3982 6060
152 268 276 322 197

918 265 1228 319 DECRETI
1266 264 1451 316 PARS
1486 264 1556 315 II.
1594 283 1661 298 ·-
1690 258 1786 310 DE
1823 255 2028 310 CORP.
2069 258 2161 309 ET
2198 260 2411 312 SANG.
2456 264 2654 328 DOM.,
2696 267 2850 317 ETC.

3493 267 3592 320 198

156 394 389 448 dixerit
419 389 839 447 communione
874 389 1454 459 privetur,tanquam
1487 382 1585 455 qui
1620 381 1832 454 populo
1863 380 1913 444 A
1945 383 2069 435 Car.
2112 384 2225 435 130.
2254 413 2323 422 -—
2353 385 2425 460 De
2471 387 2661 439 eadem
2683 401 2769 460 re.
2809 388 2911 460 lic
2935 386 3158 441 decretis
3192 387 3399 443 Gclasii
3430 405 3598 460 papa?

159 500 357 537 causa
390 480 645 535 lmsionis
677 477 980 533 exstiterit.

159 576 303 627 CAP.
347 571 468 625 131.
505 598 572 607 —-
606 568 666 625 Ut
696 568 865 631 calce,
901 568 952 619 et
979 570 1186 634 patena
1214 580 1284 619 ea:
1312 578 1449 617 auro
1496 562 1579 617 vel
1609 565 1835 631 argento

240 647 352 697 aut
382 642 577 696 saltem
605 655 675 693 ea:
703 650 897 693 stanno
949 633 1067 706 ﬁat,
1102 652 1172 690 ex
1219 650 1333 691 aere
1376 649 1501 689 vero
1548 633 1643 706 vel
1682 634 1831 686 auri-

238 714 434 767 clmlco
464 727 769 781 nunquam.
805 711 886 763 Ex
913 705 1146 763 cancilio
1169 707 1440 774 Remeusi,
1470 721 1589 775 cap.
1622 705 1675 758 ὓ.

241 799 645 871 (Burchardus,
692 798 787 852 lib.
824 814 911 863 ιιι,
960 814 1081 867 cap.
1114 797 1207 863 96,
1238 795 1303 851 de
1350 811 1495 850 cons.
1526 795 1662 849 dist.
1702 797 1749 858 l,
1782 808 1830 845 ε.

165 897 236 951 Ut
268 893 469 963 calix).
504 892 576 949 Ut
619 892 769 947 calix
803 890 1031 945 Domini
1081 905 1213 943 cum
1248 893 1483 959 patens,
1535 886 1583 942 si
1620 902 1734 940 non
1766 900 1835 938 ex

161 1000 342 1048 auro,
370 982 613 1038 omnino
643 998 710 1035 ex
741 984 981 1050 argento
1014 979 1131 1033 flat.
1167 978 1281 1033 Nec
1320 980 1641 1032 causentur
1668 992 1830 1046 pres-

164 1071 384 1143 byteri,
418 1070 659 1123 avaritia
688 1070 989 1133 suadente,
1018 1068 1087 1121 de
1119 1069 1465 1137 paupertate
1495 1063 1581 1119 vel
1614 1064 1832 1133 impos-

161 1160 481 1223 sibilitate,
504 1176 640 1213 cum
672 1163 879 1228 quarta
913 1173 1045 1228 pars
1075 1172 1144 1211 ex
1174 1154 1450 1210 omnibus
1475 1170 1602 1225 quas
1639 1153 1708 1207 ad
1743 1168 1833 1207 ec-

163 1249 419 1304 clesiam
473 1248 766 1318 pertinent
815 1246 872 1300 in
924 1244 1165 1300 fabricis
1214 1243 1403 1314 ipsius
1458 1242 1714 1299 ecclesia:
1760 1243 1834 1297 sit

166 1338 594 1409 impendenda.
632 1336 1056 1390 Admonendus
1102 1340 1191 1389 est
1238 1333 1415 1389 etiam
1464 1332 1733 1405 populus,
1772 1338 1834 1387 ut

164 1426 399 1497 aliquid
434 1428 492 1479 in
544 1425 802 1479 donariis
837 1423 1065 1478 Domini
1118 1423 1339 1490 offerat,
1375 1423 1527 1478 sicut
1556 1423 1651 1478 ille
1682 1422 1834 1477 anti-

166 1532 332 1588 quus
389 1513 642 1586 populus
690 1515 803 1568 sub
834 1513 1028 1585 Moyse
1058 1513 1115 1567 in
1168 1512 1551 1567 tabernaculo
1603 1512 1830 1567 Domini

167 1605 386 1660 fecisse
412 1603 646 1674 legitur.
678 1602 735 1656 Si
768 1602 903 1673 quis
935 1606 1127 1657 autem
1164 1606 1282 1657 tam
1320 1618 1545 1673 pauper
1575 1606 1680 1667 est,
1715 1601 1831 1655 sal-

164 1700 289 1747 tem
344 1698 655 1748 stanneum
690 1691 928 1745 calicem
980 1690 1208 1755 habeat,
1241 1691 1312 1745 de
1342 1706 1453 1745 rere
1483 1696 1699 1753 autem,
1734 1695 1832 1745 aut

167 1780 513 1836 aurichalco
564 1796 677 1834 non
734 1780 834 1834 fiat
880 1779 1045 1844 calix,
1081 1781 1216 1849 quia
1261 1779 1334 1833 ob
1384 1778 1501 1833 vini
1554 1780 1830 1833 virtutem
1865 1748 1910 1812 Β

164 1870 493 1941 aeruginem
528 1869 858 1939 pariterque
887 1868 1169 1922 vomitum
1196 1867 1700 1938 provocat.Nullus
1733 1885 1833 1923 au-

168 1963 296 2013 tem
330 1959 390 2012 in
424 1957 1014 2027 ligneo,autinvitreo
1036 1958 1213 2012 calice
1237 1962 1554 2029 presumat
1577 1962 1830 2013 cantare.

170 2052 317 2103 Cap.
353 2047 476 2102 132.
510 2078 577 2086 -
608 2051 689 2101 De
740 2046 1085 2172 Obaervanda
1134 2062 1328 2170 15nensa
1365 2047 1596 2101 Christi.
1631 2048 1712 2101 Ex
1747 2062 1833 2102 eo-

857 2134 961 2172 em.
990 2134 1109 2172 can.
1182 2160 1196 2172 .

857 2134 961 2184 em,
990 2134 1109 2189 cap.
1142 2134 1196 2173 ἴ).

253 2207 701 2262 Observandum
732 2212 823 2261 est
854 2211 919 2261 ut
948 2223 1156 2262 mensa
1186 2204 1424 2275 Christi,
1447 2206 1503 2261 id
1538 2212 1629 2261 est
1658 2207 1839 2263 altare

177 2295 279 2350 ubi
315 2312 532 2366 corpus
582 2294 953 2351 Dominicum
1003 2300 1398 2365 consecratur,
1445 2295 1543 2350 ubi
1596 2296 1839 2368 sanguis

98 2410 103 2414 -
181 2386 314 2456 ejus
347 2382 750 2449 bauritur,ubi
769 2389 1108 2439 sanctorum
1143 2382 1400 2455 reliquiae
1422 2385 1838 2451 reconduntur,

182 2477 286 2531 ubi
311 2493 513 2547 preces
545 2480 601 2529 et
632 2484 759 2529 vola
792 2475 987 2546 pepuli
1019 2475 1077 2529 in
1110 2481 1423 2545 conspectu
1454 2476 1553 2531 Dei
1586 2494 1619 2531 a
1649 2493 1839 2531 sacer-

182 2567 319 2619 dote
354 2565 703 2630 oll‘eruntur,
730 2581 864 2619 cum
898 2566 1055 2619 omni
1081 2566 1452 2619 veneratione
1480 2565 1837 2620 honoratur:

185 2660 243 2708 et
278 2651 691 2707 mundissimis
722 2652 920 2707 linteis
950 2657 1006 2707 et
1038 2652 1231 2724 palliis
1262 2653 1715 2725 diligentissime
1747 2671 1839 2709 co-

184 2741 507 2814 operiatur,
541 2740 809 2811 nihilque
859 2756 1038 2813 super
1088 2756 1153 2798 eo
1201 2746 1456 2813 ponatur
1486 2744 1601 2797 nisi
1654 2759 1841 2816 capsae

183 2848 319 2885 cum
376 2835 714 2885 sanctorum
768 2829 1055 2901 reliquiis,
1104 2835 1160 2885 et
1212 2833 1465 2902 quatuor
1520 2831 1838 2905 evangelia.

183 2920 428 2992 Expleta
480 2920 660 2975 missa
704 2920 851 2975 calix
902 2936 1035 2976 cum
1085 2926 1298 2993 patena
1344 2927 1398 2976 et
1445 2931 1843 2978 sacramento-

185 3026 321 3064 rum
350 3008 518 3078 liber,
551 3025 684 3064 cum
716 3009 985 3065 vestibus
1018 3010 1505 3078 sacerdotalibus,
1531 3011 1588 3066 in
1624 3012 1844 3067 mundo

186 3099 312 3152 loco
348 3099 457 3151 sub
491 3114 618 3151 sera
652 3097 1064 3153 recondantur.

183 3190 320 3243 Car.
364 3187 482 3240 133.
522 3218 588 3264 νέ
623 3188 683 3243 Ut
739 3189 1033 3264 corporale
1061 3204 1129 3242 ea:
1156 3190 1452 3264 purissimo
1484 3190 1649 3264 linteo
1680 3193 1771 3264 sit,
1801 3198 1855 3250 et

484 3262 649 3310 unius
681 3261 954 3313 materiai.
994 3259 1075 3312 Ex
1106 3261 1311 3329 eadem,
1349 3278 1468 3333 cap.
1502 3262 1553 3315 3.

257 3345 568 3416 Corporale
620 3364 795 3416 super
825 3348 979 3417 quod
1037 3365 1203 3402 sacra
1235 3348 1454 3404 oblatio
1488 3350 1851 3423 immolatur,

184 3453 252 3490 ex
289 3434 679 3489 mundissimo
712 3435 888 3490 linteo
922 3436 997 3490 sit
1033 3454 1044 3491 :
1082 3453 1185 3491 nec
1220 3437 1275 3491 in
1310 3455 1375 3493 eo
1408 3438 1649 3495 alterius
1684 3458 1853 3513 gene-

186 3528 268 3578 ris
302 3525 543 3578 materia
579 3525 885 3595 pretiosior
916 3530 1015 3578 aut
1046 3526 1217 3580 vilior
1249 3527 1591 3597 misceatur,
1616 3534 1675 3584 et
1707 3548 1852 3586 nun-

187 3630 365 3684 quam
401 3629 576 3682 super
607 3612 789 3667 altare
822 3617 1076 3678 maneat,
1102 3614 1215 3668 nisi
1248 3615 1306 3669 in
1340 3621 1601 3687 tempore
1634 3620 1851 3691 missis,

184 3703 287 3757 sed
322 3708 423 3757 aut
454 3702 510 3757 in
545 3704 799 3756 sacrario
832 3719 964 3757 cum
998 3702 1146 3758 libro
1180 3709 1561 3774 ponatur,aut
1593 3724 1727 3761 cum
1763 3725 1853 3764 ca-

186 3791 293 3845 lice
326 3796 383 3844 et
418 3796 626 3861 patena
678 3792 731 3845 in
775 3790 1161 3847 mundissimo
1195 3793 1320 3848 loco
1354 3795 1729 3867 recondatur,
1762 3799 1850 3854 vel

185 3879 424 3949 quando
474 3878 735 3934 abluitur
766 3898 798 3934 a
830 3882 1149 3950 sacerdote,
1202 3882 1449 3938 diacono
1480 3884 1570 3939 vel
1603 3885 1849 3941 subdia-

186 3985 351 4035 cono,
409 3968 595 4038 primo
638 3968 695 4022 in
755 3968 1002 4024 ecclesia
1044 3969 1102 4022 in
1155 3968 1282 4025 loco
1333 3976 1389 4025 et
1432 3989 1566 4028 vase
1617 3976 1685 4029 ad
1740 3975 1849 4031 hoc

186 4062 507 4129 praeparato
539 4057 833 4124 abluatur,
885 4074 950 4113 eo
983 4059 1137 4129 quod
1171 4077 1235 4114 ex
1275 4062 1573 4117 Dominico
1607 4080 1849 4137 corpore

186 4152 241 4201 et
273 4146 561 4217 sanguine
594 4145 873 4201 infectum
906 4147 1000 4201 sit.
1036 4148 1168 4202 Post
1203 4147 1323 4204 hcce
1357 4167 1388 4204 a
1418 4149 1753 4209 lavanilario
1790 4152 1846 4208 in

190 4235 415 4289 mundo
446 4233 573 4289 loco
606 4241 875 4305 ponatur.

190 4325 320 4379 Car.
364 4326 480 4377 134.
516 4355 581 4363 -
614 4326 676 4380 Ut
703 4326 1041 4393 sacriﬁcium
1090 4324 1293 4381 altaris
1324 4344 1433 4383 non
1468 4329 1527 4383 in
1556 4331 1729 4385 serico
1761 4331 1845 4386 vel

260 4397 644 4520 tinctospanno
690 4397 1012 4452 celebretur.
1046 4398 1126 4452 Ex
1155 4400 1387 4470 epistola
1416 4402 1639 4457 Eusebii
1662 4419 1843 4473 papae,

261 4483 391 4520 can.
500 4509 511 4520 .

261 4483 391 4537 cap.
421 4483 511 4521 Ol.

264 4556 362 4624 (De
391 4569 565 4621 eons.,
614 4556 729 4610 dist
780 4556 830 4621 1,
864 4573 910 4609 c.
946 4556 1253 4628 Consulto).
1287 4558 1389 4614 Hic
1441 4560 1591 4617 inter
1643 4567 1851 4618 caetera

197 4643 471 4714 praedicta
517 4644 787 4700 consulto
836 4647 1101 4703 omnium
1138 4648 1456 4704 statuimus
1508 4654 1573 4705 ut
1624 4649 1852 4705 sacriﬁ-

196 4732 350 4787 cium
402 4731 609 4788 altaris
658 4750 775 4788 non
825 4734 884 4789 in
928 4737 1114 4791 serico
1159 4753 1375 4809 panno,
1430 4742 1533 4792 aut
1584 4738 1853 4806 intincto,

197 4820 511 4892 quisquam
538 4820 835 4877 celebrare
856 4827 1299 4894 praesumat,sed
1322 4827 1378 4881 in
1407 4843 1553 4897 puro
1583 4826 1761 4883 linteo
1786 4827 1856 4882 ab

196 4909 466 4980 episcOpo
485 4916 851 4977 consecrato,
882 4915 1112 4968 terreno
1136 4913 1360 4970 scilicet
1395 4913 1514 4970 lino
1557 4918 1856 4987 procreato

200 5003 373 5068 atque
424 5003 707 5067 contexto,
743 5000 898 5055 sicut
945 5016 1156 5073 corpus
1201 5002 1435 5059 Domini
1481 5002 1667 5060 nostri
1715 5003 1856 5060 Jesu

197 5085 412 5142 Christi
445 5086 504 5141 in
537 5085 785 5143 sindone
816 5086 971 5143 linea
998 5091 1219 5147 munda
1250 5092 1547 5163 sepultum
1580 5091 1712 5148 fuit.

198 5178 331 5250 Car.
370 5174 593 5250 13.5.;—
627 5177 693 5250 Ut
740 5176 1005 5232 mulieres
1035 5179 1104 5233 ad
1145 5181 1321 5237 altare
1350 5197 1459 5236 non
1489 5181 1771 5250 accedant,
1804 5186 1859 5236 et

267 5247 333 5301 de
361 5248 564 5316 ofﬁciis
594 5249 847 5301 virorum
876 5264 934 5303 se
962 5266 1072 5305 non
1104 5254 1594 5308 intromittantl'lc
1623 5247 1859 5308 concilio

270 5319 615 5387 Laodicensi,
647 5336 770 5390 cap.
802 5320 891 5375 44.

272 5408 435 5471 Quod
492 5424 605 5462 non
649 5412 875 5479 oportet
922 5411 1202 5467 mulieres
1246 5414 1472 5485 ingredi
1522 5414 1593 5468 ad
1648 5413 1857 5484 altare,

206 5499 260 5549 et
301 5512 371 5551 ea
419 5497 761 5568 contingere
812 5513 941 5566 qua
1002 5500 1256 5557 virorum
1318 5501 1526 5557 ofﬁciis
1575 5502 1861 5573 deputata

208 5589 364 5639 sunt.

2326 456 2444 525 ejus
2477 458 2717 511 nominis
2739 459 2931 528 primi,
2967 475 3084 527 cap.
3117 460 3206 510 28.

2015 540 2411 599 Nihilominus
2443 544 2813 615 impatienter
2852 544 3211 613 audivimus,
3248 552 3474 604 tantum
3503 548 3590 604 di-

1942 631 2204 686 vinarum
2242 650 2433 688 rerum
2466 634 2697 688 subisse
2738 635 3105 705 despectum,
3142 641 3206 691 ut
3237 635 3463 691 feminae
3495 655 3593 693 sa-

1943 720 2055 775 cris
2089 721 2372 776 altaribus
2406 720 2739 778 ministrare
2773 724 3054 794 ferantur,
3102 729 3428 797 cunctaque
3478 743 3593 782 non

1946 809 2059 865 nisi
2102 811 2356 866 virorum
2415 810 2721 867 famulatui
2782 813 3079 885 deputata,
3115 813 3279 869 sexui
3336 816 3429 870 cui
3479 832 3592 872 non

1944 898 2242 969 competit,
2277 900 2554 955 exhiberi.

1943 1008 2070 1059 CAP.
2112 1006 2228 1059 137.
2263 1037 2330 1046 —
2362 1008 2426 1063 Ut
2456 1008 2589 1062 laici
2635 1010 2807 1078 juxta
2834 1007 3021 1063 altare
3061 1024 3167 1063 non
3218 1009 3459 1065 sedeant.
3513 1014 3595 1067 Ea:

2366 1080 2601 1133 concilio
2634 1085 2897 1150 .'ilogont.,
2922 1096 3040 1150 cap.
3080 1081 3160 1133 13.

2016 1162 2087 1217 Ut
2117 1164 2245 1218 laici
2279 1181 2447 1221 secus
2497 1168 2677 1222 altare
2725 1184 2840 1239 quo
2888 1171 3091 1223 sancta
3140 1168 3417 1239 mysteria
3446 1169 3593 1225 cele-

1946 1252 2191 1308 brantur
2220 1254 2370 1310 inter
2418 1256 2658 1312 clericos
2694 1260 2813 1311 tam
2867 1257 2938 1311 ad
2984 1255 3243 1328 vigilias,
3294 1273 3471 1329 quam
3522 1259 3593 1312 ad

1945 1341 2209 1407 missam,
2244 1347 2396 1399 stare
2428 1344 2513 1399 vel
2565 1346 2765 1400 sedere
2797 1344 3031 1415 penitus
3067 1361 3179 1399 non
3215 1350 3592 1415 prmsumaut,

1944 1432 2040 1484 sed
2079 1448 2213 1502 pars
2242 1432 2342 1486 illa
2373 1449 2496 1503 quae
2531 1432 2804 1487 cancellis
2838 1433 2909 1486 ab
2943 1432 3113 1486 altari
3146 1433 3446 1503 dividitur,
3466 1440 3597 1488 tan-

1945 1524 2068 1573 tum
2128 1520 2510 1589 psallentibus
2568 1526 2761 1592 pateat
2811 1520 3061 1575 clericis.
3095 1521 3177 1575 Ad
3229 1522 3592 1577 adorandum

1942 1624 2076 1662 vero
2108 1613 2162 1662 et
2210 1610 2769 1664 communicandum
2822 1608 2989 1663 laicis
3040 1615 3096 1664 et
3153 1610 3408 1678 leminis,
3444 1609 3598 1666 sicut

1946 1713 2071 1753 mos
2098 1701 2207 1763 est,
2244 1702 2481 1770 pateant
2512 1704 2715 1753 sancta
2747 1704 3109 1753 sanctorum.

1941 1809 2071 1860 CAP.
2114 1806 2228 1859 138,
2261 1837 2330 1845 -
2362 1807 2431 1859 De
2465 1806 2579 1860 illis
2607 1804 2975 1860 sacerdotibus
3008 1808 3103 1876 qui
3132 1807 3187 1859 in
3220 1808 3445 1862 ecclesia
3466 1806 3599 1861 dum

2013 1877 2303 1943 evangelia
2332 1878 2607 1946 teguntur,
2640 1877 2824 1931 sedere
2851 1889 3220 1947 praesumunt.
3252 1879 3335 1932 Ex
3361 1878 3598 1947 epistola

2016 1950 2295 2002 Anastasii
2321 1950 2493 2018 primi
2522 1965 2684 2019 papw
2716 1950 2983 2019 episcopis
3015 1948 3319 2005 Germania-
3345 1967 3416 2005 ac
3448 1952 3589 2005 Bur-

2015 2019 2236 2086 gundia:
2262 2020 2485 2086 directa,
2518 2037 2637 2090 cap.
2678 2024 2721 2073 1.

2016 2108 2367 2163 Anastasius
2397 2108 2709 2181 episcopus
2741 2110 2967 2163 cunctis
3001 2109 3367 2165 Germanicis
3390 2114 3446 2165 et
3467 2111 3606 2165 Bur-

1949 2197 2177 2268 gundice
2209 2195 2463 2269 regionis
2495 2196 2784 2269 episcopis
2818 2200 2877 2252 in
2909 2197 3155 2252 Domino
3189 2198 3607 2255 salutem.Exe-

1948 2286 2033 2357 git
2065 2284 2296 2340 dilectio
2329 2291 2545 2349 vestra,
2577 2285 3006 2355 charissimi,ut
3037 2302 3105 2340 ex
3136 2287 3485 2343 auctoritate
3517 2304 3608 2343 se--

1950 2373 2041 2429 dis
2074 2373 2408 2444 apostolica)
2442 2373 2650 2429 vestris
2675 2374 3022 2429 deberemus
3055 2374 3343 2430 consultis
3378 2394 3612 2448 respon-

1952 2463 2105 2516 dere.
2145 2464 2209 2515 Et
2258 2464 2529 2533 quamvis
2563 2480 2675 2516 non
2729 2463 2967 2533 prolixe,
3004 2468 3102 2517 sed
3159 2465 3455 2520 succincte
3496 2465 3605 2520 hoc

1952 2564 2121 2621 agere
2156 2557 2390 2621 pr0pter
2418 2552 2699 2619 quasdam
2733 2551 2878 2605 alias
2910 2553 3326 2622 occupationes
3369 2553 3607 2607 festina-

1953 2656 2171 2703 remus,
2206 2640 2395 2693 denuo
2446 2644 2643 2692 tamen
2676 2639 2722 2692 si
2776 2656 3011 2693 necesse
3061 2640 3259 2704 fuerit,
3293 2641 3364 2694 ob
3416 2640 3521 2695 has
3552 2646 3609 2695 et

1953 2728 2095 2783 alias
2129 2728 2510 2782 necessitates
2542 2728 2710 2798 quasi
2745 2727 2814 2781 ad
2850 2732 3047 2797 caput,
3082 2728 3317 2783 mittere
3351 2728 3606 2783 charita-

1951 2818 2063 2872 tive
2098 2832 2210 2872 non
2243 2814 2547 2884 dubitetis,
2579 2814 2716 2886 quia
2766 2820 2986 2869 vestras
3020 2830 3224 2885 preces
3257 2820 3313 2870 et
3341 2832 3519 2885 nunc,
3552 2821 3609 2871 et

1952 2912 2091 2961 tunc
2124 2903 2508 2977 acceptabiles
2539 2903 3212 2975 habemus.Significatis
3242 2906 3397 2958 enim
3433 2922 3611 2976 quos-

1954 2997 2086 3051 dam
2138 2995 2467 3051 sacerdotes
2517 2994 2575 3048 in
2624 2992 2873 3048 ecclesia
2903 2994 3139 3063 quando
3184 2993 3495 3063 Evangelia
3526 2993 3611 3049 le-

1871 3107 1913 3174 C
1953 3080 2824 3174 gunturisedere,etSalvatoris
2858 3082 3082 3174 Domini
3117 3082 3291 3174 verba
3312 3098 3429 3137 non
3458 3086 3611 3174 stan-

1963 3177 2073 3241 tes,
2104 3173 2204 3227 sed
2237 3172 2506 3227 sedentes
2530 3170 2764 3226 audire:
2790 3170 2975 3225 ethoc
3012 3187 3080 3224 ex
3104 3172 3395 3241 majorum
3429 3172 3614 3227 tradi-

1965 3260 2121 3314 tione
2144 3276 2204 3313 se
2222 3259 2517 3329 accepisse
2557 3264 2850 3313 narratur.
2885 3259 3046 3322 Quod
3077 3259 3416 3314 nullatenus
3448 3260 3613 3316 dein-

1962 3365 2097 3419 ceps
2128 3349 2249 3403 fieri
2273 3348 2481 3403 sinatis
2512 3348 2834 3419 apostolica
2865 3348 3212 3403 auctoritate
3237 3350 3613 3411 mandamus;

1963 3439 2063 3493 sed
2096 3438 2237 3492 dum
2286 3442 2491 3491 sancta
2544 3435 2852 3505 Evangelia
2882 3436 2939 3490 in
2986 3434 3233 3492 ecclesia
3264 3438 3609 3502 recitantur,

1961 3528 2288 3582 sacerdotes
2319 3530 2376 3581 et
2405 3525 2597 3581 caeteri
2628 3542 2831 3580 omnes
2867 3542 2980 3580 non
3017 3527 3415 3595 sedentes,sed
3450 3544 3611 3583 vene-

1961 3616 2225 3671 rabiliter
2253 3614 2312 3669 in
2339 3618 2657 3685 conspectu
2705 3614 3001 3685 Evangelii
3035 3620 3280 3682 stantes,
3316 3616 3614 3672 Dominica

1961 3706 2133 3759 verba
2163 3704 2381 3758 intente
2412 3702 2677 3768 audiant,
2704 3707 2760 3757 et
2791 3702 3040 3758 ﬁdeliter
3073 3704 3338 3761 adorent.

1960 3811 2084 3866 Cu».
2124 3811 2242 3865 139.
2276 3840 2345 3849 -
2378 3810 2440 3866 Ut
2466 3808 2661 3864 nullus
2690 3808 2917 3864 calicem
2947 3810 3027 3865 vel
3052 3817 3307 3879 patenum
3340 3812 3420 3866 vel
3452 3815 3611 3867 vesti-

2029 3888 2217 3937 menta
2264 3881 2630 3955 sacerdotalia
2679 3882 2736 3935 in
2768 3880 3078 3955 vadimonio
3120 3882 3435 3938 tabernario
3464 3899 3611 3955 pree-

2028 3957 2176 4009 stare
2202 3958 2520 4023 prwsumat.
2555 3953 2637 4007 Ex
2664 3952 2897 4009 concilio
2928 3952 3197 4024 Remensi,
3226 3969 3342 4026 cap.
3384 3958 3463 4009 11.

1984 4060 2252 4132 ’(Βιινεὴ.
2286 4060 2382 4116 lib.
2435 4075 2520 4125 III,
2559 4076 2680 4131 cap.
2734 4060 2878 4130 104).
2942 4064 3015 4113 Ut
3064 4059 3263 4115 nullus
3311 4061 3612 4131 presbyter

1957 4153 2275 4223 presumat
2304 4148 2544 4204 calicem
2573 4146 2662 4201 vel
2695 4147 3084 4217 patenam,vel
3109 4146 3356 4217 pallium
3388 4146 3611 4215 altaris,

1956 4241 2042 4296 vel
2072 4240 2484 4295 vestimentum
2515 4235 2894 4304 sacerdotale,
2927 4239 3029 4289 aut
3061 4234 3279 4289 librum
3332 4233 3613 4289 ecclesia-

1957 4330 2172 4385 sticum
2204 4325 2539 4382 tabernario
2570 4326 2654 4379 vel
2690 4323 3058 4394 negotiatori,
3087 4328 3189 4378 aut
3209 4322 3448 4378 cuilibet
3470 4322 3616 4379 laico

1954 4418 2041 4472 vel
2073 4414 2385 4483 feminze,in
2408 4412 2742 4469 vadimonio
2764 4411 3401 4481 dare,nisijustissima
3426 4428 3617 4467 neces-

1962 4506 2133 4561 sitate
2166 4508 2407 4576 urgente
2434 4519 2448 4567 ;
2481 4500 2620 4573 quia
2640 4505 2800 4554 tanta
2834 4505 2921 4555 est
2953 4499 3236 4554 sanctitas
3256 4500 3407 4555 sacri
3442 4500 3616 4555 mini-

1964 4591 2408 4663 sterii,ut,salva
2436 4589 2660 4645 altioris
2693 4588 2953 4659 mysterii
2987 4588 3397 4659 intelligentia,
3434 4590 3613 4645 etiam

1964 4683 2245 4739 Dominus
2280 4698 2379 4751 per
2410 4678 2755 4751 prophetam
2794 4677 3179 4749 prohibuerit,
3216 4694 3287 4733 ne
3318 4695 3452 4733 cum
3484 4695 3620 4733 san-

1965 4772 2075 4829 ctis
2106 4768 2468 4826 vestimentis
2489 4767 2764 4822 sacerdos
2797 4766 3071 4837 procedat
3100 4767 3170 4821 ad
3206 4767 3620 4837 populum,sed

1964 4861 2067 4917 illa
2096 4861 2250 4915 intra
2279 4859 2484 4914 saneta
2502 4853 3116 4927 dimittatacolloquio
3151 4854 3346 4911 divino
3368 4857 3620 4911 rediens.

1967 4954 2033 5005 Et
2062 4949 2157 5004 cui
2189 4948 2245 5002 in
2278 4946 2555 5002 tabernas
2585 4944 2656 4999 ab
2685 4943 3006 4999 bibendum
3031 4962 3063 4999 a
3086 4944 3269 4999 sacris
3294 4946 3621 5001 canonibus

1967 5038 2194 5111 ingredi
2226 5035 2589 5107 prohibetur,
2608 5032 2977 5088 sanctiﬁcata
3006 5049 3169 5089 sacro
3204 5034 3483 5106 mysterio
3516 5050 3620 5089 nec

1968 5128 2038 5182 ad
2072 5124 2532 5195 contingendum
2565 5120 2909 5191 immundis,
2943 5128 3165 5193 quanto
3199 5122 3396 5178 minus
3432 5123 3489 5177 in
3520 5138 3619 5177 va-

1968 5214 2297 5271 dimonium
2328 5211 2596 5267 exhibere
2640 5210 2858 5265 debet?
2891 5211 3052 5266 Sicut
3084 5211 3418 5283 Stephanus
3452 5228 3618 5267 sanc—

1968 5310 2065 5361 tus
2097 5320 2243 5376 papa
2275 5308 2331 5359 et
2381 5306 2602 5375 martyr
2628 5305 2900 5357 sanctum
2953 5301 3239 5357 Hilarium
3270 5302 3325 5356 in
3360 5302 3485 5357 suis
3517 5301 3618 5353 de-

1970 5396 2143 5454 cretis
2176 5391 2400 5449 docuit.

2074 5502 2203 5556 ΟΜ).
2237 5500 2361 5554 140.
2389 5526 2460 5540 --
2490 5498 2571 5552 Ea:
2599 5496 2830 5551 concilio
2859 5498 3273 5562 Aurelianensi,
3304 5512 3425 5565 cap.
3457 5496 3513 5549 9.

2041 5588 2249 5647 Nullus
2280 5586 2555 5644 sacerdos
2586 5599 2691 5641 seu
2724 5583 2910 5642 laicus
2940 5586 3183 5643 calicem
3213 5589 3318 5640 aut
3346 5588 3620 5656 patenum
