3970 6058
383 279 488 334 199

1461 275 1509 325 D
1519 311 1530 324 .
1570 271 1744 326 IVON
1754 268 1816 324 l8
1830 330 1836 340 I
1851 268 2347 341 CARNOTENSIS
2385 267 2709 324 EPISOOPI

3700 267 3811 321 200

379 407 482 457 aut
511 399 786 472 qualibet
830 413 968 452 vasa
1015 413 1202 464 sacra,
1235 399 1292 452 et
1321 395 1519 450 divino
1569 394 1754 450 cultui
1805 394 2102 464 manci-A
2135 409 2262 449 eam
2324 392 2758 449 institutionem
2801 392 2974 461 juxta
3030 392 3186 463 quod
3247 390 3617 464 indiguerint
3673 408 3800 448 ero-

377 495 513 562 pata
541 490 612 545 ad
645 487 788 544 alios
820 502 958 542 suos
989 501 1134 540 usus
1165 488 1501 556 retorquere
1532 482 2026 554 prasumat.Nam

376 579 714 651 quicunque
744 577 816 632 de
845 573 1026 631 calice
1055 590 1221 629 sacro
1253 571 1475 644 aliquid
1507 573 1665 628 aliud
1697 572 1850 627 bibit
1879 588 2026 642 pra-

377 673 466 725 ter
494 667 711 725 Christi
763 664 1110 736 sanguinem
1161 662 1262 734 qui
1308 662 1367 717 in
1397 665 1764 717 sacramento
1817 659 2026 730 accipi-

379 767 493 830 tur,
526 762 582 813 et
613 761 883 830 patenam
929 754 1000 809 ad
1031 752 1189 808 aliud
1242 750 1504 808 ofﬁcium
1539 749 1714 806 habet
1743 765 1920 821 quam
1950 749 2023 804 ad

377 845 580 902 altaris
606 842 1023 911 ministerium,
1055 840 1440 896 deterrendus
1481 842 1571 894 est
1598 836 1862 910 exemplo
1893 834 2023 892 Bal-

376 934 600 1003 thasar,
630 933 728 1004 qui
776 933 918 988 dum
951 947 1092 986 vasa
1140 927 1369 986 Domini
1398 927 1460 983 in
1491 944 1634 984 usus
1680 941 2024 983 communes

376 1021 722 1094 assumpsit,
751 1021 935 1076 vitam
971 1018 1190 1092 pariter
1227 1035 1360 1074 cum
1390 1033 1566 1090 regno
1599 1016 1816 1072 amisit.

371 1161 499 1214 CAP.
557 1157 677 1211 Ml.
710 1186 779 1196 ——
831 1154 992 1222 Quod
1039 1154 1256 1208 licitum
1295 1153 1365 1206 sit
1411 1151 1676 1223 episc0pis
1718 1165 2019 1223 cumicon-

439 1228 568 1282 sitio
598 1229 734 1282 cleri
789 1221 861 1282 de,
904 1227 1162 1280 thesauro
1207 1221 1468 1292 ecclesia,
1520 1221 1635 1278 sua
1683 1221 1919 1292 familia
1962 1223 2022 1276 in

439 1301 758 1354 necessitate
818 1297 1130 1353 subvenire.
1187 1297 1267 1351 Ex
1320 1295 1558 1351 concilio
1609 1294 2020 1360 Aurelianensi,

443 1387 564 1442 cap.
598 1371 654 1424 5.

444 1503 695 1560 Licitum
744 1502 822 1558 sit
876 1501 1191 1574 episcOpis,
1225 1499 1609 1572 prasentibus
1668 1499 2022 1572 presbyteris

366 1595 423 1648 et
470 1591 837 1659 diaconibus,
899 1589 970 1644 de
1021 1588 1299 1644 thesauro
1357 1585 1636 1654 ecclesia,
1681 1585 1910 1641 familia
1966 1589 2024 1641 et

366 1680 726 1754 pauperibus
775 1678 1041 1750 ejusdem
1098 1675 1355 1732 ecclesia
1413 1674 1738 1731 secundum
1786 1673 2022 1730 canoni-

2139 498 2278 554 gare
2291 523 2303 539 .

2134 575 2268 627 CAP.
2303 571 2426 627 142.
2459 601 2528 611 —-
2559 571 2630 626 De
2679 571 3022 642 coopertorio
3077 572 3299 640 altaris,
3332 570 3560 626 nullum
3603 586 3804 642 corpus

2205 643 2335 698 dum
2366 643 2443 700 ad
2471 643 2750 698 tumulum
2779 643 3028 714 defertur
3055 643 3350 714 tegendum
3384 659 3516 699 esse.
3553 645 3636 698 Ex
3663 658 3799 699 con-

2203 715 2330 770 cilio
2360 714 2777 786 Aurelianensi,
2809 731 2929 786 cap.
2962 715 3056 772 30.

2203 803 2283 859 De
2311 803 2604 876 opertorio
2636 803 2926 859 Dominici
2958 803 3222 876 corporis
3252 803 3341 860 vel
3383 802 3610 872 altaris,
3645 821 3799 860 nun-

2135 908 2313 962 quam
2346 907 2558 963 corpus
2601 893 2742 948 dum
2775 892 2848 947 ad
2900 893 3201 948 tumulum
3233 893 3518 964 evehitur,
3552 893 3794 966 obtega-

2133 984 2248 1051 tur,
2279 984 2336 1036 et
2387 997 2550 1037 sacro
2597 980 2883 1038 velamine
2914 982 3058 1038 dum
3111 998 3356 1054 corpora
3398 982 3793 1050 honorantur,

2132 1069 2337 1125 altaria
2368 1068 2727 1142 polluantur.

2130 1159 2262 1214 ΟΑΡ.
2291 1159 2413 1214 143.
2447 1189 2516 1199 -
2543 1160 2618 1213 Ne
2665 1158 2734 1214 ad
2789 1161 3116 1230 nuptiarum
3165 1162 3423 1215 ornatum
3470 1160 3794 1216 ministeria

2378 1230 2573 1286 divina
2599 1237 2954 1301 prastentur.
2981 1232 3064 1286 Ex
3093 1232 3304 1301 eodem,
3335 1247 3453 1302 cap.
3484 1231 3537 1286 8.

2203 1321 2298 1390 (De
2323 1335 2495 1386 cons.,
2526 1320 2660 1375 dist.
2698 1325 2746 1388 1,
2778 1336 2825 1375 c.
2861 1320 2941 1375 Αιι
2986 1322 3352 1392 nuptiarum).
3386 1320 3502 1376 Nec
3532 1320 3602 1375 ad
3637 1337 3793 1392 nup-

2129 1407 2345 1463 tiarum
2395 1413 2664 1464 ornatum
2717 1407 3047 1465 ministeria
3075 1409 3274 1464 divina
3311 1413 3684 1482 prastentur,
3719 1426 3794 1465 ne

2130 1496 2240 1568 [ut]
2271 1498 2412 1553 dum
2459 1498 2864 1569 improborum
2917 1502 3074 1554 tactu
3108 1498 3196 1554 vel
3245 1515 3464 1572 pompa
3492 1497 3794 1554 sacularis

2127 1584 2372 1641 luxuria
2432 1585 2799 1657 polluuntur,
2861 1587 2932 1642 ad
3009 1587 3208 1644 ofﬁcia
3263 1587 3415 1644 sacri
3476 1587 3791 1645 ministerii

2131 1674 2440 1746 [mysterii]
2470 1675 2780 1731 videantur
2810 1675 3075 1749 indigna.

1302 2112 1856 2209 DECRETI
1942 2112 2276 2207 PARS
2363 2114 2844 2209 TERTIA

664 2331 750 2388 De
783 2323 1083 2397 Ecclesia,
1116 2328 1178 2384 et
1203 2323 1280 2383 de
1312 2322 1501 2384 rebus
1530 2320 1988 2398 ecclesiasticis,
2022 2325 2084 2382 et
2115 2321 2478 2382 earumdem
2514 2323 2866 2384 reverentia
2895 2328 2958 2384 et
2986 2323 3447 2384 observatione.

361 2721 496 2774 CAP.
536 2719 584 2769 1.
639 2745 707 2754 ——
755 2714 1013 2769 Ecclesia
1059 2716 1260 2766 statum
1309 2711 1551 2783 similem
1599 2712 1732 2766 navi
1775 2724 2014 2783 magna,
2046 2714 2092 2777 Β
2121 2714 2247 2768 CAP.
2279 2712 2332 2764 2.
2369 2744 2433 2751 -—
2468 2713 2531 2769 Ut
2563 2713 2799 2768 Ecclesia
2831 2712 3129 2783 domusque
3167 2713 3265 2768 Dei
3291 2731 3324 2768 a
3353 2713 3568 2783 populis
3597 2712 3774 2768 hono-

435 2801 580 2856 quae,
613 2801 709 2854 per
736 2800 889 2838 mare
918 2783 1451 2856 undosum,diversis
1479 2797 1508 2836 e
1537 2782 1668 2856 locis
1697 2791 1747 2836 et
1775 2782 2014 2856 regioni-

445 2854 540 2910 bus
567 2859 715 2910 viros
761 2859 961 2926 portat,
1011 2854 1084 2908 ad
1130 2871 1299 2908 unam
1344 2855 1575 2924 potentis
1633 2855 1793 2920 regni
1821 2855 2016 2926 urbem

428 2923 806 2998 praperantes.
843 2925 1084 2980 Clemens
1132 2926 1283 2998 Petri
1324 2923 1637 2998 (successor,
1663 2925 1921 2998 apostoli
1946 2923 2017 2998 ad

429 2993 690 3052 Iacobum
722 2998 953 3066 fratrem
984 2996 1206 3050 Domini
1255 2993 1836 3066 Hierosolymitanum
1864 2994 2015 3051 vide-

432 3069 558 3123 licet
589 3070 904 3139 episcopum
935 3067 1123 3138 (epist.
1158 3067 1230 3134 1).

426 3190 652 3246 Similis
684 3195 774 3246 est
831 3190 1024 3246 omnis
1058 3188 1327 3245 Ecclesia
1359 3193 1547 3244 status
1601 3189 1730 3243 navi
1767 3205 2012 3258 magna,

354 3297 502 3351 qua,
537 3297 640 3353 per
690 3280 930 3352 pelagus
983 3279 1300 3344 undosum,
1333 3277 1578 3334 diversis
1610 3293 1640 3333 θ
1665 3276 1809 3333 locis
1839 3281 1895 3333 et
1927 3294 2014 3333 re-

356 3369 632 3442 gionibus
683 3369 843 3424 viros
876 3371 1088 3440 portat,
1125 3368 1198 3422 ad
1234 3383 1410 3422 unam
1440 3366 1698 3438 potentis
1727 3366 1892 3438 regni
1925 3383 2012 3422 ur-

357 3459 490 3514 bem
525 3473 838 3530 properare
866 3456 1192 3528 cupientes.
1223 3456 1308 3510 Sit
1333 3471 1469 3527 ergo
1501 3455 1663 3510 navis
1692 3454 1871 3525 hujus
1905 3459 2014 3511 Do-

359 3550 560 3601 minus
594 3547 720 3616 ipse
751 3546 1146 3617 omnipotens,
1179 3545 1534 3615 gubernator
1561 3561 1694 3600 vero
1747 3545 1826 3600 sit
1851 3544 2014 3601 Chri-

350 3638 498 3690 stus.
532 3637 694 3690 Tunc
727 3633 939 3689 deinde
991 3638 1234 3706 proreta
1267 3633 1528 3688 ofﬁcium
1561 3633 1870 3706 episcopus
1905 3633 2010 3687 im-

355 3724 532 3795 pleat,
569 3722 892 3796 presbyteri
924 3723 1506 3786 nautarum,diaconi
1533 3723 2006 3794 dispensatorum

349 3811 544 3868 locum
579 3815 834 3882 teneant,
867 3812 928 3866 hi
961 3812 1061 3884 qui
1094 3812 1457 3868 catechizant
1507 3812 1838 3883 nautologis
1869 3827 2007 3866 con-

349 3902 634 3966 ferantur,
667 3901 918 3972 epibatis
949 3905 1147 3957 autem
1177 3900 1358 3956 totius
1390 3901 1773 3956 fraternitatis
1801 3899 2006 3955 multi-

2197 2786 2371 2856 retur,
2415 2785 2667 2856 canibus
2694 2787 2876 2838 autem
2903 2787 3100 2856 pervia
3143 2801 3253 2841 non
3295 2786 3384 2839 sit.
3418 2785 3501 2840 Ea:
3537 2786 3772 2842 concilio

2196 2855 2466 2920 Remensi,
2498 2871 2616 2926 cap.
2650 2855 2704 2910 2.

2196 2947 2272 3000 Ut
2301 2942 2556 2998 Ecclesia
2579 2944 2906 3015 domusque
2941 2943 3043 3000 Dei
3076 2961 3109 2999 a
3142 2944 3374 3017 pOpulis
3399 2945 3560 3016 juxta
3591 2944 3785 3016 digni-

2125 3035 2304 3086 tatem
2353 3031 2694 3101 honoretur,
2745 3032 2992 3090 canibus
3042 3038 3234 3089 autem
3287 3035 3485 3106 pervia
3533 3051 3649 3088 non
3681 3034 3782 3089 sit.

2127 3120 2439 3176 Sacularia
2479 3121 2728 3193 judicia,
2779 3123 3034 3195 negotia,
3066 3121 3154 3178 vel
3203 3121 3565 3195 vaniloquia,
3606 3121 3663 3176 in
3714 3137 3785 3177 ea

2125 3225 2241 3264 non
2273 3215 2676 3282 exerceantur,
2698 3210 2833 3282 quia
2866 3211 3076 3267 domus
3106 3210 3232 3279 Dei,
3258 3212 3468 3267 domus
3501 3211 3786 3266 orationis

2124 3299 2300 3353 debet
2351 3314 2500 3369 esse,
2551 3316 2667 3356 non
2718 3300 3001 3372 spelunca
3048 3299 3346 3357 latronum
3395 3301 3604 3372 (Matth.
3635 3299 3779 3370 xxx),

2121 3386 2207 3443 vel
2240 3387 2456 3460 placita
2486 3388 2801 3444 mulierum
2829 3407 2842 3458 ;
2877 3405 2981 3444 nec
3015 3389 3148 3445 inde
3178 3390 3596 3456 exeant,donec
3626 3404 3782 3443 com-

2122 3475 2353 3548 pleatur
2382 3477 2734 3532 benedictio.

2121 3586 2248 3639 CAP.
2277 3584 2331 3638 3.
2362 3612 2430 3625 —
2464 3581 2606 3650 Quid
2633 3583 2708 3637 sit
2737 3583 3114 3708 Ecclesia.5Ex
3143 3582 3371 3639 decretis
3407 3583 3547 3639 Julii
3588 3596 3776 3653 papae,

2838 3671 2958 3708 can.
3039 3698 3052 3708 .

2838 3671 2958 3726 cap.
2997 3671 3052 3710 ξ).

2191 3744 2474 3815 (Isidorus,
2518 3745 2614 3800 lib.
2649 3762 2665 3798 1
2697 3744 2773 3798 De
2796 3742 3107 3800 ecclesiast.
3143 3744 3260 3815 0/7.,
3303 3760 3420 3814 cap.
3457 3743 3533 3814 1).
3574 3740 3769 3797 Eccle-

2116 3831 2224 3898 sia,
2257 3834 2518 3890 Gracum
2572 3849 2788 3890 nomen
2823 3837 2932 3902 est,
2965 3833 3118 3904 quod
3155 3832 3213 3887 in
3268 3832 3539 3888 Latinum
3591 3831 3771 3885 verti-

2115 3925 2214 3976 tur
2240 3926 2568 3992 convocatio,
2603 3925 2912 3994 propterea
2945 3922 3098 3993 quod
3151 3938 3356 3978 omnes
3388 3921 3459 3976 ad
3493 3936 3556 3976 se
3584 3923 3772 3976 vocet.

351 3991 491 4046 ίυάο
525 3989 601 4046 Sit
644 3989 883 4046 εῖωίίίε·
921 3991 1118 4060 Ipsum
1153 4005 1384 4078 (ἰυοφλε
1427 4005 1586 4044 mare
1620 3988 2005 4078 hicﬂmndus
2048 4075 2073 4078 ι
2113 4008 2432 4076 Catholica,
2463 4009 2520 4063 id
2555 3988 2644 4064 est
2675 3988 3048 4076 universalis,
3080 4008 3208 4064 ideo
3240 4008 3477 4073 dicitur,
3510 4007 3650 4078 quia
3669 4023 3775 4078 per

346 4079 654 4149 habeatur,
687 4083 993 4134 ventorum
1043 4094 1178 4133 vero
1200 4077 1520 4168 varietates
1568 4082 1624 4132 et
1670 4077 2000 4168 turbinum,
2034 4075 2076 4143 C
2117 4075 2457 4154 universum
2507 4099 2796 4153 mundum
2850 4106 2936 4153 est
2987 4097 3333 4164 constituta,
3366 4097 3453 4152 νει
3485 4075 3766 4168 (ιίωηίξιω

345 4169 587 4225 diversis
617 4168 1045 4224 tentationibus
1075 4167 1454 4222 conferantur
1485 4182 1499 4222 :
1544 4166 2002 4238 persecutiones,

345 4259 782 4327 tribulationes,
815 4259 938 4314 sive
983 4256 1261 4330 pericula,
1296 4256 1576 4312 ﬂuctibus
1605 4260 2001 4327 exaquentur.

347 4346 590 4401 Terreni
620 4362 756 4401 vero
787 4347 1056 4417 spiritus,
1081 4346 1178 4416 qui
1209 4345 1296 4401 vel
1328 4345 1399 4399 de
1427 4344 1901 4415 torrentibus,vel
1933 4345 2006 4401 de

349 4433 713 4490 convallibus
746 4434 994 4505 spirant,
1027 4433 1694 4506 pseudoprOphetarum,
1717 4439 1774 4489 et
1802 4434 2003 4490 seduc-

350 4528 567 4591 torum,
603 4539 706 4578 seu
757 4539 943 4594 prava
993 4523 1266 4579 doctrina
1312 4525 1488 4579 verba
1527 4524 1830 4580 docentur.
1865 4524 2002 4580 Pro-

351 4612 644 4668 montoria
673 4627 806 4667 vero
847 4616 903 4667 et
937 4613 1063 4668 loca
1088 4613 1453 4685 confragosa,
1496 4613 1552 4667 hi
1587 4614 1684 4684 qui
1713 4613 1773 4668 in
1805 4618 2000 4685 potes-

349 4701 572 4757 tatibus
604 4701 803 4756 saculi
855 4705 995 4756 sunt
1039 4702 1294 4773 judices,
1327 4706 1382 4756 et
1414 4701 1671 4772 pericula
1702 4701 2004 4757 minantur

346 4794 403 4846 et
436 4788 972 4845 mortes.Bitalassa
1000 4807 1133 4845 vero
1165 4789 1292 4845 loca
1322 4806 1450 4860 qua
1465 4789 1800 4860 duplicibus
1832 4791 2001 4844 unda

341 4876 570 4933 fallacis
614 4877 856 4932 astibus
902 4877 1304 4944 verberantur,
1355 4875 1553 4932 dubiis
1597 4883 1810 4947 mente,
1842 4882 1898 4932 et
1932 4877 2001 4932 de

345 4965 812 5038 promissionum
871 4965 1115 5021 veritate
1171 4965 1538 5020 mutantibus
1604 4967 1995 5022 conferantur.

345 5055 669 5128 Hypocrita
700 5071 834 5110 vero
864 5059 920 5110 et
943 5053 1382 5126 dolosi,pyratis
1397 5052 1623 5109 similes
1646 5053 1994 5110 habeantur.

339 5149 473 5199 Jam
504 5160 638 5199 vero
673 5143 918 5214 rapidus
948 5147 1165 5214 vortex,
1197 5146 1253 5198 et
1283 5146 1537 5197 tartarea
1563 5141 1911 5215 Charybdis,
1942 5147 1999 5198 et

341 5233 497 5290 saxis
529 5232 686 5288 illisa
720 5231 1045 5304 naufragia,
1078 5248 1143 5287 ac
1174 5231 1479 5287 mortifera
1530 5231 1992 5300 submersiones,

2115 4185 2422 4256 catholica,
2474 4186 2580 4240 hoc
2628 4189 2719 4241 est
2767 4185 3081 4257 generalis,
3133 4186 3193 4241 in
3244 4186 3447 4242 eadem
3499 4184 3770 4241 doctrina

2113 4279 2222 4344 est,
2255 4275 2326 4330 ad
2360 4274 2810 4330 instructionem
2823 4316 2835 4328 .

2111 4385 2236 4436 CAP.
2270 4382 2324 4435 4.
2357 4411 2426 4453 ε
2457 4381 2638 4449 Quare
2685 4383 2922 4452 apostoli
2952 4382 3011 4435 in
3054 4382 3246 4438 Iudaea
3293 4381 3504 4453 pradia
3549 4380 3618 4435 ad
3645 4396 3768 4436 exs-

2179 4452 2442 4508 truendas
2472 4453 2726 4508 ecclesias
2749 4468 2861 4508 non
2887 4453 3218 4524 colligerint.
3263 4452 3344 4508 Ea:
3375 4454 3604 4508 decretis
3629 4453 3773 4509 Met-

2181 4524 2393 4579 chiadis
2421 4541 2600 4596 papa,
2633 4526 2810 4595 capite
2837 4526 2888 4579 8.
2925 4529 3010 4580 De
3030 4526 3321 4594 primitiva
3351 4525 3624 4580 Ecclesia.

2183 4613 2294 4682 (12,
2327 4629 2376 4682 q.
2415 4617 2462 4678 1,
2495 4628 2543 4666 c.
2573 4613 2843 4668 Futurum
2876 4614 3217 4685 Ecclesiam).
3252 4613 3433 4670 Nemo
3473 4611 3576 4682 qui
3608 4611 3770 4667 Scri-

2112 4705 2318 4773 pturas
2351 4699 2581 4755 divinas
2612 4699 2772 4772 legit,
2807 4701 3040 4773 ignorat
3065 4701 3220 4772 quod
3253 4701 3310 4756 in
3344 4699 3632 4772 principio
3665 4717 3771 4755 na-

2111 4789 2327 4845 scentis
2355 4787 2626 4844 Ecclesia
2658 4789 2934 4862 discipuli
2961 4790 3018 4845 in
3052 4807 3238 4846 unum
3271 4789 3601 4862 congregati
3628 4793 3772 4845 sunt

2110 4896 2243 4936 cum
2276 4877 2654 4934 multitudine
2679 4879 3292 4952 credentium,quibus
3317 4883 3442 4936 erat
3459 4895 3558 4936 cor
3579 4895 3767 4934 unum

2110 4972 2167 5024 et
2195 4966 2392 5023 anima
2422 4984 2541 5022 una
2565 4984 2580 5035 ;
2605 4967 2825 5039 quique
2854 4969 3174 5025 vendentes
3205 4969 3426 5040 praedia
3455 4972 3513 5023 et
3541 4983 3769 5040 posses-

2109 5057 2305 5113 siones
2327 5055 3036 5128 suas,aﬁ'erebantpretia,
3064 5056 3765 5128 etdividebantsingulis,

2107 5150 2280 5218 prout
2309 5144 2518 5217 cuique
2549 5161 2699 5217 opus
2729 5149 2853 5201 erat
2882 5145 3021 5218 (Act.
3056 5148 3154 5218 ιν).
3189 5147 3471 5203 Futuram
3506 5161 3766 5216 namque

2105 5233 2420 5291 Ecclesiam
2456 5235 2512 5289 in
2544 5235 2820 5305 gentibus
2847 5235 3094 5307 apostoli
3128 5235 3543 5307 pravidebanl,
3577 5233 3764 5289 maxi-

341 5323 483 5395 quid
517 5321 676 5378 aliud
710 5321 1056 5387 astimanda
1085 5325 1226 5377 sunt
1257 5337 1435 5393 quam
1476 5325 1712 5392 peccata
1735 5320 1763 5374 ‘t
1794 5321 1996 5377 Restat
2105 5341 2314 5395 meque
2339 5323 2474 5394 quia
2495 5322 2783 5380 Dominus
2807 5323 2924 5381 illis
2947 5325 3764 5397 pradixeratzEuntesinmun-

339 5411 524 5483 igitur
579 5415 644 5466 ut
694 5409 817 5466 hac
875 5408 1042 5465 navis
1091 5426 1270 5465 cursu
1319 5425 1622 5480 prospero,
1680 5413 1809 5464 tuta
1867 5427 1994 5480 pos-
2023 5441 2072 5510 Β
2101 5413 2237 5468 dum
2263 5413 2608 5478 universum,
2641 5413 2940 5482 pradicate
2970 5414 3329 5482 Evangelium
3371 5414 3567 5486 (Marc.
3599 5413 3762 5484 xw);

339 5499 414 5554 sit
444 5511 676 5570 portum
709 5499 1052 5556 desiderata
1087 5499 1249 5554 urbis
1280 5499 1586 5567 intrare,et
1615 5497 1696 5553 ita
1729 5499 1840 5553 Deo
1861 5515 1990 5570 pre-

339 5600 468 5643 cem
497 5587 796 5644 eﬂ'undere
823 5590 891 5644 ut
920 5586 1260 5659 navigantes
1293 5589 1629 5642 mereantur
1657 5585 1872 5645 audiri.

2100 5501 2186 5558 vel
2214 5503 2352 5572 quia
2373 5497 2747 5570 expellendos
2766 5519 2800 5558 a
2819 5501 3020 5559 Judaa
3043 5507 3326 5560 noverant
3342 5519 3427 5572 se,
3446 5505 3504 5558 et
3527 5503 3586 5557 in
3617 5517 3764 5574 gen-

2101 5591 2262 5647 tibus
2293 5587 3184 5663 dispergendos,Ecclesiamque
3203 5592 3679 5664 congregandam
3692 5605 3765 5648 ex
