3982 6060
213 228 325 284 201

1185 245 1495 300 DECRETI
1537 250 1716 302 PAPS
1752 253 1854 304 III.
1895 280 1963 292 -ο
2004 256 2100 308 DE
2138 258 2507 328 ECCLESIA,
2549 266 2704 319 ETC.

3526 275 3640 330 202

214 355 354 466 ι·ιέἀί
376 356 623 466 popujlo,
655 357 865 466 idcirco
897 363 1115 433 praedla
1144 364 1204 466 in
1232 365 1438 466 Judnaa
1468 369 1712 427 minime
1736 377 1875 428 sunt
1904 378 1957 442 Α
1989 382 2302 450 postquam
2344 391 2683 443 consecrata
2733 389 2933 462 fuerit,
2987 391 3198 448 atrium
3248 396 3510 466 ejusdem
3543 417 3636 456 ec-

212 444 554 515 adepti,sed
589 447 775 518 pretia
796 453 1207 508 tantummodo
1233 456 1305 509 ad
1338 456 1617 514 fovendos
1639 475 1874 531 egenos.

210 533 288 587 At
314 549 451 588 vero
483 550 614 590 cum
648 536 803 592 inter
833 540 1119 608 turbines,
1151 547 1207 597 et
1236 545 1483 600 adversa
1515 549 1723 602 mundi
1750 567 1878 605 suc-

211 626 507 677 cresceret
534 624 812 694 Ecclesia,
847 629 990 684 adeo
1024 646 1212 701 usque
1241 635 1501 703 pervenit
1534 641 1599 690 ut
1633 653 1748 691 non
1783 656 1877 692 so-

211 707 344 763 lum
377 715 602 782 gentes,
637 715 737 768 sed
771 715 947 771 etiam
973 717 1220 775 Romani
1254 722 1571 793 principes,
1606 725 1706 794 qui
1734 742 1880 796 pene

212 798 406 853 totius
432 799 588 855 orbis
623 803 1026 860 monarchiam
1060 808 1362 876 tenebant,
1395 813 1467 864 ad
1501 811 1675 867 ﬁdem
1707 812 1878 869 Chri-

210 884 290 940 sti
324 891 384 941 et
411 887 690 959 baptismi
721 898 1092 950 sacramenta
1122 904 1557 954 concurrerent.

211 992 350 1048 CAP.
383 995 437 1047 5.
481 1025 546 1034 —
576 997 749 1075 _Quod
797 1000 1108 1075 sacerdotes
1157 1010 1207 1057 et
1247 1006 1436 1059 σείει-ἱ
1481 1005 1673 1074 ﬁdeles
1717 1022 1879 1075 agros

287 1079 420 1146 quos
448 1067 998 1146 vendere_sol_ebant,
1049 1073 1411 1146 decreverunt
1455 1067 1586 1146 plus
1619 1067 1877 1132 utilitatis

284 1140 557 1209 conferre,
587 1140 636 1192 si
687 1140 943 1195 Ecclesiis
994 1144 1208 1209 traditi,
1249 1144 1313 1200 de
1358 1140 1559 1201 annuis
1609 1148 1876 1203 reditibus

285 1206 471 1281 ﬁdeles
500 1214 803 1279 pascerent,
833 1229 999 1281 quam
1028 1218 1078 1268 si
1116 1206 1498 1271 venderentur.
1534 1220 1614 1272 Ea:
1639 1219 1876 1275 decretis

285 1277 705 1350 Urbanipapae,
737 1277 859 1352 cap:
892 1285 949 1337 2.

282 1365 392 1434 (12.
430 1384 481 1438 q.
516 1368 568 1432 Ι,
601 1385 647 1423 c.
689 1371 977 1442 Videntes).
1033 1373 1308 1430 Videntes
1359 1381 1555 1432 autem
1603 1379 1872 1434 sacerdo-

210 1457 325 1522 tes,
359 1459 417 1510 et
451 1456 671 1524 Levites,
704 1463 880 1529 atque
936 1460 1146 1532 reliqui
1180 1462 1380 1519 ﬁdeles
1431 1464 1562 1534 plus
1606 1466 1875 1522 utilitatis

212 1559 389 1614 posse
421 1545 645 1610 afferre,
679 1547 729 1601 si
760 1547 1134 1604 haereditates
1185 1556 1241 1605 et
1271 1568 1441 1623 agros
1475 1570 1622 1624 quos
1660 1556 1872 1610 vende-

213 1631 378 1702 bant,
412 1633 684 1689 Ecclesiis
735 1635 952 1706 quibus
1006 1639 1399 1708 praesidebant
1442 1642 1720 1714 episcopi,
1753 1647 1869 1699 tra-

213 1720 439 1792 derent,
471 1738 536 1778 eo
567 1724 723 1794 quod
755 1741 822 1780 ex
855 1728 1193 1797 sumptibus
1215 1745 1440 1796 eorum,
1471 1735 1590 1785 tam
1624 1748 1870 1801 presen-
1903 1732 1950 1796 B

212 1808 376 1864 tibus
406 1826 584 1882 quam
605 1812 820 1868 futuris
845 1815 1210 1886 temporibus
1229 1816 1394 1887 plura
1424 1823 1481 1872 et
1511 1818 1870 1890 elegantiora

213 1903 458 1970 possent
489 1901 825 1958 ministrare
849 1903 1122 1959 ﬁdelibus
1154 1921 1526 1961 communem
1553 1907 1728 1962 vitam
1758 1910 1867 1963 du-

213 1988 505 2054 centibus,
539 2006 717 2061 quam
751 2009 818 2046 ex
849 1993 1038 2063 pretio
1071 1993 1354 2064 ipsorum,
1392 2002 1693 2066 cmperunt
1723 2015 1867 2069 prae-

211 2078 309 2134 dia
339 2083 395 2134 et
419 2096 593 2152 agros
625 2098 775 2152 quos
805 2085 1054 2138 vendere
1087 2084 1375 2153 solebant,
1402 2086 1750 2143 matricibus
1782 2105 1870 2144 ec-

213 2166 408 2224 clesiis
440 2171 688 2239 tradere,
723 2177 779 2226 et
811 2188 878 2227 ex
909 2174 1250 2244 sumptibus
1281 2190 1483 2230 eorum
1514 2175 1722 2231 vivere.

215 2275 345 2329 CAP.
375 2277 429 2330 6.
461 2307 532 2317 —
563 2278 675 2352 Quo
704 2282 944 2352 tempore
966 2281 1078 2334 viri
1098 2281 1352 2350 religiosi
1379 2298 1433 2336 se
1464 2283 1613 2352 ipsus
1634 2285 1867 2339 Domino

284 2351 702 2423 consecrarint,
733 2351 1056 2423 aediﬁcantes
1109 2353 1364 2408 basilicas
1408 2351 1624 2409 in’suis
1654 2355 1864 2423 fundis.

284 2420 367 2473 Ex
397 2421 632 2474 decretis
658 2420 984 2477 Melchiadis
1013 2438 1193 2493 papw,
1225 2440 1342 2494 cap.
1379 2426 1464 2478 12.

283 2505 368 2560 Ab
401 2506 498 2562 illo
531 2511 808 2579 tempore,
826 2513 883 2564 et
911 2510 1188 2582 deinceps
1210 2512 1314 2566 viri
1349 2512 1605 2584 religiosi
1637 2531 1749 2568 non
1774 2531 1866 2569 so-

214 2594 334 2649 lum
367 2597 770 2666 possessiones
803 2601 858 2653 et
889 2599 1106 2670 praedia
1155 2616 1281 2671 quae
1332 2603 1730 2671 possederant,
1764 2603 1864 2657 sed

213 2683 389 2739 etiam
414 2685 761 2758 semetipsos
782 2688 1026 2743 Domino
1048 2695 1488 2756 consecrarunt,
1512 2691 1866 2746 aediﬁcantes

210 2771 489 2828 basilicas
508 2773 567 2828 in
587 2775 712 2829 suis
734 2775 930 2831 fundis
963 2776 1021 2830 in
1044 2776 1265 2832 honore
1287 2785 1623 2833 sanclorum
1650 2783 1865 2850 marty-

211 2873 366 2924 rum,
399 2874 464 2913 ac
497 2875 598 2929 per
628 2860 893 2916 civitates
926 2863 1305 2929 monasteria,
1347 2863 1406 2917 in
1443 2864 1656 2934 quibus
1684 2867 1866 2919 cretus

209 2944 458 3002 Domino
488 2947 867 3003 servientium
915 2951 1266 3007 conveniret.
1300 2951 1561 3022 Denique
1591 2968 1777 3024 reges,
1811 2956 1868 3008 et

210 3034 512 3104 praesides,
533 3052 598 3089 ac
632 3037 1014 3108 magistratus
1045 3055 1160 3095 non
1184 3038 1374 3095 solum
1409 3041 1734 3111 adjacentia
1756 3041 1860 3096 tri-

1991 466 2179 522 clesiae
2214 477 2418 528 sancta
2448 491 2600 546 aqua
2631 486 3001 551 conspergat.

1992 573 2123 663 CAP.
2238 580 2410 663 I—Pe
2440 581 2535 663 illo
2553 584 2662 663 gui
2690 585 2748 637 in
2780 601 2877 663 suo
2904 587 3116 663 pandit)
3145 589 3430 663 ecclesiam
3457 593 3636 663 adi/i-

2058 662 2185 700 care
2215 648 2510 706 desiderat.
2543 648 2626 708 Ea:
2647 657 2878 711 concilio
2904 648 3323 727 'Wormatiensi,
3355 678 3474 733 cap.
3508 666 3562 718 6.

2060 734 2406 808 Quicunque
2437 740 2684 797 voluerit
2715 744 2774 799 in
2806 762 2912 800 sua
2943 747 3296 818 proprietate
3325 751 3634 809 ecclesiam

1989 822 2296 892 aedificare,
2348 831 2404 881 ct
2448 845 2799 886 consensum
2861 839 2917 889 et
2965 835 3325 894 voluntatem
3373 841 3632 913 episcopi

1987 909 2250 979 habebit,
2281 914 2338 968 in
2372 918 2540 986 cujus
2590 921 2868 990 parocbia
2901 923 3093 994 fuerit,
3127 924 3356 982 licitum
3389 909 3484 985 sit.
3517 909 3630 985 Ve-

1988 1005 2316 1056 rumtamen
2367 1006 2604 1062 omnino
2657 1010 3088 1079 praavidendum
3121 1019 3212 1069 est
3241 1016 3533 1090 episcopo,
3567 1022 3632 1073 ut

1988 1087 2112 1142 aliae
2143 1090 2398 1146 ecclesiae
2431 1096 2812 1166 antiquiores,
2839 1104 3075 1170 propter
3107 1119 3306 1175 novas,
3341 1087 3628 1177 suamju-

1986 1176 2209 1266 stitiam
2246 1185 2346 1234 aut
2375 1182 2661 1239 decimam
2697 1203 2811 1241 non
2860 1190 3128 1259 perdant,
3163 1192 3263 1247 sed
3296 1176 3629 1266 semperiad

1985 1265 2343 1336 antiquiores
2369 1272 2646 1328 ecclesias
2675 1276 3059 1344 persolvatur.

1983 1353 2110 1441 CAP.
2268 1389 2333 1440 -—'-
2365 1359 2513 1441 Quod
2550 1377 2736 1441 omnes
2786 1364 3030 1441 basilicae
3075 1373 3406 1441 constructae
3445 1372 3506 1425 in
3531 1388 3630 1441 po-

2053 1430 2386 1510 testate_eius
2413 1433 2659 1510 episcopi
2671 1449 2787 1510 esse
2804 1435 3060 1510 debeant,
3086 1440 3142 1492 in
3165 1441 3325 1510 cujus
3357 1430 3633 1498 territério

2051 1501 2197 1551 sunt.
2233 1501 2316 1553 Ex
2343 1501 3007 1562 concilio‘Aurelianensi
3038 1501 3072 1577 ί,
3103 1501 3342 1580 capiti).

2051 1585 2127 1654 (6,
2156 1603 2206 1657 q.
2235 1588 2290 1657 7,
2319 1605 2364 1643 c.
2398 1593 2598 1647 Omnes
2627 1592 2916 1665 basilica).
2949 1595 3165 1653 Omnes
3192 1600 3464 1668 basilicae,
3498 1617 3628 1673 quae

1982 1688 2084 1742 per
2110 1675 2341 1732 diversa
2367 1677 2493 1734 loca
2522 1687 2866 1738 constructae
2898 1692 3056 1750 sunt,
3082 1686 3172 1741 vel
3204 1687 3467 1759 quotidie
3496 1706 3632 1746 con-

1981 1765 2312 1832 struuntur,
2347 1766 2568 1837 placuit
2598 1773 2923 1827 secundum
2973 1773 3301 1844 priscorum
3332 1793 3628 1835 canonum

1978 1851 2263 1923 regulam,
2305 1859 2370 1909 ut
2415 1854 2474 1910 in
2524 1858 2650 1927 ejus
2701 1859 2959 1932 episcopi
3009 1867 3314 1936 potestate,
3347 1866 3407 1922 in
3455 1868 3627 1939 cujus

1975 1939 2265 1997 territorio
2297 1944 2497 2015 posita:
2530 1952 2689 2016 sunt,
2723 1951 3071 2007 consistant.

1976 2029 2125 2113 CAP...
2144 2031 2230 2113 11..
2263 2061 2332 2113 —_
2361 2034 2433 2088 De
2459 2036 2696 2113 ecclesiis
2739 2045 2789 2093 et
2833 2039 3125 2111 altaribus,
3175 2042 3273 2096 ubi
3301 2043 3492 2113 aliqua
3523 2043 3654 2098 ἀει-υ

2049 2100 2241 2180 bitatio
2282 2103 2354 2157 de
2393 2110 2803 2180 consecratione
2849 2113 2946 2180 est,
2997 2117 3057 2167 ut
3104 2100 3511 2170 consecrantur.
3543 2116 3627 2170 Ex

2046 2173 2229 2227 eodem
2260 2176 2455 2230 concil.
2488 2193 2607 2249 cap.
2640 2179 2728 2234 45.

2048 2261 2143 2330 (De
2171 2278 2338 2329 cons.,
2370 2263 2493 2319 dist.
2533 2267 2582 2332 1,
2615 2283 2662 2321 c.
2695 2268 2987 2340 Ecclesiae).
3039 2269 3112 2325 Ut
3142 2270 3397 2328 ecclesia:
3427 2272 3515 2328 vel
3547 2273 3627 2328 al-

1976 2349 2144 2416 taria,
2181 2367 2307 2421 quas
2341 2352 2616 2424 ambigua
2646 2361 2786 2410 sunt
2815 2361 2872 2411 et
2901 2358 2970 2412 de
2993 2361 3432 2416 consecratione
3462 2361 3626 2417 dubi-

1973 2440 2152 2506 tatur,
2177 2446 2608 2510 consecrentur,
2643 2447 2700 2498 et
2729 2445 3026 2515 superflua
3059 2446 3268 2503 altaria
3313 2449 3626 2505 destruan-

1977 2528 2092 2580 tur.

1974 2617 2104 2694 CAP.
2140 2615 2326 2694 1_2._——
2378 2616 2441 2672 Ut
2477 2617 2730 2694 ecclesiae
2776 2621 3099 2694 antiquitus
3129 2632 3476 2694 constructa,
3526 2641 3628 2680 nec

2046 2686 2401 2764 decimisnec
2431 2688 2708 2764 aliquibus
2756 2686 3179 2764 possessionibus
3223 2686 3533 2764 priventur,
3565 2699 3627 2751 ut

2044 2759 2196 2812 novis
2221 2758 2561 2815 tribuantur.
2595 2761 2677 2815 Ex
2701 2758 2934 2816 concilio
2965 2758 3241 2834 Meldensi,
3271 2782 3392 2836 cap.
3429 2767 3517 2819 46.

2044 2844 2117 2899 Ut
2146 2844 2401 2901 ecclesiae
2433 2847 2761 2918 antiquitus
2810 2854 3180 2921 constructae,
3214 2869 3318 2908 nec
3349 2853 3624 2922 decimis,

1975 2949 2079 2988 nec
2112 2933 2230 2988 ulla
2259 2936 2631 3005 possessione
2675 2938 2996 3009 priventur,
3028 2939 3108 2995 ita
3138 2944 3198 2996 ut
3233 2941 3398 2998 novis
3429 2945 3622 2999 orato-

1975 3021 2077 3076 riis
2106 3021 2462 3078 tribuantur.

211 3087 229 3104 ι
341 3087 353 3088 ί
403 3087 408 3088 ⁷
440 3087 512 3101 '7’
540 3087 592 3089 ⁷⁷-
632 3087 727 3090 ”ῇ”“
773 3087 1013 3094 “““““’“’“⁷
1047 3087 1160 3095 ’“⁷’“
1185 3087 1374 3095 """'"'
1409 3087 1734 3111 '“J'vvuuw
1761 3087 1829 3096 ’⁸⁸
3479 3119 3490 3130 θ
3618 3119 3628 3130 ι

211 3123 413 3189 buere,
448 3124 548 3178 sed
583 3087 764 3180 etiam,
793 3125 910 3197 ipsi
940 3129 1174 3198 propria
1202 3128 1398 3200 largiti
1423 3134 1563 3184 sunt
1593 3147 1696 3201 per
1727 3129 1859 3184 uni-
1892 3087 1933 3152 ε
1973 3110 2304 3201 malai—If
2336 3111 2497 3201 φιξρά
2543 3113 2716 3201 denuo
2765 3116 3136 3201 gonse'cranda
3183 3125 3263 3201 est
3292 3118 3542 3201 εειξζεδῑα,
3575 3135 3627 3173 η

209 3225 379 3266 versa
411 3227 588 3282 regna
618 3215 930 3285 terrarum,
965 3216 1121 3271 unde
1151 3216 1448 3272 alerentur
1476 3227 1730 3289 egentes,
1763 3217 1862 3288 qui

211 3297 358 3353 nihil
394 3298 448 3352 in
482 3301 700 3356 mundo
750 3303 1152 3373 possidebant,
1199 3304 1576 3376 ecclesiasque
1616 3306 1860 3360 fabrica-

210 3392 416 3444 rentur
444 3391 620 3460 atque
666 3395 1161 3460 restaurarentur,
1210 3393 1445 3464 Deoque
1494 3398 1550 3449 et
1593 3393 1862 3449 Ecclesiae

211 3477 341 3548 ejus
373 3477 482 3532 rite
512 3477 1274 3553 famulantibus,servisque
1299 3482 1455 3536 illius
1487 3483 1860 3554 supplemen-

209 3570 291 3633 ta,
325 3570 395 3620 ut
421 3566 642 3638 absque
673 3567 1022 3624 necessitate
1054 3574 1266 3637 essent,
1301 3571 1716 3626 tribuerentur.

205 3653 428 3729 CAP._7.
461 3686 533 3729 —:
561 3655 710 3722 Quod
751 3657 1149 3714 Constantinus
1192 3662 1412 3729 primus
1464 3661 1864 3729 imperatorum

274 3724 439 3802 ﬁdem
475 3725 852 3802 Christianam
880 3734 1134 3798 patenter
1165 3724 1413 3802 adeptus,
1443 3724 1759 3802 fabricandi
1787 3747 1865 3785 ec-

268 3797 504 3924 clesiais0
522 3799 780 3854 omnibus
830 3797 1151 3870 potestatem
1215 3797 1450 3857 dederit.
1524 3804 1607 3856 Ea:
1655 3801 1860 3870 eodem,

268 3884 398 3939 cap.
511 3909 524 3923 .

270 3956 354 4012 Ex
386 3957 602 4028 quibus
632 3958 720 4012 vir
765 3958 1252 4030 religiosissimus
1295 3961 1719 4017 Constantinus
1751 3961 1865 4032 pri-

202 4062 339 4101 mus
371 4045 548 4101 fidem
578 4046 840 4104 veritatis
865 4052 1130 4120 patenter
1150 4051 1420 4121 adeptus,
1445 4050 1748 4105 licentiam
1772 4050 1865 4105 de-

200 4134 288 4188 dit
318 4150 423 4204 per
455 4135 797 4191 universum
831 4137 1031 4192 orbem
1056 4137 1115 4192 in
1149 4155 1255 4193 sun
1290 4141 1568 4210 degentes
1593 4139 1859 4209 imperio,

197 4238 317 4276 non
348 4222 540 4276 solum
576 4222 699 4278 ﬁeri
725 4223 1108 4292 Christianos,
1143 4226 1246 4281 sed
1279 4227 1454 4281 etiam
1491 4227 1863 4281 fabricandas

195 4308 502 4376 ecclesias,
538 4315 596 4364 et
628 4311 843 4382 praedia
875 4313 1188 4368 tribuenda
1233 4315 1553 4370 constituit.
1602 4315 1863 4384 Denique

193 4398 356 4452 idem
372 4398 652 4468 praefatus
667 4399 939 4470 princeps
955 4400 1195 4455 donaria
1210 4401 1500 4456 immensa
1514 4406 1570 4456 et
1585 4401 1862 4456 fabricam

191 4484 406 4556 templi
428 4485 632 4557 prima:
650 4486 809 4542 sedis
825 4486 977 4543 beati
993 4488 1145 4543 Petri
1167 4488 1450 4561 principis
1464 4489 1862 4560 apostolorum

191 4572 638 4640 instituit,adeo
673 4577 739 4629 ut
771 4575 974 4630 sedem
1004 4576 1368 4648 imperialem
1393 4578 1486 4631 cui
1510 4578 1729 4648 quique
1751 4582 1860 4632 Ro-

195 4662 362 4717 mani
394 4663 691 4734 principes
745 4664 1160 4736 praesidebant,
1193 4665 1570 4737 relinqueret,
1611 4670 1667 4721 et
1696 4667 1863 4721 beato

191 4749 367 4806 Petro
401 4751 650 4822 suisque
679 4752 1129 4808 successoribus
1164 4755 1471 4825 profutura
1501 4756 1861 4810 concederet.

193 4860 332 4911 CAP.
365 4857 420 4909 8.
451 4887 520 4929 7—-
557 4857 620 4911 Ut
648 4857 842 4929 nullus
893 4858 1177 4913 ecclesiam
1217 4858 1465 4929 a’diﬁcet,
1496 4860 1610 4913 nisi
1640 4861 1693 4914 ei
1720 4863 1862 4929 epis-

267 4943 439 5002 cOpus
470 4928 646 5002 locum
699 4928 1095 4999 designaverit,
1127 4934 1178 4985 et
1224 4932 1338 5002 ipse
1383 4930 1559 4985 dotem
1601 4928 1863 5001 paratam

267 4999 485 5053 habeat.
522 5001 604 5053 Ea:
632 5002 869 5055 concilio
897 4999 1310 5068 Aurelianensi,
1343 5018 1463 5073 cap.
1497 5003 1549 5055 3.

267 5088 372 5156 (De
396 5103 568 5156 cons,
601 5087 732 5142 dist.
769 5089 820 5158 1,
846 5105 892 5143 c.
917 5095 1085 5145 Nemo
1111 5091 1439 5160 ecclesiam).
1471 5089 1648 5144 Nemo
1681 5090 1861 5146 eccle-

197 5177 354 5230 siam
388 5175 638 5230 asdiﬁcet
667 5180 986 5246 antequam
1019 5177 1268 5233 civitatis
1302 5179 1613 5249 episcopus
1645 5179 1860 5248 veniat,

197 5268 252 5318 et
283 5263 509 5319 ibidem
541 5280 768 5320 crucem
794 5265 936 5336 ﬁgat
957 5266 1280 5337 publice,et
1310 5267 1525 5322 atrium
1558 5267 1858 5339 designet;

197 5358 251 5408 et
283 5357 425 5408 ante
454 5354 746 5424 prmﬁniat
776 5354 880 5424 qui
917 5354 1202 5410 aediﬁcare
1225 5356 1370 5422 vult,
1395 5357 1549 5427 quod
1579 5357 1651 5411 ad
1683 5355 1858 5411 lumi-

197 5442 366 5499 naria
397 5447 455 5499 et
485 5443 555 5498 ad
582 5443 940 5513 custodiam,
965 5448 1021 5499 et
1051 5445 1345 5516 stipendia
1363 5446 1675 5501 custodum
1701 5445 1862 5501 sufﬁ-

197 5529 330 5602 ciat,
363 5535 424 5587 et
453 5536 689 5588 ostensa
718 5532 1061 5602 donatione,
1110 5534 1193 5590 sic
1225 5534 1462 5592 domum
1494 5535 1758 5592 aediﬁcet.
1792 5535 1861 5591 Et

525 5661 790 5722 PATROL.
837 5661 1036 5723 CLXI.

2040 3182 2221 3294 altare/3
2259 3184 2436 3252 fuerit
2483 3189 2709 3239 motum.
2765 3187 2852 3240 Ea:
2899 3186 3132 3242 decretis
3180 3189 3398 3258 Higmii
3445 3182 3624 3261 papa,

2042 3270 2140 3294 mn
2211 3273 2224 3294 ι

2042 3270 2161 3323 cap.
2197 3270 2248 3306 ιι.

2042 3342 2138 3411 (De
2165 3356 2335 3407 cons.,
2387 3341 2516 3397 dist.
2551 3344 2601 3409 1,
2633 3360 2680 3398 c.
2714 3344 2774 3399 Si
2799 3350 3048 3417 motum).
3100 3345 3161 3401 Si
3192 3350 3419 3402 motum
3451 3347 3629 3403 fuerit

1972 3427 2397 3498 altarc,’_dcnuo
2430 3436 2807 3487 consecretur
2829 3433 3111 3501 ecclesia;
3145 3433 3194 3489 si
3225 3435 3474 3506 parietes
3499 3452 3631 3492 mu-

1972 3521 2172 3571 tantur
2201 3522 2258 3572 et
2289 3535 2402 3573 non
2431 3518 2634 3586 altare,
2669 3520 2893 3576 salibus
2939 3527 3169 3578 tantum
3201 3524 3624 3579 exorcizentur.

1971 3609 2103 3659 CAP.
2138 3606 2227 3660 14.
2258 3638 2326 3645 ——
2361 3607 2523 3672 Quod
2568 3611 2795 3664 ecclesia
2845 3610 3021 3666 denuo
3073 3612 3443 3667 consecranda
3472 3613 3545 3667 sit
3574 3613 3639 3667 si

2043 3677 2340 3753 homicidio
2372 3679 2454 3732 vel
2493 3678 2768 3753 adulterio
2794 3683 2966 3751 fuerit
3011 3683 3245 3753 polluta.
3279 3687 3361 3738 Ex
3389 3685 3635 3739 decretis

2041 3748 2302 3818 ejusdem,
2336 3765 2457 3818 cap.
2489 3751 2544 3803 6.

2044 3839 2145 3909 (De
2175 3854 2346 3907 σωκ-8.,
2380 3838 2513 3893 dist.
2557 3843 2602 3905 1,
2636 3854 2680 3893 e.
2717 3840 2781 3895 Si
2811 3840 3153 3913 homicidio).
3200 3843 3258 3898 Si
3308 3843 3630 3899 homicidio

1972 3925 2058 3980 vel
2094 3925 2380 3982 adulterio
2427 3927 2672 3983 ecclesia
2701 3929 2878 3985 fuerit
2907 3931 3146 4002 violata,
3179 3930 3634 4004 diligentissime

1972 4017 2347 4086 expurgetur,
2382 4019 2438 4070 et
2467 4016 2659 4071 denuo
2693 4024 3090 4074 consecretur.

1974 4119 2107 4174 CAP.
2147 4121 2228 4196 15_._
2261 4150 2330 4161 --
2358 4120 2514 4190 Quod
2542 4123 2831 4177 ecclesiam
2863 4126 2962 4178 ubi
2987 4139 3246 4196 paganus
3277 4131 3354 4179 est
3383 4123 3632 4196 sepultus

2043 4207 2151 4266 non
2185 4193 2349 4266 liceat
2393 4196 2724 4266 consecrari,
2773 4197 2887 4249 nisi
2933 4193 2998 4250 eo
3047 4193 3235 4266 ejecta.
3288 4197 3371 4249 Ex
3398 4195 3631 4250 concilia

2043 4263 2451 4332 Aurelianensi,
2483 4281 2600 4334 cap.
2637 4265 2692 4319 7.

2045 4349 2139 4417 (De
2168 4365 2341 4416 cons.,
2371 4351 2501 4405 dist.
2539 4352 2589 4416 1,
2623 4367 2669 4405 c.
2704 4352 3039 4425 Ecclesium).
3077 4353 3149 4408 Ut
3193 4352 3500 4410 ecclesiam
3531 4352 3632 4408 ubi

1893 4449 1941 4514 D
1975 4453 2238 4508 paganus
2270 4443 2357 4493 est
2390 4439 2658 4510 sepultus
2705 4457 2819 4494 non
2852 4440 3024 4497 liceat
3056 4442 3409 4506 consecrari,
3440 4457 3634 4513 neque

1977 4524 2191 4580 missas
2222 4525 2283 4579 in
2314 4542 2382 4580 ea
2432 4526 2735 4597 celebrari,
2779 4530 2879 4584 sed
2917 4529 3133 4600 jactari
3185 4530 3341 4586 foras
3371 4533 3428 4585 et
3459 4545 3634 4586 mun-

1976 4614 2098 4669 dari
2131 4618 2378 4684 oportet.

1975 4703 2109 4757 CAP.
2150 4703 2229 4756 l6.
2266 4705 2432 4777 ——_AUt
2461 4705 2520 4758 in
2559 4705 2789 4777 ecclesia
2818 4706 2875 4759 in
2926 4723 3035 4777 qua
3084 4706 3356 4762 cadavera
3385 4711 3630 4762 mortuo-

2045 4790 2170 4827 rum
2197 4775 2564 4843 sepeliuntur,
2597 4776 2780 4832 altare
2804 4793 2916 4832 non
2935 4775 3118 4834 liceat
3149 4780 3465 4834 consecrari
3492 4794 3504 4832 :
3537 4778 3632 4834 sed

2044 4846 2095 4898 si
2120 4847 2282 4913 prius
2312 4857 2687 4902 consecratum
2710 4849 2842 4917 fuit,
2866 4850 3061 4903 missas
3090 4851 3151 4903 in
3180 4866 3238 4905 eo
3262 4850 3532 4906 celebrari
3556 4850 3628 4904 li-

2045 4919 2185 4970 ceat.
2221 4921 2302 4971 Ea:
2330 4919 2563 4972 concilio
2593 4920 2808 4987 eodem,
2839 4936 2960 4990 cap.
2994 4921 3048 4973 6.

2046 5004 2108 5058 In
2131 5004 2392 5060 Ecclesia
2414 5005 2471 5060 in
2500 5023 2615 5077 qua
2641 5008 2923 5063 cadavera
2950 5013 3318 5064 mortuorum
3341 5008 3632 5080 sepeliun-

1973 5097 2090 5159 tur,
2125 5093 2491 5149 sanctiﬁcare
2522 5095 2704 5150 altare
2739 5114 2854 5151 non
2897 5096 3087 5154 liceat.
3121 5097 3181 5154 Si
3209 5101 3404 5154 autem
3431 5114 3630 5154 conse-

1975 5186 2202 5236 cratum
2237 5182 2400 5254 prius
2430 5183 2559 5251 fuit,
2596 5185 2805 5240 missas
2836 5185 2973 5241 licet
3002 5185 3296 5242 celebrare
3326 5186 3386 5241 in
3419 5203 3505 5242 ea.

1973 5289 2106 5343 CAP.
2144 5289 2228 5343 17.
2258 5319 2328 5329 -—
2361 5290 2440 5364 Ut_
2452 5290 2568 5345 loca
2589 5292 2764 5347 semel
2786 5293 2892 5348 Deo
2914 5293 3095 5348 dicata
3122 5299 3383 5364 perpetuo
3407 5293 3491 5364 sic
3506 5305 3634 5360 per-

2089 5368 2366 5415 maneant.
2401 5362 2487 5416 Ex
2518 5364 2750 5419 concilio
2780 5362 3234 5433 Chalcedonensi,
3264 5380 3381 5434 cap.
3412 5363 3502 5415 23.

2042 5449 2154 5517 (19,
2187 5466 2237 5519 q.
2270 5450 2323 5518 3,
2356 5465 2402 5503 c.
2439 5451 2572 5517 Quae
2599 5453 2809 5523 semel).
2846 5451 2918 5506 Ut
2947 5453 3077 5508 loca
3126 5468 3253 5522 quas
3297 5448 3476 5505 semel
3506 5449 3624 5506 Deo

1971 5537 2162 5594 dicata
2192 5543 2352 5608 sunt,
2384 5545 2486 5595 aut
2527 5540 2881 5598 monasteria
2910 5541 3169 5610 fuerunt,
3201 5545 3470 5595 maneant
3498 5556 3623 5611 pero

3263 5667 3298 5726 7
