3970 6058
329 265 442 323 203

1407 269 1476 320 1).
1517 265 1756 319 IVONIS
1792 262 2290 318 CARNOTENSIS
2326 257 2648 314 EPISCOPI

3631 251 3753 309 204

327 395 504 465 petuo
535 390 640 458 sic,
673 406 779 446 nec
813 390 1042 462 possint
1073 389 1221 446 ultra
1257 389 1382 444 ﬁeri
1412 386 1717 444 secularia
1747 385 1978 443 habita-
2009 388 2060 454 Α
2091 399 2225 439 vero
2257 381 2691 438 dedicationem
2722 377 3104 436 ecclesiarum
3155 379 3213 433 et
3241 377 3615 434 sacerdotum
3651 394 3762 452 per

329 481 481 538 cula.

327 593 460 644 CAP.
490 587 577 644 48.
609 616 680 629 —-
709 591 787 644 Ne
833 586 1164 642 monasteria
1213 584 1348 653 ﬁant
1392 583 1720 639 clericorum
1756 579 1978 634 habita-

399 660 547 715 cula.
589 659 672 714 Ex
719 659 946 714 decretis
988 657 1236 726 Gregorii
1281 671 1436 726 papa
1483 655 1664 709 missis
1709 653 1779 707 ad
1815 653 1976 726 Joan-

397 746 525 788 nem
552 732 958 786 Ravenncnsem
1003 725 1318 799 episcopum
1357 725 1491 797 '(lib.
1527 742 1605 796 1v,
1653 727 1716 780 in
1744 725 1977 792 registro

397 802 630 873 epistola
666 805 738 868 1).

400 891 508 961 (18,
541 907 592 961 q.
624 891 677 958 2,
710 905 759 944 c.
791 889 1099 956 Pervenit).
1153 885 1419 941 Pervenit
1468 886 1541 940 ad
1593 899 1684 939 me
1733 883 1886 954 quod
1916 881 1977 938 in

325 976 602 1034 Ecclesiis
633 975 1015 1032 fraternitatis
1047 980 1178 1044 tuae,
1223 973 1421 1046 aliqua
1449 972 1576 1028 loca
1607 969 1979 1028 monasteriis

326 1069 683 1130 consecrata,
710 1081 870 1120 nunc
892 1062 1232 1119 habitacula
1257 1061 1600 1118 clericorum
1629 1061 1779 1116 facta
1803 1063 1974 1115 sunt:

321 1155 580 1224 dumque
607 1152 669 1207 hi
700 1151 801 1224 qui
831 1157 972 1206 sunt
1000 1151 1059 1206 in
1080 1149 1628 1218 Ecclesiis,ﬁngunt
1657 1164 1720 1203 se
1751 1146 1978 1218 religio-

317 1259 379 1298 se
406 1242 627 1310 vivere,
678 1239 1053 1296 monasteriis
1106 1239 1362 1310 praeponi
1413 1241 1718 1310 appetunt,
1768 1241 1827 1291 et
1876 1250 1979 1308 per

320 1347 524 1387 eorum
555 1327 735 1386 vitam
768 1327 1124 1383 monasteria
1154 1327 1561 1381 destruuntur.

392 1419 506 1489 (16,
536 1434 589 1488 q.
633 1421 676 1483 ι,
707 1433 753 1472 c.
801 1417 1008 1485 Nemo).
1061 1418 1241 1470 Nemo
1291 1413 1503 1469 etenim
1556 1415 1746 1483 potest
1790 1411 1974 1466 eccle-

319 1505 578 1562 siasticis
611 1503 912 1575 obsequiis
960 1493 1274 1567 deservire,
1309 1507 1365 1556 et
1413 1501 1470 1554 in
1513 1499 1858 1554 monachica
1888 1515 1976 1553 re-

319 1594 460 1668 gula
488 1593 752 1650 ordinate
778 1592 1107 1664 persistere,
1133 1595 1195 1644 ut
1222 1590 1349 1661 ipse
1383 1588 1810 1644 districtionem
1847 1603 1973 1643 mo-

320 1681 562 1741 nasterii
596 1687 808 1752 teneat,
841 1681 939 1752 qui
971 1679 1312 1751 quotidiein
1348 1676 1676 1732 ministerio
1698 1675 1972 1731 ecclesia-

321 1772 471 1830 stico
495 1771 725 1844 cogitur
773 1749 1136 1841 permanere.
1187 1767 1439 1822 Proinde
1487 1765 1823 1820 fraternitas
1871 1769 1973 1819 tua
2008 1749 2054 1813 Β

321 1861 454 1932 hoc,
485 1859 750 1932 quolibet
796 1858 855 1913 in
889 1857 1014 1913 loco
1064 1857 1282 1912 factum
1313 1855 1410 1924 sit,
1461 1854 1774 1909 emendare
1816 1853 1976 1908 festi-

323 1953 421 2005 net
451 1965 464 2004 :
500 1949 638 2018 quia
666 1964 772 2018 ego
805 1945 968 2001 nullo
998 1946 1172 2000 modo
1203 1944 1397 2016 patior
1425 1951 1486 1998 ut
1525 1942 1649 1997 loca
1677 1958 1846 1998 sacra
1876 1956 1979 2013 per

324 2037 671 2092 clericorum
703 2035 991 2090 ambitum
1024 2035 1424 2090 destruantur.

321 2147 452 2198 CAP.
490 2141 577 2200 19.
607 2172 679 2183 -
711 2143 773 2198 Ut
804 2141 922 2196 loca
951 2139 1157 2196 dudum
1203 2141 1537 2205 consecrata,
1580 2145 1632 2192 et
1660 2144 1846 2207 postea
1871 2135 1975 2207 fa:-

392 2212 972 2338 data,6reformentur.
1023 2214 1106 2268 Ea:
1133 2211 1363 2268 concilio
1401 2209 1744 2281 Aquisgrani
1773 2207 1976 2272 habito,

392 2299 519 2338 ean.
595 2326 608 2338 .

392 2299 519 2356 cap.
553 2299 608 2339 c.

396 2370 639 2441 Placuit,
673 2374 740 2426 ut
773 2371 899 2426 loca
943 2369 1293 2440 jamdudum
1328 2371 1685 2437 consecrata,
1725 2370 1782 2422 et
1826 2381 1982 2421 nunc

325 2459 626 2533 spurcitiis
649 2459 885 2530 fmdata,
903 2459 1071 2530 juxta
1103 2457 1554 2530 possibilitatem
1580 2455 1638 2510 in
1671 2455 1980 2527 antiquum

323 2552 548 2604 statum
582 2549 989 2604 reformentur.

331 2655 467 2711 CAP.
498 2653 590 2712 20.
621 2685 686 2696 —
735 2653 795 2711 Ut
843 2653 1030 2710 nullus
1078 2652 1238 2707 aliud
1288 2651 1465 2706 altare
1513 2651 1725 2721 erigere
1770 2665 1982 2721 prasit-

404 2734 540 2791 mat,
570 2725 688 2781 nisi
716 2724 856 2794 quod
884 2725 951 2780 ab
970 2725 1218 2794 episcopo
1237 2719 1620 2794 consecratum
1649 2723 1746 2778 est.
1781 2723 1864 2776 Ex
1892 2719 1983 2776 de-

406 2797 573 2851 cretis
605 2793 912 2852 Hormisdse
940 2809 1121 2866 papa,
1149 2793 1267 2864 cap.
1301 2793 1388 2848 lO.

410 2883 507 2954 (De
534 2899 708 2950 cons.,
740 2881 869 2937 dist.
901 2881 958 2947 i,
987 2899 1032 2937 c.
1064 2881 1126 2938 Ut
1157 2880 1389 2952 nullus).
1414 2878 1487 2935 Ut
1518 2877 1714 2934 nullus
1746 2879 1986 2951 presby-

344 2974 436 3027 ter
465 2967 525 3025 in
557 2968 814 3026 Ecclesia
842 2977 1178 3025 consecrata
1225 2967 1384 3023 aliud
1429 2965 1608 3022 altare
1638 2966 1844 3039 erigat,
1877 2964 1990 3022 nisi

345 3059 504 3133 quod
534 3059 606 3114 ab
627 3057 900 3132 episcopo
921 3057 1054 3123 loci,
1076 3055 1164 3112 vel
1196 3057 1324 3126 ejus
1347 3054 1528 3111 misso
1560 3054 1990 3111 sanctiﬁcatum

341 3152 434 3206 est
463 3163 478 3203 :
511 3149 577 3204 ut
607 3146 685 3205 sit
713 3145 986 3204 discretio
1016 3145 1167 3201 inter
1214 3161 1447 3200 sacrum
1498 3147 1555 3199 et
1587 3159 1700 3199 non
1731 3160 1986 3199 sacrum.

341 3237 458 3294 Nec
487 3236 914 3292 dedicationem
940 3235 1123 3306 ﬁngat
1144 3233 1257 3289 nisi
1289 3233 1367 3288 sit
1399 3250 1412 3288 :
1448 3233 1602 3304 quod
1626 3231 1677 3287 si
1698 3231 1916 3300 fecerit,
1941 3231 1991 3286 si

341 3326 592 3385 clericus
611 3329 702 3384 est
721 3325 1076 3397 degradetur
1097 3343 1111 3392 ;
1146 3323 1194 3380 si
1214 3321 1419 3389 laicus,
1439 3321 1988 3378 anathematizetur.

340 3434 476 3490 Car.
506 3433 599 3488 21.
648 3461 718 3473 -
767 3433 832 3488 Ut
874 3431 1249 3502 pavimentum
1293 3428 1582 3502 domorum
1635 3429 1992 3502 energumeni

529 3505 773 3560 verrunt.
807 3500 888 3557 Esi
917 3503 1149 3559 concilio
1177 3500 1366 3556 Carth.
1402 3517 1477 3569 ιν,
1508 3515 1635 3570 cap.
1669 3501 1792 3554 111.

413 3589 818 3648 Pavimentum
850 3590 1157 3646 domorum
1200 3588 1298 3645 Dei
1330 3588 1707 3659 energumeni
1737 3590 1988 3645 verrant.

342 3697 478 3752 CAP.
508 3697 599 3752 22.
633 3725 700 3738 —-
732 3695 797 3754 Ut
847 3696 1181 3751 monasteria
1209 3694 1374 3750 semel
1403 3692 1674 3758 dedicata,
1699 3698 1752 3748 et
1799 3709 1885 3749 res
1910 3695 1990 3749 eis

413 3769 655 3835 collatae,
713 3771 971 3839 perpetuo
1034 3768 1116 3822 sic
1187 3768 1566 3839 permaneant.
1629 3765 1709 3818 Ea:
1760 3765 1990 3820 concilio

415 3840 863 3906 Chalcedonensi,
895 3854 1016 3908 cap.
1047 3839 1139 3891 24.

414 3926 554 3992 Qum
600 3927 772 3984 semel
829 3925 1096 3982 dedicata
1145 3929 1286 3979 sunt
1343 3922 1698 3979 monasteria
1745 3921 1990 3978 consilio

343 4016 753 4090 episcOporum
787 4015 888 4088 qui
919 4013 1182 4070 civitates
1212 4016 1433 4082 tenent,
1465 4027 1702 4066 manere
1731 4011 1817 4067 sic
1859 4010 1989 4082 pla-

340 4105 466 4165 cuit
491 4111 770 4180 perpetuo
809 4102 1164 4163 monasteria
1194 4119 1209 4158 :
1243 4104 1302 4158 et
1329 4117 1422 4158 res
1451 4116 1578 4172 quae
1607 4101 1678 4155 ad
1711 4116 1778 4156 ea
1807 4100 1983 4171 perti-

339 4200 502 4266 nent,
552 4191 927 4251 monasteriis
975 4191 1257 4248 reservari
1305 4190 1539 4257 debere,
1572 4203 1677 4243 nec
1723 4203 1894 4260 posse
1921 4203 1990 4244 ea

338 4283 495 4342 ultra
522 4283 647 4338 ﬁeri
679 4281 984 4338 saecularia
1012 4279 1365 4336 habitacula.
1401 4278 1507 4347 Qui
1545 4293 1680 4334 vero
1710 4275 1831 4333 hac
1862 4277 1988 4333 ﬁeri

335 4368 731 4444 permiserint,
765 4385 1058 4426 canonum
1093 4367 1399 4423 sententiis
1432 4364 1842 4438 subjacebunt.

2088 471 2352 543 singulos
2377 487 2562 526 annos
2577 467 3076 526 solemnitersunt
3097 466 3618 540 celebrandasﬁpso
3640 467 3758 525 Do-

2090 559 2248 615 mino
2278 559 2612 630 exemplum
2661 558 2836 613 dante
2872 574 2886 612 :
2919 556 3022 627 qui
3055 557 3126 612 ad
3177 556 3330 612 festa
3361 556 3756 614 dedicationis

2087 647 2290 720 templi
2312 648 2588 704 omnibus
2612 647 3019 702 idfaciendum
3045 645 3192 701 dans
3214 645 3638 713 formam,cum
3661 663 3753 702 re-

2087 737 2266 810 liquis
2281 736 2514 809 populis
2531 736 2796 792 eamdem
2819 733 3202 790 festivitatem
3222 733 3627 791 celebraturus
3646 752 3752 791 ve-

2087 825 2194 892 nit,
2225 825 2380 880 sicut
2427 823 2708 896 scriptum
2754 826 2845 879 est
2877 839 2889 878 :
2921 823 3084 878 Facta
3113 829 3246 878 sunt
3273 837 3521 879 encwma
3553 825 3755 881 Hiero-

2087 914 2338 984 solymis,
2369 922 2418 969 et
2448 914 2618 968 hiems
2654 916 2793 982 erat,
2825 919 2876 967 et
2903 911 3229 967 ambulabat
3250 915 3427 969 Iesus
3457 914 3518 968 in
3549 912 3754 985 templo

2087 1002 2149 1056 in
2190 1003 2412 1072 porticu
2458 1001 2769 1056 Salomonis
2821 1002 3002 1070 (Joan.
3051 1002 3132 1074 ι).
3180 1001 3340 1064 Quod
3388 1005 3586 1057 autem
3620 1007 3754 1058 octo

2088 1088 2317 1144 dierum
2358 1089 2476 1144 sint
2516 1088 2774 1144 enceenia
2823 1087 3194 1156 celebranda,
3227 1089 3286 1144 in
3338 1088 3487 1144 libro
3523 1090 3753 1164 Regum

2088 1181 2322 1249 peracta
2352 1177 2719 1233 dedicatione
2749 1175 2954 1248 templi
3000 1175 3302 1250 reperietis
3333 1178 3433 1249 (IIl
3462 1179 3592 1248 Reg.
3625 1196 3753 1248 VIII,

2086 1267 2137 1320 II
2179 1266 2366 1321 Paral.
2402 1269 2522 1334 vn).
2577 1271 2653 1320 De
2703 1263 3085 1320 ecclesiarum
3116 1281 3251 1322 vero
3301 1267 3756 1325 consecratione

2087 1353 2317 1424 quoties
2349 1353 2673 1421 dubitatur,
2707 1358 2766 1410 et
2795 1369 2902 1410 nec
2931 1357 3092 1410 certa
3119 1355 3433 1426 scriptura,
3468 1372 3575 1414 nec
3607 1358 3754 1415 certi

2085 1446 2265 1498 testes
2294 1443 2573 1511 existunt,
2606 1459 2639 1498 a
2670 1442 2886 1513 quibus
2934 1443 3298 1499 consecratio
3329 1444 3576 1511 sciatur,
3610 1446 3753 1502 abs-

2086 1546 2199 1600 que
2230 1529 2349 1585 ulla
2375 1529 2741 1586 dubitatione
2760 1530 2968 1587 scitote
2988 1547 3086 1587 eas
3108 1548 3239 1589 esse
3269 1533 3616 1601 sacrandas,
3642 1551 3752 1592 nec

2084 1616 2220 1674 talis
2247 1617 2557 1690 trepidatio
2579 1618 2949 1676 iterationem
2975 1619 3253 1690 incurrit;
3283 1621 3424 1692 quia
3445 1638 3562 1678 non
3585 1639 3753 1680 mon-

2086 1711 2306 1762 stratur
2339 1722 2469 1762 esse
2517 1707 2815 1776 iteratum,
2851 1708 3009 1780 quod
3050 1709 3312 1765 nescitur
3341 1727 3470 1768 esse
3501 1711 3749 1768 factum.

2091 1816 2230 1889 Car.
2264 1816 2354 1871 25.
2385 1846 2454 1857 --
2483 1818 2558 1872 De
2581 1817 2796 1889 fabrica
2841 1819 3140 1889 cujuslibet
3186 1820 3438 1878 ecclesiae
3481 1824 3535 1876 si
3563 1821 3754 1879 diruta

2152 1887 2332 1959 luerit
2361 1888 2749 1956 instauranda,
2780 1897 2834 1945 et
2863 1887 2913 1945 si
2959 1893 3392 1948 consecrationis
3424 1893 3753 1950 solemnitas

2154 1959 2590 2036 debeatjterari
2619 1961 2716 2015 ubi
2755 1963 3084 2036 sanctuaria
3132 1978 3244 2019 non
3273 1964 3515 2036 fuerint.
3545 1966 3752 2023 Eutero

2155 2031 2325 2102 fratri
2360 2031 2590 2101 Vigilius
2619 2047 2786 2102 papa,
2819 2048 2939 2104 cap.
2974 2033 3027 2087 4.

2158 2117 2238 2173 De
2268 2119 2490 2174 fabrica
2539 2119 2856 2190 cujuslibet
2904 2119 3161 2178 ecclesias
3216 2121 3266 2178 si
3315 2122 3514 2180 diruta
3546 2125 3750 2200 fuerit,

2088 2205 2495 2274 instauranda,
2527 2211 2584 2262 et
2615 2207 2662 2263 si
2697 2208 2756 2262 in
2790 2223 2856 2264 eo
2887 2208 3014 2265 loco
3046 2211 3511 2269 consecrationis
3533 2214 3751 2271 solem-

2090 2294 2243 2351 nitas
2276 2295 2485 2351 debeat
2512 2296 2736 2364 iterari,
2758 2296 2819 2352 in
2852 2315 2968 2371 qua
2999 2299 3334 2357 sanctuaria
3363 2318 3478 2358 non
3511 2303 3749 2374 fuerint,

2091 2381 2237 2437 nihil
2274 2383 2612 2454 judicamus
2643 2384 2896 2457 ofﬁcere,
2929 2386 2978 2444 si
3029 2403 3133 2460 per
3161 2405 3288 2445 eam
3325 2389 3564 2446 minime
3594 2409 3752 2464 aqua

2093 2472 2419 2528 exorcizata
2453 2474 2752 2544 jactetur:
2789 2475 2929 2546 quia
2957 2478 3458 2535 consecrationem
3504 2481 3749 2550 cujusli-

2095 2562 2190 2616 bet
2219 2559 2499 2632 ecclesizs,
2533 2562 2593 2618 in
2628 2580 2743 2634 qua
2785 2563 3038 2635 Spiritus
3081 2567 3273 2622 sancti
3305 2584 3408 2624 ara
3438 2585 3552 2624 non
3581 2570 3750 2642 poni-

2095 2654 2211 2718 tur,
2245 2649 2643 2709 celebritatem
2694 2656 2926 2710 tantum
2976 2655 3200 2712 scimus
3240 2673 3370 2714 esse
3402 2657 3748 2715 missarum.

2095 2738 2166 2794 Et
2194 2738 2324 2794 ideo
2355 2738 2406 2796 si
2436 2757 2553 2811 qua
2599 2746 2938 2798 sanctorum
2986 2744 3235 2801 basilica
3262 2763 3297 2802 a
3342 2747 3752 2805 fundamentis

2097 2827 2274 2884 etiam
2326 2828 2544 2885 fuerint
2591 2831 2884 2898 innovata,
2935 2833 3064 2888 sine
3112 2835 3312 2907 aliqua
3359 2836 3752 2909 dubitatione,

2099 2932 2230 2972 cum
2259 2916 2319 2972 in
2350 2933 2418 2974 ea
2466 2919 2786 2977 missarum
2832 2919 3127 2979 celebrata
3177 2923 3356 2979 fuerit
3384 2923 3750 2997 solemnitas,

2100 3004 2281 3062 totius
2337 3007 2724 3065 sanctiﬁcatio
2771 3011 3234 3069 consecrationis
3280 3011 3644 3086 implebitur.
3693 3014 3756 3071 Si

2021 3113 2064 3180 ο
2100 3109 2232 3149 vero
2265 3095 2602 3151 sanctuaria
2650 3113 2781 3170 quae
2825 3099 3077 3156 habebat
3109 3100 3307 3157 ablata
3352 3106 3513 3170 sunt,
3546 3120 3754 3161 rursus

2099 3199 2301 3239 eorum
2332 3184 2708 3257 repositione,
2739 3190 2797 3242 et
2838 3186 3160 3245 missarum
3190 3190 3565 3248 solemnitate
3595 3209 3753 3250 reve-

2099 3271 2351 3328 rentiam
2380 3273 2865 3333 sanctiﬁcationis
2896 3277 3164 3350 accipiet.

2096 3378 2348 3458 esses.
2382 3409 2450 3458 -τ
2483 3382 2549 3437 Ut
2593 3383 2832 3439 ecclesiae
2877 3383 3173 3458 destructa:
3211 3401 3324 3442 non
3371 3389 3616 3458 majores
3661 3404 3751 3445 re-

2165 3450 2536 3528 cedi/icentur,
2567 3469 2736 3525 quam
2777 3469 2848 3511 ea:
2888 3456 3052 3528 rebus
3097 3457 3178 3514 ad
3222 3472 3314 3514 eas
3342 3450 3752 3528 pertinentibus

2108 3528 2111 3530 ’
2166 3523 2496 3663 ἓτᾶῗαένανί
2547 3523 2792 3596 possunt.
2869 3527 2951 3582 Ex
3014 3527 3246 3584 decretis
3303 3523 3517 3599 H'iginii
3567 3549 3748 3602 papas,

2169 3678 2242 3736 Ut
2269 3679 2524 3738 ecclesiae
2563 3683 2874 3742 destructa
2926 3685 3026 3741 ubi
3058 3689 3160 3743 aut
3205 3687 3406 3761 plures
3437 3706 3617 3762 quam
3649 3709 3749 3748 ne-

2097 3787 2260 3830 cesse
2288 3772 2388 3840 sit,
2421 3777 2522 3832 aut
2551 3775 2794 3848 majoris
2825 3776 3254 3850 magnitudinis
3283 3795 3460 3852 quam
3493 3785 3559 3837 ut
3579 3797 3650 3838 ex
3669 3799 3754 3838 re-

2097 3861 2209 3916 bus
2238 3862 2310 3916 ad
2341 3878 2439 3918 eas
2471 3863 2902 3934 pertinentibus
2946 3867 3266 3924 restaurari
3297 3870 3554 3940 possint,
3598 3871 3753 3942 epis-

2097 3950 2223 4022 c0pi
2257 3951 2619 4022 providentia
2650 3955 2861 4012 modus
2889 3955 3245 4023 inveniatur,
3269 3956 3525 4031 qualiter
3554 3961 3752 4016 censi-

2097 4042 2251 4097 stere
2282 4041 2530 4110 possint.

2096 4150 2227 4222 Clu}.
2257 4147 2348 4202 27.
2382 4178 2450 4222 έ
2479 4149 2758 4217 Quomodo
2805 4152 3221 4209 terminandum
3247 4156 3343 4222 sit,
3395 4157 3452 4212 si
3477 4157 3752 4213 contentio

2166 4217 2232 4274 de
2259 4221 2659 4278 terminatione
2687 4222 2928 4279 duarum
2946 4227 3246 4281 matricum
3269 4217 3632 4284 ecclesiarum
3659 4245 3752 4286 or-

2167 4295 2224 4346 la
2251 4293 2450 4362 fuerit.
2490 4295 2575 4348 Ea:
2611 4295 2847 4352 concilio
2892 4296 3046 4368 apud
3071 4298 3505 4369 Aquisgranum,
3535 4317 3664 4368 cap.
3694 4302 3753 4357 5.

2164 4377 2367 4438 Plures
2389 4379 2765 4452 baptismales
2778 4383 3034 4441 ecclesiae
3048 4403 3166 4443 una
3180 4387 3596 4446 terminatione
3621 4405 3753 4446 esse

333 4480 466 4537 ομ).
490 4471 588 4533 23.
620 4507 688 4517 -
706 4476 902 4551 Διὶοῑεεξη
931 4475 1175 4551 ecclesiae
1204 4473 1278 4551 ad
1295 4473 1725 4551 {ordinationem
1754 4477 1808 4528 et
1832 4477 1984 4551 pole-
2015 4487 2062 4551 Β
2095 4482 2209 4522 non
2229 4473 2499 4539 possunt,
2517 4470 2615 4525 sed
2649 4487 2767 4529 una
2781 4475 3191 4533 tantummodo
3222 4492 3356 4534 cum
3380 4477 3634 4534 subditis
3655 4495 3754 4535 ca-

402 4551 597 4633 statem
625 4547 862 4672 episcopi
903 4547 1201 4617 pertinere.
1233 4545 1318 4600 sx
1355 4547 1585 4602 concilio
1622 4545 1982 4601 Wormatien-

403 4637 475 4672 SI.
506 4636 625 4672 can.
699 4659 713 4672 .

403 4637 475 4686 si,
506 4636 625 4691 cap.
655 4636 713 4672 ο.

402 4706 569 4765 Multi
615 4709 818 4763 contra
867 4720 1157 4760 canonum
1206 4703 1527 4760 constituta
1573 4703 1658 4758 sic
1705 4702 1985 4760 ecclesias

333 4815 478 4872 quas
507 4797 941 4855 mdiﬂcaverunt
971 4793 1276 4868 postulant
1307 4792 1656 4860 consecrari,
1690 4796 1755 4848 ut
1785 4794 1981 4849 dotem

331 4904 512 4960 quam
547 4885 800 4944 ecclesiae
850 4882 1224 4953 contulerint,
1275 4885 1554 4940 censeant
1601 4881 1674 4939 ad
1722 4881 1980 4954 episcopi

330 4977 761 5036 ordinationem
793 4991 910 5032 non
941 4973 1252 5046 pertinere.
1278 4974 1440 5041 Quod
1474 4973 1715 5040 factum,
1742 4977 1800 5030 et
1830 4990 1980 5045 pras-

325 5067 568 5126 teritum
598 5064 890 5138 displicet,
920 5067 979 5120 et
1009 5063 1068 5119 in
1100 5063 1295 5118 futuro
1329 5061 1673 5136 prohibetur
1695 5079 1709 5119 :
1735 5061 1836 5117 sed
1861 5078 1980 5118 om-

322 5156 422 5212 nia
451 5154 778 5213 secundum
811 5150 1299 5211 consuetudinem
1331 5150 1633 5224 antiquam
1658 5149 1727 5206 ad
1752 5148 1975 5223 episco-

317 5246 377 5318 pi
402 5243 830 5302 ordinationem
862 5245 920 5296 et
952 5243 1297 5313 potestatem
1338 5239 1692 5312 pertineant.

316 5351 444 5408 ΟΑΡ.
475 5351 566 5408 24.
596 5379 668 5394 --
698 5346 850 5418 Quod
875 5347 1246 5418 solemnitates
1278 5343 1692 5418 dedicationum
1723 5344 1977 5418 ecclesia-

384 5440 510 5480 rum
547 5415 790 5494 singulis
839 5419 1010 5494 annis
1037 5421 1152 5474 octo
1189 5417 1405 5494 _diebus_
1441 5419 1571 5494 sunt
1600 5415 1970 5472 celebrandae.

383 5494 468 5550 Ex
495 5486 729 5552 decrétis
757 5490 965 5551 Felicis
991 5504 1153 5562 papa
1180 5489 1283 5563 (1v,
1315 5489 1474 5562 epist.
1508 5486 1588 5558 1).

385 5583 498 5651 (De
522 5597 695 5649 cons.,
725 5583 861 5639 dist.
896 5580 944 5649 1,
977 5594 1023 5635 c.
1075 5576 1506 5649 Solemnilates).
1559 5573 1972 5634 Solemnitates

2096 4554 2287 4626 pellis,
2303 4561 2359 4613 et
2389 4557 2436 4614 si
2459 4560 2754 4616 contentio
2773 4561 2952 4618 fuerit
2971 4563 3044 4620 de
3065 4565 3477 4624 terminatione
3499 4568 3754 4625 duarum

2096 4645 2432 4717 matricum,
2461 4644 2630 4718 plebs
2657 4653 3048 4723 utrarumque
3078 4653 3466 4713 discernatur.

2091 4753 2222 4836 CAR.
2254 4753 2344 4836 28..
2376 4781 2445 4792 --
2475 4752 2627 4836 Quod
2652 4757 2801 4812 nulli
2826 4772 3018 4836 regum
3045 4759 3138 4815 vel
3164 4762 3430 4836 cuiquam
3459 4762 3756 4836 hominum

2163 4823 2336 4905 liccat
2359 4826 2648 4905 prop-rium
2669 4823 3070 4905 monasterium
3098 4823 3357 4905 cuiquam
3388 4835 3505 4889 nisi
3532 4835 3641 4889 alii
3667 4850 3757 4892 ec-

2161 4894 2348 4974 clesifn
2377 4894 2595 4954 tradere
2624 4913 2644 4952 :
2671 4899 2755 4955 vel
2805 4914 2931 4974 cum
2957 4898 3175 4974 aliquo,
3198 4894 3338 4960 ‘nisi
3364 4921 3493 4961 cum
3521 4905 3640 4962 alia
3667 4921 3753 4962 ec-

2160 4965 2334 5044 clesia
2359 4977 2716 5044 commutare,
2736 4971 2825 5044 uel
2851 4987 2952 5044 pro
2974 4965 3171 5044 aliqua"
3192 4976 3468 5034 commodo
3499 4977 3750 5034 vendere.

2159 5039 2244 5092 Ea:
2269 5037 2504 5095 decretis
2533 5037 2769 5098 Silverii
2787 5037 2971 5115 papae,
3003 5037 3121 5118 cap.
3157 5045 3210 5101 1.

2159 5125 2390 5182 Nemini
2420 5143 2625 5200 regum
2657 5133 2759 5186 aut
2779 5131 3059 5204 cuiquam
3091 5133 3403 5192 hominum
3435 5135 3744 5210 proprium

2085 5215 2255 5272 liceat
2290 5217 2712 5273 monasterium
2735 5220 2985 5291 tradere,
3019 5221 3138 5278 nisi
3161 5224 3232 5279 ad
3256 5223 3417 5280 aliud
3447 5229 3747 5283 monaste-

2086 5306 2235 5360 rium
2262 5319 2276 5359 :
2299 5303 2386 5359 vel
2417 5310 2781 5364 commutare
2806 5309 2925 5368 nisi
2954 5327 3089 5367 cum
3117 5310 3230 5368 alio
3254 5315 3630 5387 monasterio,
3659 5313 3749 5372 vel

2085 5407 2437 5465 quocunque
2470 5397 2780 5453 commodo
2805 5401 3072 5457 vendere.
3103 5400 3223 5459 Hoc
3253 5403 3431 5460 etiam
3465 5403 3665 5460 divina
3693 5408 3752 5460 et

2084 5479 2404 5556 apostolica
2435 5485 2609 5553 atque
2659 5487 2940 5545 canonica
2989 5489 3100 5548 sub
3133 5491 3530 5549 anathematis
3572 5509 3748 5566 poena

2083 5570 2275 5628 sanxit
2305 5570 2645 5630 auctoritas.
2683 5575 2848 5642 Quod
2880 5577 2931 5635 si
2973 5579 3194 5636 factum
3227 5581 3403 5638 fuerit
3433 5597 3550 5639 non
3579 5581 3743 5638 vale-
