3982 6060
226 257 345 312 205

1193 260 1503 313 DECRETI
1542 259 1727 312 PARS
1761 259 1862 309 III.
1892 279 1961 292 --
2002 256 2099 308 DE
2139 256 2502 320 ECCLESIA,
2544 257 2703 309 ETC.

3544 267 3652 321 206

220 378 334 447 bit,
360 379 464 434 sed
492 377 692 449 ipsum
719 377 1137 435 monasterium
1158 378 1215 434 in
1247 379 1567 451 pristinum
1601 378 1877 433 reforme-
1907 376 1961 443 Α
1991 374 2113 431 ulla
2146 393 2306 430 mora
2342 382 2679 433 consecrate
2707 394 2717 431 :
2762 377 2901 449 quia
2931 386 2983 433 cl
3015 396 3119 435 nos
3151 384 3385 451 quando
3418 386 3644 446 fuimus

219 472 325 523 tur
361 471 612 524 statum.

220 559 367 614 CAP.
395 557 486 610 29.
524 555 781 628 --,Quod
809 572 919 613 non
956 555 1124 613 liceat
1153 559 1401 628 episcopo
1432 558 1520 611 vel
1551 556 1748 611 abbati
1768 570 1889 611 rem

294 631 467 683 unius
494 626 753 685 ecclesiae
811 629 987 683 alteri
1048 626 1292 694 tradere,
1328 626 1592 700 quamvis
1623 628 1794 682 amba
1822 630 1878 681 in

295 705 566 772 potestate
598 700 714 771 ejus
747 707 893 755 sunt.
925 704 1015 756 Ex
1042 716 1196 757 conc.
1230 701 1605 772 Lugdunensi,
1630 715 1761 766 cap.
1796 701 1849 752 5.

298 788 430 843 Non
463 786 638 844 liceat
688 786 962 861 episcopo
1014 788 1099 844 vel
1151 789 1348 844 abbati
1380 793 1596 844 terram
1630 785 1887 843 ecclesiae

225 881 456 932 vertere
478 877 546 931 ad
573 875 1047 949 aliam,quamvis
1079 878 1263 932 amba:
1296 877 1417 933 sint
1448 876 1505 931 in
1534 878 1661 948 ejus
1694 880 1885 948 potes-

226 969 381 1023 tate.
406 965 629 1020 Tamen
648 964 697 1020 si
730 970 1091 1021 commutare
1107 965 1407 1022 voluerint
1434 970 1619 1021 terras
1658 981 1886 1036 earum.

224 1070 374 1111 cum
407 1070 703 1109 consensu
735 1053 1047 1110 ambarum
1083 1053 1206 1109 ﬁat.

226 1143 371 1200 CAP.
405 1143 493 1197 30.
525 1174 590 1183 —
623 1141 771 1210 Quod
799 1143 1009 1198 altaria
1039 1159 1149 1198 non
1186 1144 1301 1197 sint
1331 1142 1642 1198 chrismate
1670 1159 1882 1210 ungen-

300 1214 396 1283 da,
428 1214 545 1268 nisi
577 1213 817 1286 lapidea,
859 1218 915 1286 et
944 1215 1085 1284 quod
1126 1215 1379 1270 ordinem
1432 1214 1885 1286 metropolitano-

299 1302 433 1340 rum
462 1285 949 1356 comlirovinciales
979 1286 1263 1341 observare
1290 1286 1498 1341 debent.
1536 1286 1620 1339 Ea:
1657 1285 1886 1341 concilio

299 1358 665 1428 Hipponensi,
688 1372 811 1428 cap.
851 1357 935 1411 10.

300 1447 401 1517 (De
422 1462 603 1513 cons.,
636 1444 762 1500 dist.
790 1445 842 1513 4,
874 1462 921 1501 c.
946 1444 1201 1515 Allaria,
1240 1449 1290 1502 et
1326 1445 1551 1516 primo).
1587 1444 1809 1500 Altaria
1836 1445 1886 1500 si

221 1550 348 1590 non
379 1534 501 1590 sint
538 1534 793 1605 lapidea,
841 1532 1180 1589 chrismatis
1229 1534 1490 1604 unguine
1532 1551 1646 1589 nou
1678 1549 1882 1589 conse~

225 1628 492 1680 crentur.
529 1624 615 1679 Ad
646 1622 997 1679 celebranda
1026 1628 1223 1679 autem
1255 1622 1453 1678 divina
1483 1622 1696 1689 officia,
1731 1621 1886 1676 ordi-

222 1728 366 1767 nem
400 1727 577 1782 quem
611 1710 1050 1783 metrOpolitani
1100 1715 1324 1782 tenent,
1352 1709 1741 1783 provinciales
1782 1725 1881 1765 eo-
1912 1751 1959 1815 Β

224 1817 368 1856 rum
400 1801 714 1855 observare
743 1799 1060 1855 debebunt.

227 1891 371 1945 CAP.
403 1890 492 1944 31.
524 1919 593 1929 —
625 1888 779 1956 Quod
801 1904 914 1943 non
962 1888 1116 1943 debet
1158 1889 1558 1943 monasterium
1583 1889 1650 1943 de
1680 1888 1797 1942 loco
1822 1888 1882 1941 in

306 1963 489 2016 locum
515 1961 818 2030 transferri
848 1962 969 2015 sine
1001 1960 1231 2015 consilio
1261 1963 1502 2031 episcopi
1532 1961 1613 2015 vel
1641 1962 1885 2030 fratrum

307 2034 394 2088 Ex
417 2033 651 2088 decretis
672 2032 953 2101 Boni/acii
976 2046 1138 2103 papm
1165 2048 1284 2102 cap.
1316 2033 1372 2087 5.

304 2122 366 2175 Si
399 2120 531 2193 quis
557 2119 682 2175 vult
703 2120 1129 2176 monasterium
1154 2136 1330 2175 suum
1360 2119 1431 2174 ad
1455 2118 1883 2175 meliorandum

231 2210 297 2264 in
332 2209 516 2265 alium
547 2209 743 2265 locum
789 2226 1022 2281 ponere,
1058 2210 1160 2264 ﬁat
1189 2226 1322 2264 cum
1354 2206 1884 2279 consiliogepisc0pi

230 2303 293 2353 et
346 2298 597 2353 fratrum
646 2314 888 2353 suorum
924 2314 937 2351 ε
970 2300 1027 2353 et
1072 2296 1334 2352 dimittat
1381 2296 1792 2367 presbyterum
1823 2294 1882 2349 in

227 2387 415 2457 priori
447 2384 573 2442 loco
605 2386 677 2441 ad
710 2384 1041 2441 ministeria
1070 2384 1349 2441 ecclesia.

227 2475 369 2530 CAP.
402 2476 491 2530 32.
526 2505 593 2515 -—
624 2475 775 2542 Quod
799 2490 985 2529 omnes
1039 2474 1273 2529 basilicae
1310 2489 1435 2529 cum
1481 2475 1645 2528 missa
1694 2471 1885 2527 debent

303 2547 636 2602 consecrari.
669 2547 753 2599 Ea:
781 2545 1019 2601 decretis
1053 2545 1292 2599 Evaristi
1318 2561 1473 2616 papae
1498 2560 1617 2615 cap.
1652 2545 1703 2596 4.

303 2635 400 2705 (De
427 2649 597 2702 cons.,
630 2633 755 2688 dist.
789 2635 839 2705 1,
872 2650 918 2688 c.
965 2633 1157 2688 Omnes
1204 2631 1496 2703 basilicae.)
1529 2633 1745 2686 Omnes
1779 2631 1882 2686 ba-

226 2722 413 2778 silica:
442 2740 576 2778 cum
609 2724 793 2778 missa
823 2723 1038 2778 debent
1068 2738 1299 2794 semper
1327 2722 1680 2777 consecrari.

227 2834 368 2885 CAP.
402 2830 491 2885 33.
524 2861 595 2870 —
631 2832 693 2888 Ut
740 2830 960 2885 nullum
1004 2832 1285 2901 episcopus
1326 2845 1422 2885 nec
1468 2826 1756 2901 gentilem,
1788 2842 1885 2901 nec

303 2903 776 2973 hzreticum,inec
802 2898 1057 2973 Judwum
1104 2898 1391 2970 prohibeat
1441 2898 1664 2971 ingredi
1699 2898 1883 2973 eccle-

302 2974 448 3028 siam
477 2969 693 3043 quando
722 2972 949 3027 verbum
1002 2969 1113 3027 Dei’
1142 2969 1520 3027 annuntiatur
1542 2969 1763 3043 p0pul_o.
1799 2970 1883 3043 Ea:

302 3040 539 3100 concilio
568 3044 716 3171 ﬁnd
767 3044 1101 3110 Valentiam,
1150 3060 1271 3115 cap.
1324 3044 1410 3097 16.
1462 3040 1652 3114 (Cone.
1690 3040 1879 3095 Carth.

304 3131 384 3171 ιν.
416 3131 535 3171 cap.
646 3156 660 3170 .

304 3131 384 3187 ιν,
416 3131 535 3187 cap.
574 3131 660 3171 14.

305 3206 406 3275 (De
432 3220 606 3269 con.s,
636 3203 769 3260 dist.
806 3203 872 3273 (‘1)
907 3218 955 3258 c.
998 3204 1333 3274 Episcopus).
1368 3202 1441 3258 Ut
1464 3201 1693 3257 nullum
1724 3199 1883 3270 epis-

233 3310 421 3364 copus
442 3292 753 3364 prohibeat
770 3292 1000 3364 ingredi
1015 3291 1404 3361 ecclesiamet
1420 3291 1623 3346 audire
1638 3290 1882 3346 verbum

230 3382 363 3452 Dei,
395 3381 518 3438 sive
543 3380 845 3454 gentilem,
877 3380 997 3436 sive
1037 3380 1400 3448 hasreticum,
1451 3379 1572 3435 sive
1610 3379 1881 3433 Judmum

229 3486 426 3541 usque
456 3470 528 3526 ad
550 3470 794 3525 missam
824 3468 1413 3525 catechumenorum.

231 3559 372 3614 CAP.
405 3558 493 3612 34.
524 3588 591 3599 ο·-
624 3556 773 3625 Quod
796 3557 1033 3628 populus
1061 3559 1159 3628 qui
1207 3558 1276 3612 ad
1319 3555 1705 3628 celebrandam
1752 3556 1886 3609 mis-

302 3646 427 3685 sam
454 3630 768 3684 convenerit
783 3627 894 3683 non
913 3630 1032 3684 nisi
1058 3627 1123 3685 ea
1153 3628 1317 3698 ﬁnita
1337 3635 1391 3683 et
1412 3627 1785 3682 benedictione
1805 3642 1886 3681 ac-

300 3704 458 3773 cepta
485 3698 755 3757 discedere
779 3698 952 3756 debet.
983 3702 1075 3756 Ea:
1097 3716 1242 3755 conc.
1267 3700 1596 3768 Arelatensi,
1628 3713 1748 3768 cap.
1786 3700 1833 3752 1.

310 3794 457 3844 Item
491 3806 623 3845 cum
657 3790 729 3844 ad
751 3788 1162 3845 celebrandam
1187 3788 1431 3845 missam
1454 3789 1508 3843 in
1529 3785 1629 3842 Dei
1655 3786 1890 3841 nomine

234 3877 507 3934 convenit
536 3877 813 3951 populus,
846 3894 962 3934 non
998 3881 1131 3934 ante
1190 3878 1453 3934 discebat
1506 3894 1682 3949 quam
1747 3875 1887 3930 mis-

236 3984 319 4024 sae
348 3967 696 4023 solemnitas
728 3966 1108 4039 compleatur,
1141 3970 1199 4023 et
1229 3967 1328 4022 ubi
1356 3966 1666 4039 episcopus
1696 3965 1890 4020 defue-

238 4056 335 4122 rit,
359 4055 829 4113 benedictionem
861 4055 1108 4129 accipiat
1137 4056 1481 4112 sacerdotis.

238 4146 377 4201 CAP.
410 4146 498 4199 35.
532 4175 601 4186 —-
661 4144 810 4213 Quod
868 4147 1015 4201 tecta
1060 4145 1320 4201 Ecclesiae
1355 4150 1673 4199 restaurare
1698 4143 1896 4198 debent

308 4218 405 4288 qui
434 4216 866 4271 ecclesiasticum
894 4215 1094 4272 habent
1126 4216 1467 4286 beneﬁcium.
1524 4216 1610 4269 Ex
1665 4214 1893 4269 concilio

311 4288 707 4356 Magoniiensi,
731 4303 855 4359 cap.
888 4289 976 4344 42.

310 4376 656 4448 Quicunque
705 4376 1057 4432 beneficium
1125 4374 1587 4431 ecclesiasticum
1654 4373 1890 4439 habent,

239 4466 315 4522 ad
365 4471 517 4522 tecta
564 4465 821 4521 ecclesias
854 4465 1260 4535 restauranda,

239 4556 521 4611 emendas
551 4553 747 4610 omino
780 4554 1075 4624 adjuvant,
1106 4557 1166 4609 et
1196 4553 1489 4608 numisma
1516 4554 1779 4623 [nonam]
1810 4554 1885 4620 et,

239 4643 539 4700 decimam
570 4643 839 4699 reddant.

240 4734 378 4788 CAP.
413 4734 504 4787 36.
534 4763 606 4773 —
636 4731 922 4803 Quomodo
978 4729 1453 4803 administranda;
1488 4731 1601 4803 sint
1650 4729 1894 4803 ecclesiae

316 4806 463 4858 inter
488 4800 755 4859 barbaros
781 4802 1118 4860 constitutae.
1137 4804 1220 4858 Ea:
1250 4800 1486 4857 consilio
1513 4802 1891 4855 Constantino-

312 4874 563 4946 politano
594 4891 635 4942 1,
665 4890 789 4946 cap.
819 4875 874 4929 4.

315 4962 608 5020 Ecclesias
637 4966 835 5019 autem
867 4962 971 5019 Dei
1002 4962 1062 5017 in
1082 4961 1351 5018 barbaris
1374 4959 1646 5033 gentibus
1673 4958 1893 5015 consti-

242 5055 427 5117 tutas,
450 5051 766 5125 gubernari
795 5055 855 5107 et
881 5051 1284 5108 administrari
1311 5052 1538 5122 oportet
1567 5049 1893 5104 secundum

242 5141 735 5198 consuetudinem
769 5156 895 5211 quae
919 5144 1009 5195 est
1037 5157 1070 5195 a
1098 5140 1367 5212 patribus
1396 5140 1723 5194 observata.

243 5248 379 5304 CAP.
413 5248 506 5302 37.
539 5278 607 5289 -—
636 5248 712 5303 De
738 5246 981 5303 ecclesiis
1011 5247 1349 5303 Arianorum
1376 5245 1514 5318 quod
1539 5261 1574 5300 a
1597 5243 1896 5318 Catholici;

311 5319 581 5375 catholico
627 5318 1019 5375 consecranda;
1065 5326 1211 5374 sunt.
1273 5320 1355 5373 Ex
1382 5315 1637 5372 ’decretis
1666 5315 1898 5371 Joannis

308 5405 478 5463 papae
504 5393 533 5446 1
559 5392 830 5461 episcopis
858 5390 1047 5447 Italiae
1073 5391 1277 5445 missis.

309 5478 605 5537 Ecclesiae
632 5495 767 5535 vero
790 5478 1511 5549 Arianorum,ubicunque
1532 5474 1896 5543 inveneritis,

239 5568 566 5627 catholicas
596 5584 697 5625 eas
726 5567 946 5625 divinis
977 5567 1253 5639 precibus
1275 5570 1335 5623 et
1364 5566 1643 5638 operibus
1672 5564 1897 5634 absque

1998 466 2497 536 Contantinopoli,
2536 470 2647 520 tam
2682 482 2783 537 pro
2818 467 3101 538 religione
3133 471 3435 545 catholica,
3474 492 3650 547 quam

1999 559 2055 608 et
2085 572 2184 625 pro
2205 555 2357 626 regis
2379 554 2717 610 Theoderici
2742 572 2920 611 causa
2936 558 3151 627 negotii
3167 562 3450 617 suadente
3475 569 3647 635 atque

2001 642 2262 697 hortante
2340 643 2703 712 Arianosque
2753 644 3081 715 extirpante
3137 648 3407 719 piissimo
3472 657 3645 724 atque

1997 730 2503 787 Christianissimo
2558 732 2794 788 Justino
2864 734 3185 791 orthodoxo
3244 738 3643 811 imperatore,

1998 837 2385 893 quascunque
2408 821 2525 877 illis
2549 822 2607 877 in
2640 824 2908 894 partibus
2941 840 3142 880 eorum
3174 828 3448 885 ecclesias
3481 848 3643 903 repe-

1997 908 2109 964 rire
2123 909 2446 981 potuimus,
2463 909 2778 966 catholicas
2802 929 2919 983 eas,
2942 913 3187 970 Domino
3211 934 3379 988 opem
3403 919 3645 992 ferente,

1997 1013 2098 1052 COD
2110 1012 2493 1053 secraVImus.

1994 1102 2127 1157 CAP.
2159 1103 2245 1156 38.
2275 1134 2340 1141 —
2371 1104 2516 1172 Quid
2546 1104 2819 1172 agendum
2848 1107 2924 1160 sit
2954 1108 3025 1161 de
3053 1108 3365 1164 diaecesana
3413 1115 3646 1169 ecclesia

2046 1176 2098 1228 si
2115 1176 2375 1229 destituta
2396 1176 2599 1247 fuerit.
2620 1177 2702 1230 Ea:
2721 1178 2956 1232 concilio
2980 1179 3587 1252 Tarraconensi,cap.8.

2066 1270 2382 1326 Multorum
2414 1289 2554 1328 casu
2612 1276 2947 1344 experentia
2996 1278 3384 1347 magistrante
3428 1283 3642 1352 reperi-

1996 1376 2150 1427 mus,
2179 1360 2496 1415 nonnullas
2512 1361 2873 1417 dimcesanas
2890 1364 3165 1419 ecclesias
3189 1366 3641 1441 destitutas.(10,

1994 1464 2045 1517 q.
2079 1464 2125 1501 c.
2165 1448 2555 1514 Decrem'mus.)
2584 1448 2691 1503 Pro
2716 1464 2895 1520 quare
2916 1449 2971 1503 id
3000 1454 3417 1509 constitutione
3439 1456 3639 1511 decre-

1992 1537 2209 1607 vimus,
2245 1543 2309 1592 ut
2334 1540 2592 1609 antiquae
2621 1540 3065 1595 consuetudinis
3090 1544 3230 1597 ordo
3274 1550 3553 1613 servetur,
3587 1553 3644 1602 et

1993 1625 2165 1681 annis
2198 1625 2446 1697 singulis
2479 1628 2550 1681 ab
2580 1628 2853 1698 episcopo
2888 1628 3169 1685 dioeceses
3200 1632 3512 1688 visitentur
3545 1641 3642 1691 :et

1993 1714 2041 1769 si
2074 1731 2186 1786 qua
2214 1715 2358 1769 forte
2390 1714 2635 1771 basilica
2667 1721 2895 1787 reperta
2928 1718 3103 1774 fuerit
3132 1720 3435 1790 destituta,
3483 1725 3640 1778 ordi-

1992 1802 2436 1875 nationeipsius
2470 1810 2789 1875 reparatur,
2824 1807 2963 1876 quia
2994 1808 3166 1864 tertia
3198 1827 3331 1880 pars
3362 1827 3429 1866 ex
3458 1812 3640 1867 omni-

1992 1891 2103 1947 bus
2135 1908 2236 1963 per
2267 1892 2566 1963 antiquam
2625 1894 3023 1964 traditionem,
3062 1901 3131 1951 ut
3188 1898 3511 1969 accipiatur
3567 1901 3639 1956 ab

1993 1979 2283 2057 episcopis
2306 1997 2374 2035 ex
2405 1981 2775 2053 principibus
2808 1983 3078 2040 novimus
3110 1990 3421 2043 statutum.

1993 2088 2125 2143 CAP.
2158 2089 2246 2142 39.
2273 2119 2343 2129 —
2374 2090 2445 2143 De
2474 2090 2840 2144 trtuzslatzonc
2872 2091 3270 2148 Minturnensis
3285 2095 3530 2150 ecclesia
3558 2097 3635 2150 ad

2064 2161 2418 2235 Formianum
2446 2162 2748 2215 ecclesiam.
2784 2163 2864 2215 Ea:
2893 2166 3121 2232 registro
3153 2165 3400 2235 Gregorii
3427 2166 3496 2220 ad
3526 2170 3631 2221 Ba-

2061 2231 2295 2285 candam
2327 2233 2649 2302 episcopum
2677 2231 3066 2290 Formiensem.

2064 2327 2133 2381 Et
2151 2327 2487 2399 temporalis
2502 2345 2606 2383 nos
2622 2335 2895 2400 perurget
2919 2332 3258 2401 necessitas,
3279 2340 3336 2388 et
3365 2334 3644 2391 imminu-

1994 2414 2073 2470 tio
2097 2416 2275 2486 exigit
2300 2422 2778 2487 personarum,ut
2809 2419 3385 2478 destitutisecclesiis
3413 2422 3642 2479 salubri

1995 2520 2060 2558 ac
2083 2503 2320 2573 provida
2336 2503 2651 2559 debeamus
2666 2506 3053 2576 dispositione
3071 2512 3643 2566 succurrere.Etideo

1994 2592 2273 2662 quoniam
2288 2590 3067 2648 ecclesiamMinturnensem
3086 2595 3350 2650 funditus
3368 2602 3486 2652 tam
3503 2599 3642 2653 cleri

1995 2696 2171 2750 quam
2205 2679 2391 2749 plebis
2436 2680 2779 2734 destitutam
2840 2681 3200 2738 desolatione
3240 2685 3640 2755 cognovimus,

1992 2773 2275 2839 tuamque
2302 2785 2404 2839 pro
2435 2785 2501 2822 ea
2525 2768 3518 2841 petitionem,quatenusFormianze
3549 2792 3640 2829 ec-

1994 2856 2205 2927 clesiae,
2240 2856 2299 2910 in
2320 2872 2431 2926 qua
2457 2873 2668 2928 corpus
2690 2858 3083 2913 beatiErasmi
3110 2860 3382 2932 martyris
3407 2863 3638 2933 requie-

1992 2946 2344 3017 scit,cuique
2367 2945 2703 3000 fraternitas
2729 2950 2829 3001 tua
2847 2947 3391 3022 pransidet,adjungi
3412 2951 3638 3020 debeat,

1992 3038 2048 3090 et
2069 3034 2229 3105 pium
2255 3050 2382 3089 esse
2404 3050 2471 3089 ac
2504 3033 2909 3104 justissimum
2940 3036 3346 3107 pravidentes,
3372 3054 3640 3094 necessa-

1913 3108 1956 3176 C
1994 3122 2147 3176 rium
2162 3121 2439 3176 duximus
2455 3121 2826 3177 consulentes
2841 3126 2959 3177 tam
2976 3123 3320 3180 desolationi
3335 3126 3441 3181 loci
3459 3126 3641 3195 illius,

1995 3228 2171 3282 quam
2196 3216 2308 3265 tuas
2327 3210 2583 3265 ecclesiae
2602 3212 3223 3281 paupertati,redditus
3248 3216 3637 3286 suppradictzn

1994 3298 2251 3355 ecclesiae
2271 3298 2719 3366 Minturnensis,
2739 3298 2824 3353 vel
2853 3300 3137 3371 quidquid
3159 3301 3210 3355 ei
3232 3303 3493 3373 antiquo,
3521 3322 3643 3359 mo-

1992 3387 2436 3458 dernoquejure
2461 3386 2546 3442 vel
2573 3386 2873 3459 privilegio
2901 3388 3089 3459 potuit
3120 3391 3462 3462 potestative
3494 3409 3645 3463 qua-

1994 3476 2136 3532 libet
2158 3476 2379 3531 ratione
2411 3481 2760 3547 competere,
2788 3478 2857 3531 ad
2882 3482 2993 3532 tua:
3015 3478 3270 3533 ecclesia)
3296 3485 3643 3550 potestatem

1996 3566 2105 3620 hac
2136 3566 2409 3636 praecepti
2441 3564 2626 3620 nostri
2679 3566 3027 3621 auctoritate
3077 3568 3479 3638 concedimus,
3520 3574 3583 3624 ut
3614 3589 3647 3626 a

1997 3653 2269 3726 praesenti
2289 3652 2751 3724 tempore,sicuti
2779 3670 2847 3708 ex
2878 3656 3114 3727 propria
3132 3657 3346 3729 quippe
3378 3658 3644 3731 ecclesia,

1995 3743 2209 3798 debeas
2240 3742 2515 3814 cogitare,
2541 3741 2711 3815 eique
2759 3744 3149 3814 competentia
3170 3748 3274 3800 tua
3307 3745 3644 3819 disponere,

1999 3835 2288 3903 quatenus
2320 3830 2596 3903 deinceps
2630 3832 2786 3902 quod
2818 3833 3007 3903 perire
3035 3850 3188 3890 nunc
3212 3852 3401 3907 usque
3432 3838 3643 3909 potuit,

2000 3936 2325 3992 pauperum
2351 3920 2606 3976 ecclesiae
2640 3920 2996 3977 utilitatibus
3028 3922 3286 3995 clerique
3318 3926 3604 3996 proﬁciat.

1998 4030 2131 4084 CAP.
2168 4028 2251 4081 40.
2288 4057 2355 4099 -έ
2385 4027 2639 4081 Picturas
2664 4028 2721 4081 in
2767 4028 2990 4084 ecclesia
3021 4045 3131 4084 non
3159 4045 3273 4084 esse
3299 4030 3637 4099 adorandus,

2070 4102 2161 4153 sed
2192 4098 2332 4168 quod
2361 4098 2707 4153 adorandum
2732 4108 2832 4165 est,
2858 4101 3131 4153 mentibus
3158 4101 3404 4166 ﬁdelium
3424 4117 3529 4170 per
3555 4118 3645 4157 eas

2070 4170 2140 4223 ad
2170 4171 2490 4295 mégioriam
2521 4170 2996 4225 revocandum.Ex
3022 4171 3251 4225 concilio
3280 4172 3641 4240 Eliberitano,

2071 4257 2189 4295 cap.
2300 4281 2311 4294 .

2071 4257 2189 4311 cap.
2220 4257 2311 4295 so.

2073 4329 2170 4400 (De
2193 4344 2367 4395 cons.,
2400 4329 2531 4383 dist.
2564 4328 2616 4394 4,
2651 4344 2697 4381 c.
2731 4328 2993 4399 Placuit.)
3034 4328 3261 4385 Placuit
3287 4328 3549 4403 picturas
3586 4333 3643 4387 in

2002 4417 2263 4473 ecclesiis
2314 4416 2437 4472 fieri
2471 4432 2587 4471 non
2620 4416 2851 4485 debere,
2884 4433 2955 4472 ne
2989 4418 3141 4489 quod
3176 4417 3389 4475 colitur
3419 4425 3476 4476 et
3502 4422 3645 4476 ado-

1300 4462 1389 4519 vel
1422 4463 1437 4517 i
1484 4480 1580 4518 sas
1616 4462 1892 4518 ecclesias
2003 4462 2263 4517 "'"W."
2472 4462 2587 4514 '7'"
2622 4462 2851 4516 ""2"
2886 4462 2955 4472 "'
2990 4462 3035 4489 Ὶ

1300 4481 1483 4577 *εΗ*Ῑῖ
1517 4554 1779 4577 ,η’-Μ,
1813 4554 1864 4577 ﬁ,
1922 4482 1969 4547 D
2003 4510 2186 4573 ratur,
2222 4522 2281 4561 in
2304 4505 2627 4575 parietibus
2661 4506 3035 4577 depingatur.

2001 4612 2132 4667 CAP.
2166 4612 2253 4665 41.
2288 4640 2356 4650 —-
2384 4611 2459 4665 De
2488 4610 2692 4687 eodem.
2721 4610 2803 4664 Ea:
2849 4613 3007 4687 epist.
3059 4612 3304 4687 Gregorii
3340 4630 3504 4687 papa:
3551 4615 3649 4671 Se-

2415 4681 2663 4737 cundino
2690 4697 2842 4737 servo
2863 4683 2962 4737 Dei
3002 4681 3233 4741 recluso.

2070 4770 2245 4827 Aliud
2270 4773 2360 4825 est
2381 4768 2670 4841 picturam
2704 4771 2969 4839 adorare,
2997 4771 3155 4827 aliud
3182 4789 3284 4844 per
3305 4774 3460 4845 pictu
3472 4792 3544 4829 rae
3567 4774 3657 4830 hi-

2003 4859 2243 4916 storiam
2265 4858 2405 4930 quid
2449 4857 2528 4913 sit
2551 4858 2919 4914 adorandum
2954 4860 3275 4916 addiscere.
3308 4862 3454 4918 Nam
3490 4864 3650 4935 quod

2004 4948 2337 5020 legentibus
2370 4946 2748 5019 scripturam,
2781 4947 2889 5002 hoc
2922 4947 3119 5003 idiotis
3150 4954 3310 5021 patet
3360 4951 3649 5023 picturam

2004 5036 2403 5105 cernentibus,
2434 5034 2573 5105 quia
2602 5035 2661 5089 in
2696 5034 2827 5105 ipsa
2866 5036 3208 5107 ignorantes
3256 5039 3455 5096 vident
3497 5041 3653 5112 quod

2005 5125 2172 5196 sequi
2204 5123 2545 5189 debeant,in
2584 5122 2714 5194 ipsa
2748 5124 2956 5196 legunt
2991 5125 3332 5197 quilitteras
3351 5128 3651 5184 nesciunt:

2006 5214 2160 5268 unde
2200 5216 2255 5267 et
2277 5211 2568 5283 praecipue
2589 5212 2866 5284 gentibus
2886 5230 2990 5285 pro
3018 5213 3266 5271 lectione
3286 5216 3515 5288 pictura
3547 5220 3653 5271 est.

2006 5302 2169 5369 Quod
2202 5315 2556 5373 magnopere
2587 5304 2646 5356 tu
2684 5300 2784 5372 qui
2814 5300 2971 5357 inter
2992 5308 3198 5375 gentes
3220 5305 3453 5359 habitas
3475 5308 3660 5359 atten-

1930 5426 1931 5429 η
2007 5392 2141 5446 dere
2162 5390 2468 5455 debueras,
2495 5405 2567 5445 ne
2591 5390 2733 5445 dum
2757 5394 2914 5446 recto
2938 5391 3060 5447 zelo
3088 5394 3319 5447 incaute
3343 5393 3659 5447 succende-

2006 5478 2109 5544 ris,
2140 5476 2433 5537 ferocibus
2464 5475 2679 5533 animis
2704 5477 3054 5534 scandalum
3087 5494 3421 5551 generares.
3451 5480 3667 5556 Frangi

2007 5582 2145 5639 ergo
2202 5583 2319 5623 non
2366 5565 2591 5637 debuit,
2650 5567 2808 5636 quod
2872 5582 2985 5622 non
3042 5567 3114 5622 ad
3178 5566 3549 5629 adorandum
3604 5572 3664 5629 in
