3970 6058
337 281 445 337 207

1418 274 1488 323 D.
1528 266 1769 321 IVONIS
1804 261 2298 316 CARNOTENSIS
2333 262 2658 315 EPISCOPI

3633 262 3745 316 208

339 402 624 471 ecclesiis,
699 401 801 457 sed
873 397 1219 454 intruendas
1295 388 1666 448 solummodo
1752 389 1980 441 mentes
2008 386 2063 453 Α
2092 385 2327 454 dantur,
2376 388 2433 438 et
2462 388 2626 439 tanta
2658 400 2759 455 per
2786 384 3053 439 eamdem
3089 383 3437 440 divisionem
3465 385 3746 443 simultas

338 491 707 551 nascentium
765 488 873 544 fuit
931 485 1301 543 collocatum.
1364 481 1431 534 Et
1489 477 1629 548 quia
1707 475 1768 529 in
1839 472 1981 529 locis

338 579 768 640 venerabilibus
799 579 1136 633 sanctorum
1165 568 1402 641 depingi
1422 565 1699 621 historias
1723 580 1837 618 non
1858 562 1983 618 sine

341 672 567 728 ratione
599 670 858 724 vetustas
881 661 1139 725 admisit,
1187 658 1233 713 si
1258 656 1444 713 zelum
1468 653 1818 709 discretione
1841 667 1983 707 con-

340 762 553 831 dissos,
587 758 713 814 sine
743 753 920 810 dubio
946 754 1006 805 et
1035 765 1102 805 ea
1132 763 1254 818 quae
1288 743 1638 799 intendebas
1670 739 1988 831 salubriter

343 828 625 916 obtinere,
652 849 712 901 et
738 841 1049 898 collectum
1076 851 1311 909 gregem
1346 850 1463 889 non
1496 832 1859 902 dispergere,
1882 828 1984 883 sed

342 937 539 1010 potius
569 937 800 1007 poteras
842 941 1211 1000 congregare,
1250 926 1315 977 ut
1366 919 1620 1010 pastoris
1668 917 1985 1010 intemera-

343 1005 470 1083 tum
501 1005 803 1081 excelleret
834 1031 1071 1083 nomen,
1123 1029 1238 1068 non
1272 1010 1446 1082 culpa
1490 1005 1841 1079 dispersoris
1894 1006 1985 1058 in-

346 1113 664 1170 cumberet.

346 1203 481 1258 CAP.
512 1199 601 1254 42.
625 1228 693 1238 —-
728 1197 790 1253 Ut
820 1211 932 1251 non
955 1209 1057 1265 pro
1088 1190 1289 1265 debito,
1311 1188 1593 1265 epi_sc0pus
1621 1184 1685 1265 de
1712 1198 1989 1265 cqusecra-

417 1254 570 1328 tione
589 1267 818 1339 aliquod
838 1254 1040 1321 munus
1068 1254 1350 1333 requirat."
1376 1261 1459 1313 Ere
1486 1254 1714 1313 consilio
1750 1254 1857 1309 Wo:
1875 1269 1987 1307 ma-

419 1344 605 1411 tiensi,
636 1356 758 1412 cap.
782 1339 840 1392 3.

418 1430 666 1498 Placuit,
690 1432 755 1482 ut
803 1424 1031 1497 quoties
1063 1422 1133 1477 ab
1165 1419 1361 1491 aliquo
1384 1416 1645 1472 ﬁdelium
1678 1415 1749 1469 ad
1783 1426 1987 1468 conse-

347 1520 595 1578 crandas
621 1514 895 1572 ecclesias
916 1511 1227 1583 episcopus
1249 1506 1555 1573 invitatur,
1582 1520 1695 1559 non
1727 1499 1897 1573 quasi
1920 1516 1989 1554 ex

347 1608 540 1665 debito
572 1621 790 1662 munus
821 1601 1051 1672 aliquod
1080 1615 1112 1653 a
1138 1597 1447 1652 fundatore
1473 1592 1734 1663 requirat
1764 1606 1779 1647 :
1813 1589 1914 1644 sed
1938 1588 1987 1642 si

348 1699 475 1771 ipse
490 1695 730 1768 quidem
754 1689 976 1761 aliquid
1018 1704 1087 1743 ex
1116 1702 1223 1741 suo
1253 1687 1387 1739 voto
1418 1680 1718 1771 obtulerit,
1750 1693 1985 1771 non-re-

2091 474 2332 543 oriatur,
2367 478 2433 528 ut
2463 474 2533 527 de
2566 490 2681 528 uno
2713 473 2885 528 altari
2937 477 3194 544 quatuor
3243 478 3440 544 partes
3488 475 3653 543 fiant,
3688 482 3747 531 et

2093 561 2342 633 singulae
2373 567 2564 632 partes
2591 560 2857 633 singulos
2878 560 3134 617 habeant
3157 562 3551 633 presbyteros.
3577 565 3743 628 Quod

2093 650 2217 705 sine
2238 650 2531 705 discordia
2552 655 2611 705 et
2631 648 2935 705 simultate
2968 649 3128 705 nullo
3163 651 3332 706 modo
3358 651 3481 706 lieri
3524 657 3742 724 potest.

2094 739 2256 795 Unde
2286 740 2456 794 nobis
2487 739 2673 793 visum
2703 743 2810 805 est,
2844 740 2997 810 quod
3038 739 3453 811 hujuscemodi
3481 740 3744 798 ecclesia:

2093 827 2245 882 inter
2275 828 2534 882 haeredes
2555 827 2734 881 dividi
2758 844 2872 882 non
2896 828 3163 894 debeant,
3191 832 3249 883 et
3272 829 3321 884 si
3346 829 3405 883 in
3429 830 3747 886 contentio-

2094 930 2228 969 nem
2262 915 2542 982 venerint,
2576 918 2633 970 et
2658 914 2989 971 simultates
3039 916 3191 972 inter
3226 932 3324 971 eos
3358 919 3743 987 surrexerint,

2093 1018 2197 1073 per
2224 1019 2372 1073 quas
2398 1006 2669 1059 sacerdos
2693 1021 2798 1060 suo
2821 1003 2899 1058 ibi
2923 1004 3114 1060 ofﬁcio
3138 1005 3415 1061 canonice
3436 1006 3596 1076 fungi
3625 1024 3742 1063 non

2097 1092 2307 1162 possit,
2346 1092 2716 1163 praecipiatur
2751 1093 2826 1148 ab
2857 1094 3129 1165 episcopo
3180 1094 3452 1161 civitatis,
3485 1104 3549 1151 ut
3575 1096 3736 1152 nullo

2098 1181 2270 1235 modo
2286 1181 2367 1235 ibi
2391 1180 2708 1236 missarum
2733 1182 3026 1237 solemnia
3047 1181 3624 1251 celebrentur,donec
3648 1184 3733 1239 illi

2097 1269 2169 1323 ad
2201 1268 2569 1323 concordiam
2603 1271 2863 1335 redeant,
2895 1274 2952 1325 et
2983 1270 3109 1341 pari
3141 1276 3272 1326 voto
3295 1276 3473 1342 atque
3490 1273 3740 1329 consilio

2096 1356 2341 1412 ecclesia
2362 1357 2461 1413 illa
2492 1359 2857 1414 sacerdotem
2879 1360 3160 1414 canonice
3189 1358 3401 1416 habeat
3432 1362 3533 1431 qui
3557 1361 3742 1418 libere

2097 1445 2177 1500 ibi
2218 1445 2609 1501 ministerium
2640 1463 2811 1501 suum
2836 1463 3113 1519 peragere
3145 1448 3353 1519 possit.

2096 1555 2229 1607 CAP.
2259 1552 2347 1607 47.
2383 1584 2449 1593 —
2480 1555 2692 1608 Bonum
2738 1569 2853 1608 esse
2881 1550 3247 1623 parochianas
3287 1556 3546 1611 ecclesias
3593 1574 3745 1614 more

2166 1630 2438 1699 {Romanae
2465 1625 2725 1699 Ecclesiae
2753 1624 3007 1699 ordinari
3029 1630 3079 1682 et
3107 1626 3398 1682 custodiri.
3416 1629 3500 1682 Ex
3519 1630 3659 1699 epist
3685 1631 3741 1685 2.

2166 1696 2418 1766 Dionysii
2445 1696 2516 1750 ad
2545 1696 2803 1751 Severum
2832 1698 3165 1768 episcopum.

351 1747 365 1753 -
413 1747 471 1754 --
539 1747 727 1751 mn---
852 1747 870 1761 ,
1704 1747 1708 1748 κ
2167 1747 2186 1749 -
2546 1747 2688 1751 ηρ.

351 1747 616 1860 “limatur-
642 1786 915 1837 Αῐῐαωθη
938 1774 1351 1847 “numinisque
1371 1770 1683 1860 θρίείξορυε
1714 1765 1990 1860 mefl‘lne‘
2018 1747 2067 1811 Β
2178 1785 2253 1839 De
2283 1783 2543 1839 ecclesiis
2573 1800 2709 1856 ergo
2741 1785 3138 1856 parochianis,
3171 1787 3326 1841 unde
3357 1787 3740 1859 apostolicam

354 1855 452 1942 rit,
476 1879 541 1930 ut
570 1889 686 1928 non
712 1869 876 1942 prius
897 1865 1125 1922 dedicet
1144 1858 1592 1929 ecclesiam,nisi
1615 1860 1786 1912 antea
1800 1855 1993 1910 dotem

352 1962 633 2028 basilica,
655 1964 714 2015 et
732 1954 1081 2028 obsequium
1102 1951 1291 2024 ipsius
1312 1966 1412 2020 per
1430 1945 1806 2004 donationem
1820 1943 1994 1999 char-

348 2051 487 2107 tulas
519 2048 931 2105 confirmatum
964 2039 1229 2112 accipiat.
1264 2037 1411 2095 Nam
1442 2052 1559 2091 non
1602 2033 1746 2089 levis
1794 2035 1992 2088 estte-

348 2139 587 2196 meritas
615 2136 752 2204 ista,
786 2134 834 2190 si
866 2132 992 2187 sine
1022 2126 1417 2185 luminaribus
1448 2124 1536 2179 vel
1557 2123 1682 2180 sine
1712 2121 1990 2177 substan-

346 2227 474 2284 tiali
522 2220 950 2282 sustentatione
1002 2233 1206 2275 eorum
1259 2213 1361 2286 qui
1417 2212 1636 2268 ibidem
1719 2207 1991 2266 servituri

344 2320 509 2383 sunt,
543 2311 714 2386 quasi
745 2312 957 2367 domus
988 2306 1215 2378 privata
1244 2305 1620 2359 consecretur
1649 2297 1915 2355 ecclesia.

341 2428 474 2482 CAP.
507 2423 598 2477 43.
630 2450 699 2461 —
731 2416 881 2485 Quod
904 2430 1015 2471 non
1059 2414 1186 2468 licet
1226 2407 1852 2485 consecrarihecclesiam

411 2476 682 2551 cadavera
700 2476 1603 2561 iriﬂdelium‘mortuorumjepulta
1616 2476 1992 2561 ίᾳενζηιηηίξί

410 2549 491 2621 eis
519 2564 707 2636 ejectis
740 2549 1125 2636 etparietibus
1164 2555 1329 2609 rasis.
1360 2554 1444 2606 Ex
1473 2550 1704 2607 concilio
1734 2549 1982 2619 Agrippi-

411 2632 595 2706 nensi,
626 2649 750 2705 cap.
784 2632 839 2687 3.

411 2724 727 2781 Ecclesium
776 2720 837 2773 in
887 2734 1006 2789 qua
1056 2718 1423 2771 mortuorum
1470 2710 1748 2765 cadavera
1778 2706 1988 2761 infide-

339 2815 486 2869 lium
511 2803 1273 2881 sepeliuntur,sancti[icare
1305 2816 1418 2854 non
1449 2798 1602 2852 licet.
1629 2796 1737 2850 Sed
1769 2794 1819 2850 si
1852 2798 1989 2865 apta

338 2902 572 2959 videtur
614 2898 688 2952 ad
738 2892 1225 2956 consecrandum,
1276 2889 1413 2942 inde
1465 2884 1682 2941 evulsis
1729 2883 1987 2953 corpori-

337 2990 473 3055 bus,
507 2992 565 3041 et
594 2983 743 3039 rasis
772 2981 1094 3052 parietibus
1127 2982 1181 3032 et
1208 2975 1384 3047 lignis
1416 2975 1543 3044 ejus
1574 2972 1705 3037 loci,
1741 2970 1984 3026 remdiﬁ-

340 3082 523 3134 cetur.
558 3073 619 3129 Si
647 3072 770 3127 haec
796 3070 1134 3124 consecrata
1181 3063 1341 3135 prius
1392 3062 1521 3130 iuit,
1558 3061 1771 3115 missas
1814 3058 1875 3113 in
1919 3074 1987 3114 ea

336 3165 628 3223 celebrare
658 3160 796 3215 licet
828 3174 841 3213 :
875 3156 926 3213 si
956 3160 1153 3211 tamen
1188 3150 1388 3207 fideles
1421 3148 1658 3216 fuerint,
1692 3147 1791 3219 qui
1822 3147 1883 3202 in
1915 3162 1983 3203 ea

337 3257 479 3313 sunt
507 3250 743 3325 sepulti.

333 3347 467 3404 CAP.
505 3342 595 3397 44.
613 3370 666 3381 -—
699 3336 779 3394 Ad
807 3351 939 3406 quos
963 3348 1095 3389 usus
1127 3328 1513 3406 verti_de_l_)eant
1535 3327 1689 3395 ligna
1711 3325 1983 3406 dedicatae

505 3412 764 3469 ecclesize.
796 3398 879 3462 Ea:
909 3405 1135 3461 decretis
1159 3401 1374 3472 Higim'i
1398 3415 1577 3470 papa,
1607 3415 1723 3468 cap.
1758 3398 1812 3450 3.

404 3505 503 3577 (De
532 3515 704 3566 cons.,
735 3496 865 3552 dist.
900 3495 951 3561 1,
983 3509 1030 3548 e.
1067 3490 1283 3561 Ligna).
1320 3486 1793 3577 Lignagecclesia:
1826 3485 1981 3577 dedi-

339 3572 479 3649 catis
500 3605 618 3645 non
643 3586 861 3642 debent
890 3583 961 3637 ad
993 3579 1150 3637 aliud
1181 3593 1326 3650 opus
1350 3575 1548 3648 jungi,
1570 3574 1685 3630 nisi
1707 3574 1777 3629 ad
1804 3572 1979 3628 aliam

338 3677 668 3745 ecclesiam,
697 3673 786 3730 vel
814 3671 936 3744 igni
968 3668 1388 3736 comburenda,
1420 3664 1509 3720 vel
1555 3664 1626 3718 ad
1655 3663 1977 3735 profectum

340 3770 401 3824 in
430 3762 857 3824 monasterium
898 3757 1214 3823 fratribus;
1248 3755 1306 3810 in
1336 3753 1619 3809 laicorum
1652 3767 1784 3806 vero
1808 3767 1982 3821 opera

339 3874 456 3914 non
487 3855 703 3911 debent
733 3848 984 3905 admitti.

336 3948 468 4003 CAP.
504 3944 590 3998 45.
624 3971 693 3982 -—
719 3937 859 4009 Quid
889 3938 1139 4009 episcopo
1168 3929 1447 4009 agendum
1468 3930 1553 4009 sit
1566 3930 1617 3982 si
1640 3929 1833 4009 plures
1862 3929 1980 4009 lim-

403 4000 559 4074 redes
581 4014 647 4070 de
675 4000 789 4067 uita
818 4000 1205 4065 contendermt
1233 4001 1482 4057 ecclesia.
1510 4001 1593 4053 Ex
1623 4015 1770 4054 conc.
1795 4000 1981 4053 Tribu-

400 4088 596 4156 riensi,
618 4102 665 4141 c.
690 4083 785 4138 20.

401 4179 514 4252 (16,
546 4193 598 4247 q.
628 4176 685 4245 7,
717 4188 764 4227 c.
798 4166 1038 4239 Plures.)
1060 4164 1119 4221 Si
1141 4162 1341 4236 plures
1363 4159 1624 4252 haeredes
1662 4158 1981 4252 contende-

329 4247 451 4327 rint
477 4266 549 4320 de
579 4258 877 4317 communi
907 4253 1173 4320 ecclesia,
1206 4250 1642 4322 auferrijubeat
1671 4247 1983 4320 episcopus

331 4353 614 4426 reliquias
637 4364 834 4404 sacras
871 4349 928 4401 et
975 4342 1283 4398 ecclesiam
1326 4339 1540 4408 claudi,
1585 4338 1766 4393 donec
1819 4352 1980 4426 com-

333 4425 500 4502 muni
530 4452 820 4496 consensu
859 4436 916 4488 et
944 4430 1189 4487 consilio
1239 4426 1496 4501 episcopi
1538 4428 1799 4481 statuant
1843 4425 1979 4480 inde

334 4533 763 4608 presbyterum,
796 4526 855 4578 et
886 4520 1042 4575 unde
1071 4518 1242 4575 vivat.

530 4622 677 4675 Item
706 4609 998 4681 Gregorius
1023 4624 1167 4679 papa
1186 4608 1248 4661 in
1277 4606 1534 4673 decretis,
1564 4621 1685 4675 cap.
1716 4604 1770 4657 5.

405 4709 523 4779 (16,
552 4723 603 4779 q.
632 4703 689 4769 7,
723 4716 772 4757 c.
808 4695 1277 4754 Considerandum
1308 4696 1425 4765 est).
1457 4695 1538 4749 De
1568 4692 1829 4748 ecclesiis
1852 4706 1977 4762 quae

334 4802 488 4857 inter
516 4790 844 4851 coheredes
900 4789 1041 4843 sunt
1082 4784 1279 4840 divisae
1324 4781 1816 4838 considerandum
1869 4782 1977 4849 est,

334 4889 627 4960 quatenus
657 4880 707 4937 si
738 4875 1067 4934 secundum
1090 4872 1517 4944 providentiam
1542 4874 1599 4926 et
1627 4867 1977 4925 admonitio-

332 4992 469 5033 nem
491 4968 751 5046 episcopi
771 4964 884 5038 ipsi
907 4962 1236 5019 cohaaredes
1256 4977 1354 5017 eas
1377 4960 1666 5016 voluerint
1687 4962 1902 5028 tenere,
1922 4961 1979 5013 et

331 5067 621 5122 honorare
642 5056 881 5113 faciant.
901 5052 1000 5108 Sin
1023 5054 1217 5106 autem
1249 5049 1359 5105 hoc
1400 5046 1883 5114 contradixerint,
1915 5046 1977 5101 in

335 5149 594 5227 episcopi
615 5145 902 5219 potestate
925 5142 1180 5204 maneat,
1200 5144 1407 5227 (utrum
1431 5153 1529 5192 eas
1553 5135 1635 5227 ita
1656 5135 1978 5191 consistere

334 5223 654 5316 permittat,
685 5236 786 5289 aut
816 5227 1095 5299 reliquias
1114 5226 1251 5316 inde
1273 5226 1499 5316 auferre
1520 5223 1677 5316 velit.

335 5311 469 5388 CAP.
501 5328 593 5384 46.
620 5353 693 5366 —-
728 5326 805 5378 De
850 5316 1041 5373 eadem
1083 5330 1165 5369 re.
1200 5314 1283 5369 Ex
1327 5313 1557 5369 consilio
1607 5311 1974 5367 Mediomatri-

931 5388 1097 5457 censi,
1140 5402 1261 5458 cap.
1298 5387 1384 5440 11.

408 5488 705 5545 Perlatum
737 5484 827 5539 est
855 5478 928 5535 ad
958 5478 1224 5532 sanctam
1255 5474 1567 5547 synodum,
1619 5473 1776 5543 quod
1825 5469 1978 5526 inter

338 5574 599 5636 heredes
627 5569 893 5629 Ecclesia:
914 5565 975 5622 in
995 5563 1170 5621 rebus
1193 5560 1448 5635 propriis
1470 5558 1799 5617 constitutae
1831 5557 1975 5613 divi-

2006 4479 2053 4543 D

2102 1873 2301 1928 sedem
2328 1873 2629 1928 consulere
2650 1873 3173 1945 voluisti,qualiter
3196 1876 3316 1930 sint
3345 1877 3744 1933 custodiendae

2102 1978 2205 2033 per
2224 1960 2660 2017 Cordubensem
2687 1962 3143 2033 provinciam,ac
3166 1965 3535 2035 providendae
3559 1982 3746 2022 sacer-

2102 2049 2359 2117 dotibus,
2394 2049 2538 2104 nihil
2574 2055 2688 2104 ωδε
2719 2049 3021 2105 charitatis
3056 2051 3268 2108 melius
3302 2053 3471 2109 nobis
3517 2054 3748 2109 videtur

2100 2138 2392 2207 intimare,
2422 2155 2594 2209 quam
2631 2143 2694 2194 ut
2723 2140 2990 2210 sequaris
3039 2142 3190 2210 quod
3243 2158 3349 2196 nos
3390 2141 3448 2196 in
3482 2142 3747 2199 Romana

2100 2226 2354 2282 Ecclesia
2388 2244 2573 2298 nuper
2601 2228 2792 2299 egisse
2833 2230 3220 2299 cognoscitur.
3273 2230 3564 2287 Ecclesiae
3608 2248 3744 2288 vero

2100 2315 2364 2388 singulas
2386 2316 2637 2387 singulis
2664 2317 3020 2389 presbyteris
3042 2318 3400 2386 dedimus,et
3423 2319 3740 2393 unicuique

2091 2404 2192 2473 jus
2215 2405 2514 2476 prOprium
2539 2405 2749 2459 habere
2762 2406 3077 2461 statuimus
3099 2422 3112 2461 :
3138 2408 3219 2461 ita
3239 2407 3510 2463 videlicet
3531 2414 3593 2464 ut
3615 2410 3743 2465 nul-

2098 2491 2191 2547 lus
2211 2493 2450 2548 alterius
2474 2493 2761 2564 parochias
2783 2494 3065 2549 terminos
3090 2497 3308 2565 autjus
3342 2496 3599 2563 invadat,
3632 2500 3735 2554 sed

2098 2580 2524 2652 unusquisque,
2551 2581 2675 2636 suis
2696 2581 2968 2636 terminis
2989 2582 3068 2637 sit
3093 2588 3422 2652 contentus,
3448 2589 3505 2640 et
3545 2586 3744 2642 taliter

2096 2667 2401 2724 ecclesiam
2436 2673 2492 2723 et
2522 2668 2747 2740 plebem
2782 2670 2893 2724 sibi
2926 2671 3303 2726 commissam
3329 2673 3645 2743 custodiat,
3678 2680 3743 2730 ut

2097 2761 2231 2811 ante
2252 2755 2508 2811 tribunal
2533 2757 2970 2827 teternijudicis
3010 2776 3079 2813 ex
3120 2760 3393 2816 omnibus
3434 2762 3543 2817 sibi
3577 2779 3733 2817 com-

2096 2845 2298 2900 missis
2337 2844 2623 2900 rationem
2668 2846 2891 2912 reddat,
2916 2850 2981 2901 ut
3002 2847 3450 2919 nonjudicium,
3479 2852 3576 2905 sed
3613 2850 3742 2922 glo-

2096 2934 2245 2988 riam
2271 2950 2373 3005 pro
2396 2933 2521 2988 suis
2565 2934 2794 2989 actibus
2844 2935 3111 3006 accipiat.
3140 2937 3296 2992 lianc
3344 2955 3579 3009 quoque
3606 2957 3742 2995 nor-

2096 3038 2275 3091 mam,
2310 3021 2675 3088 charissime,
2739 3030 2790 3077 le
2835 3028 2893 3078 et
2950 3040 3153 3079 omnes
3211 3025 3518 3097 episcopos
3584 3028 3748 3098 sequi

2018 3110 2060 3175 C
2094 3110 2383 3178 convenit,
2416 3114 2472 3164 et
2502 3111 2655 3180 quod
2689 3110 2795 3165 tibi
2845 3110 3124 3166 scribitur
3172 3112 3449 3168 omnibus
3480 3114 3732 3184 quibus-

2092 3215 2324 3269 cunque
2373 3198 2631 3269 potueris
2690 3203 2895 3255 notum
2942 3200 3144 3270 facias,
3178 3205 3243 3255 ut
3290 3218 3405 3257 non
3438 3202 3734 3273 specialis,

2091 3288 2193 3342 sed
2223 3286 2515 3359 generalis
2541 3287 2642 3341 fiat
2672 3287 2785 3342 ista
2816 3289 3146 3360 praeceptio.

2088 3394 2221 3448 CAP.
2258 3394 2344 3447 48.
2370 3394 2527 3457 —fUt
2557 3395 2928 3466 unusquisque
2956 3396 3264 3466 presbyter
3281 3412 3393 3450 una
3413 3397 3640 3453 ecclesia
3668 3400 3744 3453 sit

2302 3470 2602 3519 contentus.
2638 3466 2724 3518 Ea:
2743 3464 2983 3521 concilio
3015 3464 3283 3537 Remensi,
3315 3484 3432 3539 cap.
3468 3469 3521 3523 3.

2162 3552 2579 3623 Unusquisque
2630 3553 2931 3625 presbyter
2970 3554 3217 3611 ecclesia
3268 3572 3386 3610 una
3436 3557 3505 3611 ad
3557 3572 3734 3627 quam

2090 3640 2392 3696 ordinatus
2427 3645 2516 3695 est
2566 3645 2878 3697 contentus
2908 3641 2984 3698 sit
3008 3646 3063 3698 et
3082 3642 3283 3699 nullus
3312 3644 3372 3698 in
3398 3645 3625 3700 duabus
3647 3661 3739 3700 ec-

2090 3729 2284 3785 clesiis
2316 3729 2653 3785 ministrare
2678 3734 3019 3801 praesumat.

2089 3836 2222 3890 CAP.
2257 3837 2344 3890 49.
2374 3838 2673 3911 —:7Ut_una
2706 3836 2949 3911 ecclesia_
2981 3837 3134 3892 inter
3177 3839 3365 3908 plures
3393 3841 3733 3911 presbyteros

2264 3923 2375 3961 non
2405 3907 2704 3962 dividatur.
2738 3911 2823 3963 Ea:
2852 3907 3035 3963 eodem
3067 3907 3319 3977 concilio,
3350 3907 3476 3982 cap.
3502 3907 3556 3965 9.

2157 3996 2269 4067 (21,
2303 4012 2351 4067 q.
2384 3996 2418 4048 2
2445 4011 2495 4051 c.
2530 3995 2680 4050 Sicut
2712 3998 2771 4050 in
2800 3998 3170 4069 unaquaque).
3202 3999 3363 4053 Sicut
3392 3999 3451 4053 in
3477 4016 3732 4070 unaqua-

2090 4100 2201 4155 que
2218 4083 2464 4139 ecclesia
2478 4086 2777 4156 presbyter
2793 4086 2962 4141 debet
2979 4086 3357 4158 esse,itaipsa
3374 4105 3499 4158 quae
3518 4106 3737 4160 sponsa

2089 4172 2177 4227 vel
2200 4190 2345 4227 uxor
2362 4173 2490 4243 ejus
2514 4172 2747 4241 dicitur,
2772 4190 2887 4228 non
2923 4179 3114 4245 potest
3149 4175 3329 4230 dividi
3363 4177 3517 4232 inter
3539 4176 3738 4248 plures

2089 4262 2495 4332 prmsbyteros,
2519 4261 2618 4316 sed
2644 4279 2826 4317 unum
2849 4264 3260 4318 tantummodo
3282 4264 3523 4321 habebit
3544 4283 3733 4321 sacer-

2091 4351 2282 4405 dotem
2312 4350 2415 4420 qui
2446 4366 2573 4405 eam
2607 4356 2764 4406 caste
2793 4354 2850 4406 et
2878 4350 3183 4407 sinceriter
3233 4359 3416 4425 regat.
3450 4354 3614 4409 Unde
3646 4356 3739 4409 in-

2088 4437 2433 4494 terdicimus
2483 4442 2547 4492 ut
2599 4437 2798 4493 nullus
2857 4444 3173 4510 praesumat
3223 4441 3529 4497 ecclesiam
3581 4442 3735 4497 inter

2087 4527 2233 4582 duos
2263 4526 2351 4582 vel
2385 4526 2584 4598 plures
2608 4526 2885 4595 dividere,
2913 4528 3053 4598 quia
3075 4530 3333 4585 Ecclesia
3354 4531 3572 4586 Christi
3593 4548 3739 4585 uxor

2087 4618 2144 4670 et
2172 4631 2388 4685 sponsa
2416 4631 2542 4671 esse
2568 4615 2758 4682 debet,
2791 4631 2908 4669 non
2960 4620 3239 4686 scortum,
3273 4618 3429 4674 sicut
3476 4618 3739 4675 Calixtus

2088 4719 2239 4775 papa
2262 4706 2514 4758 testatur
2543 4704 2702 4775 (epist
2728 4706 2763 4757 2
2789 4713 2844 4759 et
2875 4704 2953 4775 3).

2087 4794 2219 4847 CAP.
2252 4793 2343 4847 50.
2377 4823 2445 4866 έ-
2475 4794 2603 4847 Item
2652 4796 2713 4846 ut
2771 4794 3151 4866 unusquisque
3199 4796 3488 4866 presbyter
3518 4813 3632 4852 una
3659 4799 3742 4853 sit

2193 4865 2417 4919 ecclesia
2438 4872 2738 4919 contentus.
2770 4865 2857 4918 Ex
2880 4864 3069 4920 eodem
3098 4864 3506 4939 concilio,'cap.
3542 4869 3630 4923 10.

2158 4953 2456 5008 Statutum
2487 4956 2577 5009 est
2607 4967 2973 5024 unaquaeque
3003 4953 3248 5011 ecclesia
3277 4972 3452 5011 suum
3486 4957 3732 5029 presby-

2086 5043 2277 5095 terum
2308 5040 2539 5108 habeat,
2566 5040 2665 5096 ubi
2696 5040 2753 5095 id
2786 5041 2911 5096 fieri
2943 5041 3188 5099 facultas
3217 5044 3556 5115 providente
3587 5046 3740 5115 epis-

2087 5146 2229 5201 copo
2260 5130 2616 5201 permiserit.

2086 5218 2219 5278 CAP.
2250 5221 2339 5273 5i.
2374 5249 2441 5259 —
2468 5221 2604 5274 Item
2650 5219 2714 5274 de
2762 5219 2948 5276 eadem
2993 5236 3069 5276 re.
3120 5223 3203 5276 Ex
3229 5223 3462 5279 concilio
3509 5225 3737 5279 Nanne-

2702 5292 2862 5361 tensi,
2893 5307 3012 5362 cap.
3045 5292 3098 5347 8.

2156 5379 2318 5433 Sicut
2333 5379 2489 5433 enim
2502 5380 2811 5451 episcopus
2833 5396 2947 5435 non
2960 5380 3096 5452 plus
3113 5381 3328 5439 habere
3348 5388 3543 5456 potest
3556 5401 3736 5455 quam

2086 5482 2265 5521 unam
2288 5465 2599 5533 civitatem,
2624 5470 2681 5522 et
2696 5467 2781 5522 vir
2796 5484 2978 5524 unam
3016 5484 3256 5527 uxorem
3280 5487 3294 5526 :
3317 5471 3398 5526 ita
3431 5472 3742 5545 presbyter

2086 5572 2265 5613 unam
2286 5559 2519 5614 tantum
2568 5554 2894 5614 ecclesiam.
2942 5558 3151 5632 Itaque
3180 5558 3381 5617 nullus
3427 5561 3741 5633 presbyter
