3982 6060
228 270 345 325 209

1199 268 1515 320 DECRETI
1554 266 1741 319 PARS
1779 264 1875 315 IlI.
1907 288 1976 298 —
2022 260 2119 313 DE
2156 256 2526 322 ECCLESIA,
2566 255 2722 308 ETC.

3543 250 3652 306 210

224 396 446 451 habere
497 396 818 466 praesumat
849 393 998 448 duas
1048 391 1344 458 ecclesias,
1379 390 1428 446 si
1476 391 1547 445 de
1592 392 1747 445 statu
1781 402 1888 442 suo
1916 386 1970 452 Α
2069 383 2169 466 vel
2192 381 2463 466 passionis
2491 379 2827 466 ﬁdelissima
2856 376 3069 447 origine
3116 374 3373 431 traditur.
3401 375 3485 430 Ea:
3510 392 3645 432 con-

221 486 487 557 gaudere
516 483 828 539 desiderat.

220 591 363 646 CAP.
398 592 487 646 52.
524 621 592 629 -κ
626 588 777 656 Quod
818 590 1008 644 nullus
1033 588 1322 659 presbyter
1368 587 1562 641 relicta
1590 601 1697 659 sua
1723 583 1890 659 eccle-

297 664 387 717 sia
417 662 486 717 ad
532 654 804 732 potiorem
853 654 1111 732 aspirare
1160 654 1336 714 debet.
1373 659 1455 712 Ea:
1498 658 1729 712 concilio
1759 654 1891 709 Mel-

300 735 487 799 densi,
521 750 643 804 cap.
679 734 765 788 10.

298 824 376 894 (ἵ,
408 840 459 894 q.
496 822 547 888 1,
579 838 627 875 c.
662 821 723 876 Si
755 820 920 892 quis).
957 819 1013 875 Si
1049 819 1185 890 quis
1218 820 1288 873 de
1320 818 1524 873 ordine
1556 814 1890 872 sacerdota-

216 910 632 981 li,contemptu
664 908 910 963 minoris
942 905 1544 977 ecclesiae,ambitiose
1574 908 1632 960 et
1663 904 1887 973 impro-

220 1002 295 1055 be
330 1000 400 1054 ad
434 998 723 1071 potiorem
756 996 1124 1070 aspiraverit,
1160 996 1440 1051 canonica
1466 1010 1602 1066 erga
1632 1008 1763 1048 eum
1794 992 1888 1045 de-

221 1087 417 1143 (initio
451 1091 851 1152 conservetur,
882 1086 940 1140 id
972 1090 1064 1140 est
1094 1088 1159 1139 ut
1184 1090 1433 1156 utraque
1462 1086 1674 1138 careat.

218 1197 358 1249 CAP.
392 1194 483 1248 53.
515 1224 585 1233 —
615 1193 762 1261 Quod
812 1193 956 1248 sicut
1003 1193 1219 1246 vivente
1248 1192 1365 1245 viro
1403 1205 1545 1243 uxor
1572 1189 1689 1257 ejus
1720 1188 1883 1242 alteri

290 1265 502 1320 nubere
530 1280 640 1319 non
684 1265 1054 1334 permittitur,
1085 1264 1165 1334 sic
1216 1263 1431 1334 vivente
1454 1263 1775 1334 presbytero
1804 1275 1883 1334 ecf

291 1337 465 1391 etesia
496 1336 605 1390 sibi
634 1330 933 1390 commissa
962 1330 1233 1389 aballero
1263 1330 1510 1403 judicari
1537 1341 1634 1385 aut
1664 1330 1885 1401 disponi

287 1423 400 1462 non
434 1407 775 1463 conceditur.
809 1409 896 1461 Ea:
948 1404 1178 1460 decretis
1212 1404 1418 1459 Calixti
1461 1419 1640 1475 papae,
1675 1418 1793 1472 cap.
1824 1403 1877 1456 4.

291 1496 417 1563 (1b.,
469 1511 515 1550 c.
548 1495 702 1550 Sicut
755 1494 1041 1565 alterius).
1092 1493 1250 1547 Sicut
1298 1492 1537 1547 alterius
1581 1507 1728 1545 uxor
1775 1505 1880 1544 nec

214 1585 541 1641 adulterari
574 1586 645 1641 ab
674 1585 878 1652 altero,
905 1584 1285 1655 necjudicari
1318 1588 1420 1639 aut
1450 1580 1821 1653 disponi,nisi
1847 1597 1881 1635 a

215 1677 459 1748 proprio
488 1677 609 1732 viro
666 1694 730 1731 eo
762 1677 989 1731 vivente
1041 1673 1439 1747 permittitur;
1473 1673 1557 1728 sic
1598 1688 1879 1741 necuxor

2069 455 2199 509 citio
2230 454 2510 522 Africano,
2542 466 2662 521 cap.
2693 450 2783 504 50.

2071 561 2169 632 (De
2198 576 2430 627 consec.,
2481 557 2606 612 dist.
2644 558 2694 623 1,
2726 572 2774 610 c.
2808 555 3069 622 Placuit).
3122 557 3268 608 Item
3320 552 3539 624 placuit
3584 557 3653 610 ut

2000 649 2210 706 altaria
2240 665 2363 719 quae
2396 646 2617 718 passim
2649 661 2753 715 per
2794 661 2963 715 agros
2994 647 3049 698 et
3080 659 3184 715 per
3210 640 3335 696 vias
3366 646 3650 713 tanquam

1999 738 2292 794 memorias
2326 739 2651 805 martyrum
2683 734 3145 800 constituuntur,
3178 731 3237 785 in
3269 731 3488 801 quibus
3519 731 3651 787 nul-

1997 825 2123 882 lum
2156 841 2367 896 corpus
2399 827 2500 877 aut
2529 821 2785 892 reliquiae
2820 819 3093 891 martyris
3122 818 3371 874 condita:
3400 819 3653 890 proban-

1997 920 2116 985 tur,
2151 914 2220 970 ab
2253 910 2545 984 episcopis
2578 908 2676 981 qui
2706 908 2852 963 locis
2884 908 3101 963 eisdem
3135 910 3417 978 praesunt,
3443 907 3493 962 si
3524 907 3650 964 fieri

1996 1008 2208 1075 potest,
2242 1004 2596 1057 evertuntur.
2628 997 2685 1051 Si
2718 1002 2916 1051 autem
2946 996 3057 1051 hoc
3089 1011 3189 1066 per
3216 994 3511 1051 tumultus
3542 1013 3651 1067 po-

1995 1091 2230 1164 pulares
2264 1106 2379 1144 non
2431 1088 2667 1155 sinitur,
2701 1085 2900 1156 plebes
2931 1088 3164 1139 tantum
3196 1085 3645 1156 admoneantur,

1993 1199 2065 1236 ne
2094 1180 2197 1235 illa
2222 1179 2350 1233 loca
2379 1177 2768 1247 frequentent,
2802 1177 2866 1228 ut
2897 1174 2996 1244 qui
3031 1176 3182 1227 recte
3213 1173 3646 1244 sapiunt,nulla

1988 1269 2071 1326 ibi
2092 1267 2508 1341 superstitione
2527 1262 2778 1320 devincti
2796 1261 3199 1317 teneantur.Et
3219 1261 3458 1316 omnino
3480 1261 3647 1318 nulla

1990 1358 2276 1415 memoria
2307 1360 2629 1426 martyrum
2659 1349 3039 1424 probabiliter
3060 1348 3519 1419 accipiatur,nisi
3542 1355 3645 1406 aut

1990 1447 2089 1503 ubi
2112 1462 2324 1517 corpus
2357 1448 2458 1498 aut
2488 1440 2744 1512 reliquiae
2775 1443 2947 1495 certe:
2976 1440 3244 1508 sunt,aut
3272 1437 3433 1508 origo
3465 1437 3642 1493 alicu-

1978 1538 2082 1607 jus
2112 1531 2518 1597 habitationis,
2550 1529 2637 1586 vel
2670 1526 3082 1601 possessionis,
3116 1525 3206 1581 vel
3250 1524 3543 1597 passionis
3570 1526 3637 1580 ti-

1988 1623 2292 1679 delissima
2321 1620 2550 1693 origine
2578 1615 3005 1675 traditur.Nam
3040 1631 3165 1686 quae.
3197 1631 3300 1686 per
3328 1614 3640 1681 somnia,et

2026 1728 2088 1766 er
2116 1711 2319 1766 inanes
2369 1707 2538 1780 quasi
2588 1704 2969 1761 revelationes
3016 1701 3418 1775 quorumlibet
3446 1702 3635 1758 homi-

216 1728 604 1777 ".'“".""
672 1728 724 1731 "
1428 1728 1439 1742 '
1504 1763 1515 1772 .
1720 1733 1726 1741 ·
1986 1728 2088 1783 per
2116 1728 2319 1766 inanes
2369 1728 2538 1780 quael
2589 1728 2969 1761 revelationes
3016 1728 3418 1775 quorumuuet
3447 1728 3633 1758 uuuu-

216 1765 593 1869 θΡῖπΡΡῖνῗ
616 1764 1137 1869 9’85bylei‘ﬁufd
1162 1781 1290 1869 ἤλυθ’
1312 1763 1557 1869 θίῖοιθδ,¹³
1593 1761 1680 1869 νῗι
1702 1777 1876 1869 pfro-
1906 1760 1954 1825 Β
1984 1817 2126 1855 num
2160 1799 2495 1869 ubicunque
2525 1795 2966 1851 constituuntur
3009 1790 3236 1858 altaria,
3269 1791 3509 1847 omnino
3541 1808 3633 1847 re-

220 1854 360 1909 chia
386 1854 797 1910 indubitanter
826 1853 1195 1925 intelligitur)
1226 1869 1291 1907 eo
1320 1852 1549 1907 vivente
1591 1851 1663 1906 ab
1692 1851 1872 1906 altero

214 1942 531 2013 dijudicari
562 1942 649 1998 vel
700 1942 957 2014 disponi,
994 1945 1095 1996 aut
1125 1943 1253 2011 ejus
1302 1940 1617 1996 concubitu
1650 1934 1871 2011 perl‘rui

214 2031 598 2102 permittitur.
632 2032 798 2087 Unde
848 2031 928 2086 ait
959 2029 1272 2101 Apostolus
1304 2046 1317 2084 ε
1351 2029 1593 2099 Alligata
1621 2033 1704 2083 est
1732 2045 1873 2084 uxor

216 2119 349 2189 legi,
373 2119 619 2190 quandiu
654 2123 737 2175 vir
764 2121 878 2190 ejus
908 2120 1043 2175 vivit
1076 2137 1094 2175 :
1120 2135 1180 2174 eo
1209 2119 1465 2190 defuncto
1513 2118 1695 2173 soluta
1733 2126 1809 2172 est
1837 2134 1868 2171 a

211 2208 342 2280 lege
371 2210 483 2263 viri
507 2210 556 2277 (I
584 2208 705 2265 Cor.
730 2212 851 2278 vn).
876 2207 1157 2262 Similiter
1186 2212 1242 2263 et
1274 2207 1537 2275 ecclesia,
1569 2224 1695 2277 quae
1727 2223 1873 2262 uxor

210 2296 539 2351 sacerdotis
571 2297 806 2363 dicitur,
838 2313 903 2352 eo
927 2297 1153 2351 vivente
1190 2295 1241 2350 ei
1264 2296 1501 2367 alligata
1524 2300 1611 2350 est
1636 2313 1648 2349 :
1674 2312 1739 2351 eo
1771 2297 1869 2350 de-

209 2382 415 2441 functo
449 2386 636 2441 nubat
665 2386 723 2440 in
756 2386 1093 2454 Domino,id
1126 2390 1217 2440 est
1246 2384 1681 2456 regulariter.Si
1712 2385 1867 2439 enim

208 2490 278 2527 eo
309 2474 541 2530 vivente
574 2475 741 2531 alteri
776 2474 1065 2547 nupserit,
1100 2473 1363 2529 adultera
1386 2473 1769 2544 judicabitur.

207 2580 349 2635 CAP.
384 2582 475 2636 54.
508 2610 577 2623 -
608 2583 680 2636 De
706 2581 960 2637 ecclesiis
993 2582 1081 2635 vel
1110 2582 1315 2636 sanctis
1366 2582 1576 2635 naviter
1608 2582 1864 2635 inventis.

536 2654 623 2707 Ex
651 2654 887 2708 concilio
910 2654 1318 2723 Agrippinensi,
1342 2669 1460 2723 cap.
1493 2652 1547 2705 5.

287 2744 366 2794 De
396 2739 662 2795 ecclesiis
713 2756 814 2795 seu
870 2741 1092 2796 sanctis
1144 2744 1366 2795 noviter
1417 2739 1687 2806 inventis,
1744 2739 1869 2795 sine

212 2828 564 2884 auctoritate
612 2830 953 2899 inventoris,
984 2828 1098 2883 nisi
1146 2830 1419 2900 episcopo
1473 2827 1774 2899 probante,
1808 2827 1865 2882 in

209 2916 341 2985 ejus
376 2917 670 2972 territorio
702 2917 946 2973 minime
975 2922 1344 2982 venerentur,
1387 2917 1548 2971 salva
1588 2916 1763 2970 etiam
1795 2917 1867 2973 de

207 3004 321 3059 hoc
354 3009 413 3059 et
442 3006 513 3060 de
556 3007 831 3061 omnibus
863 3006 1128 3062 ecclesiis
1176 3007 1454 3060 canonica
1495 3005 1861 3061 auctoritate.

208 3116 340 3169 CAP.
376 3113 569 3189 55._—
602 3113 754 3181 Quod
795 3114 1088 3189 presbyter,
1104 3113 1172 3189 de
1212 3112 1387 3189 dotali
1432 3112 1868 3189 inansolmllum
1900 3122 1942 3189 (ς

281 3186 578 3239 servilium
607 3183 991 3256 facere'debet',
1024 3186 1138 3239 nisi
1165 3183 1712 3239 ecclesiasticumlix
1736 3199 1865 3238 con-

278 3257 414 3311 cilio
450 3258 731 3311 Wormat.
760 3273 884 3327 cap.
918 3257 1008 3310 50.

281 3343 397 3412 (23,
431 3360 482 3413 q.
515 3344 570 3413 8,
603 3360 651 3397 c.
685 3344 949 3411 Mansus).
975 3342 1275 3398 Sancitum
1309 3346 1416 3409 est,
1450 3348 1515 3395 ut
1548 3342 1867 3413 unicuique

206 3431 470 3486 ecclesias
504 3448 660 3486 unus
688 3448 932 3486 mensus
962 3432 1189 3502 integer
1219 3431 1443 3501 absque
1480 3430 1598 3484 ullo
1630 3430 1865 3486 servitio

206 3520 590 3587 attribuatur,
625 3523 683 3574 et
739 3519 1064 3591 presbyteri
1103 3521 1159 3574 in
1194 3521 1277 3574 eis
1311 3518 1615 3574 constituti
1648 3536 1759 3573 non
1793 3521 1864 3575 de

207 3608 675 3679 decimis,neque
704 3609 775 3663 de
804 3608 1202 3664 oblationibus
1236 3608 1638 3676 fidelium,non
1661 3610 1731 3663 de
1761 3608 1864 3663 do-

210 3697 633 3767 mibus,neque
662 3698 734 3751 de
752 3696 1030 3763 atriis,vel
1058 3698 1127 3752 de
1157 3697 1526 3765 hortisjuxta
1557 3695 1861 3752 ecclesiam

210 3785 443 3857 positis,
476 3801 664 3855 neque
695 3786 765 3840 de
798 3787 1137 3857 praescripto
1187 3803 1388 3841 manso
1417 3784 1653 3855 aliquod
1685 3785 1864 3839 servi-

203 3875 355 3929 tium
392 3873 846 3945 faciant,preeter
874 3873 1360 3929 ecclesiasticum.
1388 3874 1454 3927 Et
1484 3872 1532 3927 si
1568 3872 1706 3944 quid
1738 3889 1862 3927 am-

200 3963 360 4035 plius
394 3961 726 4029 habuerint,
759 3962 894 4017 inde
926 3962 1255 4017 senioribus
1289 3962 1413 4017 suis
1444 3961 1708 4016 debitum
1740 3978 1860 4016 ser-

198 4051 415 4105 vitium
445 4050 812 4121 impendant.

200 4162 333 4213 CAP.
365 4156 455 4209 56.
492 4188 558 4197 -
592 4158 653 4213 Ut
680 4159 873 4212 nullus
903 4159 1226 4213 mortalium
1251 4157 1314 4211 de
1342 4157 1515 4211 dotali
1541 4173 1753 4217 mansa,
1779 4158 1860 4211 vel

272 4229 594 4298 mancipiis,
627 4229 710 4282 vel
753 4231 998 4294 decimis,
1034 4230 1117 4283 vel
1162 4229 1539 4283 oblationibus
1582 4228 1857 4295 ﬁdelium,

271 4300 357 4353 vel
388 4298 454 4352 de
483 4299 789 4354 redditibus
816 4302 917 4371 qui
944 4302 1183 4355 ecclesiis
1210 4300 1402 4353 collati
1428 4299 1856 4369 fuerint,quem-

272 4387 443 4439 quam
488 4371 939 4441 presbyterorum
982 4372 1226 4441 aliquem
1274 4386 1494 4423 censum
1552 4371 1860 4440 persolvere

272 4450 452 4509 cogat.
486 4443 579 4495 Ea:
605 4443 837 4497 concilio
864 4442 1142 4509 Meldensi,
1176 4458 1296 4511 cap.
1331 4444 1382 4495 8.

274 4529 455 4583 Juxta
485 4528 790 4600 synodalia
827 4537 1110 4600 praecepta
1141 4529 1529 4592 decrevimus,
1564 4534 1628 4582 ut
1660 4528 1856 4583 nullus

205 4616 548 4672 mortalium
582 4617 652 4672 de
680 4633 819 4688 agro
850 4617 1242 4671 ecclesiastico
1269 4621 1325 4671 et
1357 4633 1580 4682 maneo,
1605 4622 1661 4671 et
1692 4634 1855 4670 man-

205 4706 399 4776 cipiis,
434 4705 519 4759 vel
569 4705 618 4759 si
659 4704 905 4776 quilibet
952 4722 1054 4776 pro
1100 4705 1224 4759 loco
1272 4705 1588 4775 sepulturae
1634 4704 1854 4775 aliquid

204 4793 457 4864 largitus
488 4793 655 4847 fuerit
683 4792 974 4859 Ecclesiae,
1009 4809 1195 4864 neque
1226 4794 1296 4847 de
1335 4793 1578 4847 decimis
1609 4798 1666 4847 et
1692 4792 1855 4847 obla-

203 4881 469 4937 tionibus
518 4880 778 4936 ﬁdelium
827 4898 1182 4952 quemquam
1231 4883 1701 4953 presbyterorum
1747 4880 1853 4935 ali—

203 4985 379 5039 quem
414 4984 657 5024 censum
690 4968 1019 5039 persolvere
1049 4972 1238 5038 cogat,
1272 4984 1374 5021 nec
1406 4967 1719 5038 quisquam
1750 4983 1853 5020 cu-

194 5056 449 5127 juslibet
478 5056 703 5112 ordinis
735 5062 836 5112 aut
874 5056 1131 5129 dignatis
1163 5057 1261 5122 sit,
1295 5055 1498 5110 exinde
1530 5056 1853 5126 quidquam

201 5144 538 5211 subtrahat,
599 5150 655 5199 et
712 5144 1098 5199 redditionem
1171 5160 1587 5215 quamcunque
1666 5144 1857 5213 exigat

198 5233 611 5304 temporalem.
645 5234 806 5297 Quod
857 5233 905 5288 si
939 5234 1161 5299 fecerit,
1216 5231 1629 5288 communione
1670 5248 1857 5303 usque

200 5323 273 5378 ad
306 5322 745 5378 satit'actionem
776 5323 1055 5395 privetur.

201 5429 336 5486 CAP.
368 5430 459 5485 57.
495 5460 562 5470 —
597 5430 656 5486 Ut
676 5431 834 5485 nulla
863 5430 1127 5485 memoria
1164 5432 1473 5499 martyrum
1494 5428 1861 5497 probabiliter

270 5502 603 5571 accipiatur,
634 5503 747 5557 nisi
773 5502 875 5557 ubi
901 5516 1096 5571 corpus
1124 5504 1219 5555 aut
1240 5501 1501 5571 reliquiae
1521 5511 1682 5555 certa:
1705 5509 1855 5568 sunt,

268 5580 367 5629 aut
393 5570 497 5627 ubi
525 5574 684 5642 origo
712 5574 951 5644 alicujus
976 5570 1334 5629 habitationis
1360 5570 1452 5627 vel
1476 5573 1855 5642 possessionis,

1978 1888 2320 1961 probentur.

1980 1995 2115 2051 CAP.
2142 1996 2231 2050 58.
2251 2025 2318 2035 —
2351 1994 2413 2052 Ut
2442 1996 2753 2063 martyrum
2790 1990 3125 2063 dignitatem
3148 1988 3339 2063 nullus
3361 1990 3632 2063 profanus

2112 2068 2374 2137 infamet.
2406 2067 2490 2120 Ea:
2517 2060 2749 2119 concilio
2781 2060 3209 2132 Carthaginensi
3235 2076 3277 2130 ι,
3307 2075 3427 2132 cap.
3456 2060 3512 2113 2.

2052 2165 2377 2237 Martyrum
2422 2162 2770 2234 dignitatem
2814 2175 2987 2215 nemo
3037 2158 3320 2229 profanus
3366 2157 3630 2229 infamet,

1979 2269 2171 2325 neque
2200 2254 2272 2309 ad
2323 2252 2556 2324 passiva
2601 2265 2866 2321 corpora,
2897 2265 3022 2319 quae
3052 2246 3368 2318 sepultura:
3400 2250 3632 2302 tantum

1979 2347 2217 2414 propter
2248 2339 2710 2396 misericordiam
2744 2336 3201 2394 ecclesiasticam
3230 2334 3633 2391 commendari

1980 2433 2325 2487 mandatum
2357 2434 2461 2499 est,
2500 2429 2745 2499 redigat,
2764 2430 2828 2481 ut
2848 2429 2948 2481 aut
2965 2425 3196 2481 insania
3215 2424 3632 2497 pracipitatos,

1979 2525 2080 2575 aut
2102 2520 2299 2591 aliquo
2322 2518 2422 2573 tali
2447 2522 2613 2588 pacto
2637 2520 2738 2571 aut
2759 2514 2874 2569 alia
2913 2513 3136 2569 ratione
3159 2514 3379 2584 peccati
3409 2513 3633 2569 discre-

1977 2612 2068 2664 tos
2099 2606 2498 2679 [disjunctos],
2532 2622 2646 2660 non
2704 2603 2925 2658 ratione
2953 2600 3041 2656 vel
3090 2606 3354 2671 tempore
3397 2617 3631 2671 compe-

1977 2697 2149 2766 tenti,
2183 2713 2297 2766 quo
2329 2693 2608 2766 martyris
2638 2692 3362 2761 celebrantur,martyrum
3394 2688 3633 2745 nomine

1978 2784 2251 2858 appellet.
2279 2787 2349 2839 At
2372 2784 2421 2838 si
2444 2782 2578 2854 quis
2601 2782 2673 2837 ad
2695 2780 2975 2851 injuriam
3000 2782 3345 2851 martyrum,
3377 2776 3631 2833 claritati

1976 2890 2178 2930 eorum
2211 2874 2496 2944 adjungat
2525 2870 2846 2937 infamiam,
2878 2867 3066 2940 placet
3090 2867 3269 2935 eos,si
3299 2865 3436 2921 laici
3465 2870 3630 2935 sunt,

1976 2964 2047 3019 ad
2081 2960 2480 3035 paenitentiam
2516 2958 2736 3031 redigi;
2770 2958 2820 3013 si
2847 2962 3043 3013 autem
3074 2955 3439 3027 clerici,post
3466 2970 3628 3013 com-

1975 3052 2355 3108 monitionem
2388 3053 2444 3104 et
2490 3052 2625 3120 post
2670 3046 3090 3118 cognitionem,
3134 3045 3357 3101 honore
3387 3044 3628 3117 privari.

1982 3159 2122 3215 CAP.
2158 3158 2248 3213 59.
2281 3188 2349 3197 —-
2383 3158 2446 3213 Ut
2491 3155 2787 3210 missarum
2832 3154 3099 3208 solemnia
3134 3167 3246 3207 non
3287 3150 3509 3223 ubique,
3539 3148 3634 3206 sed

2046 3231 2103 3284 in
2137 3230 2268 3284 locis
2296 3230 2364 3283 ab
2396 3229 2639 3298 episcOpo
2660 3225 3013 3298 consecratis,
3036 3223 3136 3298 vel,
3151 3223 3252 3277 ubi
3279 3223 3394 3298 ipse
3415 3224 3631 3291 permi-

2042 3302 2199 3370 serit,
2228 3301 2384 3370 ﬂant.
2418 3294 2501 3353 Ex
2528 3294 2763 3354 concilio
2798 3295 3154 3360 Triburiensi,
3181 3309 3302 3365 cap.
3334 3294 3386 3349 4.

2046 3398 2144 3468 (De
2172 3413 2344 3464 cons.,
2378 3396 2505 3451 dist.
2540 3397 2590 3465 1,
2623 3410 2674 3449 c.
2707 3394 2998 3448 Missarum
3040 3395 3092 3447 et
3127 3408 3175 3446 c.
3232 3389 3628 3462 Concedimus).

1973 3488 2291 3543 Missarum
2323 3485 2610 3540 solemnia
2641 3499 2755 3538 non
2792 3480 3262 3552 ubicunque,sed
3293 3483 3351 3535 in
3382 3478 3526 3534 locis
3556 3479 3629 3533 ab

1974 3575 2245 3647 episcopo
2279 3573 2659 3640 consecratis,
2694 3570 2783 3626 vel
2815 3571 2915 3625 ubi
2948 3570 3074 3641 ipse
3102 3566 3455 3641 permiserit,
3476 3567 3628 3623 cele-

1973 3664 2198 3719 branda
2226 3677 2355 3718 esse
2386 3658 3108 3716 censemus.Concedimus
3138 3657 3409 3725 etiam,ut
3437 3655 3625 3712 sicubi

1973 3752 2151 3823 (quod
2186 3750 2404 3805 nostris
2455 3748 2712 3819 peccatis
2757 3746 3126 3817 exigentibus
3157 3762 3259 3817 per
3296 3744 3622 3816 plurimum

1970 3844 2061 3894 est
2092 3838 2333 3909 factum)
2364 3854 2395 3891 a
2426 3834 2935 3903 Northmannis,et
2964 3833 3154 3890 Flavis
3181 3832 3473 3904 [Sclavie],
3504 3836 3563 3889 et
3589 3849 3625 3889 ι

1970 3927 2323 3999 Bulgaris,et
2343 3943 2376 3981 a
2400 3924 2571 3980 malis
2593 3923 2940 3979 Christianis
2964 3939 3065 3978 seu
3089 3922 3202 3978 alio
3223 3920 3621 3994 qualicunque

1972 4018 2145 4073 modo
2176 4014 2433 4073 ecclesiae
2465 4013 2683 4069 fuerint
2713 4013 2963 4068 incensae
2994 4015 3052 4068 et
3079 4009 3486 4078 combustaaﬁn
3517 4026 3620 4067 ca-

1971 4105 2139 4177 pellis
2171 4121 2303 4158 cum
2336 4101 2538 4158 tabula
2569 4105 2927 4169 consecrata,
2960 4100 3175 4154 missas
3204 4097 3440 4152 interim
3470 4096 3621 4151 cele-

1968 4194 2139 4248 brare
2170 4192 2590 4265 permittimus,
2626 4191 2809 4245 donec
2841 4188 2981 4260 ipsa;
3012 4185 3273 4242 ecclesia:
3301 4184 3623 4241 restaurari

1971 4286 2208 4352 queant.
2244 4281 2305 4335 In
2331 4280 2538 4334 itinere
2559 4294 2693 4333 vero
2727 4275 2959 4348 positis,
2992 4276 3043 4330 si
3073 4273 3320 4330 ecclesia
3350 4273 3623 4345 defuerit,

1970 4375 2033 4423 ut
2064 4370 2173 4423 sub
2207 4369 2322 4435 dio,
2358 4383 2459 4422 seu
2494 4367 2551 4420 in
2604 4364 2912 4420 tentoriis:
2944 4363 3085 4419 item
3113 4363 3161 4418 si
3192 4362 3395 4419 tabula
3423 4379 3623 4419 conse-

1894 4492 1937 4553 υ
1969 4462 2130 4511 erata
2160 4456 2713 4523 altaris,ca3teraque
2744 4468 2909 4508 sacra
2940 4451 3268 4507 ministeria
3296 4452 3370 4507 ad
3400 4451 3457 4507 id
3490 4452 3620 4507 offi-

1966 4545 2121 4600 cium
2156 4543 2505 4615 pertinentia
2527 4540 3142 4611 ati‘uerint,missarum
3169 4539 3457 4597 solemnia
3477 4540 3624 4597 cele-

1966 4634 2135 4688 brare
2165 4629 2742 4700 concedimus,aliter
2771 4629 3011 4685 omnino
3040 4629 3469 4686 interdicimus.

1966 4744 2092 4795 CAP.
2125 4740 2214 4793 60.
2248 4769 2318 4778 —
2345 4738 2563 4791 Missam
2608 4736 2723 4791 nisi
2747 4752 2817 4791 ex
2860 4752 3067 4804 magna
3093 4736 3439 4801 necessitate,
3468 4752 3611 4792 non-

2036 4812 2149 4864 nisi
2179 4814 2237 4864 in
2259 4816 2475 4864 sacrato
2523 4809 2634 4863 loco
2662 4823 2779 4863 esse
2821 4807 3221 4864 celebrandam.
3254 4810 3346 4863 Ex
3372 4808 3615 4864 decretis

2036 4880 2235 4935 Felicis
2290 4894 2453 4951 papae
2496 4879 2561 4934 IV
2601 4879 2852 4935 omnibus
2896 4880 3168 4951 episcopis
3225 4879 3450 4937 directis
3505 4881 3607 4951 (iv,

2032 4954 2190 5020 epist.
2227 4953 2277 5018 l,
2309 4968 2356 5006 c.
2402 4952 2473 5017 1).

2035 5040 2133 5111 (De
2159 5056 2333 5105 cons.,
2363 5038 2487 5094 dist.
2523 5038 2574 5108 1,
2607 5054 2655 5093 c.
2701 5038 3215 5106 Consecrationem;
3245 5055 3292 5093 c.
3341 5036 3614 5096 laberna-

1964 5129 2193 5199 culum).
2228 5128 2457 5198 Scripta
2505 5127 2835 5182 sanctitatis
2864 5132 3088 5195 vestris,
3119 5143 3248 5199 quae
3300 5128 3373 5183 ad
3416 5130 3615 5185 sedero

1966 5215 2347 5287 apostolicam
2398 5215 2648 5271 misistis
2697 5231 2873 5286 super
2921 5216 3277 5288 quibusdam
3309 5217 3615 5286 consullis,

1966 5304 2136 5376 quasi
2167 5305 2237 5359 ad
2272 5310 2471 5375 caput,
2500 5309 2566 5359 ut
2594 5304 2730 5360 inde
2761 5304 3097 5375 reciperetis
3128 5322 3429 5378 responsa,
3456 5305 3613 5361 unde

1966 5392 2159 5449 omnis
2190 5391 2447 5448 Ecclesia
2475 5393 2656 5449 totius
2683 5392 2983 5465 religionis
3000 5393 3257 5465 sumpsit
3283 5392 3608 5461 exordium,

1965 5485 2264 5554 gratanter
2316 5482 2569 5553 suscepi,
2630 5486 2687 5537 et
2742 5482 2991 5537 breviter
3042 5481 3206 5536 vobis
3259 5480 3611 5551 respondere

1968 5570 2188 5627 curavi.
2247 5571 2329 5627 De
2384 5569 2763 5627 ecclesiarum
2821 5570 2979 5627 enim
3038 5568 3493 5641 consecratione,
3551 5575 3608 5628 et
