3970 6058
270 196 383 251 213

1248 192 1561 248 DECRETI
1598 193 1783 247 PARS
1818 192 1915 245 III.
1957 214 2027 227 --
2063 191 2161 243 DE
2197 192 2566 264 ECCLESIA,
2606 197 2761 249 ETC.

3583 200 3690 254 214

262 319 494 376 tatibus
517 333 623 389 pro
660 315 1071 371 defunctorum
1095 313 1405 383 spiritibus
1427 314 1553 370 loco
1576 311 1928 385 competenti
1955 311 2011 376 Α
2041 326 2264 369 sarum.
2298 313 2356 369 Si
2387 316 2520 386 quis
2551 316 2670 371 hac
2705 321 3116 387 transgressus
3148 317 3342 385 fuerit,
3377 319 3448 375 ab
3497 321 3688 378 ofﬁcio

260 409 554 466 Dominus
591 406 957 478 deprecetur.
1002 402 1171 458 Sicut
1195 402 1350 458 enim
1373 401 1538 458 nulla
1560 401 1923 473 diesiexcipi-

260 503 389 565 tur,
414 512 531 567 qua
563 511 678 549 non
713 509 815 564 pro
845 491 1207 559 viventibus,
1230 496 1287 547 et
1307 508 1410 563 pro
1435 492 1796 564 quibulisbet
1825 506 1923 546 ne-

262 585 647 643 cessitatibus
660 582 1114 656 deprecetur,ita
1128 582 1401 637 nimirum
1419 582 1581 637 nulla
1598 583 1721 638 dies
1743 581 1925 651 excipi

257 676 444 731 debet
468 672 613 745 quin
641 687 746 745 pro
768 670 1086 727 animabus
1106 668 1369 725 ﬁdelium
1390 669 1841 742 precesDomino
1864 668 1922 723 in

259 765 590 820 missarum
616 759 985 818 solemnibus
1010 759 1352 815 fundantur.
1378 758 1723 830 Antiquitus
1744 756 1924 829 igitur

260 853 425 909 hunc
473 867 695 907 morem
742 852 948 905 sancta
978 852 1139 904 tenet
1196 848 1477 918 Ecclesia,
1509 852 1575 902 ut
1602 846 1918 902 missarum

258 940 631 999 solemnibus
652 942 709 995 et
725 937 859 994 aliis
882 937 1177 1011 precibus,
1211 936 1459 993 Domino
1482 935 1724 1009 spiritus
1755 935 1917 1006 quie-

261 1030 565 1088 scentium
597 1028 1106 1093 commendentur,
1139 1025 1369 1082 dicente
1391 1025 1558 1081 beato
1588 1026 1916 1098 Augustino

257 1122 311 1194 (Ι
339 1122 417 1175 De
444 1136 580 1175 cura
596 1135 697 1189 pro
727 1119 963 1172 mortuis
988 1115 1209 1186 agenda
1237 1132 1284 1170 c.
1317 1115 1372 1184 4)
1403 1134 1424 1169 .·
1447 1115 1569 1170 Non
1597 1118 1736 1170 sunt
1767 1132 1913 1187 prae-

250 1208 653 1265 termittendis
683 1204 1149 1278 supplicationes
1180 1221 1284 1277 pro
1315 1204 1626 1276 spiritibus
1649 1208 1911 1259 mortuo-

250 1314 416 1368 rum,
442 1314 591 1370 quas
609 1294 911 1352 faciendas
957 1311 1062 1367 pro
1094 1293 1369 1349 omnibus
1394 1292 1451 1347 in
1492 1292 1828 1349 Christiana
1857 1295 1913 1348 et

252 1386 549 1444 catholica
570 1385 849 1442 societate
870 1383 1208 1439 laudamus.
1243 1382 1544 1438 Defunctis
1576 1382 1749 1438 etiam
1781 1385 1908 1438 tan-

252 1477 339 1532 tis
381 1474 746 1543 hominibus,
798 1488 1000 1529 eorum
1046 1472 1157 1528 sub
1190 1470 1445 1544 generali
1488 1487 1909 1527 commemora-

253 1564 424 1622 tione
450 1562 710 1635 suscepit
728 1560 988 1618 Ecclesia
1006 1559 1371 1627 memoriam,
1403 1563 1466 1616 ut
1498 1559 1714 1631 quibus
1745 1559 1817 1615 ad
1844 1560 1908 1615 is-

256 1658 325 1710 ta
351 1654 571 1709 desunt
600 1655 872 1724 parentes
894 1653 996 1706 aut
1017 1648 1146 1717 ﬁlii,
1169 1652 1271 1705 aut
1307 1648 1645 1720 quicunque
1675 1650 1908 1721 cognati
1936 1667 1986 1733 Β

256 1743 351 1798 vel
368 1742 642 1807 amici,ab
658 1758 775 1796 una
795 1739 880 1795 eis
899 1738 1246 1794 exhibentur
1267 1737 1365 1809 pia
1385 1741 1569 1793 matre
1582 1739 1903 1796 communi.

254 1832 397 1888 CAP.
455 1833 548 1887 67.
598 1860 669 1871 —-
706 1827 857 1898 Quod
898 1830 1067 1883 missa
1117 1831 1460 1883 mortuorum
1506 1842 1607 1895 pro
1654 1827 1908 1883 omnibus

330 1904 670 1959 Christianis
696 1904 773 1957 sit
798 1900 1092 1957 cantanda.
1150 1901 1234 1955 Ex
1269 1899 1431 1956 dictis
1458 1900 1716 1971 Dionysii
1742 1902 1904 1957 Areo-

325 1977 556 2048 pugiles.

325 2063 644 2138 Dionysius
672 2062 1024 2134 Areopagita
1053 2059 1217 2127 dicit,
1244 2059 1641 2132 blasphemias
1676 2059 1791 2115 Deo
1814 2060 1902 2114 fa.

249 2154 523 2227 cere,qui
554 2153 738 2209 missa
757 2151 957 2208 offerte
981 2165 1085 2222 pro
1109 2149 1261 2206 malo
1286 2149 1542 2205 homine.
1567 2150 1901 2218 Augustinus

246 2244 405 2313 dicit,
438 2259 544 2315 pro
566 2242 841 2299 omnibus
864 2238 1218 2297 Christianis
1250 2254 1380 2294 esse
1413 2238 1747 2295 faciendum
1763 2237 1901 2310 quia

242 2333 337 2389 vel
368 2333 453 2389 eis
485 2332 735 2405 proiicit,
768 2333 869 2386 aut
894 2329 1277 2386 otl‘erentibus
1300 2327 1578 2400 proderit.
1638 2380 1659 2405 ,

248 2423 382 2479 CAP.
415 2423 512 2477 68.
550 2447 615 2464 -·
654 2420 718 2478 Ut
745 2421 889 2477 sicut
941 2420 1236 2474 missarum
1280 2418 1662 2472 institutiones
1694 2419 1751 2471 in
1782 2432 1898 2471 me-

320 2494 555 2573 tropoli,
581 2494 660 2547 sic
674 2494 734 2547 in
762 2492 1014 2573 omnibus
1052 2489 1614 2573 comprovincialzbus
1661 2489 1902 2565 ecclesiis

318 2560 480 2635 ﬁant.
512 2567 595 2621 Ex
616 2564 852 2620 concilio
886 2560 1204 2628 Gerudensi,
1238 2576 1354 2632 cap.
1384 2561 1584 2632 primo.

323 2654 421 2723 (De
439 2669 618 2721 cons.,
646 2651 772 2707 dist.
804 2650 860 2720 2,
884 2666 931 2705 e.
962 2648 1379 2717 Institutiones.)
1404 2646 1475 2703 Ut
1496 2646 1898 2703 institutiones

252 2740 597 2807 missarum,
635 2739 788 2795 sicut
804 2738 864 2793 in
887 2736 1338 2808 metropolitana
1360 2735 1604 2791 ecclesia
1626 2736 1793 2807 ﬁunt,
1818 2736 1900 2793 ita

252 2830 314 2885 in
337 2829 442 2884 Dei
476 2829 716 2885 nomine
753 2828 813 2883 in
865 2826 1143 2882 omnibus
1190 2824 1780 2897 comprovincialibus
1810 2842 1899 2881 ec-

246 2917 466 2985 clesiis,
502 2922 621 2973 tam
656 2916 845 2989 ipsius
878 2916 1076 2972 missae
1106 2915 1268 2982 ordo,
1294 2931 1470 2986 quam
1496 2913 1785 2985 psallendi
1805 2916 1894 2971 vel

243 3006 629 3062 ministrandi
661 3004 1023 3061 consuetudo
1055 3008 1336 3061 servetur.

2041 402 2457 472 suspendatur.

2037 505 2171 562 CAP.
2200 508 2289 581 7i.
2314 540 2383 549 ——
2420 512 2478 567 Ut
2506 511 2563 564 in
2594 511 2816 565 ecclesia
2860 512 2946 565 nil
2990 509 3144 565 aliud
3192 519 3419 581 agatur,
3474 517 3587 571 nisi
3614 518 3686 572 ad

2106 578 2248 647 quod
2275 581 2424 659 facta
2456 590 2551 659 est.
2580 585 2663 637 Ex
2685 582 2843 637 dictis
2872 584 3057 637 sancti
3108 578 3415 638 Benedicti
3439 585 3585 659 (cap.
3615 590 3687 644 52

2104 663 2223 705 sua?
2249 667 2379 720 regu
2391 652 2499 722 iw).

2106 736 2265 807 (Dist.
2289 739 2376 810 42,
2410 756 2454 796 c.
2492 739 2844 812 Oratorzum).
2878 739 3211 796 Oratorium
3243 740 3354 798 hoc
3396 743 3474 799 sit
3512 746 3668 816 quod

2032 824 2379 895 dicitur,nec
2407 829 2487 884 ibi
2520 830 2844 901 quidquam
2876 828 3031 884 aliud
3067 833 3307 901 geratur
3336 834 3439 888 aut
3469 834 3681 890 conda-

2031 916 2131 967 tur
2161 932 2337 987 quam
2372 920 2528 989 quod
2558 918 2904 975 ministeriis
2922 917 3210 974 convenit.

2026 1018 2159 1077 CAP.
2217 1023 2307 1078 72.
2366 1056 2433 1065 —
2491 1026 2565 1080 De
2620 1026 2941 1150 eadem‘re,
2985 1026 3068 1079 Ea:
3123 1023 3284 1080 dictis
3330 1028 3512 1083 sancti
3562 1033 3675 1083 Au-

2730 1112 2958 1150 ausim.

2768 1112 2958 1151 usum.

2768 1114 2958 1151 usum.

2096 1191 2158 1243 In
2192 1185 2444 1242 oratorio
2476 1188 2682 1255 praeter
2710 1114 2914 1239 oiandi
2949 1183 3359 1256 psallendique
3398 1183 3513 1240 Deo
3543 1185 3667 1240 cul-

2022 1280 2175 1345 tum,
2208 1276 2443 1348 penitus
2476 1272 2620 1327 nihil
2646 1278 2872 1344 agatur,
2925 1277 2990 1328 ut
3036 1272 3258 1329 nomini
3306 1272 3445 1328 huic
3495 1288 3673 1347 opera

2012 1365 2235 1437 jugiter
2265 1363 2533 1435 impensa
2562 1362 2937 1417 concordent.

2018 1471 2156 1528 CAP.
2197 1471 2289 1525 73.
2324 1501 2391 1511 —
2415 1470 2552 1525 Item
2587 1467 2661 1523 de
2689 1468 2879 1523 eadem
2920 1483 2998 1523 re.
3050 1468 3132 1522 Ea:
3179 1465 3420 1524 concilio
3466 1468 3667 1526 Laodi-

2613 1541 2787 1607 censi,
2810 1555 2940 1611 cap.
2972 1539 3061 1594 28.

2089 1630 2256 1703 (Dist.
2280 1632 2367 1686 42.
2401 1645 2447 1685 c.
2478 1631 2601 1685 Non
2639 1628 2887 1700 oportet).
2929 1627 3091 1693 Quod
3142 1644 3257 1683 non
3303 1632 3570 1701 oporteat
3600 1630 3661 1686 in

2017 1718 2334 1776 domiciliis
2356 1717 2592 1785 divinis,
2615 1717 2672 1772 id
2696 1721 2786 1773 est
2804 1716 2863 1771 in
2882 1715 3166 1787 ecclesiis,
3191 1733 3407 1790 agapes
3436 1715 3581 1783 fieri,
3604 1719 3662 1781 et

2016 1808 2173 1863 intra
2201 1809 2445 1864 domum
2476 1806 2708 1862 Domini
2738 1806 3061 1874 comedere,
3085 1810 3142 1862 et
3179 1806 3483 1863 accubitus
3512 1811 3657 1863 ster-

2015 1912 2173 1952 nere.

2013 1994 2147 2050 ΟΑΡ.
2178 1995 2269 2049 74.
2303 2023 2371 2034 -—-
2405 1994 2467 2049 Ut
2496 1991 2685 2047 nullus
2707 1992 2767 2047 in
2795 1990 3027 2047 ecclesia
3056 1991 3316 2047 tabernas
3338 1994 3657 2050 constituat.

2284 2066 2367 2121 Ex
2393 2065 2627 2119 concilio
2659 2062 3110 2135 Carthaginensi,
3141 2081 3266 2136 cap.
3300 2062 3390 2121 28.

2082 2158 2158 2209 Ut
2178 2153 2325 2208 nulli
2358 2152 2615 2224 episcopi
2644 2151 2731 2207 vel
2761 2151 2955 2207 clerici
2984 2151 3042 2208 in
3076 2151 3319 2209 ecclesia
3346 2152 3659 2208 conviven-

2012 2244 2129 2309 tur,
2161 2240 2276 2297 nisi
2305 2240 2453 2296 forte
2480 2242 2853 2296 transeuntes
2883 2238 3123 2309 hospitii
3151 2238 3501 2297 necessitate
3537 2238 3659 2294 illic

2010 2329 2351 2387 reﬁciantur
2382 2345 2397 2385 :
2429 2327 2631 2400 populi
2673 2326 2849 2383 etiam
2880 2327 2951 2383 ab
2984 2327 3329 2398 hujusmodi
3359 2328 3657 2397 conviviis,

2010 2423 2300 2492 quantum
2328 2416 2454 2473 fieri
2485 2420 2693 2487 potest,
2728 2416 3173 2487 prohibeantur.

2008 2548 2009 2551 “
2118 2550 2252 2609 CAP.
2283 2549 2375 2607 75.
2408 2579 2478 2591 —
2507 2549 2581 2605 De
2609 2548 2811 2605 eodem.
2845 2549 2928 2604 Ex
2955 2548 3188 2604 concilio
3223 2548 3548 2609 Turonensi.

2083 2676 2381 2733 Perlatum
2409 2678 2499 2732 est
2529 2675 2601 2730 ad
2622 2676 2883 2731 sanctam
2908 2673 3383 2746 synodum,quod
3412 2673 3652 2745 quidam

2005 2766 2327 2841 presbyteri
2347 2766 2409 2821 in
2429 2764 2690 2821 ecclesiis
2712 2763 2822 2820 sibi
2845 2762 3180 2819 commissis
3200 2764 3654 2835 tabernas(quod

2008 2856 2174 2915 nefas
2203 2856 2317 2926 est)
2350 2855 2740 2921 constituunt,
2770 2852 2969 2923 ibique
2999 2867 3103 2923 per
3131 2868 3425 2925 caupones
3450 2852 3655 2910 vinum

2007 2946 2285 3015 vendant,
2314 2948 2414 3001 aut
2446 2943 2694 2999 vendere
2727 2940 3071 3012 permittant
3123 2956 3137 2995 :
3181 2943 3240 2995 et
3268 2939 3369 2995 ubi
3390 2943 3654 3001 tantum—

1930 3030 1974 3098 Β
2012 3034 2186 3092 modo
2215 3032 2510 3089 orationes
2563 3035 2621 3088 et
2665 3030 2905 3086 verbum
2956 3028 3243 3096 divinum,
3276 3027 3495 3101 Deique
3524 3028 3655 3088 laus

240 3097 371 3153 ΟΑΡ.
524 3124 593 3137 ——
626 3097 689 3152 Ut
706 3110 895 3187 preces
921 3102 977 3187 et
1001 3095 1356 3187 prwfationes
1402 3108 1524 3187 quae
1552 3095 1613 3187 in
1659 3095 1896 3187 concilio

2021 3123 2290 3179 inbuerat
2320 3136 2614 3187 resonare,
2647 3119 2726 3175 ibi
2760 3095 3235 3174 comessationes
3257 3124 3313 3172 et
3340 3095 3655 3177 ebrietates

307 3168 562 3239 probatae
587 3183 697 3224 non
726 3168 962 3239 fuerint,
993 3181 1103 3239 non
1144 3166 1510 3239 celebrentur.
1545 3167 1639 3239 Ea;
1661 3168 1895 3223 concilio

307 3235 605 3382 Ἀῖςόιῗαηο,
632 3235 751 3311 cap.
782 3239 874 3293 64.
906 3236 1038 3308 (Sub
1056 3239 1347 3307 Boni/acia
1376 3238 1418 3306 I,
1436 3240 1492 3291 et
1517 3235 1815 3294 Caelestino
1844 3239 1890 3308 Ι,

308 3327 357 3367 c.
486 3354 498 3366 .

311 3397 543 3454 Placuit
572 3399 750 3454 etiam
782 3397 917 3465 hoc,
936 3399 1001 3452 ut
1019 3411 1218 3469 preces
1243 3412 1373 3467 quae
1395 3394 1649 3467 probata
1672 3394 1893 3452 fuerint

242 3487 300 3541 in
335 3485 586 3542 concilio
610 3486 729 3542 sive
750 3483 1143 3557 praefationes,
1175 3483 1294 3539 sive
1327 3484 1889 3551 commendationes,

245 3592 347 3632 seu
383 3592 594 3631 manus
642 3572 1050 3647 impositiones
1091 3574 1165 3629 ab
1197 3573 1472 3629 omnibus
1503 3570 1891 3642 celebrentur,

244 3681 350 3720 nec
381 3664 507 3719 alias
534 3663 772 3719 omnino
792 3668 995 3719 contra
1012 3662 1187 3718 fidem
1208 3661 1593 3733 proferantur,
1619 3660 1717 3717 sed
1742 3678 1892 3735 quae-

243 3770 477 3824 cunque
506 3769 640 3807 cum
672 3752 1155 3824 prudentioribus
1185 3750 1400 3806 fuerint
1428 3749 1649 3805 collatae
1690 3749 1887 3820 [colle-

242 3843 369 3914 ctae]
403 3842 696 3897 dicantur.

242 3932 372 3988 CAP.
404 3932 495 3986 70.
526 3960 595 3970 -—-
627 3931 691 3987 Ut
720 3928 917 3985 nullus
934 3929 1226 4001 presbyter
1246 3928 1394 3984 solus
1427 3930 1657 3985 missam
1687 3929 1887 3987 audeat

393 4002 691 4057 celebrare.
723 4004 808 4056 Ex
831 4000 1065 4057 concilio
1094 4000 1456 4068 Nannetensi,
1479 4017 1607 4071 cap.
1640 4001 1729 4057 30.

311 4091 419 4160 (17,
439 4090 943 4161 q.11.c.Deﬁnivit.)
964 4088 1235 4145 Deﬁnivit
1256 4092 1525 4144 sanctum
1550 4087 1883 4160 concilium,

241 4183 303 4234 ut
329 4177 532 4233 nullus
560 4179 861 4251 presbyter
891 4176 1053 4235 solus
1085 4182 1405 4249 praesumat
1458 4178 1697 4233 missam
1729 4176 1883 4233 cele-

240 4268 408 4322 brare
429 4266 735 4339 [cantare].
762 4266 866 4323 Cui
897 4266 1054 4322 enim
1082 4264 1261 4321 dicit:
1287 4266 1551 4321 Dominus
1586 4267 1882 4337 vobiscum,

2007 3212 2178 3277 fiunt,
2202 3210 2281 3265 ibi
2304 3210 2482 3276 risus,
2508 3212 2563 3264 et
2584 3207 2853 3279 plausus,
2875 3211 2932 3261 et
2972 3206 3149 3262 verba
3166 3206 3384 3277 turpia,
3417 3205 3499 3261 ibi
3521 3206 3657 3262 rixae

2005 3302 2065 3354 et
2089 3298 2492 3355 contentiones
2513 3296 2822 3352 resultent.
2850 3294 3013 3360 Quod
3044 3310 3221 3365 quam
3269 3294 3347 3348 sit
3377 3294 3491 3351 Deo
3518 3310 3654 3353 oon-

2006 3386 2280 3452 trarium,
2303 3385 2590 3441 Dominus
2610 3388 2784 3439 Jssus
2816 3384 3215 3440 demonstrat:
3252 3382 3353 3454 qui
3386 3399 3519 3437 cum
3559 3399 3654 3437 ve-

2004 3476 2191 3532 nisset
2212 3474 2269 3530 in
2296 3474 2602 3546 templum,
2633 3474 2951 3529 vendentes
2997 3475 3055 3528 st
3084 3476 3363 3542 ementes,
3395 3476 3452 3528 et
3481 3486 3654 3527 num-

2001 3562 2287 3619 mularios
2312 3564 2601 3629 sedentes,
2627 3562 2775 3616 facto
2821 3559 3105 3626 funiculo,
3152 3575 3355 3616 omnes
3383 3559 3553 3630 ejeoit
3583 3562 3653 3616 de

2002 3650 2223 3723 templo
2249 3652 2425 3723 (Joan.
2450 3650 2533 3721 II).
2566 3650 2625 3705 Si
2654 3649 2812 3704 enim
2843 3663 2913 3703 ea
2942 3663 3066 3719 quas
3096 3648 3255 3703 licite
3280 3648 3453 3704 vendi
3491 3648 3649 3704 vide-

2001 3742 2219 3797 bantur
2246 3740 2307 3795 in
2329 3738 2568 3810 templo,
2618 3742 2676 3794 et
2708 3739 2778 3793 ad
2810 3736 2920 3794 hoc
2967 3737 3335 3808 emebantur,
3368 3742 3434 3793 ut
3461 3738 3521 3793 in
3553 3754 3650 3794 eo-

1998 3830 2131 3884 dem
2162 3827 2379 3899 templo
2410 3828 2769 3883 offerrentur
2798 3825 3052 3893 Domini,
3084 3825 3211 3897 ipse
3241 3827 3397 3882 foras
3426 3827 3599 3899 ejecit
3630 3842 3644 3882 :

1999 3918 2141 3991 quid
2175 3920 2349 3989 putas
2381 3915 2452 3972 de
2480 3921 2600 3971 tam
2633 3914 2908 3988 pestifera
2936 3914 3398 3987 praesumptione
3445 3917 3503 3971 et
3550 3914 3649 3970 Dei

1998 4009 2335 4078 contemptu
2362 4004 2506 4061 fiet?
2537 4004 2605 4060 Et
2634 4004 2684 4059 si
2718 4020 2833 4059 non
2868 4002 3057 4059 solum
3092 4002 3518 4072 sacerdotibus,
3542 4004 3645 4057 sed

1996 4095 2171 4152 etiam
2187 4093 2463 4150 omnibus
2487 4092 2713 4149 clericis
2738 4092 3154 4163 praecipiturne
3176 4089 3648 4160 labernasingre-

1993 4184 2256 4239 diantur:
2277 4200 2313 4255 q
2329 4182 2424 4236 uis
2449 4181 2651 4237 audire
2674 4183 2883 4252 potest,
2913 4182 2974 4233 ut
2996 4175 3249 4233 ecclesiae
3272 4176 3372 4231 Dei
3391 4177 3646 4233 tabernae

1992 4274 2366 4343 ﬁantPItaque
2388 4270 2684 4326 interdicit
2701 4286 2801 4339 per
2818 4268 3017 4323 omnia
3040 4267 3319 4339 synodus,
3351 4283 3425 4323 ne
3445 4266 3554 4325 hoc
3584 4268 3644 4323 in

238 4356 470 4411 Sursum
491 4357 787 4457 c‘orda,.aut
803 4355 1023 4454 Gratius
1042 4370 1272 4457 agamus
1295 4356 1520 4454 Domino
1543 4357 1645 4412 Deo
1675 4364 1879 4425 nostro,
1919 4393 1965 4457 Β
1998 4365 2295 4433 posterum
2326 4360 2625 4414 ullatenus
2656 4358 2775 4413 fiat.
2800 4357 2961 4422 Quod
2984 4358 3034 4412 si
3056 4359 3273 4412 factum
3306 4355 3500 4426 fuerit,
3522 4374 3645 4429 prc-

240 4461 373 4500 cum
404 4443 608 4499 nullus
640 4444 717 4499 sit
747 4445 849 4516 qui
881 4444 1268 4515 respondeat;
1301 4448 1402 4499 aut
1441 4444 1499 4498 in
1551 4460 1793 4511 canone,
1821 4446 1886 4499 Et
1919 4443 1962 4457 "
1998 4451 2195 4522 sbyter
2222 4450 2576 4520 deponatur,
2602 4446 2735 4501 laici
2758 4444 3171 4501 communione
3201 4445 3409 4516 privati
3440 4445 3512 4501 ab
3544 4462 3642 4502 ec—

238 4534 489 4589 omnium
514 4533 1013 4600 circumstantium,
1038 4548 1175 4587 cum
1198 4548 1367 4587 nemo
1386 4532 1682 4588 adsit.Aut
1711 4549 1884 4603 quem

239 4622 450 4678 invitat
478 4621 550 4677 ad
571 4620 921 4687 orationem,
948 4635 1083 4675 cum
1105 4620 1249 4675 dicit
1269 4621 1514 4690 Oremus,
1530 4637 1662 4676 cum
1686 4620 1886 4676 nullus

240 4711 314 4767 sit
344 4710 444 4782 qui
485 4726 687 4766 secum
711 4712 835 4765 oret
854 4709 882 4764 ?
910 4712 1024 4764 Aut
1044 4708 1309 4781 ergoista
1336 4709 1569 4780 penitus
1590 4709 1886 4765 reticenda

238 4804 395 4870 sunt,
433 4803 631 4855 etnon
663 4799 854 4855 solum
887 4815 1003 4855 non
1027 4798 1137 4854 erit
1155 4798 1473 4869 perfectum
1504 4798 1881 4867 sacrificium,

235 4904 436 4945 verum
466 4888 645 4945 etiam
671 4887 931 4944 incurret
953 4886 1253 4959 (quisquis
1274 4886 1373 4942 ille
1393 4887 1504 4958 est)
1535 4886 1697 4942 illam
1723 4888 1885 4942 terri-

234 4977 412 5033 bilem
446 4976 801 5034 sententiam
836 4994 850 5033 :
884 4976 945 5034 Si
1000 4975 1134 5048 quis
1184 4975 1386 5031 tulerit
1432 4976 1503 5031 de
1557 4976 1687 5043 hoc,
1718 4975 1886 5031 tollat

235 5068 389 5124 Deus
422 5071 649 5140 partem
675 5068 806 5138 ejus
836 5068 907 5121 de
930 5066 1080 5122 libro
1094 5066 1239 5133 vitae,
1266 5070 1368 5121 aut
1391 5066 1437 5121 si
1462 5066 1583 5121 haec
1621 5067 1807 5122 muris
1827 5071 1884 5123 et

241 5156 567 5229 parietibus
612 5155 1097 5226 insusurraverit,
1147 5154 1531 5210 ridiculosum
1576 5154 1704 5210 erit.
1738 5155 1883 5218 Qua-

238 5250 476 5318 pr0pter
497 5244 602 5300 illa
623 5243 956 5317 periculosa
975 5243 1596 5315 superstitio,maxime
1613 5260 1648 5299 a
1676 5260 1880 5300 mona-

240 5334 431 5391 steriis
461 5332 888 5389 monachorum
914 5332 1357 5388 exterminanda
1395 5336 1502 5388 est.
1536 5333 1884 5389 Provideant

240 5426 434 5480 autem
468 5421 694 5494 praelati
724 5424 791 5479 ut
821 5419 1143 5494 presbyteri
1163 5419 1223 5475 in
1247 5420 1529 5477 coenobiis
1562 5425 1620 5478 et
1659 5422 1718 5479 in
1751 5422 1882 5480 aliis

241 5511 505 5569 ecclesiis
527 5516 930 5583 cooperatores
949 5508 1207 5567 habeant
1234 5508 1293 5565 in
1317 5508 1705 5569 celebratione
1735 5510 1881 5569 mis.

1995 4537 2172 4594 clesia
2193 4553 2369 4608 quam
2401 4533 3429 4607 dehonestaverunt,expellantur.De
3447 4534 3640 4591 eadem

1993 4642 2054 4683 re
2082 4625 2355 4682 exeodem
2408 4624 2643 4680 concilio
2690 4639 2809 4694 cap.
2864 4623 2917 4676 3.
2978 4622 3038 4678 Si
3096 4621 3253 4677 enim
3295 4622 3508 4679 domus
3541 4623 3637 4679 Dei

1992 4716 2182 4773 domus
2233 4714 2501 4771 orationis
2557 4710 2761 4783 (Matth.
2812 4711 2929 4781 xx1)
2984 4713 3247 4775 vocatur,
3300 4709 3411 4767 hoc
3467 4711 3641 4768 debet

1993 4819 2121 4861 esse
2153 4802 2307 4876 quod
2342 4801 2579 4870 dicitur,
2610 4816 2716 4856 nec
2749 4798 2829 4855 ibi
2862 4796 3021 4853 aliud
3054 4797 3224 4853 debet
3253 4798 3377 4871 geri
3416 4802 3517 4854 aut
3549 4814 3639 4854 re-

1994 4892 2186 4949 condi.
2215 4890 2323 4947 Ubi
2350 4890 2506 4947 enim
2550 4905 2764 4961 corpus
2813 4886 3044 4943 Domini
3097 4889 3491 4956 consecratur,
3539 4887 3639 4944 ubi

1990 4978 2336 5053 angelorum
2366 4977 2677 5051 presentia
2745 4992 2859 5031 non
2908 4973 3212 5030 dubitatur
3257 4975 3484 5048 adesse,
3536 4976 3637 5033 ubi

1993 5071 2332 5127 sanctorum
2357 5065 2613 5138 reliquias
2635 5063 2945 5121 reconditae
2966 5068 3319 5120 venerantur
3347 5080 3455 5120 nec
3475 5064 3637 5137 quid-

1992 5174 2168 5229 quam
2202 5156 2581 5211 inhonestum
2615 5156 2909 5224 appareat,
2964 5152 3117 5223 quod
3152 5152 3353 5208 oculos
3382 5155 3454 5209 ad
3504 5169 3636 5209 ora-

1990 5245 2191 5303 culum
2221 5241 2581 5299 venientium
2615 5240 2892 5309 oil'endat,
2943 5256 3015 5295 ne
3046 5238 3187 5311 quid
3233 5240 3501 5296 videatur
3550 5241 3630 5296 ibi

1992 5334 2149 5406 quod
2181 5334 2251 5390 ad
2284 5332 2513 5388 lucrum
2545 5328 2867 5403 temporale
2920 5328 3228 5400 pertineat,
3280 5329 3380 5383 sed
3434 5328 3633 5385 omnia

1992 5428 2195 5482 sancta
2253 5421 2452 5479 omnia
2502 5419 2746 5489 munda,
2778 5422 2833 5474 et
2878 5417 3284 5472 tantummodo
3330 5416 3401 5472 ad
3444 5418 3630 5476 eccle-

1992 5513 2295 5571 siasticum
2320 5508 2779 5567 ministererium
2811 5503 3177 5578 pertinentia.
3642 5516 3656 5531 ε
