3970 6058
331 211 439 266 215

406 406 470 459 in
498 404 655 461 domo
686 422 787 462 sua
838 408 1060 475 habere,
1089 404 1283 465 missas
1339 417 1531 465 autem
1576 411 1658 466 ibi
1697 427 1807 466 non
1855 412 1975 467 licet

416 475 718 533 celebrare.
744 482 829 535 Ea:
855 479 1092 535 concilio
1120 482 1329 549 Auret.,
1360 497 1482 552 cap.
1516 482 1570 536 3.

406 564 507 635 (De
534 581 710 636 cons.,
742 564 869 622 dist.
904 568 927 621 1
966 583 1013 623 c.
1069 568 1418 639 Unicuique).
1467 568 1796 641 Unicuique
1840 569 1983 626 fide-

338 652 487 710 lium
517 652 577 709 in
610 656 785 710 domo
814 672 923 710 sua
968 656 1286 710 oratorium
1328 656 1463 712 licet
1514 657 1751 727 habere,
1800 662 1857 713 et
1904 658 1984 714 ibi

337 756 526 810 orare,
566 742 780 799 missas
812 746 1003 798 autem
1034 742 1113 798 ibi
1143 742 1436 799 celebrare
1466 762 1580 800 non
1612 745 1766 802 licet.

334 846 466 904 CAP.
497 848 587 905 77.
617 878 688 888 --
719 849 1017 904 Canticum
1053 850 1405 907 luxuriosum
1453 854 1605 907 circa
1652 853 1910 908 ecclesias
1934 862 1986 909 et

403 918 554 995 atria
568 920 806 995 omnino
828 920 1236 995 prohibendum
1258 927 1354 977 est.
1388 924 1471 978 Ex
1490 925 1725 979 concilio
1744 929 1982 995 Mogun-

406 990 580 1044 tiensi
600 1005 639 1058 ι,
660 1006 782 1060 cap.
815 990 911 1044 48.

401 1075 709 1131 Canticum
740 1079 912 1148 turpe
966 1082 1144 1149 atque
1195 1079 1564 1137 luxuriosum
1618 1083 1770 1139 circa
1800 1082 1982 1140 eccle-

327 1161 468 1232 aias,
505 1164 677 1234 atque
725 1163 787 1220 in
819 1165 991 1221 atriis
1046 1165 1306 1223 ecclesiae
1349 1170 1588 1226 omnino
1638 1172 1985 1228 contradici-

327 1264 484 1318 mus,
518 1251 675 1322 quod
707 1252 931 1325 ubique
961 1254 1269 1311 vitandum
1300 1261 1410 1313 est.

330 1357 460 1433 CAP.
492 1356 581 1433 78_.
612 1387 683 1399 -—-
711 1358 1035 1415 Sanctorum
1056 1363 1318 1433 reliquias
1358 1364 1418 1419 in
1467 1369 1728 1423 oratoriis
1762 1367 1980 1422 villari-

405 1427 503 1483 bus
527 1429 646 1509 sine
667 1432 966 1509 prasentia
1003 1427 1196 1509 clerici
1216 1437 1565 1504 parochiani,
1596 1455 1708 1494 non
1739 1454 1851 1494 esse
1875 1454 1979 1509 po-

402 1498 631 1554 nendas.
657 1498 741 1556 Ea:
762 1502 995 1558 concilio
1024 1498 1364 1575 Epaunensz,
1395 1525 1516 1579 cap.
1546 1498 1638 1563 25.

399 1586 750 1645 Sanctorum
808 1589 1070 1662 reliquiae
1104 1591 1163 1647 in
1197 1595 1469 1651 oratoriis
1515 1596 1823 1652 villaribus
1861 1613 1977 1653 non

1418 222 1487 272 D.
1529 220 1771 273 IVONIS
1808 219 2311 278 CARNOTENSIS
2348 226 2666 283 EPISCOPI

334 334 464 409 CAP.
495 335 585 409 7_6.
620 364 689 376 —
719 336 870 409 Quod
894 339 1197 409 unicuique
1216 338 1476 409 ﬁdelium
1514 340 1639 395 licet
1670 342 1974 395 oratorium
2003 343 2057 409 Α

3637 235 3754 290 216

2083 342 2228 400 Nam
2278 346 2394 402 illis
2446 350 2810 420 temporibus
2868 352 3091 410 caeteris
3120 353 3394 411 homines
3443 356 3570 414 sive
3609 358 3756 431 igne

2096 433 2410 503 combusti,
2442 436 2562 492 sive
2594 454 2797 494 acervo
2824 438 3089 512 lapidum
3118 442 3332 513 sepulti
3356 450 3515 501 sunt.

2093 539 2227 596 CAP.
2260 542 2349 617 84,
2382 573 2449 617 -έ-
2481 544 2557 598 De
2585 545 2701 599 illis
2731 546 2827 617 qui
2855 546 3088 603 Domum
3134 550 3233 604 Dei
3273 552 3747 617 contemptibilem

2303 614 2540 683 faciunt.
2577 620 2660 671 Ea:
2690 614 2919 674 concilio
2950 618 3282 691 Gangrensi,
3314 638 3437 693 cap.
3468 614 3520 679 5.

2165 700 2328 771 (Dist.
2360 702 2450 769 30,
2481 720 2527 758 c.
2550 703 2614 759 Si
2641 707 2764 776 quis
2790 705 2988 776 docet.)
3016 708 3077 763 Si
3109 709 3246 780 quis
3287 710 3456 766 docet
3493 712 3741 770 domum

2097 787 2192 842 Dei
2224 792 2788 863 comptemptibilem
2819 811 2968 862 esse,
3006 801 3063 853 et
3092 802 3415 854 conventus
3448 801 3549 871 qui
3579 800 3640 856 in
3671 819 3743 858 ea

2092 875 2800 951 celebrantuﬂanathema
2829 883 2927 939 sit.

2091 964 2225 1020 CAP.
2258 966 2346 1021 85.
2378 968 2575 1047 -—_Qui
2601 971 2929 1047 faciendum
2943 974 3015 1029 sit
3042 976 3292 1047 episcopo
3321 978 3421 1047 qui
3439 977 3741 1034 ecclesiam

2160 1052 2258 1106 per
2304 1040 2601 1113 saeculares
2663 1045 2953 1113 potestates
3019 1040 3343 1102 obtinuerit:
3403 1051 3485 1103 Ex
3534 1065 3746 1106 canone

2161 1108 2550 1179 apostolorum,
2582 1108 2704 1183 cap.
2736 1113 2797 1169 3t
2814 1155 2827 1169 .

2162 1195 2272 1266 (t6,
2304 1214 2355 1270 q.
2386 1198 2442 1265 7,
2475 1198 2541 1254 Si
2580 1202 2706 1272 quis
2738 1204 3059 1275 episcopus.)
3117 1204 3176 1259 Si
3234 1205 3369 1277 quis
3424 1207 3741 1281 episcopus

2090 1284 2470 1343 saecularibus
2500 1291 2893 1359 potestatibus
2923 1309 3069 1349 usus
3107 1293 3411 1351 ecclesiam
3443 1313 3547 1367 per
3576 1297 3738 1370 ipsas

2089 1373 2365 1443 obtineat,
2397 1376 2724 1448 deponatur
2779 1384 2837 1435 et
2883 1385 3247 1453 segregetur,
3281 1400 3605 1457 omnesque
3634 1385 3738 1458 qui

2087 1460 2174 1517 illi
2203 1463 2663 1519 communicant.

2087 1550 2221 1606 CAP.
2254 1551 2343 1632 8β.
2372 1582 2442 1632 _—
2476 1552 2878 1632 Quiagendum
2894 1557 2967 1632 sit
2995 1556 3062 1613 de
3076 1558 3411 1632 presbytero,
3437 1561 3531 1632 qui
3555 1562 3735 1618 alium

2158 1623 2542 1702 presbyterum
2557 1623 2866 1702 deecclesia
2885 1628 2963 1702 ad
2982 1623 3147 1702 quam
3168 1623 3425 1702 legitime
3439 1623 3736 1690 ordinatus

326 1679 646 1748 ponantur,
670 1676 785 1734 nisi
809 1679 1053 1735 forsitan
1075 1680 1355 1738 clericum
1383 1685 1672 1757 cujusque
1692 1686 1979 1757 parochias
2011 1703 2057 1767 Β
2156 1676 2255 1774 est,
2300 1676 2399 1775 per
2434 1676 3092 1775 pedgiiiizbiﬁbitlieﬁi
3122 1676 3206 1756 lix
3220 1676 3476 1759 ='co'rvzcili‘o
3503 1676 3732 1775 Magni:

322 1763 582 1821 vicinum
613 1782 742 1821 esse
772 1767 1095 1840 contingat,
1130 1770 1231 1840 qui
1278 1773 1461 1828 sacris
1494 1773 1837 1845 pignoribus
1869 1774 1976 1845 [ci-

318 1852 580 1924 naribus]
614 1853 908 1926 psallendi
943 1856 1277 1928 frequentia
1310 1859 1649 1918 famulatur.

314 1962 445 2039 CAP.
475 1961 571 2039 79ἶ
586 1989 668 2039 _—-
698 1961 859 2017 Sedes
889 1964 1268 2039 episcoporum
1292 1966 1363 2021 ad
1384 1970 1673 2025 securiore
1704 1969 1821 2023 loca
1847 1984 1977 2039 pro-

386 2038 511 2109 pter
537 2031 783 2109 diversas
796 2031 1159 2109 necessitates
1179 2052 1334 2108 posse
1372 2041 1694 2107 transferri.
1719 2041 1802 2094 Ex
1829 2031 1976 2109 regi-

388 2100 503 2176 stre
544 2100 806 2176 Gregorii
847 2119 1034 2176 papae,
1086 2100 1460 2165 ad'Joannem
1512 2100 1975 2167 Bellitranensém

390 2171 705 2244 episcopum
734 2173 805 2244 (l.
832 2171 891 2245 ἡ,
923 2171 1091 2247 epist.
1129 2178 1237 2249 11).

392 2259 508 2331 (17,
531 2278 584 2334 q.
620 2262 673 2329 1,
706 2278 752 2318 c.
810 2265 1127 2337 Temporis).
1173 2267 1529 2339 Temporum
1581 2273 1836 2343 qualitas
1875 2280 1978 2335 ad-

324 2350 874 2423 monetepisccpum
899 2354 1069 2410 sedes
1093 2355 1420 2426 antiquitus
1441 2360 1616 2416 certis
1639 2362 1975 2424 civitatibus

323 2438 776 2508 constitutas,ad
804 2440 1075 2513 alia,qute
1097 2445 1395 2501 securiora
1411 2456 1690 2518 putamus
1709 2454 1975 2524 ejusdem

322 2525 640 2583 dimceseos
692 2527 819 2584 loca
867 2532 1271 2602 transponere,
1305 2550 1421 2604 quo
1465 2540 1521 2591 et
1559 2536 1861 2600 habitores
1883 2561 1973 2600 se-

319 2612 523 2672 curius
579 2615 812 2688 degere,
874 2621 933 2673 et
989 2619 1362 2677 barbaricum
1422 2626 1614 2695 possit
1642 2631 1973 2700 periculum

316 2701 554 2759 facilius
585 2703 889 2760 declinari.
924 2706 1237 2778 Propterea
1282 2714 1337 2766 te
1382 2711 1672 2771 Joannem
1731 2719 1971 2778 fratrem

321 2790 853 2863 coepiscopumque
892 2798 1159 2851 nostrum
1201 2796 1646 2859 Bellitranensis
1693 2806 1968 2878 civitatis,

316 2879 638 2951 sedemque
674 2882 863 2948 tuam,
894 2880 951 2936 in
977 2881 1102 2939 loco
1151 2884 1254 2956 qui
1300 2888 1631 2958 appellatur
1658 2896 1867 2952 Renati
1895 2900 1969 2955 ad

313 2968 586 3022 sanctum
615 2967 908 3023 Andream
952 2970 1286 3041 apostolum
1338 2977 1714 3049 praecipimus
1761 2985 1969 3042 exinde

2159 1765 2324 1819 tiensi
2350 1766 2605 1836 secundo,
2635 1784 2758 1840 cap.
2790 1770 2845 1826 5.

2157 1852 2502 1924 Quicunque
2532 1857 2838 1928 presbyter
2868 1874 2973 1929 per
3002 1860 3259 1932 pretium
3302 1862 3608 1920 ecclesiam
3636 1864 3733 1920 fu-

2086 1940 2196 1995 erit
2225 1941 2471 2013 adeptus
2514 1945 2749 2014 quando
2800 1950 3004 2003 contra
3062 1949 3472 2007 ecclesiasticae
3522 1953 3736 2025 regulas

2086 2027 2459 2101 disciplinam
2497 2048 2665 2101 agere
2696 2033 3088 2109 dignoscitur,
3120 2041 3178 2093 et
3208 2038 3309 2110 qui
3351 2038 3534 2095 alium
3573 2058 3742 2114 pres-

2084 2117 2353 2186 byterum
2385 2118 2649 2191 legitime
2680 2123 2751 2178 ad
2786 2124 3089 2181 ecclesiam
3121 2127 3463 2185 ordinatum
3496 2145 3601 2201 per
3649 2147 3746 2203 pe-

2085 2206 2321 2262 cuniam
2355 2208 2668 2280 exPulerit,
2701 2226 2954 2284 eamque
2985 2213 3095 2270 sibi
3120 2215 3317 2272 taliter
3332 2216 3740 2290 vindicaverit,

2085 2294 2443 2352 omnimodis
2475 2298 2825 2370 deponatur.

2084 2382 2216 2439 CAP.
2248 2384 2338 2440 87.
2370 2386 2536 2467 —_Ut
2560 2386 2701 2467 laici
2742 2388 3089 2467 presbyteros
3117 2391 3183 2446 de
3218 2392 3461 2467 ecclesiis
3487 2410 3595 2450 non
3626 2398 3728 2467 eji-

2413 2458 2582 2513 ciant.
2623 2458 2705 2512 Ex
2732 2458 2919 2514 eodem
2942 2477 3116 2529 conc.,
3148 2479 3269 2534 cap.
3301 2465 3392 2521 29.

2154 2542 2228 2598 Ut
2278 2542 2413 2600 laici
2470 2547 2842 2618 presbyteros
2895 2565 3011 2603 non
3070 2549 3308 2621 ejiciant
3338 2552 3410 2607 de
3439 2552 3727 2624 ecclesiis,

2080 2646 2270 2703 neque
2294 2633 2657 2691 constituant
2672 2636 2798 2692 sine
2821 2653 3113 2694 consensu
3140 2638 3553 2712 episcoporum
3582 2661 3723 2699 suo-

2080 2736 2232 2777 rum.

2077 2809 2210 2867 CAP.
2243 2812 2334 2890 S8.
2359 2843 2433 2890 _—
2467 2812 2529 2868 Ut
2580 2813 2729 2890 nulli
2754 2815 2955 2890 absque
2982 2831 3247 2890 consensu
3276 2820 3517 2890 episc0pi
3546 2820 3715 2876 liceat

2146 2882 2463 2955 presbytero
2490 2885 2777 2940 ecclesiam
2804 2882 2938 2943 dare
2963 2888 3049 2943 vel
3076 2882 3324 2955 auferre:
3364 2882 3715 2947 Ex'concilio

2149 2952 2496 3009 Cabilonensi
2523 2971 2588 3025 ιι,
2616 2971 2739 3027 cap.
2772 2958 2862 3013 42.

314 3053 784 3126 transmigrare;
815 3040 1129 3127 quatenus,
1169 3064 1227 3115 et
1247 3062 1318 3117 ab
1339 3040 1690 3124 hostilitatis
1718 3040 1964 3130 incursu
1994 3061 2040 3131 C
2148 3040 2259 3131 (ᾤ’
2315 3045 2491 3131 (’17?
2540 3045 2825 3101 Inventum
2877 3049 3007 3116 αι’)
3061 3049 3366 3104 Inventum
3417 3054 3509 3106 est
3558 3050 3717 3121 quod

316 3140 559 3197 liberior
587 3142 834 3199 existere
862 3145 1082 3218 valeas;
1121 3152 1178 3203 et
1206 3149 1326 3206 illic
1348 3158 1838 3216 consuetudinem
1868 3179 1964 3219 so-

314 3228 605 3287 lemnium
635 3231 918 3288 festorum
950 3234 1249 3307 disponas.

318 3317 450 3376 CAP.
481 3319 572 3377 80.
604 3349 674 3361 —-
707 3321 912 3395 Tribus
940 3322 1010 3377 de
1037 3327 1220 3380 causis
1257 3327 1375 3383 loca
1421 3335 1745 3390 sanctorum
1772 3346 1963 3395 trans-

642 3392 914 3448 mutanda
941 3410 1075 3450 esse.
1099 3396 1268 3452 Divus
1286 3400 1641 3470 Augustinus.

388 3479 486 3550 (De
511 3495 682 3549 cons.,
734 3479 848 3535 dist
905 3482 954 3551 1,
1012 3500 1061 3538 c.
1117 3487 1317 3542 Tribus
1366 3504 1437 3544 ex
1478 3494 1701 3562 causis).
1747 3496 1959 3556 Tribus

314 3565 514 3622 causis
545 3566 672 3623 loca
698 3572 1040 3626 sanctorum
1081 3576 1533 3636 transmutanda
1561 3586 1720 3641 sunt.
1762 3583 1957 3644 Primo

313 3668 450 3709 cum
482 3655 799 3712 necessitas
832 3664 1271 3729 persecutorum
1301 3663 1427 3721 loca
1454 3683 1657 3726 eorum
1686 3687 1958 3744 gravave-

310 3739 407 3796 rit.
438 3744 706 3800 Secundo
736 3761 871 3800 cum
903 3745 1221 3805 difﬁcultas
1242 3748 1502 3811 locorum
1532 3739 1729 3817 fuerit.
1758 3762 1952 3820 Tertio

306 3844 444 3886 cum
475 3830 766 3888 malorum
797 3834 1073 3891 societate
1101 3844 1441 3909 gravantur.

300 3919 431 3975 CAP.
463 3919 554 3977 81.
583 3921 836 4006 —Quod
885 3924 946 3977 in
988 3927 1387 4006 translatione
1410 3937 1731 4006 martyrum
1777 3938 1950 3996 honor

540 4006 668 4046 cum
694 3992 775 4048 eis
796 3999 1176 4065 transmigrat.
1204 3999 1267 4053 D.
1310 3992 1703 4075 Hieronymus.

369 4077 703 4135 Notandum
734 4096 870 4137 cum
900 4085 1343 4142 transferuntur
1371 4089 1551 4163 aliqui
1585 4096 1653 4150 de
1686 4098 1949 4169 martyri-

298 4165 432 4235 bus,
464 4184 598 4224 cum
631 4169 725 4225 his
755 4169 944 4227 honor
972 4174 1359 4247 commigrat;
1394 4177 1526 4236 aliis
1569 4199 1701 4238 vero
1750 4165 1942 4242 trans-

296 4257 539 4312 mutatis
570 4258 757 4314 honor
786 4259 846 4315 in
878 4260 1026 4316 locis
1053 4278 1256 4320 eorum
1288 4282 1416 4323 esse
1447 4286 1560 4325 non
1587 4279 1797 4329 cessat.

294 4360 427 4418 ΟΑΡ.
459 4363 549 4419 82.
581 4394 649 4405 —-
682 4365 835 4444 Quod
890 4370 1123 4444 sanguis
1166 4375 1477 4444 martyrum
1516 4390 1795 4437 consecrat

362 4385 427 4418 ιιι.
459 4385 549 4419 oe.
581 4394 649 4405 —-
682 4385 834 4432 quoa
890 4385 1123 4439 sanguis
1166 4385 1477 4444 martyrum
1516 4390 1795 4437 consecrat
1854 4385 1939 4441 lo-

362 4449 510 4501 cum,
540 4449 649 4489 ncn
683 4434 833 4491 locus
853 4440 1206 4510 sanguinem.
1238 4444 1322 4498 Ea:
1350 4446 1517 4501 dictis
1552 4450 1864 4521 Augustini.
1971 4420 2018 4485 Β

365 4521 621 4593 Sanguis
654 4527 980 4595 martyrum
1032 4535 1334 4586 consecrat
1379 4532 1594 4604 locum,
1630 4555 1745 4595 non
1775 4542 1940 4600 locus

292 4608 669 4698 sanguinem.
718 4610 778 4666 Si
834 4612 1052 4685 aliquis
1109 4616 1304 4675 dixit:
1345 4621 1478 4679 Mea
1525 4630 1614 4681 est
1670 4631 1938 4698 ecclesia,

291 4696 452 4753 dices
481 4697 567 4753 illi
597 4699 753 4770 quod
784 4699 845 4755 in
866 4701 1102 4760 Cantico
1132 4706 1352 4778 legitur
1382 4725 1395 4765 :
1425 4713 1540 4767 Una
1571 4723 1652 4770 est
1681 4696 1938 4777 columba

291 4800 436 4853 mea,
467 4790 522 4841 et
553 4802 692 4842 unus
736 4787 967 4844 dilectus
1007 4807 1161 4847 meus
1192 4793 1374 4867 (Cant.
1406 4800 1507 4871 v1),
1530 4805 1589 4856 et
1609 4803 1770 4861 dices
1801 4806 1885 4862 illi
1919 4824 1934 4864 :

289 4874 571 4945 Apertum
597 4879 686 4932 est
708 4876 894 4933 filium
928 4879 1112 4935 occidi
1141 4881 1201 4937 in
1222 4883 1354 4939 sinu
1380 4889 1587 4946 matris
1617 4896 1675 4948 et
1691 4897 1937 4954 nutricis

289 4977 444 5031 sum;
476 4968 672 5020 tamen
704 4964 857 5022 scias
886 4967 1175 5025 nutricem
1217 4975 1447 5030 tantum
1489 4978 1776 5047 pollutam
1806 4999 1936 5043 esse

285 5067 392 5123 pro
413 5050 523 5107 hac
557 5052 873 5124 pollutione
895 5064 1319 5129 consecratam,
1347 5062 1529 5121 [ilium
1552 5073 1748 5126 autem
1772 5088 1931 5129 mor-

286 5144 416 5197 tum
450 5157 603 5198 esse.

409 5229 545 5288 CAP.
577 5231 667 5287 83.
711 5262 770 5272 —-
800 5232 948 5289 Unde
976 5233 1123 5291 dicta
1152 5238 1223 5292 sit
1255 5238 1503 5297 basilica.
1537 5244 1794 5305 Isidorus.

355 5318 626 5376 Basileon
666 5320 999 5378 Graecorum
1043 5339 1144 5380 rex
1171 5331 1315 5385 erat.
1350 5328 1498 5385 Hinc
1529 5334 1742 5391 etenim
1774 5337 1929 5394 basi-

279 5404 419 5496 lica,
441 5408 678 5482 regalis,
705 5410 846 5482 quia
885 5409 947 5467 in
988 5412 1198 5484 primis
1221 5417 1588 5489 temporibus
1612 5438 1778 5496 reges
1798 5428 1927 5484 tan-

280 5494 413 5549 tum
443 5498 882 5570 sepeliebantur
929 5499 991 5558 in
1041 5516 1125 5561 ea.
1164 5504 1296 5563 Ideo
1328 5522 1543 5566 nomen
1574 5494 1783 5572 sortita
1812 5506 1945 5577 est.

2076 3129 2246 3184 multi
2275 3130 2498 3186 arbitrii
2526 3132 2619 3186 sui
2647 3133 2997 3203 temeritate,
3029 3140 3086 3191 et
3114 3136 3294 3207 (quod
3330 3142 3419 3194 est
3446 3139 3712 3209 gravius)

2071 3217 2230 3272 ducti
2274 3218 2617 3291 cupiditate,
2663 3222 3022 3295 presbyteris
3052 3224 3439 3297 quibuslibet,
3492 3227 3716 3299 absque

2070 3323 2360 3365 consensu
2393 3309 2798 3381 episcoporum
2831 3328 3075 3368 suorum
3107 3313 3385 3372 ecclesias
3432 3317 3597 3383 dant,
3627 3317 3715 3373 vel

2069 3396 2361 3454 auferunt.
2397 3397 2559 3453 Unde
2589 3403 2813 3469 oportet
2844 3404 2910 3455 ut
2941 3401 3225 3458 canonica
3243 3404 3446 3475 regula
3465 3409 3711 3475 servata,

2067 3484 2267 3540 nullus
2297 3486 2521 3557 absque
2541 3502 2831 3544 consensu
2883 3490 3143 3563 episcopi
3194 3491 3439 3548 cuilibet
3470 3494 3713 3566 presby-

2064 3574 2189 3628 tero
2220 3572 2523 3630 ecclesiam
2556 3576 2672 3631 det.
2704 3574 2892 3640 Quam
2940 3576 2992 3633 si
3034 3578 3199 3648 juste
3230 3580 3479 3652 adeptus
3516 3582 3708 3653 fuerit,

2061 3660 2216 3719 hanc
2245 3663 2481 3719 nonnisi
2511 3662 2686 3735 culpa
2711 3663 2895 3736 gravi,
2926 3668 2984 3721 et
3010 3682 3207 3723 coram
3230 3669 3502 3742 episcopo
3529 3686 3707 3727 cano-

2061 3751 2195 3808 nica
2220 3752 2524 3808 severitate
2554 3752 2810 3812 amittat.

2058 3857 2191 3936 CAP.
2220 3858 2314 3936 _8_9.
2345 3889 2413 3899 —
2446 3860 2508 3915 Ut
2537 3858 2733 3936 nullus
2761 3877 2801 3916 a
2827 3862 3145 3936 presbytero
3178 3873 3401 3936 propter
3421 3882 3701 3923 commen-

2127 3929 2414 4008 dationem
2440 3930 2680 4008 ecclesia
2703 3929 2906 3986 manus
2927 3929 3140 4008 aliquot
3162 3929 3367 4008 exigat.
3399 3937 3481 3991 Ex
3509 3941 3670 3994 conci
3678 3969 3700 3980 -

2125 4001 2253 4055 cilio
2282 4001 2645 4071 Maguntiensi
2672 4018 2734 4073 ιι,
2764 4017 2888 4074 cap.
2922 4004 3011 4059 30.

2126 4086 2201 4143 Ut
2230 4088 2431 4144 nullus
2460 4090 2700 4145 omnino
2736 4107 2983 4147 munera
3030 4094 3225 4166 exigat
3269 4112 3302 4151 a
3347 4096 3705 4169 presbyteris

2053 4180 2292 4247 propter
2321 4178 2888 4234 commendationem
2920 4179 3203 4237 ecclesias.

2051 4264 2176 4321 CAP.
2199 4266 2297 4345 _90_.
2332 4296 2398 4345 -τ-
2429 4265 2961 4345 Quoddeponendus
2990 4274 3069 4345 est
3082 4272 3371 4343 presbyter
3399 4275 3499 4345 qui
3525 4276 3703 4331 alicui

2120 4335 2220 4419 uel
2238 4337 2438 4419 clericq
2465 4339 2544 4392 vel
2575 4335 2715 4419 laico
2741 4355 2838 4419 pro
2868 4335 3197 4397 investz't'ura
3212 4335 3459 4419 ecclesia?
3480 4348 3703 4419 aliquid

2119 4406 2350 4462 dederit.
2380 4409 2464 4462 Ea:
2490 4423 2639 4465 conc.
2671 4410 3021 4480 Rothomag.,
3053 4429 3174 4485 cap.
3208 4416 3263 4469 5.

2119 4496 2421 4551 Sancitum
2455 4500 2544 4551 est
2573 4502 2745 4568 atque
2774 4499 3051 4555 omnibus
3095 4503 3275 4560 modis
3306 4504 3691 4575 prohibitum.

2046 4586 2111 4638 ut
2141 4583 2191 4638 si
2222 4583 2690 4656 quisfpresbyter
2720 4586 2996 4643 inventus
3046 4589 3225 4646 fuerit
3273 4591 3446 4647 alicui
3476 4592 3691 4650 clerico

2046 4676 2148 4726 aut
2176 4670 2325 4727 laico
2358 4689 2604 4729 munera
2651 4675 2790 4730 dare
2835 4680 2938 4732 aut
2983 4677 3237 4743 dedisse.
3289 4685 3390 4735 aut
3429 4682 3691 4753 aliquam

2047 4759 2269 4831 [aliam]
2298 4761 2608 4833 pecuniam
2639 4762 2919 4833 tribuere,
2960 4769 3027 4820 ut
3074 4765 3319 4823 alterius
3368 4771 3690 4842 presbyteri

2045 4848 2352 4905 ecclesiam
2384 4854 2692 4907 vacantem
2725 4852 2908 4923 pretio
2936 4853 3185 4910 redimat
3218 4873 3231 4911 :
3266 4873 3370 4928 pro
3402 4857 3509 4913 hac
3533 4860 3696 4931 cupi-

2045 4937 2227 4994 ditate
2248 4954 2351 4994 seu
2386 4939 2612 5011 rapina,
2655 4956 2759 4996 seu
2809 4943 3289 5015 praesumptione,
3321 4947 3514 5018 turpis
3543 4945 3693 5003 lucri

2043 5025 2252 5095 gratia,
2316 5026 2625 5097 dejiciatur
2681 5045 2715 5084 a
2771 5029 2948 5099 clero,
3009 5035 3067 5087 et
3115 5031 3343 5089 alienus
3399 5034 3609 5091 existat
3658 5054 3692 5093 a

2041 5113 2265 5185 regula.

2039 5203 2167 5259 CAP.
2193 5204 2283 5259 91.
2312 5234 2381 5245 -
2412 5206 2475 5261 Ut
2498 5206 2812 5276 presbyteri
2843 5222 2954 5333 fer
2993 5212 3288 5280 parochias
3305 5213 3553 5283 feminas
3572 5215 3689 5270 ad-

2108 5281 2369 5330 moneant
2397 5280 2459 5331 ut
2485 5276 2556 5331 ad
2583 5278 2789 5333 altaria
2868 5281 3175 5333 inteamina
3222 5290 3567 5333 nrmnarent.
3604 5287 3686 5333 Ea:

2108 5281 2369 5355 moneant
2386 5280 2459 5355 ut
2485 5276 2556 5331 ad
2583 5278 2789 5355 altaria
2843 5276 3175 5355 linteamina
3219 5276 3567 5355 praeparent.
3602 5287 3686 5342 Ea:

2111 5346 2347 5401 concilio
2376 5347 2647 5417 Remensi,
2678 5365 2799 5421 cap.
2832 5350 2886 5407 4.

2107 5431 2179 5490 Ut
2196 5433 2521 5506 presbyteri
2552 5402 2656 5508 per
2684 5402 2886 5510 plebe—sv
2914 5456 3054 5498 suas
3075 5441 3333 5516 feminis,
3362 5402 3688 5518 praedicent

2037 5526 2104 5578 ut
2131 5519 2475 5581 linteamina
2500 5524 2562 5581 in
2595 5526 2805 5584 altaria
2832 5535 3180 5603 praparent.
