3982 6060
165 274 289 329 217

1152 269 1463 322 DECBETI
1504 266 1691 320 PARS
1727 263 1827 318 III.
1857 286 1926 302 -
1955 261 2052 315 DE
2089 262 2451 329 ECCLESIA,
2494 264 2651 318 ETC.

3498 263 3602 319 218

167 403 313 455 CAP.
347 397 438 475 92.
460 396 640 475 _—-_Ut
678 389 1326 475 episcopiupravitleant
1372 407 1531 475 quem
1558 390 1845 475 'honorenm
1874 386 1930 454 Α
1957 384 2121 475 duda
2154 384 2247 453 sit,
2283 385 2379 458 qui
2413 403 2609 442 sacras
2641 387 2966 444 oblationes
3001 389 3342 461 asportabat
3370 392 3428 446 et
3456 390 3608 447 fura-

242 468 561 593 presbgteri
602 460 719 537 pro'
751 460 996 548 ecclesiis
1023 464 1266 520 dominis
1313 460 1429 519 suis
1476 461 1729 519 debeant.
1764 460 1847 514 Ex

246 542 414 593 conci
441 541 491 593 io
523 538 864 593 Arelatensi.
898 552 1026 593 can.
1060 536 1112 589 3.

246 536 491 597 concilio
523 536 864 602 Arelatensi,
898 552 1026 608 cap.
1060 536 1112 589 3.

252 648 334 703 Ut
364 644 624 717 episcopi
664 642 1044 715 pravideant,
1076 657 1249 713 quem
1287 640 1570 697 honorem
1604 638 1843 711 presby-

172 738 292 793 teri
328 752 432 807 pro
460 732 727 789 ecclesiis
756 731 1012 787 dominis
1043 730 1170 786 suis
1204 730 1471 785 debeant.

170 857 323 909 CAP.
345 850 436 904 93.
460 879 527 889 —
553 849 616 904 Ut
642 848 835 902 nullus
863 845 1152 918 presbyter
1178 846 1249 901 ad
1279 846 1571 901 introitum
1602 844 1846 918 ecclesia

285 922 469 994 pretia
493 920 674 976 donet.
699 921 783 974 Ex
808 916 1048 975 concilio
1068 918 1477 987 Aurelianensi,
1499 932 1621 988 cap.
1652 916 1735 969 tO.

246 1036 327 1091 Ut
358 1034 559 1091 nullus
602 1034 910 1107 presbyter
939 1032 1011 1089 ad
1049 1032 1355 1089 introitum
1390 1031 1646 1089 ecclesia
1677 1030 1847 1086 xenia

171 1126 382 1181 donet

167 1240 313 1296 CAP.
347 1239 442 1295 94.
463 1269 531 1280 -
554 1237 713 1305 Quod
739 1236 966 1309 pradia
996 1251 1121 1307 quae
1148 1236 1437 1309 presbyter
1454 1238 1649 1291 emerit
1678 1235 1843 1309 eccle-

240 1312 346 1366 sia
375 1326 492 1365 esse
518 1306 844 1374 debent,'ad
874 1306 1042 1380 quain
1070 1306 1218 1363 nihil
1250 1307 1455 1361 habens
1482 1308 1729 1363 accessit.
1763 1306 1845 1361 Ex

245 1382 491 1438 concilio
522 1382 797 1447 Remensi,
829 1396 958 1451 cap.
988 1380 1044 1433 6.

246 1480 735 1552 Investigandum
778 1482 888 1548 est,
924 1478 972 1534 si
1024 1476 1173 1533 nihil
1225 1476 1566 1549 patrimonii
1615 1475 1843 1531 habens

168 1569 489 1642 presbyter
516 1568 752 1641 quando
785 1570 1097 1640 provectus
1127 1570 1217 1621 est
1254 1566 1324 1620 ad
1357 1565 1625 1621 ordinem
1658 1564 1840 1619 eccle-

171 1658 520 1724 siasticum,
552 1660 757 1729 postea
795 1655 999 1711 emerit
1046 1653 1284 1725 pradia,
1316 1654 1487 1724 cujus
1514 1652 1666 1721 juris
1698 1654 1839 1724 sint,

170 1745 463 1817 quoniam
496 1743 753 1800 ecclesia
785 1744 855 1798 ad
903 1759 1084 1814 quam
1115 1743 1186 1797 de
1218 1741 1363 1797 nihil
1410 1741 1650 1796 babenti
1702 1758 1841 1813 pro-
1868 1752 1917 1819 Β

167 1837 378 1889 motus
422 1836 531 1900 est,
566 1848 695 1887 esse
728 1831 967 1898 debent,
989 1830 1162 1901 juxta
1206 1828 1551 1886 canonicam
1584 1830 1839 1885 auctori-

170 1924 390 1977 tatem.

238 2009 381 2067 GAP.
411 2009 504 2067 95.
531 2039 600 2051 —-
630 2008 703 2066 De
730 2009 925 2065 eadem
957 2010 1153 2134 regis:
1180 2008 1413 2064 concilio
1442 2007 1761 2077 Agathensi,

885 2096 1015 2134 can.
1125 2122 1137 2134 .

885 2096 1015 2152 cap.
1045 2096 1137 2136 ea.

239 2170 353 2238 (12,
386 2187 439 2240 q.
472 2169 524 2236 4,
555 2183 607 2226 e.
638 2167 982 2241 Presbyter.)
1016 2168 1325 2240 Presbyter
1362 2183 1496 2223 cum
1531 2167 1832 2223 dimcesim

170 2262 361 2328 tenet,
394 2257 466 2313 de
495 2256 590 2314 his
619 2273 747 2329 qua
784 2257 992 2313 emerit
1023 2258 1094 2313 ad
1129 2256 1383 2313 ecclesia
1429 2272 1641 2312 nomen
1690 2256 1831 2312 scri-

169 2352 412 2419 pturam
444 2347 639 2417 faciat,
672 2349 737 2401 ut
768 2346 841 2401 ab
871 2346 1001 2417 ejus
1031 2362 1210 2417 quam
1256 2350 1419 2401 tenet
1448 2344 1707 2401 ecclesia
1737 2362 1828 2400 or-

173 2436 479 2492 dinatione
508 2452 624 2492 non
657 2434 941 2491 discedat.

169 2559 313 2617 (ῙΑΡ.
347 2559 439 2613 96.
464 2560 925 2642 —.Ut.episcopi,
944 2559 1273 2630 presbyteri,
1306 2559 1558 2642 diaconi,
1592 2560 1679 2642 uel
1708 2560 1831 2642 qui-

243 2645 461 2702 cunque
499 2629 699 2713 cleﬁci
744 2629 981 2713 praelia,
1009 2629 1127 2713 qua
1168 2632 1635 2713 compararier-int,
1676 2634 1830 2713 post-

244 2701 415 2773 quam
444 2701 515 2756 ad
544 2701 793 2773 aliquam
834 2701 1119 2773 ecclesiam
1161 2701 1371 2756 titulati
1414 2705 1559 2769 sunt,
1591 2702 1835 2773 ecclesia

240 2772 565 2844 relinquere
592 2772 854 2834 debeant;
881 2772 1056 2844 dehis
1079 2777 1263 2828 autem
1286 2786 1415 2844 qua
1438 2773 1568 2843 jure
1592 2772 1834 2844 haeredi-

245 2843 419 2913 tario,
460 2844 543 2900 vel
593 2844 910 2914 aliquorum
951 2843 1250 2914 largitione
1296 2843 1590 2900 habuerint
1635 2843 1707 2898 ad
1738 2860 1833 2899 vo-

250 2917 525 3040 lunlaigm
572 2930 734 2971 suam
778 2914 1088 2987 disponant.
1123 2916 1208 2970 Ea:
1251 2930 1400 2971 conc.
1456 2914 1711 2985 Carthag.
1746 2931 1832 2985 ιιι,

250 3003 371 3040 can.
480 3028 493 3040 .

247 3003 371 3058 cap.
405 3003 493 3041 λιν.

250 3052 366 3163 (ίέ,
397 3108 450 3162 q.
482 3091 536 3162 3,
570 3107 619 3146 c.
668 3091 936 3161 Placuit.)
985 3090 1212 3148 Placuit
1259 3095 1323 3147 ut
1368 3091 1648 3164 episcopi,
1697 3108 1828 3163 pre-
1863 3079 1907 3145 C

176 3179 419 3252 sbyteri,
442 3179 698 3247 diaconi,
722 3178 811 3235 vel
842 3178 1177 3251 quicunque
1207 3179 1403 3235 clerici
1425 3180 1526 3252 qui
1555 3180 1704 3236 nihil
1734 3181 1835 3236 ha-

177 3268 387 3324 bentes
418 3268 785 3335 ordinantur,
820 3272 877 3322 et
909 3274 1168 3341 tempore
1197 3269 1575 3341 episcopatus
1603 3269 1690 3324 vel
1720 3268 1835 3325 cle-

178 3356 404 3412 ricatus
421 3356 538 3423 sui,
554 3372 724 3427 agros
741 3355 828 3411 vel
847 3372 1211 3428 quacunque
1232 3357 1453 3429 praedia
1468 3358 1560 3412 sui
1582 3357 1836 3413 nominis

179 3449 528 3516 comparant
538 3448 823 3516 tanquam
843 3461 1039 3500 rerum
1053 3445 1495 3501 Dominicarum
1512 3445 1837 3501 invasionis

179 3532 429 3589 crimine
476 3536 789 3588 teneantur
833 3532 1233 3601 obnoxii,nisi
1283 3534 1354 3589 ad
1406 3534 1713 3590 ecclesiam
1763 3534 1837 3589 ad

180 3637 361 3693 quam
381 3619 599 3675 titulati
621 3624 781 3683 sunt.
798 3621 1001 3677 eadem
1021 3622 1151 3693 ipsa
1172 3622 1550 3678 contulerint.
1565 3622 1621 3676 Si
1640 3627 1835 3677 autem

177 3709 329 3781 ipsis
358 3708 599 3780 propria
640 3708 989 3764 liberalitate
1019 3708 1295 3781 alicujus,
1317 3710 1407 3766 vel
1464 3710 1837 3766 successione

176 3795 569 3868 cognationis,
596 3794 820 3867 aliquid
851 3797 1127 3865 evenerit,
1152 3798 1371 3854 iaciant
1400 3798 1535 3854 inde
1556 3798 1710 3870 quod
1741 3813 1837 3853 ve-

175 3884 306 3939 lint.
330 3888 411 3939 De
440 3883 627 3938 eadem
650 3900 729 3940 re.
752 3886 835 3940 Ex
854 3885 1036 3941 eodem
1059 3902 1188 3958 cap.
1213 3888 1303 3942 48.
1332 3886 1405 3942 Ut
1428 3886 1837 3959 unusquisque

176 3972 483 4043 presbyter
512 3987 604 4027 res
636 3988 784 4042 quas
816 3976 950 4043 post
972 3974 1127 4030 diem
1152 3974 1613 4031 consecrationis
1641 3974 1835 4046 acqui-

178 4060 364 4125 sierit,
399 4058 647 4130 propria
675 4059 930 4116 ecclesia
961 4060 1279 4135 relinquat.
1307 4068 1386 4119 De
1414 4063 1611 4118 eadem
1639 4079 1719 4118 re.
1744 4066 1837 4117 Ea:

174 4162 325 4202 conc.
362 4146 640 4202 Toletano.
671 4150 954 4203 Caeterum
995 4150 1319 4222 presbyter,
1353 4149 1403 4206 si
1437 4154 1570 4222 post
1601 4151 1833 4206 ordina-

174 4236 397 4290 tionem
428 4234 644 4305 aliquid
700 4235 1060 4306 acquisierit,
1092 4238 1240 4294 illud
1274 4239 1707 4294 observandum
1748 4244 1837 4295 est

177 4323 336 4395 quod
368 4322 429 4377 in
462 4323 789 4379 canonibus
811 4325 883 4379 de
912 4327 1272 4382 consecratis
1303 4330 1362 4382 et
1392 4327 1540 4382 nihil
1574 4327 1833 4383 habenti-

1955 473 2148 530 batur.

1955 581 2090 657 CAI}.
2122 582 2311 657 97.A—_-
2349 584 2645 657 Parachias
2701 585 3005 655 unicuique
3059 586 3303 641 ecclesia
3358 588 3604 657 pristina

2024 654 2382 778 dispositione
2422 655 2727 724 deputatas.
2776 654 3041 726 perpetua
3090 654 3369 726 ﬁrmitate
3402 659 3602 712 incon-

2024 741 2093 778 vu
2125 742 2217 778 sas
2245 741 2569 778 permanere
2596 726 2808 778 debere.
2840 729 3020 778 Getas.
3057 733 3213 778 Mam.
3245 732 3295 778 et
3325 730 3451 778 Eus.
3484 732 3602 778 eni-

2023 726 2217 807 vulsas
2241 741 2569 796 permanere
2596 726 2808 781 debere.
2840 729 3020 783 Gelas.
3056 733 3213 783 Marc.
3245 732 3295 784 et
3324 730 3451 783 Eus.
3484 732 3604 801 epi-

2025 812 2222 867 scopis.

2024 884 2136 955 (16,
2171 902 2219 956 q.
2254 886 2307 951 3,
2337 902 2385 939 c.
2422 886 2563 941 Licet
2593 888 2839 957 regulis.)
2874 887 3031 942 Licet
3063 887 3283 959 regulis
3314 889 3609 944 continea-

1953 976 2051 1028 tur
2079 974 2363 1045 antiquis,
2388 966 2697 1046 parochias
2728 975 3047 1046 unicuique
3068 976 3323 1032 ecclesia
3358 977 3609 1049 pristina

1953 1062 2338 1133 dispositione
2358 1063 2689 1135 deputatas,
2710 1062 2872 1119 nulla
2895 1080 3067 1135 posse
3092 1064 3316 1120 ratione
3332 1066 3605 1135 convelli,

1954 1169 2026 1207 ne
2056 1169 2159 1223 per
2188 1154 2673 1208 consuetudinem
2708 1153 3025 1225 pessimam
3063 1154 3314 1225 exempli
3348 1156 3491 1211 mali
3516 1159 3605 1211 te-

1954 1240 2222 1298 meritate
2253 1246 2547 1297 crescente
2578 1243 2797 1314 ubique
2824 1242 3174 1298 universalis
3206 1243 3474 1298 confusio
3506 1260 3605 1299 na-

1952 1334 2214 1386 sceretur
2242 1348 2255 1385 :
2288 1335 2485 1386 tamen
2534 1330 2711 1386 etiam
2746 1332 2996 1387 decretis
3036 1331 3256 1387 nostris
3311 1338 3439 1387 ante
3486 1348 3603 1387 non

1953 1418 2203 1474 multum
2238 1419 2527 1490 temporis
2560 1419 2892 1486 destinatis,
2928 1419 3126 1475 omnia
3152 1419 3443 1489 jussimus
3472 1436 3601 1491 qua

1949 1506 2145 1563 taliter
2174 1508 2405 1563 fuerant
2455 1507 2658 1564 invasa
2706 1508 2959 1564 restitui.
2993 1509 3104 1564 Sed
3137 1507 3275 1579 quia
3304 1508 3603 1565 temeritas

1950 1596 2420 1675 pervadentium,
2452 1595 2638 1667 legem
2670 1597 2781 1651 sibi
2817 1599 2985 1668 putat
3014 1611 3186 1667 posse
3212 1596 3477 1667 generari
3504 1613 3517 1651 :
3552 1596 3604 1671 si

1950 1682 2157 1739 sceleri
2207 1701 2314 1739 suo
2364 1684 2745 1756 pertinaciam
2804 1684 3148 1741 retentionis
3196 1686 3501 1757 adjungat,
3534 1702 3603 1742 ea

1948 1787 2075 1843 qua
2107 1772 2260 1828 inter
2289 1772 2531 1827 fratrem
2581 1777 2638 1828 et
2685 1772 3098 1845 coepiscopum
3150 1777 3419 1829 nostrum
3452 1774 3601 1830 Con-

1949 1861 2237 1917 stantium
2270 1862 2627 1917 Camiscana
2675 1861 2933 1918 ecclesia
2986 1862 3370 1933 sacerdotem,
3404 1866 3462 1918 et
3508 1863 3602 1918 di-

1946 1952 2138 2006 rectos
2197 1950 2271 2005 ab
2320 1950 2688 2006 Anconitano
2738 1950 3013 2021 pontiﬁce
3062 1951 3447 2018 decrevimus,
3501 1967 3605 2024 per

1942 2055 2045 2094 vos
2103 2037 2335 2111 impleri
2395 2039 2687 2110 cupimus.
2722 2040 2887 2094 Tunc
2944 2040 3197 2095 formam
3256 2039 3317 2094 in
3375 2039 3600 2096 cateris

1942 2127 2402 2199 cognitionibus,
2452 2144 2577 2199 qua
2637 2127 2716 2183 sit
2772 2129 3072 2199 sequenda
3118 2127 3597 2200 perscripsimus.

1940 2216 2114 2272 Nulla
2145 2216 2325 2287 igitur
2373 2217 2830 2289 praesumptione
2883 2222 3105 2273 statum
3156 2217 3594 2288 parochiarum,

1942 2306 2044 2378 qui
2099 2294 2390 2378 perpetua
2448 2307 2633 2361 atatis
2689 2306 2964 2361 firmitate
3022 2307 3272 2374 duravit,
3326 2307 3590 2378 patimur

1938 2394 2269 2459 immutari,
2298 2393 2435 2465 quia
2458 2411 2646 2465 neque
2677 2394 3029 2466 negligentia
3059 2395 3374 2466 pontiﬁcis,
3399 2412 3587 2467 neque

1940 2482 2281 2555 temporalis
2310 2484 2579 2553 objectio,
2617 2500 2742 2553 qua
2776 2500 2877 2553 per
2916 2483 3202 2538 incuriam
3237 2484 3383 2539 forte
3412 2501 3588 2557 gene-

1942 2576 2125 2638 ratur,
2158 2588 2265 2627 nec
2308 2571 2539 2641 ignavia
2588 2571 2837 2626 faciente
2868 2587 3213 2637 consensus,
3246 2588 3349 2626 nec
3395 2573 3590 2628 subri-

1942 2660 2139 2733 piente
2197 2659 2627 2731 supplicatione
2694 2660 3001 2731 praceptio
3062 2658 3334 2715 divellere
3401 2665 3593 2731 potest

1944 2745 2124 2801 semel
2174 2744 2467 2801 dicecesim
2518 2746 2928 2816 constitutam,
2961 2763 3027 2801 ex
3074 2763 3190 2817 qua
3238 2761 3470 2819 semper
3518 2747 3590 2803 ad

1943 2834 2377 2907 generationem
2419 2838 2594 2905 atque
2644 2834 3145 2905 consignationem
3195 2833 3359 2906 plebs
3390 2837 3594 2892 devota

1945 2923 2232 2979 convenit.

1942 3031 2076 3087 CAP.
2109 3029 2198 3085 98.
2221 3060 2289 3069 ——
2323 3035 2399 3085 De
2428 3030 2810 3101 compositione
2840 3031 3145 3100 sacrilegii,
3179 3038 3231 3084 et
3263 3033 3392 3100 quot
3420 3030 3595 3086 modis

2011 3103 2360 3172 sacrilegium
2400 3103 2526 3170 ﬁeri
2571 3104 2761 3170 possit.
2793 3103 3029 3158 Joannes
3079 3105 3296 3157 octavus
3347 3102 3407 3156 in
3455 3102 3594 3158 libro

2013 3175 2262 3230 Gothica
2292 3174 2453 3245 legis.

2012 3262 2267 3318 Joannes
2297 3262 2609 3333 episc0pus
2636 3278 2839 3317 servus
2871 3277 3169 3316 servorum
3194 3260 3295 3315 Dei
3317 3260 3594 3316 omnibus

1945 3351 2258 3423 episcopis,
2313 3348 2648 3416 comitibus,
2702 3347 3164 3415 vicecomitibus,
3216 3347 3590 3415 centenariis,

1937 3439 2241 3512 judicibus
2272 3437 2597 3506 catholicis,
2632 3438 2686 3491 in
2722 3437 3004 3508 Hispania
3035 3441 3092 3491 et
3119 3435 3350 3501 tlothia,
3379 3440 3437 3490 et
3464 3451 3593 3506 pro-

1943 3528 2153 3584 vinciis
2184 3526 2555 3597 degentibus,
2581 3526 2858 3597 omnique
2883 3525 3096 3597 populo
3128 3522 3473 3580 occidentali
3505 3539 3597 3577 ca-

1944 3616 2183 3681 tholico,
2208 3615 2459 3670 salutem
2484 3619 2539 3669 et
2566 3614 2949 3685 apostolicam
2976 3614 3463 3669 benedictionem.
3486 3616 3598 3666 No-

1942 3705 2164 3771 veritis,
2197 3701 2569 3758 dilectissimi
2599 3702 2724 3772 ﬁlii,
2748 3702 2885 3773 quia
2919 3720 3023 3756 nns
3056 3719 3156 3771 pro
3190 3704 3342 3755 statu
3376 3702 3592 3754 sancta

1946 3795 2044 3849 Dei
2077 3791 2343 3849 Ecclesia
2374 3791 2669 3861 jussimus
2711 3791 3053 3862 congregari
3086 3790 3364 3861 synodale
3394 3787 3593 3843 conci-

1942 3885 2112 3956 lium,
2136 3884 2289 3955 apud
2324 3883 2527 3937 urbem
2559 3884 2792 3949 Trecas,
2827 3882 2923 3936 ubi
2959 3880 3299 3936 sedentibus
3329 3878 3500 3935 nobis
3530 3878 3590 3934 in

1944 3991 2176 4041 corona,
2201 3972 2360 4027 venit
2380 3976 2513 4026 ante
2535 3970 2903 4043 praesentiam
2930 3975 3189 4025 nostram
3214 3968 3370 4023 ﬁlius
3392 3972 3592 4024 noster

1943 4061 2290 4119 Sineboldus
2311 4064 2523 4115 sancta
2547 4060 2746 4131 prima
2772 4058 2926 4112 sedis
2952 4057 3347 4113 Narbonensis
3368 4056 3588 4127 episco-

1944 4168 2077 4223 pus,
2102 4167 2233 4205 cum
2269 4148 2392 4204 suis
2417 4146 2799 4217 suffragancis
2832 4145 3141 4215 epiSCOpis,
3165 4149 3221 4199 et
3250 4143 3459 4199 detulit
3490 4159 3590 4197 no-

1944 4239 2033 4293 bis
2064 4238 2276 4293 librum
2308 4235 2560 4291 Gothica
2608 4234 2776 4305 legis,
2814 4234 2908 4287 ubi
2964 4232 3107 4287 nihil
3157 4233 3486 4287 habebatur
3516 4231 3587 4287 de

1941 4325 2284 4394 sacrilegiis,
2310 4330 2364 4380 et
2395 4324 2452 4378 in
2480 4324 2700 4377 eisdem
2736 4323 2962 4393 legibus
2986 4321 3291 4392 scriptum,
3310 4324 3375 4376 ut
3395 4336 3585 4375 causa

173 4412 285 4467 bus
319 4409 707 4466 constitutum
737 4416 846 4468 est.
878 4417 965 4469 Ex
992 4430 1143 4470 conc.
1177 4417 1447 4486 Remensi,
1477 4432 1598 4488 cap.
1626 4418 1710 4473 10,
1744 4417 1831 4471 In-
1861 4439 1913 4506 Β
1942 4432 2090 4488 quas
2120 4414 2231 4468 illa.
2264 4412 2420 4483 leges
2453 4429 2565 4466 non
2598 4411 2835 4480 habent,
2862 4428 2978 4466 non
3003 4411 3350 4465 audirentur
3379 4426 3413 4464 a
3437 4409 3591 4479 judié

172 4499 531 4572 quirendum
564 4503 654 4555 est
689 4500 737 4555 si
770 4500 983 4572 aliquis
1022 4504 1497 4576 presbyterorum
1528 4505 1599 4560 de
1629 4506 1830 4560 rediti-

174 4589 285 4644 bus
318 4586 576 4644 ecclesia
601 4589 691 4643 vel
720 4587 1125 4647 oblationibus
1155 4609 1221 4648 ac
1250 4593 1401 4648 votis
1424 4592 1686 4649 fidelium
1719 4594 1831 4650 alio

175 4676 413 4732 nomine
456 4691 548 4731 res
578 4678 1025 4748 comparaverit,
1051 4683 1108 4734 et
1137 4678 1218 4735 ibi
1249 4684 1575 4737 structuras
1606 4682 1829 4751 fecerit,

173 4764 263 4821 vel
288 4782 417 4836 qua
448 4764 519 4820 ad
554 4764 862 4822 ecclesiam
883 4766 1179 4837 pertinent
1200 4768 1418 4825 ibidem
1443 4769 1830 4841 collocaverit,

176 4858 233 4908 et
261 4851 579 4908 mulierum
626 4852 1155 4924 lrequentationem
1197 4856 1344 4912 inibi
1372 4857 1497 4912 fieri
1548 4858 1831 4930 permise-

175 4941 270 5011 rit,
299 4940 388 4995 vel
431 4940 612 5012 (quod
660 4942 896 5013 turpius
947 4944 1056 5015 est)
1086 4944 1235 5000 tales
1283 4944 1559 5001 mulieres
1610 4946 1828 5001 ibidem

174 5029 469 5095 habuerit,
501 5045 631 5099 qua
656 5028 983 5087 lanificium
1007 5050 1183 5089 suum
1206 5038 1603 5101 exerceant,et
1625 5051 1827 5090 curam

179 5118 391 5174 domus
421 5121 617 5189 agant,
640 5121 697 5172 et
724 5118 786 5173 in
817 5120 1021 5175 eadem
1045 5122 1350 5194 presbyter
1379 5123 1716 5194 frequenter
1739 5140 1827 5179 ve-

174 5206 343 5262 niens
396 5204 704 5272 manserit,
745 5209 803 5261 et
850 5210 1051 5263 contra
1095 5210 1327 5266 decreta
1374 5226 1665 5267 canonum
1717 5211 1827 5268 hoc

174 5293 397 5349 malum
431 5297 584 5363 agat,
618 5292 757 5363 quia
786 5293 942 5349 sicut
970 5312 1076 5351 nec
1102 5314 1227 5365 suo,
1253 5298 1335 5353 ita
1366 5314 1471 5354 nec
1501 5298 1689 5355 alieno
1722 5316 1826 5356 no-

176 5381 331 5438 mine
360 5381 668 5454 presbyter
695 5381 886 5439 foenus
911 5399 1179 5441 exercere
1198 5386 1390 5453 debet,
1413 5386 1598 5443 multo
1625 5388 1826 5446 minus

174 5470 436 5527 fraudem
453 5469 647 5527 facere
662 5470 733 5527 de
748 5470 1131 5551 facultatibus
1147 5473 1824 5549 scclesiasticis,quando

174 5558 279 5617 hoc
305 5557 692 5631 sacrilegium
722 5562 831 5630 est,
863 5565 923 5619 et
951 5578 1090 5635 pars
1117 5562 1388 5622 criminis
1418 5564 1547 5638 [par
1577 5565 1822 5637 crimen]

1941 4504 2111 4559 cibus
2133 4502 2291 4557 illius
2314 4500 2531 4571 patria,
2548 4505 2642 4571 atq
2654 4517 2721 4554 ue
2745 4500 2941 4569 itajus
2960 4504 3170 4554 sancta
3192 4498 3451 4554 Ecclesia
3472 4498 3589 4554 suf-

1942 4595 2246 4649 focabatur
2276 4591 2347 4646 ab
2374 4589 2582 4645 incolis
2602 4588 2821 4659 Gallia,
2844 4596 2900 4644 et
2929 4590 3222 4661 Hispania
3250 4588 3588 4660 provinciis.

1940 4683 2104 4739 Unde
2126 4686 2327 4737 nostra
2348 4680 2633 4736 serenitas
2656 4696 2786 4733 cum
2814 4678 3170 4750 praescriptis
3192 4678 3485 4750 episcopis
3505 4677 3590 4733 in-

1940 4771 2157 4843 spectis
2171 4770 2396 4840 legibus
2410 4768 2687 4823 Romanis
2703 4768 2801 4822 ubi
2820 4768 3225 4823 habebaturde
3239 4766 3588 4838 sacrilegiis,

1939 4859 2272 4915 invenimus
2292 4857 2369 4912 ibi
2389 4856 2767 4911 aJustiniano
2787 4856 3133 4927 imperatore
3150 4855 3337 4928 legem
3357 4871 3591 4926 compo-

1939 4948 2171 5004 sitionis
2205 4944 2495 5016 sacrilegii
2540 4944 2951 5010 constitutam,
2974 4943 3199 4999 scilicet
3233 4944 3289 4998 in
3324 4944 3588 5015 quinque

1936 5037 2119 5091 libras
2151 5034 2277 5089 auri
2309 5033 2535 5103 optimi.
2560 5032 2670 5086 Sed
2705 5049 2811 5087 nos
2844 5032 3119 5087 leniorem
3150 5032 3337 5103 legem
3370 5049 3588 5104 prace-

1937 5126 2134 5198 pimus
2165 5138 2293 5178 esse
2326 5121 2660 5185 tenendam,
2685 5137 2815 5191 quae
2846 5138 2880 5175 a
2900 5121 3101 5177 Carolo
3141 5126 3229 5177 est
3267 5122 3587 5176 constituta

1936 5214 2029 5285 pio
2062 5211 2346 5283 principe,
2369 5211 2439 5263 de
2462 5210 2883 5278 compositione
2907 5210 3503 5282 sacrilegii,videlicet
3524 5209 3584 5264 in

1934 5301 2175 5372 triginta
2203 5298 2384 5353 libras
2407 5297 2631 5369 argenti
2664 5298 2981 5354 examinati
3007 5315 3020 5353 :
3048 5298 3106 5353 id
3143 5302 3253 5367 est,
3278 5302 3581 5354 sexcento-

1933 5407 2065 5447 rum
2084 5388 2405 5445 solidorum
2427 5402 2722 5441 summam
2741 5386 2966 5459 argenti
2984 5386 3313 5459 purissimi;
3334 5387 3580 5455 ideoque

1933 5476 2201 5551 quisquis
2223 5476 2496 5531 inventus
2518 5474 2695 5531 fuerit
2717 5491 2851 5530 reus
2871 5475 3181 5547 sacrilegii,
3205 5475 3380 5529 istam
3402 5473 3582 5530 lenio-

1932 5585 2055 5625 rem
2076 5564 2556 5638 compositionem
2580 5562 2851 5619 emendet
2880 5564 3026 5635 ipsis
3055 5563 3345 5635 episcopis
3366 5561 3455 5619 vel
3478 5564 3575 5621 ab-
