3982 6060
362 209 469 263 219

1437 210 1506 260 D.
1546 201 1790 258 IVONIS
1827 200 2332 258 CABNOTENSIS
2368 203 2688 260 EPISCOPI

3685 213 3796 267 220

346 332 600 396 .batibus
623 329 744 386 sive
766 327 1055 400 personis,
1073 329 1145 384 ad
1170 346 1319 402 quos
1347 324 1712 399 querimonia
1737 321 2026 396 sacrilegii
2053 325 2110 391 Α
2139 323 2580 382 immunitatem
2639 341 2792 382 esse.
2847 328 3088 398 Propter
3135 326 3244 383 hoc
3295 329 3574 389 volumus
3621 339 3800 408 atque

361 421 530 491 juste
562 416 934 490 pertinuerit,
968 421 1025 472 et
1067 416 1115 472 si
1150 416 1275 488 ipse
1322 433 1456 471 reus
1503 411 1796 484 sacrilegii
1848 412 2034 466 facere

378 508 656 576 noluerit,
691 507 894 563 tandiu
946 502 1535 560 excommunicationi
1578 502 1897 571 subjaceat,
1932 518 2034 556 us-

368 614 598 670 quequo
624 589 956 669 praedictam
987 593 1476 665 compositionem
1501 595 1908 648 sexcentarum
1944 603 2033 644 εο-

365 687 624 744 lidorum
651 685 961 758 persolvat.
983 683 1051 737 Et
1071 681 1122 737 si
1145 683 1200 735 in
1223 682 1331 737 hac
1350 681 1746 737 obstinatione
1767 683 2032 750 mortuus

365 777 562 842 fuerit,
592 791 804 846 corpus
826 773 956 842 ejus
979 787 1110 826 cum
1151 770 1395 842 psalmis
1426 776 1481 826 et
1515 771 1751 843 hymnis
1781 785 1898 824 non
1929 769 2028 824 de-

369 867 592 920 feratur
635 864 706 918 ad
759 860 1158 932 sepulturam;
1193 864 1252 915 et
1302 860 1792 931 praecipimus,ut
1822 858 1881 913 in
1914 858 2028 913 fine

367 953 587 1009 codicis
617 950 762 1022 legis
795 949 1106 1004 mundanas
1133 949 1428 1004 scribatur
1449 949 1570 1004 haec
1591 947 1701 1004 lex.
1727 949 1840 1003 Huc
1857 962 2027 1017 usque

369 1041 463 1098 lex
506 1054 686 1113 papae.
719 1036 1103 1108 Sacrilegium
1153 1038 1310 1092 enim
1362 1036 1754 1107 commititur,
1793 1037 1841 1092 si
1893 1034 2025 1107 quis

362 1129 668 1200 infregerit
693 1126 1023 1195 ecclesiam,
1048 1127 1135 1181 vel
1167 1126 1414 1198 triginta
1437 1126 1864 1182 ecclesiasticos
1891 1141 2023 1196 pas-

360 1233 460 1274 sus
490 1217 591 1289 qui
618 1217 692 1289 |in
725 1216 975 1271 circuitu
1017 1215 1272 1270 ecclesiis
1323 1215 1541 1271 fuerint
1573 1231 1586 1270 :
1621 1214 1708 1270 vel
1742 1215 1800 1268 in
1834 1213 2020 1268 domi-

361 1307 474 1363 bus
504 1322 632 1377 quae
683 1306 838 1360 infra
887 1303 1198 1376 praedictos
1253 1320 1467 1376 passus
1527 1303 1766 1371 fuerint,
1799 1301 2020 1372 aliquid

359 1396 500 1452 inde
541 1393 873 1466 diripienda
924 1393 1011 1448 vel
1063 1393 1406 1460 auferendo,
1438 1410 1541 1448 seu
1591 1393 1691 1463 qui
1741 1390 2019 1462 injuriam

358 1484 448 1541 vel
484 1483 840 1539 ablationem
880 1497 1076 1537 rerum
1107 1481 1390 1549 intulerit,
1424 1481 1653 1536 clericis
1706 1496 1870 1536 arma
1902 1495 2018 1536 non

359 1573 687 1630 ferentibus
717 1571 806 1626 vel
839 1570 1168 1634 monachis,
1201 1571 1321 1625 sive
1352 1570 1470 1626 Deo
1501 1570 1725 1626 devotis
1757 1568 2017 1626 homini-

361 1663 497 1732 bus,
527 1660 944 1718 ecclesiasticis
972 1660 1260 1731 personis.
1286 1660 1411 1715 Non
1444 1659 1600 1715 enim
1624 1657 1860 1731 capellis
1889 1673 2015 1730 qum

359 1752 518 1807 intra
549 1751 835 1806 ambitum
861 1765 1164 1804 murorum
1189 1748 1566 1805 castellorum
1597 1751 1756 1812 sunt,
1775 1747 2017 1803 mittun-

357 1845 477 1910 tur,
509 1840 600 1895 vel
649 1842 952 1910 ponuntur
999 1837 1059 1892 in
1110 1837 1218 1893 hac
1269 1837 1691 1893 observatione.
1735 1835 2017 1892 Similiter

360 1929 538 1984 etiam
584 1926 960 1998 sacrilegium
995 1925 1388 1981 committitur
1433 1925 1746 1980 auferendo
1777 1940 2013 1980 sacrum

360 2017 433 2072 de
463 2033 651 2082 sacro,
672 2016 762 2072 vel
795 2033 910 2070 non
945 2031 1181 2070 sacrum
1213 2015 1284 2070 de
1317 2029 1504 2082 sacro,
1539 2013 1659 2069 sive
1689 2030 1923 2069 sacrum
1947 2016 2016 2069 de

360 2122 478 2162 non
527 2121 714 2161 sacro.
749 2104 875 2159 Non
924 2120 1156 2160 sacrum
1188 2120 1321 2158 vero
1372 2104 1443 2157 de
1490 2119 1605 2158 non
1659 2118 1847 2171 sacra,
1878 2101 2016 2173 quia

366 2211 476 2250 non
509 2198 705 2266 potest
737 2192 1064 2265 computari
1095 2193 1154 2247 in
1188 2191 1432 2248 crimine
1457 2191 1767 2262 sacrilegii,
1801 2207 2013 2248 secun-

363 2284 503 2338 dum
534 2283 972 2338 mundanarum
1025 2281 1221 2353 legum
1271 2296 1580 2337 censuram
1614 2280 1784 2336 debet
1813 2296 2013 2336 emen-

361 2373 510 2440 dari,
541 2371 629 2428 vel
662 2373 986 2427 secundum
1027 2387 1246 2426 morem
1282 2371 1500 2442 patriis.

363 2479 498 2535 CAP.
528 2480 618 2535 99.
651 2511 719 2520 —-
750 2483 828 2534 De
857 2479 1065 2534 duobus
1107 2477 1372 2548 episcOpis
1401 2476 1793 2532 altercantibus
1823 2474 1887 2531 de
1915 2492 2015 2547 pa-

436 2551 626 2605 rochia
657 2551 956 2619 cujusdam
984 2549 1245 2614 basilica,
1268 2553 1316 2604 et
1341 2548 1489 2620 quod
1518 2549 1812 2603 triennalis
1834 2552 2014 2620 quieta

428 2623 696 2694 possessio
727 2638 946 2678 omnem
977 2621 1335 2685 obiectionem
1365 2621 1650 2676 excludat.

431 2724 542 2790 (16,
576 2739 629 2794 q.
662 2724 712 2777 3.
747 2738 793 2777 c.
827 2724 978 2777 Inter
1026 2721 1399 2792 memoratos.)
1450 2723 1611 2775 Inter
1659 2720 2014 2774 memoratos

362 2810 574 2866 fratres
605 2815 837 2866 nostros
884 2809 1257 2881 Fulgentium
1304 2809 1703 2880 Astigitanum
1735 2812 1793 2862 et
1821 2812 2014 2863 Hono-

364 2899 518 2953 rium
546 2899 984 2954 Cordubensem
1009 2899 1348 2968 episcopum
1373 2898 1659 2952 discursio
1683 2897 1904 2967 agitata
1926 2899 2016 2951 est

364 2991 602 3060 propter
621 2987 960 3059 parochiam
982 2987 1234 3041 basilicas
1257 2987 1593 3056 cujusdam,
1609 3001 1782 3058 quam
1806 2985 2012 3040 horum

2147 413 2540 483 decernimus,
2572 419 2638 471 ut
2667 430 2870 470 omnes
2901 414 3237 488 intelligant
3267 434 3383 474 non
3415 420 3608 477 solum
3640 423 3800 480 clau-

2144 506 2267 558 stra
2297 503 2637 560 monasterii
2664 503 2752 559 vel
2796 503 3086 572 Ecclesiae,
3120 509 3297 578 atque
3343 509 3578 566 castitia
3611 513 3797 570 eccle-

2142 592 2364 648 siarum
2427 593 2536 649 sub
2597 593 2990 648 immanitatis
3038 594 3399 665 defensione,
3448 601 3794 669 consistere,

2140 697 2341 736 verum
2374 683 2552 738 etiam
2598 682 2832 752 damus,
2863 685 2922 737 et
2967 681 3161 751 villas,
3186 688 3244 738 et
3290 689 3460 756 septa
3499 686 3797 758 villarum,

2139 773 2196 825 et
2239 771 2552 842 piscatoria
2603 770 2986 826 manufacta:
3033 773 3092 826 et
3137 772 3428 844 quidquid
3474 775 3648 834 fassis
3695 781 3802 834 aut

2138 861 2404 932 sepibus,
2433 859 2522 916 vel
2554 860 2732 916 etiam
2781 859 2895 916 alio
2933 859 3270 917 clausarum
3302 878 3516 934 genere
3561 867 3797 922 nomine

2136 949 2536 1020 praecingitur,
2559 950 2764 1005 eodem
2795 948 3189 1006 immunitatis
3221 952 3457 1008 nomine
3484 954 3794 1012 contineri.

2135 1037 2204 1092 Et
2234 1038 2521 1110 quidquid
2566 1037 2720 1093 infra
2767 1037 3111 1109 bujusmodi
3162 1039 3532 1098 munimenta
3576 1042 3646 1099 ad
3689 1045 3795 1114 jus

2135 1127 2477 1182 earumdem
2519 1126 2898 1182 ecclesiarum
2929 1126 3021 1182 vel
3066 1121 3576 1186 monasteriorum.
3610 1132 3791 1203 perti-

2134 1217 2358 1282 nentia,
2393 1232 2426 1272 a
2467 1213 2730 1288 quolibet
2775 1215 3015 1272 homine
3062 1217 3334 1284 nocendi,
3365 1219 3452 1274 vel
3503 1221 3792 1276 damnum

2134 1304 2422 1361 inferendi
2456 1322 2656 1374 causa,
2689 1308 3014 1377 spantanea
3041 1305 3342 1364 voluntate
3377 1307 3792 1378 committitur,

2129 1393 2187 1447 in
2236 1394 2346 1450 hoc
2398 1394 2552 1450 facta
2611 1393 2959 1450 immunitas
3017 1395 3204 1451 tracta
3249 1396 3574 1466 judicatur.
3622 1399 3791 1464 Quod

2130 1497 2264 1538 vero
2299 1483 2359 1538 in
2388 1499 2583 1556 agros,
2622 1487 2679 1538 et
2709 1499 2972 1554 campos,
2998 1487 3055 1538 et
3084 1482 3284 1553 silvas,
3309 1501 3436 1556 quas
3468 1484 3592 1542 sine
3623 1485 3787 1542 labo-

2129 1571 2459 1628 rationibus
2489 1575 2650 1636 sunt,
2686 1576 2742 1627 et
2771 1569 2931 1627 nullo
2970 1572 3145 1627 modo
3177 1571 3504 1630 munitione
3532 1573 3788 1646 cingun-

2124 1664 2241 1732 tur,
2271 1677 2412 1717 casu
2437 1661 2611 1732 (sicut
2636 1659 2761 1716 fieri
2793 1658 2964 1732 solet)
2988 1676 3020 1715 a
3045 1659 3406 1730 quibuslibet
3434 1660 3786 1720 hominibus

2125 1748 2362 1822 aliquod
2423 1749 2706 1804 damnum
2767 1749 2985 1804 factum
3047 1748 3244 1817 fuerit,
3293 1750 3562 1822 quamvis
3616 1749 3781 1809 idem

2124 1856 2278 1909 ager,
2315 1843 2416 1894 aut
2445 1855 2713 1910 campus,
2744 1836 2834 1893 vel
2888 1835 3034 1892 silva
3066 1838 3137 1893 ad
3187 1838 3495 1895 ecclesiam
3526 1840 3619 1896 vel
3650 1857 3776 1898 mo-

2125 1928 2450 1983 nasterium
2482 1931 2840 1999 praeceptum
2871 1925 3270 1983 immunitatis
3298 1927 3611 1985 habentem
3641 1944 3772 2001 per-

2124 2015 2330 2084 tineat,
2352 2033 2467 2072 nan
2491 2020 2688 2071 tamen
2722 2015 2780 2069 in
2813 2013 2924 2071 hoc
2956 2014 3305 2071 immunitas
3337 2016 3777 2088 fractajudica-

2123 2109 2258 2162 tur:
2287 2108 2345 2162 et
2375 2105 2505 2161 ideo
2534 2121 2649 2160 non
2683 2109 3094 2160 sexcentarum
3127 2103 3452 2161 solidorum
3483 2107 3777 2178 composi-

2126 2195 2301 2262 tione,
2359 2194 2459 2251 sed
2511 2194 2842 2250 secundum
2890 2192 3078 2266 legem
3129 2209 3256 2266 quas
3291 2193 3350 2250 in
3392 2194 3598 2251 eodem
3648 2195 3774 2252 loco

2123 2287 2355 2340 tenetur
2385 2284 2436 2340 is
2467 2282 2814 2339 multandus
2845 2285 2954 2353 est,
2987 2283 3089 2354 qui
3119 2283 3467 2340 scandalum
3494 2283 3587 2340 vel
3619 2285 3783 2341 dam-

2125 2389 2267 2428 num
2300 2373 2359 2427 in
2391 2371 2494 2428 tali
2525 2372 2652 2428 loco
2687 2371 2894 2427 fecisse
2935 2371 3231 2428 convictus
3261 2372 3455 2428 fuerit.

2124 2485 2258 2538 CAP.
2292 2481 2414 2536 101.
2440 2511 2507 2520 -·
2531 2479 2766 2535 Nullum
2793 2481 3034 2552 pretium
3062 2496 3160 2551 pro
3192 2481 3306 2538 loco
3333 2481 3646 2552 sepultura
3676 2482 3788 2536 ali-

2195 2567 2300 2624 quo
2329 2552 2490 2608 modo
2511 2553 2846 2624 exigendum
2873 2567 3006 2608 esse.
3035 2553 3332 2624 Gregorius
3359 2553 3625 2624 Januario
3654 2553 3782 2623 epi-

2194 2623 2352 2696 scopo
2381 2623 2678 2680 Sardinia
2707 2623 2827 2695 (lib.
2861 2639 2940 2678 vn
2971 2623 3225 2692 Registri,
3255 2625 3412 2696 epist.
3444 2623 3558 2696 55).

2194 2712 2308 2785 (13,
2341 2730 2394 2785 q.
2416 2716 2471 2784 2,
2503 2729 2552 2768 c.
2587 2715 2864 2785 Qumsta.)
2887 2712 3064 2768 Prave
3095 2711 3274 2768 nimis
3303 2716 3360 2769 et
3388 2712 3594 2785 procul
3625 2714 3714 2770 est
3743 2730 3778 2769 a

2125 2802 2448 2858 sacerdotis
2479 2801 2691 2870 ofﬁcio,
2717 2801 2974 2874 pretium
2998 2801 3071 2857 de
3090 2806 3248 2858 terra
3277 2815 3558 2858 concessa
3587 2806 3784 2874 putre-

2125 2890 2250 2946 dini
2281 2907 2558 2963 quaerere,
2592 2893 2651 2946 et
2681 2891 2752 2946 de
2794 2890 2984 2946 alieno
3013 2889 3159 2946 velle
3205 2891 3395 2947 facere
3424 2891 3587 2947 luctu
3620 2906 3781 2947 com-

2126 2979 2428 3051 pendium.
2464 2981 2579 3034 Hac
2610 2983 2807 3034 autem
2838 2979 3070 3050 vitium,
3096 2983 3153 3034 et
3182 2995 3288 3035 nos
3318 2984 3632 3052 postquam
3666 2981 3782 3034 Deo

363 3075 512 3132 alter
541 3075 934 3131 Celtasensem
965 3076 1236 3131 asseruit.
1272 3078 1338 3130 Et
1371 3075 1511 3147 quia
1547 3074 1703 3129 inter
1732 3079 2014 3146 utrasque
2045 3062 2087 3130 C
2128 3071 2364 3124 auctore
2387 3068 2457 3123 ad
2486 3069 2857 3139 episcopatus
2881 3067 3161 3124 honorem
3189 3068 3570 3137 accessimus,
3594 3069 3664 3124 de
3685 3082 3784 3123 ec-

360 3169 556 3236 partes
606 3166 894 3220 hactenus
943 3163 1148 3219 limitis
1181 3163 1331 3219 actio
1362 3163 1655 3218 vindicata
1705 3167 1812 3232 est,
1845 3165 2014 3234 cujus

361 3255 628 3326 quamvis
659 3259 884 3310 vetusta
924 3254 1249 3310 retentione
1300 3251 1529 3308 nullum
1555 3253 1709 3323 juris
1741 3251 2014 3323 praejudi-

359 3342 517 3398 cium
568 3345 802 3399 afferret
837 3361 848 3397 :
882 3343 1128 3413 ideoque
1168 3357 1240 3397 ne
1271 3342 1328 3396 in
1363 3341 1607 3396 dubium
1660 3341 1817 3396 ultra
1865 3341 2017 3396 inter

358 3448 458 3488 eos
489 3437 692 3488 nostra
733 3432 1112 3487 devocaretur
1155 3430 1464 3499 sententia,
1499 3430 1743 3502 prolatis
1774 3429 2014 3486 canoni-

358 3520 492 3590 bus,
548 3520 854 3592 synodalia
916 3521 1149 3576 decreta
1206 3518 1460 3592 perlecta
1520 3525 1659 3575 sunt
1701 3537 1716 3575 :
1762 3534 2014 3590 quorum

358 3609 679 3665 auctoritas
712 3613 1028 3680 praemonet
1059 3609 1140 3664 ita
1185 3613 1452 3680 oportere
1501 3607 1754 3664 inhiberi
1788 3607 2016 3680 cupidi-

358 3701 564 3766 tatem,
599 3703 665 3754 ut
714 3715 783 3754 ne
837 3699 968 3771 quis
1023 3697 1310 3754 terminos
1360 3703 1606 3770 usurpet
1653 3695 1895 3752 alienos.
1932 3696 2016 3752 Ob

360 3785 470 3841 hoc
503 3786 724 3858 placuit
751 3787 905 3842 inter
936 3787 1190 3843 alternas
1225 3791 1420 3859 partes
1449 3786 1832 3858 inspectionis
1862 3785 2016 3840 viras

359 3874 702 3946 mittendos,
746 3875 824 3930 ita
874 3879 956 3929 ut-
986 3875 1256 3930 dioecesis
1309 3873 1666 3945 possidentis
1697 3874 1770 3942 (si
1818 3880 2016 3930 tamen

358 3963 684 4035 basilicam,
717 3965 836 4019 veri
869 3964 1024 4035 signi
1069 3964 1236 4018 limes
1267 3961 1536 4034 provisus
1585 3961 2017 4033 monstraverit)

359 4052 617 4110 ecclesiae
668 4053 840 4123 cujus
898 4055 988 4109 est
1037 4052 1138 4122 jus
1198 4050 1565 4119 retentionis,
1608 4050 1685 4106 sit
1733 4056 2016 4106 aeternum

360 4142 709 4198 dominium.
753 4142 914 4209 Quod
969 4145 1025 4198 et
1075 4142 1125 4198 si
1178 4139 1348 4196 limes
1399 4139 1699 4212 legitimus
1748 4141 2016 4196 eamdem

360 4232 667 4287 basilicam
698 4249 814 4288 non
847 4230 1166 4298 concludit,
1200 4234 1254 4285 et
1302 4238 1496 4285 tamen
1528 4228 1687 4300 longi
1735 4231 2016 4300 temporis

363 4319 648 4389 probatur
677 4319 906 4387 objecta
946 4319 1335 4391 praescriptio,
1368 4315 1679 4389 appellatio
1713 4318 2018 4389 praesentis

361 4405 618 4496 episcopi
652 4423 765 4496 non
798 4406 1034 4496 valebit,
1078 4407 1213 4478 quia
1264 4406 1350 4461 illi
1399 4405 1738 4496 tricennalis
1769 4407 2016 4496 objectio
2044 4429 2090 4496 Ι)

362 4493 666 4549 silentium
699 4493 968 4566 imponit.
1004 4495 1122 4550 Hoc
1153 4495 1328 4551 etiam
1363 4499 1418 4550 et
1450 4493 1818 4550 saecularium
1851 4495 2012 4566 prin-

360 4583 556 4653 cipum
593 4581 781 4638 edicta
809 4583 1160 4655 praecipiunt
1189 4588 1245 4638 et
1275 4583 1592 4655 praesulum
1619 4587 2014 4638 Romanorum

363 4670 614 4726 decrevit
644 4673 987 4728 auctoritas.
1020 4673 1074 4727 Si
1107 4688 1241 4727 vero
1275 4672 1428 4726 infra
1457 4676 1642 4727 metas
1673 4670 2014 4727 tricennalis

361 4759 646 4830 temporis
675 4764 840 4816 extra
871 4759 1014 4816 alios
1054 4760 1340 4815 terminos
1373 4759 1624 4814 basilicae
1668 4759 1890 4829 injusta
1919 4773 2011 4813 re-

358 4847 540 4902 tentio
572 4849 878 4919 reperitur,
913 4848 1232 4920 repetentis
1255 4847 1510 4920 episcopi
1527 4847 1648 4918 juri
1681 4846 1808 4903 sine
1850 4863 2014 4903 mora

362 4935 728 4992 restituetur.

362 5041 496 5114 CM}.
533 5041 654 5096 100.
679 5073 748 5083 -
781 5043 921 5112 Quid
965 5044 1337 5098 immanitatis
1386 5043 1607 5098 nomine
1655 5043 2011 5114 comprehen-

431 5111 620 5186 datur,
650 5117 701 5168 et
728 5111 854 5181 qum
881 5117 954 5169 sit
984 5116 1240 5185 infractas
1275 5115 1646 5169 immanitatis
1673 5111 2008 5186 compositio.

436 5183 518 5237 Ex
548 5184 694 5240 libro
720 5183 1130 5256 Capitulorum.

440 5281 707 5338 Pervenit
727 5284 796 5338 ad
817 5301 923 5340 nos
952 5284 1105 5354 quod
1130 5300 1162 5337 a
1185 5283 1539 5354 quibusdam
1563 5282 2010 5338 tcmeratoribus

363 5371 591 5427 dicatur
621 5390 733 5429 non
769 5373 902 5445 plus
938 5371 1344 5427 immunitatis
1393 5372 1630 5426 nomine
1679 5371 2008 5444 complecti,

365 5476 541 5530 quam
572 5462 830 5518 claustra
880 5463 1220 5518 monasterii
1259 5480 1270 5517 :
1305 5466 1511 5517 caetera
1557 5477 1692 5515 vero
1742 5462 2009 5532 quamvis

365 5547 437 5601 ad
465 5551 696 5608 easdem
713 5551 986 5609 ecclesias
1003 5550 1090 5608 vel
1110 5550 1465 5608 monasteria
1487 5550 1833 5622 pertineant,
1848 5555 2010 5607 extra

2125 3155 2301 3212 clesia
2331 3159 2531 3212 nostra
2572 3155 2811 3212 omnino
2846 3156 3144 3213 vetuimus
3179 3174 3192 3212 :
3227 3161 3285 3213 et
3315 3172 3551 3228 pravam
3585 3155 3780 3212 denuo

2125 3243 2613 3302 consuetudinem
2648 3261 3026 3317 nequaquam
3058 3244 3332 3317 usurpari
3367 3244 3776 3316 permisimus,

2123 3350 2413 3390 memores
2445 3333 2584 3405 quia
2626 3333 2766 3390 dum
2817 3333 3114 3389 Abraham
3147 3351 3181 3388 a
3212 3332 3350 3389 [iliis
3379 3332 3634 3404 Ephran,
3666 3331 3779 3387 hoc

2124 3427 2213 3480 est
2242 3441 2275 3479 a
2307 3421 2445 3478 filiis
2491 3427 2652 3494 Seor,
2684 3420 3024 3494 sepulcrum
3073 3420 3259 3494 pretio
3301 3421 3372 3477 ad
3408 3419 3781 3475 humandum

2125 3529 2338 3586 corpus
2379 3511 2648 3584 conjugis
2700 3509 3040 3582 postularet,
3074 3508 3326 3580 pretium
3378 3507 3642 3581 accipere
3687 3521 3782 3563 re-

2125 3601 2276 3668 nuit,
2309 3615 2382 3656 ne
2413 3599 2790 3656 commodum
2820 3598 3120 3654 videretur
3143 3597 3214 3652 de
3255 3597 3537 3654 cadavere
3568 3611 3781 3653 conse-

2125 3693 2300 3746 cutus
2349 3689 2502 3762 (Gen.
2543 3687 2731 3761 xxm).
2763 3687 2819 3742 Si
2869 3703 3005 3759 ergo
3054 3689 3232 3742 tantae
3286 3683 3780 3742 considerationis

2125 3794 2389 3850 paganus
2420 3778 2506 3832 vir
2536 3778 2667 3847 fuit,
2701 3779 2920 3849 quanto
2952 3775 3143 3848 magis
3172 3791 3279 3830 nos
3311 3775 3411 3846 qui
3445 3775 3780 3831 sacerdotes

2125 3865 2400 3933 dicimur,
2433 3864 2544 3920 hoc
2594 3866 2780 3920 facere
2829 3881 2945 3920 non
2991 3862 3318 3919 debemus?
3341 3864 3498 3919 unde
3548 3879 3620 3918 ne
3667 3861 3780 3917 hoc

2127 3953 2383 4010 avaritias
2412 3953 2644 4024 vitium,
2672 3952 2760 4009 vel
2808 3953 2868 4007 in
2911 3952 3117 4009 alienis
3149 3953 3342 4008 denuo
3385 3951 3600 4007 tentari
3634 3966 3784 4023 pre-

2127 4045 2420 4113 sumatur,
2454 4043 2761 4098 admoneo.
2801 4041 2913 4097 Sed
2943 4042 2991 4098 si
3024 4041 3257 4112 quando
3303 4037 3559 4113 aliquem
3593 4040 3654 4094 in
3685 4055 3780 4095 ec-

2126 4131 2304 4188 clesia
2321 4133 2517 4187 vestra
2539 4128 2770 4202 sepeliri
2795 4129 3136 4196 conceditis,
3157 4129 3203 4185 si
3236 4129 3473 4201 quidem
3497 4131 3769 4201 parentes

2125 4220 2336 4293 ipsius,
2367 4219 2453 4275 vel
2486 4219 2755 4291 proximi,
2785 4217 2874 4275 vel
2922 4219 3183 4275 haeredes
3237 4235 3337 4290 pro
3383 4216 3782 4274 luminaribus

2127 4313 2335 4379 sponte
2367 4308 2508 4380 quid
2563 4309 2768 4364 oﬂ‘erre
2797 4306 3110 4372 voluerint,
3143 4306 3406 4378 accipere
3451 4322 3570 4360 non
3620 4309 3776 4361 veta-

2127 4412 2281 4451 mus.
2314 4396 2436 4451 Peti
2465 4413 2620 4467 vero,
2653 4399 2753 4452 aut
2797 4391 3017 4465 aliquid
3049 4395 3200 4468 exigi
3234 4394 3473 4450 omnino
3503 4391 3780 4465 prohibe-

2123 4501 2254 4540 mus
2287 4501 2300 4539 :
2335 4501 2406 4540 ne
2437 4485 2592 4556 quod
2643 4481 2808 4539 valde
2855 4482 3249 4553 irreligiosum
3280 4485 3388 4552 est,
3423 4487 3525 4538 aut
3553 4481 3778 4537 venalis

2123 4573 2302 4645 (quod
2335 4573 2509 4645 absit)
2546 4572 2808 4628 Ecclesia
2838 4572 3089 4641 dicatur,
3124 4579 3222 4627 aut
3252 4588 3356 4628 vos
3387 4571 3458 4627 de
3497 4570 3778 4626 humanis

2121 4660 2442 4716 videamini
2492 4660 2784 4716 mortibus
2834 4660 3138 4733 gratulari,
3171 4659 3222 4715 si
3251 4676 3321 4714 ex
3369 4675 3569 4716 eorum
3601 4659 3776 4714 cada-

2121 4750 2356 4807 veribus
2387 4751 2674 4806 studeatis
2695 4747 2958 4822 quolibet
2985 4749 3156 4805 modo
3179 4748 3594 4822 compendium
3627 4763 3779 4818 quaa-

2121 4855 2248 4897 rere
2257 4882 2270 4895 .

2122 4946 2255 5003 CAP.
2293 4947 2415 5002 102.
2438 4975 2506 4987 -
2527 4947 2606 5002 Ne
2637 4945 2769 5001 laici
2791 4944 3135 5017 presbyteros
3165 4945 3233 5017 arb
3257 4939 3510 5017 ecclesiis
3537 4940 3610 5017 ad
3641 4957 3778 5017 quas

2190 5018 2534 5146 zenotmizzati
2573 5025 2719 5086 sunt,
2769 5013 3050 5088 expellere
3096 5016 3358 5071 audeant.
3395 5013 3603 5071 Carolo
3647 5013 3780 5082 regi

2234 5105 2294 5145 eo
2347 5104 2410 5144 er
2436 5105 2541 5145 ius.

2234 5105 2294 5145 ϐε)
2325 5104 2541 5145 tertius.

2191 5177 2403 5233 Contra
2434 5180 2772 5233 sanctorum
2813 5178 3057 5230 Patrum
3089 5188 3369 5230 censuras
3392 5173 3626 5229 videtur
3653 5169 3776 5226 exi-

2121 5269 2296 5330 stere,
2325 5266 2374 5320 si
2407 5263 2706 5320 saecularis
2736 5264 2910 5319 homo
2940 5261 3028 5318 vel
3061 5262 3266 5333 laicus,
3298 5261 3669 5334 presbyteros
3700 5258 3774 5313 ab

2120 5353 2384 5409 ecclesiis
2411 5353 2470 5407 in
2504 5353 2720 5424 quibus
2741 5358 3004 5425 tempore
3027 5351 3417 5408 ordinationis
3445 5363 3647 5405 eorum
3679 5347 3777 5402 de-

2119 5441 2428 5510 naminati,
2451 5441 2541 5496 vel
2571 5442 2891 5498 introducti
2922 5442 3179 5510 fuerunt,
3213 5441 3437 5496 nitatur
3461 5433 3770 5510 expellere.

2119 5551 2255 5606 ΟΑΡ.
2291 5547 2413 5607 103.
2436 5579 2505 5590 -
2536 5547 2684 5617 Quod
2712 5564 2822 5604 non
2870 5548 3032 5606 liceat
3075 5545 3435 5619 presbyteris,
3466 5545 3771 5615 contempto
