3982 6060
176 266 286 321 221

1153 263 1467 316 DECRETI
1505 263 1690 317 PARS
1725 265 1825 316 III.
1852 287 1923 302 —
1948 263 2046 316 DE
2084 262 2452 331 ECCLESIA,
2490 264 2650 317 ETC.

3497 262 3607 317 222

245 392 523 461 episcOpo,
552 404 607 443 se
634 385 1111 461 abiecclesiissuis
1134 400 1445 461 segregare,
1478 388 1528 440 el
1552 384 1693 461 aiigs
1718 386 1842 457 pri-
1873 388 1926 454 Α
1958 384 2095 440 nino
2129 402 2243 441 non
2274 385 2464 453 liceat,
2499 386 2599 441 sed
2635 401 2737 441 nec
2782 385 2950 441 alteri
2982 386 3351 456 consignare,
3386 386 3501 441 nisi
3530 387 3599 442 ad

244 456 651 520 vatim'vivere.
684 460 771 513 Ea:
798 456 1042 515 concilio
1079 456 1441 523 Antiocheno,
1471 473 1595 525 cap.
1628 458 1682 513 5.

246 551 304 605 Si
342 550 475 622 quis
507 549 810 620 presbyter
839 550 943 601 aut
979 546 1285 615 diaconus,
1318 550 1652 617 contempto
1682 545 1840 616 epis-

177 658 327 712 copo
357 639 620 711 seipsum
652 638 725 692 ab
759 636 1007 691 ecclesia
1038 634 1451 707 segregaverit,
1484 638 1538 688 et
1569 634 1839 705 privatim

178 730 339 803 apud
374 745 437 785 se
466 726 724 783 collectis
756 724 990 797 populis
1022 724 1205 780 altare
1254 724 1475 794 erigere
1505 740 1688 778 ausus
1718 724 1841 779 fue-

178 820 297 887 rit;
327 823 384 874 et
417 815 802 871 nihilominus
827 814 1099 886 episcopo
1135 829 1241 868 suo
1272 812 1637 881 exhortante,
1669 816 1726 867 et
1754 828 1841 868 se-

178 907 325 978 mel,
357 914 411 962 et
435 907 647 961 iterum
680 907 985 960 revocante
1016 902 1364 958 inobediens
1405 901 1715 969 exstiterit,
1747 901 1839 956 hic

175 996 377 1052 modis
428 994 702 1051 omnibus
762 992 1145 1065 deponendus
1204 995 1315 1057 est,
1366 1006 1472 1046 nec
1521 989 1838 1062 aliquando

172 1085 461 1158 consequi
494 1084 854 1139 curationem
888 1086 989 1137 aut
1036 1080 1339 1153 proprium
1379 1080 1661 1135 honorem
1694 1079 1838 1134 reci-

170 1190 312 1249 pere
344 1177 559 1246 speret.
596 1172 757 1237 Quod
792 1171 841 1227 si
888 1171 1066 1226 etiam
1117 1168 1576 1242 perseveraverit
1608 1173 1839 1239 pertur-

170 1266 326 1319 bans
359 1266 633 1318 cunctam
667 1260 1013 1329 Ecclesiam,
1049 1275 1149 1330 per
1198 1261 1551 1330 potestatem
1596 1273 1722 1328 quin
1755 1258 1836 1312 fo-

169 1352 255 1407 ris
287 1358 401 1416 est,
434 1357 717 1423 tanquam
749 1349 1094 1405 seditiosum
1128 1347 1343 1419 corripi
1375 1350 1623 1419 oportet.

169 1442 306 1498 CAP.
344 1441 467 1496 104.
499 1470 570 1480 -
604 1444 684 1494 De
707 1438 965 1506 confiniis
1008 1437 1471 1501 cmmeteriorum,
1505 1435 1560 1490 id
1589 1443 1669 1489 est
1700 1434 1839 1505 quod

242 1528 445 1595 passus
494 1512 700 1595 .habere
746 1510 996 1566 debeant.
1047 1509 1313 1564 Nicotaus
1357 1524 1525 1579 papa,
1582 1506 1841 1562 omnibus

250 1599 549 1656 episcopis.

249 1675 370 1743 (17,
403 1689 453 1743 q.
488 1673 539 1740 4,
574 1688 620 1727 c.
653 1670 806 1726 Sicut
834 1669 1185 1741 antiquitus).
1218 1668 1298 1723 De
1328 1666 1598 1722 confiniis
1629 1681 1839 1721 coeme-

173 1762 465 1818 teriorum
493 1760 998 1831 sicuﬂantiquitus
1031 1777 1064 1814 a
1095 1757 1316 1813 sanctis
1347 1756 1616 1812 Patribus
1647 1759 1838 1811 statu-
1868 1756 1919 1824 B

173 1856 311 1907 tum
346 1853 457 1917 est,
490 1849 807 1904 statuimus
844 1866 856 1903 :
890 1848 972 1903 ita
1004 1852 1068 1902 ut
1104 1847 1292 1916 major
1322 1844 1568 1900 ecclesia
1594 1860 1695 1915 per
1725 1844 1839 1899 cir-

168 1938 403 1995 cuitum
436 1937 739 2009 sexaginta
771 1952 985 2008 passus
1026 1935 1241 1990 habeat
1276 1952 1288 1989 :
1327 1932 1563 2005 capellae
1593 1949 1724 1987 vero
1754 1932 1841 1987 vel

170 2026 441 2083 minores
470 2024 723 2082 ecclesiis
752 2024 1015 2096 triginta.
1041 2022 1149 2089 Qui
1173 2025 1366 2079 autem
1400 2020 1721 2077 confinium
1746 2037 1840 2076 eo-

170 2132 313 2171 rum
342 2115 709 2187 confringere
743 2113 1072 2181 tentaverit,
1104 2116 1207 2167 aut
1235 2127 1550 2183 personam
1583 2108 1843 2165 hominis

172 2205 265 2261 vel
300 2205 457 2260 bona
486 2205 616 2275 ejus
648 2203 781 2259 inde
814 2201 1186 2267 abstraxerit,
1238 2200 1354 2256 nisi
1386 2198 1662 2271 publicus
1692 2198 1839 2254 latro

176 2293 378 2363 fuerit,
410 2307 718 2363 quousque
774 2291 1066 2359 emendet,
1098 2294 1155 2346 et
1199 2290 1354 2362 quod
1404 2292 1680 2360 rapuerat
1709 2288 1841 2345 red-

175 2384 300 2449 dat,
334 2380 899 2437 excommunicetur.

178 2472 318 2529 CAP.
356 2471 480 2525 105.
514 2500 581 2510 —
608 2470 725 2525 Non
758 2474 1005 2539 oportere
1024 2468 1386 2524 subdiaconos
1405 2470 1716 2523 sacrarium
1746 2471 1838 2522 in-

324 2542 485 2611 gredi
514 2549 565 2597 et
592 2542 913 2611 contingere
950 2557 1083 2595 vasa
1111 2540 1420 2606 Dominica,
1453 2555 1571 2610 cap.
1605 2539 1694 2593 21.

254 2631 545 2695 Quoniam
578 2647 691 2686 non
725 2632 952 2702 oportet
983 2629 1375 2684 subdiaconos
1404 2628 1699 2683 licentiam
1734 2628 1837 2683 ha-

176 2719 317 2775 bere
352 2720 410 2774 in
444 2719 823 2775 secretarium
848 2718 968 2774 sive
988 2718 1315 2774 sacrarium
1338 2717 1493 2788 quod
1516 2716 1697 2771 Graeci
1719 2716 1838 2771 dia-

175 2809 393 2866 conion
415 2813 646 2875 vocant,
670 2809 981 2881 ingredi,et
1002 2808 1341 2881 contingere
1354 2822 1497 2862 vasa
1512 2806 1835 2865 Dominica.

174 2900 311 2955 CAP.
350 2900 471 2954 106.
493 2927 564 2940 —-
594 2898 744 2967 Quod
762 2903 1011 2968 oporteat
1029 2899 1323 2970 parochias
1351 2897 1661 2951 rusticanos
1684 2898 1836 2970 infra

247 2973 554 3027 terminum
584 2987 701 3043 ejus
731 2972 971 3041 episcOpi
992 2969 1335 3043 permanere,
1366 2970 1574 3043 quieos
1600 2984 1700 3043 per
1729 2969 1834 3043 tri-

245 3044 406 3114 ginta
434 3038 1095 3112 annos'gubernav’ithx
1122 3040 1358 3099 concilio
1373 3038 1832 3108 "Chalcedonensi,

248 3130 373 3185 cap.
409 3114 500 3171 16.

251 3211 369 3282 (16,
401 3228 452 3282 q.
486 3210 539 3277 3,
571 3227 619 3266 c.
656 3213 759 3267 Per
787 3209 1084 3283 singulas).
1115 3210 1225 3265 Per
1254 3208 1521 3283 singulas
1560 3206 1835 3264 ecclesias

179 3299 521 3355 rusticanus
552 3299 859 3371 parochias
892 3300 1011 3355 sive
1043 3299 1445 3371 possessiones
1476 3313 1713 3353 manere
1733 3296 1837 3351 im-

175 3388 432 3444 mobiles
463 3390 619 3461 apud
645 3406 743 3444 eos
766 3388 867 3460 qui
892 3405 989 3444 eas
1023 3386 1273 3443 retinent
1296 3388 1625 3458 episcopos,
1647 3386 1839 3440 decre-

172 3477 379 3533 vimus
414 3496 427 3533 :
462 3482 517 3533 et
548 3478 823 3547 maxime,
856 3476 954 3549 qui
988 3493 1086 3531 eas
1118 3476 1245 3531 sine
1282 3475 1559 3531 violentia
1580 3476 1706 3546 jam
1739 3489 1840 3546 per

168 3567 419 3639 triginta
438 3583 624 3621 annos
648 3570 916 3622 tenentes
939 3564 1501 3637 gubernaverunt.Si
1524 3579 1657 3619 vero
1683 3562 1839 3618 intra

168 3656 419 3727 triginta
450 3672 632 3711 annos
653 3656 801 3711 facta
820 3655 1015 3726 fuerit,
1039 3658 1139 3709 aut
1168 3653 1270 3708 fiat
1300 3653 1370 3707 de
1399 3651 1493 3707 his
1517 3650 1836 3723 altercatio,

166 3745 348 3800 licere
380 3744 465 3799 eis
499 3744 598 3815 qui
631 3762 693 3800 se
725 3744 980 3800 dixerint
1012 3744 1458 3814 laesos,propter
1487 3757 1585 3796 eas
1610 3756 1837 3795 movere

168 3833 330 3907 apud
365 3833 654 3904 synodum
690 3832 1001 3905 provinciae
1035 3837 1349 3888 certamen.
1376 3830 1435 3886 Si
1460 3829 1593 3901 quis
1614 3846 1749 3885 vero
1774 3845 1836 3885 se

172 3924 345 3992 putat
378 3938 411 3975 a
438 3921 674 3992 proprio
696 3919 1144 3992 metropolitano
1167 3919 1417 3991 gravari,
1443 3918 1598 3990 apud
1627 3917 1835 3989 prima-

169 4015 294 4063 tem
327 4009 664 4076 diceceseos,
699 4007 784 4064 vel
819 4009 972 4079 apud
1007 4007 1668 4079 Constantinopolitanw
1696 4006 1834 4062 civi-

167 4098 313 4153 tatis
340 4097 563 4165 sedem,
582 4097 1046 4170 agatjudicium,
1065 4098 1219 4153 sicut
1240 4097 1461 4151 dictum
1485 4099 1593 4151 est.
1620 4095 1678 4150 Si
1702 4113 1833 4151 vero

170 4186 452 4257 quaelibet
482 4186 683 4242 civitas
708 4204 809 4259 per
838 4187 1242 4242 auctoritatem
1264 4184 1627 4257 imperialem
1662 4201 1832 4240 reno-

166 4280 304 4330 vata
334 4280 443 4343 est,
488 4278 589 4330 aut
625 4276 673 4331 si
708 4281 1019 4331 renovetur
1049 4275 1107 4330 in
1143 4279 1442 4346 posterum
1475 4273 1745 4329 civilibus
1778 4278 1834 4329 et

169 4363 435 4436 publicis
483 4362 956 4419 ordinationibus
1007 4365 1183 4419 etiam
1236 4362 1617 4418 ecclesiarum
1665 4379 1831 4434 paro-

168 4452 549 4518 chianarum,
585 4458 867 4525 sequatur
898 4453 1209 4508 ordinatio.

1950 474 2251 546 evangelia
2280 475 2435 529 datis
2466 475 2853 530 sacramentis
2903 476 2973 529 de
3004 479 3217 545 morte,
3246 479 3301 529 et
3330 476 3603 531 debilita-

1950 566 2025 629 te,
2060 569 2116 618 et
2146 564 2304 619 omni
2339 581 2640 634 pcnnarum
2685 580 2896 635 genere
2929 565 3049 618 sint
3080 563 3268 619 securi
3307 581 3319 617 :
3350 563 3433 618 ita
3464 568 3527 619 ut
3552 564 3605 621 ei

1951 652 2043 706 cui
2079 669 2213 707 reus
2262 654 2435 707 fuerit
2482 652 2833 707 criminosus
2878 653 3283 723 consignatus,
3318 652 3388 706 de
3428 652 3604 708 satis-

1949 741 2199 796 factione
2246 742 2568 796 conveniat.
2620 742 2780 805 Quod
2815 742 2859 796 si
2897 742 3029 811 quis
3082 744 3453 796 sacramenta
3497 758 3606 797 sua

1950 830 2253 885 convictus
2285 830 2458 885 fuerit
2487 830 2759 895 violasse,
2795 846 2928 885 reus
2962 830 3233 900 perjurii,
3266 846 3378 885 non
3413 830 3605 885 solum

1945 936 1979 974 a
2009 920 2421 975 communione
2471 919 2748 983 ecclesiae,
2779 919 2867 973 vel
2918 920 3180 974 omnium
3224 919 3601 989 clericorum,

1946 1024 2147 1063 verum
2179 1008 2356 1062 etiam
2406 1025 2438 1062 a
2490 1007 2909 1063 catholicorum
2960 1008 3223 1062 convivio
3274 1013 3601 1079 separetur.

1949 1098 2113 1162 Quod
2144 1098 2194 1152 si
2222 1098 2272 1153 is
2302 1097 2394 1152 cui
2429 1112 2560 1152 reus
2589 1100 2701 1164 est,
2734 1096 2988 1151 noluerit
3017 1096 3129 1150 sibi
3161 1096 3484 1151 intentione
3515 1098 3605 1151 fa-

1950 1185 2136 1242 ciente
2168 1185 2457 1257 componi,
2493 1188 2549 1240 et
2580 1184 2707 1255 ipse
2755 1201 2888 1239 reus
2938 1185 3008 1239 de
3039 1183 3285 1239 ecclesia
3333 1188 3497 1238 actus
3529 1185 3602 1239 ti-

1952 1274 2479 1340 morediscesserit,
2494 1275 2564 1328 ab
2584 1273 2839 1329 ecclesiae
2855 1273 3081 1328 clericis
3106 1289 3220 1327 non
3245 1273 3599 1343 requiratur.

1950 1385 2081 1439 CAP.
2118 1383 2237 1438 108.
2267 1412 2334 1421 —-
2367 1382 2442 1436 De
2471 1392 2699 1451 raptore
2727 1382 2823 1451 qui
2872 1396 2996 1435 cum
3027 1384 3183 1450 rapta
3216 1378 3285 1433 ad
3315 1381 3607 1435 ecclesiam

2318 1455 2653 1524 confugerit.
2688 1453 2769 1506 Ea:
2798 1452 3001 1519 eodem,
3025 1467 3143 1522 cap.
3180 1452 3229 1507 4.

2020 1543 2135 1613 (36,
2168 1559 2217 1612 q.
2255 1542 2305 1609 1,
2336 1558 2381 1596 c.
2418 1542 2492 1595 De
2522 1540 2882 1612 raptoribus).
2929 1540 3009 1594 De
3041 1539 3374 1610 raptoribus
3408 1542 3603 1595 autem

1951 1630 2304 1686 feminarum
2336 1629 2393 1684 id
2417 1630 2898 1685 constituendum
2922 1644 3049 1684 esse
3082 1628 3444 1694 censuimus,
3468 1631 3533 1683 ut
3554 1628 3603 1683 si

1951 1721 2023 1775 ad
2055 1719 2363 1774 ecclesiam
2398 1723 2599 1790 raptor
2619 1735 2753 1773 cum
2785 1722 2953 1789 rapta
2983 1717 3330 1789 confugerit,
3356 1722 3412 1772 et
3437 1717 3605 1771 femi-

1950 1823 2088 1863 nam
2119 1807 2308 1879 ipsam
2332 1805 2671 1863 violentiam
2696 1805 3009 1878 pertulisse
3032 1806 3381 1877 constiterit,
3403 1805 3603 1862 statim

1948 1895 2227 1952 liberetur
2257 1896 2327 1951 de
2360 1900 2645 1968 potestate
2680 1894 2953 1966 raptoris,
2996 1899 3053 1949 et
3084 1893 3426 1965 parentibus
3468 1894 3602 1949 red-

1952 1985 2129 2040 datur
2161 2002 2174 2041 :
2207 1988 2264 2040 et
2294 1988 2513 2056 raptor,
2550 1983 2757 2040 mortis
2797 1983 2885 2038 vel
2918 1999 3220 2055 pmnarum
3254 1983 3606 2054 impunitate

1950 2090 2247 2142 concessa,
2282 2073 2525 2129 liberam
2554 2074 2762 2128 habeat
2783 2073 2960 2128 eundi
2993 2071 3349 2127 facultatem.
3382 2071 3441 2127 Si
3473 2088 3604 2129 vero

1950 2169 2224 2235 parentes
2246 2163 2507 2219 mulieris
2531 2162 2950 2219 ecclesiasticis
2972 2160 3111 2218 viris
3135 2161 3370 2218 obedire
3396 2161 3605 2217 nolue-

1950 2253 2087 2320 rint,
2122 2252 2725 2309 excommunicentur.

1948 2358 2080 2415 CAP.
2116 2360 2235 2413 109.
2270 2391 2335 2399 —
2368 2363 2446 2414 De
2474 2374 2629 2413 servo
2659 2359 2753 2428 qui
2769 2374 2871 2429 pro
2902 2357 3143 2429 qualibet
3175 2357 3335 2429 culpa
3365 2375 3397 2411 a
3429 2357 3602 2412 domi-

1981 2448 2051 2487 no
2082 2447 2179 2486 suo
2211 2430 2280 2485 ad
2308 2432 2589 2486 ecclesiam
2622 2433 2951 2499 confugerit.
3006 2430 3086 2482 Ex
3115 2428 3325 2496 eodem,
3359 2446 3476 2500 cap.
3508 2430 3563 2483 5.

2020 2522 2129 2589 (l7,
2163 2539 2212 2591 q.
2248 2520 2300 2587 lt,
2333 2536 2377 2574 c.
2422 2519 2479 2574 Id
2527 2521 2955 2585 constituimus).
2997 2517 3212 2571 Servus
3260 2516 3357 2586 qui
3406 2518 3475 2571 ad
3507 2533 3601 2572 ec-

1948 2607 2184 2663 clesiam
2221 2608 2548 2679 confugerit
2578 2624 2680 2678 pro
2706 2606 2968 2678 qualibet
2998 2605 3189 2676 culpa,
3224 2606 3271 2659 si
3302 2622 3333 2659 a
3362 2605 3600 2659 domino

1947 2715 2049 2769 pro
2079 2698 2394 2753 commissa
2424 2696 2599 2768 culpa
2648 2693 3113 2751 ecclesiasticum
3165 2696 3597 2748 sacramentum

1946 2788 2290 2859 susceperit,
2324 2786 2522 2842 statim
2556 2786 2627 2841 ad
2680 2785 2985 2841 servitium
3032 2782 3251 2837 domini
3286 2781 3375 2837 sui
3407 2782 3598 2837 redire

1944 2881 2204 2949 cogatur.
2240 2877 2308 2931 Et
2338 2881 2651 2947 postquam
2677 2874 2812 2929 dato
2836 2876 3205 2928 sacramento
3229 2870 3467 2926 domino
3491 2888 3597 2926 suo

1944 2966 2120 3021 fuerit
2150 2965 2555 3037 consignatus,
2590 2964 2638 3018 si
2670 2963 2893 3034 aliquid
2928 2979 3030 3033 pro
3063 2962 3266 3016 eadem
3290 2960 3463 3031 culpa
3496 2959 3597 3031 qui

1944 3059 2257 3111 accusatur
2286 3055 2566 3127 probatus
2592 3053 2765 3108 fuerit
2795 3050 3131 3124 pertulisse,
3163 3067 3263 3121 pro
3300 3052 3598 3120 contemp-

1864 3137 1907 3205 C
1944 3148 2009 3200 tu
2040 3145 2333 3208 Ecclesiae,
2365 3147 2421 3198 et
2453 3141 2927 3213 praevaricatione
2974 3138 3343 3210 [privatione]
3376 3136 3535 3206 fidei,
3569 3154 3602 3191 a

1949 3230 2383 3296 communione,
2416 3228 2503 3283 vel
2537 3226 2799 3282 convivio
2832 3224 3285 3289 catholicorum,
3321 3223 3472 3276 sicut
3506 3239 3603 3277 su-

1946 3320 2144 3390 perius
2184 3316 2654 3389 conprehensum
2700 3318 2811 3382 est,
2859 3317 3169 3368 extraneus
3202 3310 3506 3365 habeatur.
3538 3310 3599 3365 Si

1945 3424 2078 3462 vero
2112 3423 2315 3462 servus
2346 3423 2448 3477 pro
2501 3404 2673 3475 culpa
2722 3420 2829 3458 sua
2861 3403 2932 3457 ab
2967 3400 3213 3456 ecclesia
3263 3399 3602 3454 defensatus

1947 3499 2383 3550 sacramentum
2434 3492 2655 3548 domini
2710 3492 2799 3546 sui
2834 3490 3059 3545 clericis
3110 3488 3478 3560 exigentibus
3530 3487 3600 3541 de

1946 3584 2297 3654 impunitate
2346 3580 2689 3654 perceperit,
2736 3578 2887 3636 exire
2930 3578 3225 3634 nolentem
3277 3595 3310 3632 a
3358 3575 3597 3632 domino

1946 3670 2117 3727 liceat
2148 3670 2443 3742 occupari.

1981 3772 2109 3826 CAP.
2148 3770 2267 3823 110.
2300 3801 2367 3809 —
2398 3770 2469 3823 De
2499 3771 2686 3823 eadem
2720 3783 2798 3821 re.
2816 3768 2916 3890 5E2:
2945 3766 3178 3822 concilio
3210 3764 3562 3832 Chalcedon.,

2664 3855 2783 3890 σαι).
2858 3880 2869 3890 .

2664 3855 2783 3909 cap.
2816 3855 2869 3892 ο.

2013 3928 2294 3985 Similiter
2321 3928 2377 3982 in
2402 3927 2735 3983 Matiscensi
2754 3926 2975 3999 synodo
2999 3926 3297 3981 decretum
3322 3927 3426 3995 est,
3453 3928 3516 3980 ut
3537 3924 3601 3979 hi

1943 4021 2044 4091 qui
2077 4019 2307 4091 fugiunt
2332 4034 2470 4073 suos
2498 4016 2787 4084 inimicos,
2815 4020 2914 4070 aut
2945 4015 3003 4069 in
3037 4013 3368 4082 ecclesiam,
3404 4019 3503 4068 aut
3538 4013 3596 4067 in

1942 4107 2157 4163 atrium
2176 4105 2557 4176 ecclesiaz,aut
2576 4105 2635 4159 in
2661 4106 2901 4159 domum
2926 4102 3209 4174 episcopi,
3235 4106 3335 4155 aut
3356 4101 3413 4155 in
3438 4100 3596 4155 clau-

1942 4201 2130 4253 strum
2152 4193 2532 4267 regularium,
2551 4211 2665 4249 non
2688 4193 2819 4247 inde
2837 4191 3276 4257 abstrahamur,
3296 4188 3409 4241 nisi
3433 4188 3595 4257 prius

1941 4302 2121 4357 supra
2150 4301 2315 4339 sacra
2338 4282 2646 4338 securitate
2665 4284 2902 4353 accepta
2934 4297 2967 4333 a
2999 4276 3495 4350 persecutoribus,
3523 4276 3596 4331 de

1941 4377 2149 4437 morte,
2184 4375 2252 4427 de
2280 4371 2600 4437 debilitate,
2632 4376 2689 4425 et
2718 4370 2876 4425 omni
2902 4384 3205 4440 pcnnarum
3233 4382 3443 4438 genere
3474 4366 3595 4420 sint

1939 4462 2127 4518 securi
2164 4479 2176 4515 :
2212 4460 2389 4516 etiam
2424 4461 2471 4515 si
2505 4460 2650 4515 servi
2691 4460 2809 4515 sint
2838 4459 3072 4513 illorum
3103 4456 3199 4526 qui
3222 4471 3589 4527 persequun-

170 4542 466 4617 CAP._107.
601 4511 683 4617 De
725 4543 811 4595 his
855 4542 952 4617 qui
996 4542 1065 4595 ad
1112 4542 1393 4617 ecclesiam
1434 4541 1831 4617 proureatibus
1861 4511 1897 4576 Π

1969 4570 2037 4607 ur
2058 4568 2174 4617 eos,
2207 4550 2290 4605 ita
2320 4554 2384 4605 ut
2413 4549 2461 4603 ei
2496 4549 2588 4604 cui
2623 4548 2702 4604 rei
2753 4547 3053 4603 criminosi
3082 4546 3321 4612 fuerint,
3356 4545 3426 4599 de
3458 4544 3594 4599 sati-

244 4614 363 4667 suis
391 4614 739 4681 confugiunt,
774 4611 914 4684 quod
943 4628 1055 4666 non
1083 4621 1209 4667 sunt
1238 4611 1614 4684 abstrahendi,
1640 4628 1741 4667 nec
1770 4612 1835 4666 de

243 4686 483 4739 ecclesia
513 4685 595 4738 vel
623 4684 686 4739 de
738 4683 1122 4739 ecclesiasticis
1168 4684 1423 4754 ofﬁcinis,
1455 4684 1539 4738 vel
1569 4683 1633 4738 de
1662 4686 1830 4753 atrio,

242 4757 333 4810 vel
358 4756 423 4809 de
451 4756 607 4810 domo
625 4756 895 4827 episcopi,
922 4756 1003 4810 vel
1032 4772 1067 4809 a
1095 4755 1332 4810 claustro
1360 4772 1378 4809 :
1408 4771 1509 4809 nec
1537 4756 1719 4827 alicui
1740 4771 1832 4810 re-

244 4826 810 4951 giniseigngtéiebent,
840 4828 952 4881 nisi
999 4829 1219 4897 accepta
1247 4828 1544 4881 securitate
1569 4826 1633 4881 de
1663 4828 1834 4882 morte

247 4907 300 4953 et
326 4900 633 4953 debilitate.

246 4983 433 5056 (Cone.
468 4986 770 5040 Aurelian.
804 5002 843 5051 ι,
874 5001 995 5057 cap.
1027 4984 1080 5053 3,
1106 4984 1193 5055 l7,
1214 5003 1261 5057 q.
1291 4986 1345 5051 4,
1376 5001 1423 5039 c.
1458 4983 1517 5039 Id
1546 4985 1834 5041 constitui-

169 5073 340 5145 mus).
375 5073 439 5127 In
473 5074 695 5146 synodo
728 5072 1136 5129 Aurelianensi
1167 5073 1357 5146 prima
1390 5072 1501 5127 sub
1551 5072 1833 5131 Clodoveo

171 5180 311 5235 rege
343 5164 402 5216 in
428 5179 541 5233 qua
564 5162 845 5217 sederunt
863 5161 1121 5233 episcopi
1142 5161 1351 5233 viginti
1373 5165 1628 5230 quatuor
1649 5161 1719 5217 de
1741 5161 1833 5218 his

174 5251 276 5323 qui
311 5250 383 5305 ad
418 5249 724 5305 ecclesiam
750 5265 852 5321 pro
885 5250 1145 5305 reatibus
1177 5250 1301 5305 suis
1335 5250 1589 5320 fugiunt,
1614 5248 1671 5303 id
1696 5266 1831 5305 con-

173 5341 453 5395 stitutum
486 5342 576 5394 est
625 5338 1081 5403 observandum,
1114 5338 1269 5409 quod
1321 5338 1548 5409 antiqui
1580 5354 1832 5393 canones

172 5430 577 5495 decreverunt,
593 5431 649 5483 et
679 5426 769 5482 lex
794 5427 1059 5482 Romana
1090 5428 1397 5483 constituit
1425 5444 1436 5482 :
1468 5432 1531 5482 ut
1558 5428 1628 5483 ab
1652 5428 1832 5484 eccle-

174 5515 273 5571 sia:
309 5514 501 5585 atriis,
533 5513 621 5570 vel
653 5531 685 5569 a
715 5515 887 5570 domo
919 5515 1307 5587 episcopi,vel
1337 5532 1369 5569 a
1400 5514 1833 5586 claustro,quia

175 5604 299 5661 haec
332 5621 439 5676 pro
472 5602 846 5659 immunitate
877 5602 1184 5672 habentur,
1214 5618 1311 5660 eos
1338 5604 1678 5661 abstrahere
1707 5620 1830 5660 om-

1939 4641 2223 4696 sfactione
2242 4637 2564 4693 conveniat.
2582 4638 2742 4701 Quod
2764 4636 2813 4691 si
2844 4636 2895 4691 is
2924 4636 3021 4707 qui
3048 4651 3225 4705 super
3246 4650 3409 4689 sacra
3432 4633 3594 4703 prius

1932 4731 2251 4801 juraverat,
2305 4726 2606 4782 convictus
2656 4726 2830 4780 fuerit
2866 4726 3271 4796 juramentum
3322 4722 3593 4788 violasse,

1940 4836 2074 4874 reus
2107 4817 2349 4890 perjurii
2380 4834 2411 4871 a
2443 4814 2856 4870 communione
2888 4812 3150 4886 privetur
3180 4828 3487 4884 quousque
3508 4828 3598 4865 sa-

1940 4907 2219 4963 tisfaciat.

1940 5005 2075 5060 CAP.
2112 5004 2233 5059 111.
2268 5035 2333 5044 —
2364 5006 2500 5058 Item
2530 4999 2595 5055 de
2622 4999 2827 5055 eodem.
2863 5001 2944 5054 Ea:
2993 4998 3224 5054 concilio
3254 4997 3399 5070 apud
3432 4998 3593 5053 Theo-

2422 5073 2577 5128 donis
2606 5072 2821 5138 villam,
2852 5086 2970 5141 cap.
3008 5072 3098 5127 11.

2011 5164 2123 5234 (17,
2156 5180 2206 5232 q.
2242 5163 2293 5230 4,
2326 5177 2373 5215 c.
2412 5161 2576 5216 Reum
2624 5159 2696 5214 ad
2724 5156 3063 5228 ecclesiam).
3118 5159 3365 5214 Servum
3397 5158 3597 5215 confu-

1940 5251 2193 5323 gientem
2226 5250 2296 5303 ad
2329 5248 2659 5313 ecclesiam,
2695 5263 2795 5302 seu
2826 5247 2884 5301 in
2936 5248 3151 5302 atrium
3184 5247 3459 5311 ecclesiae,
3494 5251 3595 5301 aut

1940 5341 1999 5395 in
2031 5338 2294 5396 officinas
2329 5336 2685 5407 regularium
2713 5337 2973 5406 fratrum,
3007 5336 3093 5390 vel
3128 5337 3187 5391 in
3220 5341 3465 5403 curtem,
3490 5338 3591 5388 aut

1940 5429 2003 5485 in
2032 5429 2274 5484 domum
2302 5426 2583 5498 episcopi,
2605 5426 2739 5497 quia
2764 5426 2879 5481 hazc
2906 5426 2958 5479 in
2984 5426 3245 5497 antiquis
3267 5422 3590 5479 canonibus

1940 5534 2044 5589 pro
2075 5517 2449 5572 immunitate
2482 5520 2959 5583 tcnentur,nemo
2984 5515 3322 5569 abstrahere
3354 5512 3591 5584 audeat,

1941 5623 2129 5677 neque
2160 5606 2295 5660 inde
2328 5606 2545 5660 donare
2576 5604 2647 5659 ad
2698 5620 2928 5673 poenam
2978 5602 3067 5657 vel
3117 5602 3187 5657 ad
3221 5604 3491 5671 mortem,
3526 5606 3591 5657 ut
