3970 6058
382 201 492 258 223

1465 223 1535 273 D.
1577 221 1818 276 IVONIS
1853 223 2351 281 CARNOTENSIS
2386 227 2717 285 EPISCOPI

3686 245 3798 300 224

383 325 572 384 honor
600 328 703 385 Dei
730 333 788 387 et
815 339 1154 392 sanctorum
1188 339 1316 411 ejus
1348 357 1462 412 prie
1494 341 1769 398 omnibus
1802 360 2033 400 conser-
2062 350 2118 418 Α
2149 348 2281 402 CAP.
2301 347 2434 422 117.
2465 378 2535 390 -ο
2566 350 2629 406 Ut
2656 352 2844 408 nullus
2891 356 3217 414 clericorum
3261 376 3480 418 servum
3515 365 3602 420 vel
3631 367 3801 422 disci-

382 417 593 473 vetur:
625 419 728 474 sed
760 425 1013 479 rectores
1036 425 1412 483 ecclesiarum
1441 446 1645 501 pacem
1677 435 1733 487 et
1757 431 2036 504 vitam,et

382 506 649 562 membra
695 510 824 579 ejus
875 527 1009 567 cum
1051 515 1391 583 juramento
1441 519 1703 576 obtinere
1735 523 2030 592 studeant,

378 596 576 650 tamen
607 595 865 668 legitime
897 608 1208 674 componat
1241 606 1531 678 quidquid
1564 609 1764 682 inique
1795 612 2029 682 fecerat,

377 684 436 738 et
465 682 518 739 si
547 683 847 742 insecutor
877 690 1177 760 magistris
1209 692 1476 750 Ecclesiae
1511 696 1747 754 obedire
1779 699 2031 756 noluerit

375 772 655 828 canonice
685 776 1148 848 constringatur.

424 859 553 915 CAP.
591 862 712 916 112.
743 893 814 905 —-
843 866 978 920 Item
1007 866 1072 921 de
1101 867 1288 924 eadem
1317 886 1394 925 re.
1429 873 1512 927 Ex
1539 876 1770 931 concilio
1799 879 1978 931 Arau-

1013 939 1146 1009 sico,
1173 957 1294 1011 cap.
1327 943 1382 996 5.

444 1019 554 1074 Eos
585 1021 685 1090 qui
718 1021 788 1076 ad
821 1023 1126 1082 ecclesiam
1177 1029 1547 1102 confugerint
1595 1033 1749 1088 tradi
1779 1051 1896 1090 non
1927 1037 2025 1092 de-

369 1106 526 1178 bere,
559 1107 660 1162 sed
693 1110 807 1166 loci
840 1116 1182 1187 reverentia,
1216 1122 1272 1173 et
1319 1119 1738 1178 intercessione
1769 1124 2022 1182 defendi.

366 1193 427 1250 Si
458 1196 589 1268 quia
620 1201 816 1256 autem
849 1201 1196 1262 clericorum
1233 1209 1548 1281 mancipia,
1581 1227 1684 1282 pro
1715 1213 1840 1269 suis
1864 1231 2023 1273 man-

361 1281 534 1353 cipiis
565 1285 637 1342 ad
670 1287 978 1346 ecclesiam
1031 1295 1534 1368 confugientibus,
1584 1281 1896 1358 crediderit
1923 1319 2022 1360 oc-

361 1386 577 1442 cupare
609 1391 622 1428 :
658 1391 762 1446 per
791 1392 998 1435 omnes
1051 1382 1328 1440 ecclesias
1380 1386 1825 1446 districtissima
1854 1393 2020 1448 dam-

359 1459 598 1516 natione
623 1461 888 1523 feriatur.

399 1549 532 1605 CAP.
565 1549 688 1606 113.
721 1582 792 1594 —
821 1555 894 1610 De
925 1557 1284 1616 immunitate
1332 1563 1598 1622 ecclesiae.
1631 1570 1727 1622 Ea:
1752 1570 1981 1626 concilio

891 1628 1247 1701 Triburiensi,
1278 1649 1397 1705 cap.
1425 1636 1479 1690 6.

2210 419 2412 509 pulpm
2447 435 2608 477 suum
2635 424 2703 478 ab
2732 425 2960 509 ecclesia
3004 431 3294 509 estranere
3321 434 3540 509 audeat,
3571 419 3802 509 vela/la-

2212 489 2429 557 gctlare
2454 500 2773 562 praesumat.
2804 497 2887 551 Ea:
2915 499 3182 557 Ilerdensi
3207 489 3625 579 concilio,ﬂcap.v
3640 489 3703 565 V8:

2214 597 2323 667 (17,
2358 615 2410 668 q.
2439 600 2492 670 4,
2514 617 2561 655 c.
2589 603 2794 658 Nullus
2812 604 3180 678 clericorum).
3204 608 3414 666 Nullus
3445 611 3794 674 clericorum

2139 699 2374 740 servum
2405 691 2509 742 aut
2539 688 2894 760 discipulum
2927 708 3104 749 suum
3127 695 3197 749 ad
3229 696 3536 754 ecclesiam
3571 701 3799 773 fugien-

2137 775 2279 842 tem,
2312 775 2614 832 extrahere
2663 777 2894 847 audeat,
2943 780 3032 835 vel
3082 782 3376 854 flagellare
3425 796 3790 865 praesumat;

2139 863 2294 931 quod
2327 863 2376 918 si
2422 864 2645 936 fecerit,
2691 867 2877 923 donec
2907 869 3083 941 digne
3130 872 3426 943 pmniteat,
3460 893 3494 931 a
3540 877 3666 935 loco
3697 863 3795 938 cui

2137 949 2419 1007 honorem
2451 969 2566 1008 non
2597 955 2778 1026 dedit,
2811 965 3173 1031 segregetur.

2135 1055 2275 1145 Ου’..
2298 1058 2422 1145 11S.
2451 1089 2520 1143 ᾖ
2548 1065 2630 1118 Ne
2659 1063 2782 1145 quis
2827 1066 3115 1145 mancipia
3162 1068 3488 1145 clericorum
3534 1090 3634 1145 pro
3673 1080 3795 1133 suis

2206 1129 2275 1208 ad
2295 1131 2580 1208 ecclesiam
2611 1129 2862 1204 profugis
2887 1129 3152 1208 occupare
3191 1142 3415 1197 audeat.
3447 1129 3794 1205 Ex'concilio

2203 1201 2564 1271 Arausicano,
2597 1201 2721 1274 cap;
2749 1201 2802 1262 6—.

2204 1286 2263 1341 Si
2296 1288 2428 1359 quis
2460 1292 2756 1363 mancipia
2786 1293 3130 1352 clericorum
3182 1315 3284 1370 pro
3317 1301 3442 1357 suis
3477 1305 3794 1376 mancipiis

2131 1375 2200 1429 ad
2235 1376 2542 1433 ecclesiam
2575 1381 3050 1452 confugientibus
3083 1388 3393 1444 crediderit
3423 1375 3788 1466 occupanda,

2129 1462 2573 1522 districtissima
2601 1470 2975 1528 damnatione
3022 1490 3126 1545 per
3166 1493 3371 1533 omnes
3395 1462 3671 1538 ecclesias
3702 1483 3788 1539 fe-

2127 1551 2335 1607 riatur.
2368 1556 2452 1610 Ex
2481 1554 2737 1612 Codicum
2766 1559 2907 1614 libro
2922 1577 3001 1629 v1,
3024 1578 3148 1634 cap.
3171 1563 3228 1631 1,
3252 1565 3413 1622 titulo
3439 1569 3492 1621 4.
3518 1570 3787 1635 Quicun-

2126 1655 2239 1710 que
2269 1641 2585 1713 fugitivum
2618 1662 2851 1702 servum
2882 1648 2942 1703 in
2976 1650 3148 1708 domo
3178 1652 3266 1708 vel
3305 1653 3365 1709 in
3397 1671 3558 1728 agro,
3593 1658 3784 1716 inscio

432 1707 543 1780 (17,
577 1726 628 1782 q.
661 1711 714 1779 4,
745 1729 793 1769 c.
827 1713 888 1770 Si
919 1719 1042 1788 quis
1075 1721 1136 1775 in
1167 1722 1359 1793 atrio).
1409 1723 1472 1778 Si
1503 1725 1636 1796 quis
1668 1726 1727 1782 in
1758 1728 2016 1786 ecclesiis
2049 1718 2096 1784 Β
2127 1707 2368 1786 domino
2397 1733 2548 1803 ejus,
2580 1737 2925 1808 susceperit,
2959 1755 3094 1794 cum
3127 1707 3388 1814 compari
3419 1707 3558 1811 alio:
3585 1746 3674 1802 vel
3703 1748 3789 1804 vi-

360 1796 510 1852 atrio
559 1815 820 1872 pugnam
875 1807 1212 1880 committit,
1263 1815 1365 1866 aut
1413 1811 1797 1872 homicidium
1856 1817 2015 1888 facit,

359 1885 648 1974 quidquid
685 1907 787 1962 pro
813 1892 1190 1953 immunitate
1209 1898 1426 1955 violata
1446 1903 1882 1961 emendandum
1905 1885 2012 1974 est,

359 1972 566 2030 altario
597 1976 876 2049 solvatur,
909 1984 1311 2059 cujuscunque
1342 1989 1517 2046 fuerit
1545 1993 1792 2050 ecclesia
1819 1994 1940 2050 illa.

359 2079 494 2134 CAP.
528 2081 650 2139 114.
684 2115 750 2126 -
777 2087 851 2143 De
867 2090 1214 2159 fugientibus
1235 2094 1311 2150 ad
1331 2096 1640 2153 ecclesiam.
1673 2102 1758 2155 Ex
1784 2103 2013 2159 concilio

840 2161 1293 2232 Mediomatricis,
1325 2183 1444 2239 cap.
1473 2169 1529 2224 2.

429 2239 546 2330 (17,
576 2259 632 2314 q.
666 2245 715 2312 4,
750 2262 798 2302 c.
829 2248 892 2302 Si
921 2252 1043 2320 quis
1071 2257 1412 2327 contumax).
1445 2257 1505 2313 Si
1538 2259 1669 2330 quis
1697 2266 2012 2320 contumax

353 2328 440 2383 vel
474 2333 766 2402 superbus
799 2336 1068 2394 timorem
1099 2342 1260 2410 cleri,
1295 2344 1380 2400 vel
1415 2328 1796 2404 reverentiam
1828 2351 2010 2408 eccle-

353 2416 576 2474 siarum
611 2437 724 2476 non
758 2423 1053 2494 habuerit,
1086 2434 1142 2484 et
1188 2432 1510 2504 fugientem
1543 2453 1776 2494 servum
1808 2457 2005 2510 suum,

349 2504 439 2560 vel
471 2522 644 2576 quem
683 2518 1026 2579 persecutus
1077 2518 1272 2588 fuerit,
1308 2523 1379 2577 de
1429 2524 1578 2581 atrio
1607 2527 1887 2601 ecclesiae,
1919 2532 2005 2587 vel

350 2592 422 2648 de
442 2596 767 2665 porticibus
786 2602 1051 2672 quolibet
1083 2608 1255 2663 modo
1273 2609 1528 2668 ecclesiae
1548 2592 2004 2692 adharentibus,

347 2697 452 2753 per
481 2683 597 2739 vim
623 2688 974 2747 abstraxerit
1009 2711 1022 2748 :
1052 2711 1155 2766 pro
1181 2697 1556 2758 immunitate
1586 2720 1758 2760 acccc
1784 2707 2003 2763 solidos

349 2770 988 2864 episcopocomponat
1032 2799 1044 2836 :
1097 2788 1153 2839 et
1200 2787 1328 2857 ipse
1375 2790 1611 2860 publica
1660 2795 2005 2864 pmnitentia

335 2858 821 2930 juxtajudicium
853 2869 1112 2941 episCOpi
1138 2858 1444 2942 multetur,
1479 2884 1543 2934 ut
1574 2858 1870 2938 sit-honor
1897 2886 2001 2943 Dei

346 2949 403 3000 et
434 2951 754 3007 reverentia
775 2960 1135 3027 sanctorum,
1159 2967 1216 3016 et
1245 2963 1502 3022 Ecclesia
1532 2967 1632 3024 Dei
1664 2986 1897 3044 semper
1917 2975 2000 3030 in-

343 3034 497 3091 victa
528 3047 886 3108 permaneat.

340 3143 473 3195 CAP.
667 3175 734 3187 —
759 3147 922 3226 Quod
968 3156 1116 3207 servi
1157 3158 1431 3225 fugientes
1475 3161 1721 3220 dominos
1764 3184 1889 3224 suos
1925 3171 1996 3226 ad

407 3215 714 3304 ecclesiam,
736 3215 1190 3304 [intercessionem
1223 3215 1430 3304 vcletgent
1469 3215 1731 3304 quam},
1766 3215 1875 3294 non
1906 3215 1992 3297 12:

411 3285 613 3341 tebras.
646 3292 908 3346 Getasius
934 3295 1274 3369 [Gregorius]
1305 3285 1884 3382 Bonifacio'episc'o'po'.

407 3372 521 3445 (17,
553 3392 604 3446 q.
642 3377 694 3445 4,
727 3395 774 3434 c.
809 3380 1146 3456 Metuentes).
1200 3386 1528 3447 Metuentes
1571 3372 1772 3451 famuli
1795 3372 1993 3456 domi-

335 3477 464 3528 nos,
499 3464 548 3518 si
580 3467 650 3519 ad
685 3467 944 3526 ecclesiae
989 3480 1154 3544 septa
1201 3479 1589 3552 confugerint,
1623 3484 1991 3547 intercessio-

336 3567 470 3605 nem
503 3552 718 3612 debent
766 3573 1042 3630 quaerere,
1098 3581 1212 3620 non
1264 3566 1521 3626 latebras
1554 3589 1566 3626 :
1602 3590 1672 3630 ne
1704 3575 1824 3632 bzec
1863 3579 1992 3652 ipsa

334 3643 714 3732 praasumptio
733 3647 1028 3706 tarditatis
1047 3655 1430 3713 temeritatem
1447 3667 1658 3732 augeat
1678 3643 1987 3725 renitendi.

334 3725 518 3784 Filius
550 3732 702 3788 enim
737 3741 935 3792 noster
979 3739 1066 3795 vir
1111 3745 1452 3814 spectabilis
1491 3725 1689 3807 Petrus
1721 3755 1990 3824 queritur

331 3831 564 3873 servum
598 3836 771 3876 suum
811 3823 868 3879 in
916 3827 1158 3884 ecclesia
1191 3832 1386 3888 Sancti
1420 3823 1987 3902 Clementisidiutius

330 3908 707 3977 commorari,
741 3911 832 3965 cui
867 3929 1001 3969 cum
1052 3918 1393 3989 deputasset
1435 3935 1800 3986 sacramenta
1848 3950 1987 4004 prie-

330 3992 497 4059 stari,
531 3994 698 4052 illum
731 4002 924 4070 egredi
970 4003 1130 4060 nulla
1180 4010 1402 4066 ratione
1449 4014 1726 4072 voluisse.
1760 4020 1829 4074 Et
1849 3992 1986 4079 ideo

330 4079 582 4140 directos
639 4090 963 4159 supradicti
1015 4093 1270 4152 hominis
1319 4099 1388 4154 de
1440 4106 1710 4173 przesenti
1756 4124 1885 4165 cum
1918 4127 1984 4167 eo

330 4186 504 4242 quem
537 4175 797 4247 elegerit,
828 4195 956 4237 esse
981 4183 1317 4256 mittendos,
1339 4189 1439 4259 qui
1470 4207 1601 4246 cum
1636 4194 1982 4268 deimpuni-

324 4260 444 4313 tate
476 4261 601 4330 ejus
631 4274 999 4323 sacramenta
1017 4273 1393 4347 praebuerint,
1419 4293 1552 4334 eum
1581 4283 1782 4339 statim
1807 4286 1983 4344 facies

324 4347 394 4399 ad
432 4347 739 4406 dominum
775 4371 949 4410 suum
986 4361 1172 4417 modis
1203 4365 1475 4420 omnibus
1505 4385 1763 4427 remeare
1797 4379 1899 4430 aut
1929 4377 1980 4432 si

2125 1819 2277 1890 ginti
2311 1821 2515 1877 solidis
2545 1824 2770 1879 reddat.

2123 1929 2253 2010 CAP:
2285 1929 2511 2010 l19.__—-
2540 1933 2604 1988 Ut
2631 1933 2876 2010 episcopi
2921 1948 3014 2010 eos
3062 1934 3320 2010 indignos
3342 1953 3588 2010 accessu
3613 1941 3790 2010 {eccle-

2193 2001 2297 2083 siis
2317 2000 2593 2083 judicent,
2624 2000 2724 2075 qui
2749 2000 2845 2058 eas
2873 2000 3228 2063 violaverint.
3265 2007 3506 2065 Gelasius
3536 2000 3786 2083 Epipha-

2192 2071 2286 2126 nio
2315 2075 2583 2143 episcopo.

2190 2159 2275 2213 Ad
2323 2160 2628 2233 episcopos
2678 2166 2917 2218 caeteros
2969 2163 3291 2222 direximus
3331 2168 3662 2237 jussionem
3715 2177 3782 2228 ut

2119 2261 2216 2302 eos
2244 2248 2344 2318 qui
2377 2248 2656 2306 ecclesias
2682 2250 2936 2308 violasse
2968 2254 3376 2324 perhibentur,
3409 2275 3650 2315 accessu
3681 2277 3780 2317 ea-

2115 2351 2249 2390 rum
2274 2336 2543 2406 judicent
2572 2355 2702 2395 esse
2734 2356 2850 2395 non
2885 2341 3115 2413 dignos.

2116 2443 2246 2498 CAP.
2282 2445 2404 2500 120.
2439 2477 2507 2486 —
2536 2448 2614 2502 De
2643 2447 2835 2502 eadem
2864 2467 2943 2506 re.
2993 2449 3240 2507 Gelasius
3275 2457 3481 2511 Victori
3511 2458 3781 2514 Constan-

2185 2518 2334 2603 tino,
2356 2517 2628 2592 Martirio,
2662 2520 3018 2593 Felicissimo,
3041 2523 3240 2580 Sereno
3269 2530 3320 2580 et
3352 2528 3618 2584 Timotheo
3649 2534 3773 2601 epi-

2183 2603 2379 2658 scopis.

2184 2676 2298 2747 (17,
2332 2695 2383 2748 q.
2418 2678 2472 2748 4,
2504 2695 2550 2734 c.
2581 2681 2773 2736 Frater
2801 2685 2857 2736 et
2884 2684 3277 2756 coepiscopus).
3324 2687 3523 2742 Frater
3551 2693 3608 2744 et
3637 2705 3769 2746 coe-

2110 2763 2385 2837 piscopus
2416 2772 2582 2822 noter
2599 2768 2966 2840 Epiphanius
2989 2787 3099 2826 sua
3126 2774 3296 2829 nobis
3328 2775 3608 2833 relatione
3630 2795 3775 2850 sug-

2108 2854 2314 2925 gessit,
2349 2859 2706 2913 Benenatum
2739 2862 2795 2913 et
2823 2859 3093 2915 Maurum
3120 2866 3540 2921 Beneventanis
3570 2869 3770 2922 muni-

2107 2941 2266 3014 cipes
2313 2944 2594 3014 civitates,
2628 2946 2687 3001 in
2739 2949 3155 3004 contumeliam
3210 2951 3509 3023 religionis
3559 2957 3771 3012 acerba

2107 3029 2286 3087 nimis
2317 3036 2374 3087 et
2395 3033 2681 3104 plectibili
2705 3038 3075 3094 contumacia
3104 3040 3448 3110 prosiluisse
3472 3058 3486 3098 :
3513 3045 3613 3115 qui
3635 3061 3774 3100 con-

2105 3118 2427 3190 fugientem
2451 3122 2524 3178 ad
2547 3123 2804 3180 ecclesia
2827 3131 2995 3198 septa
3025 3127 3303 3185 curialem
3327 3147 3526 3199 suum,
3551 3149 3622 3188 ne
3646 3133 3770 3190 illic

2103 3209 2342 3278 quidem
2359 3213 2680 3280 lutum,aut
2701 3214 2772 3268 de
2794 3213 3301 3284 injuriasecurum
3327 3235 3456 3274 esse
3477 3219 3764 3288 siverunt,

2103 3296 2232 3352 ausi
2263 3297 2589 3370 irruptione
2619 3303 2942 3358 temeraria:
2994 3305 3210 3360 mentis
3241 3307 3570 3379 admittere,
3603 3313 3762 3381 quod

2102 3401 2208 3440 nec
2239 3388 2628 3456 potestatibus
2678 3390 2914 3461 quidem
2966 3393 3054 3446 vel
3087 3394 3456 3468 principibus
3497 3414 3764 3469 unquam

2100 3469 2266 3528 licuit
2296 3479 2654 3546 perpetrare,
2690 3481 2755 3532 ut
2791 3478 3085 3535 hominem
3119 3481 3177 3535 in
3211 3483 3564 3539 sanctuariis
3596 3502 3768 3541 cons-

2098 3559 2362 3633 titutum,
2397 3568 2631 3635 captata
2677 3567 2998 3623 sacerdotis
3047 3569 3336 3638 absentia,
3370 3571 3760 3630 reluctantem

2099 3648 2636 3725 reclamantemque
2647 3654 2929 3710 violenter
2948 3657 3388 3727 abstraherent;
3414 3676 3563 3731 quos
3579 3678 3766 3731 quan-

2096 3740 2222 3793 tum
2254 3739 2424 3795 nobis
2455 3757 2564 3796 sua
2610 3742 2985 3814 suggestione
3035 3747 3330 3816 patefecit,
3366 3747 3571 3803 merito
3603 3749 3760 3804 indi-

2095 3840 2244 3896 gnos
2274 3843 2403 3884 esse
2435 3846 2603 3885 sacra
2631 3832 3044 3888 communione
3066 3834 3374 3904 judicavit.
3399 3837 3467 3890 Et
3488 3836 3536 3892 si
3559 3854 3761 3895 revera

2094 3914 2245 3970 tanti
2301 3916 2578 3973 facinoris
2639 3924 2869 3976 constat
2918 3922 3270 3992 admissum,
3330 3929 3530 3980 nostra
3577 3926 3757 3983 etiam

2093 3998 2502 4062 auctoritas‘in
2535 4007 2641 4062 hac
2671 4014 2834 4079 parte
2857 4011 3166 4066 consentit.
3200 4016 3314 4067 Nec
3337 4013 3491 4068 enim
3515 4015 3584 4069 ad
3611 4031 3753 4086 sup-

2094 4091 2584 4165 plicandumjure
2614 4097 2788 4154 debet
2817 4099 3070 4166 admitti,
3099 4099 3198 4154 ubi
3224 4100 3534 4156 admittere
3568 4105 3753 4159 sacri-

2093 4179 2312 4251 legium
2344 4199 2460 4238 non
2491 4184 2800 4241 dubitavit.
2833 4185 3041 4241 Nullus
3092 4189 3308 4244 etenim
3342 4191 3496 4245 intra
3543 4191 3754 4248 limina

2092 4274 2265 4324 tantae
2314 4273 2672 4328 venerationi
2720 4275 3001 4345 deputata
3050 4281 3368 4348 utrumque
3418 4279 3532 4333 sibi
3577 4279 3756 4336 licere

2089 4357 2405 4429 existimet,
2440 4378 2542 4431 pro
2575 4378 2693 4416 suae
2725 4362 3044 4418 voluntatis
3076 4365 3339 4435 arbitrio,
3373 4370 3438 4420 ut
3467 4373 3523 4422 et
3552 4367 3750 4423 humi-

322 4432 381 4487 in
417 4432 524 4489 hac
559 4440 877 4506 pertinacia
923 4445 1068 4499 forte
1117 4452 1457 4520 perstiterit,
1486 4462 1622 4527 post
1650 4476 1979 4519 suorumet]-
2013 4442 2058 4506 D
2089 4443 2314 4500 litatem
2345 4448 2458 4503 sibi
2508 4449 2758 4506 vindicet
2805 4456 2861 4505 et
2890 4451 3169 4509 furorem.
3222 4454 3290 4508 Et
3339 4455 3492 4523 ideo,
3537 4456 3752 4514 fratres

321 4524 447 4577 tum
483 4524 594 4579 sibi
629 4531 982 4603 prmstitum,
1015 4536 1297 4594 reddatur
1327 4524 1566 4600 invitus.

419 4629 554 4686 CAP.
590 4631 712 4687 116.
747 4666 814 4676 ——
845 4639 918 4694 De
949 4641 1154 4712 eodem.
1191 4645 1338 4700 Idem
1367 4650 1525 4706 Petro
1553 4653 1880 4712 subdiacono

978 4711 1321 4784 Campania.

397 4785 684 4861 Mancipia
715 4793 762 4848 si
797 4811 914 4866 qua
946 4798 1003 4854 in
1039 4805 1454 4861 monasterium
1479 4809 1671 4865 Sancti
1695 4813 1973 4889 Severini,

318 4873 405 4930 vel
439 4875 496 4930 in
534 4877 710 4936 aliam
742 4884 1047 4943 ecclesiam
1082 4889 1152 4944 de
1188 4892 1419 4948 civitate
1463 4898 1804 4971 refugerint,
1841 4873 1977 4962 mox,

317 4965 382 5016 ut
411 4963 482 5019 ad
517 4968 787 5025 notitiam
821 4979 982 5028 tuam
1009 4981 1352 5049 pervenerit,
1372 4983 1534 5042 nullo
1562 4963 1736 5044 modo
1767 4963 1975 5050 e'aillio

313 5050 618 5110 immorari
655 5061 966 5127 permittas
1001 5080 1012 5118 :
1049 5067 1149 5120 sed
1182 5068 1336 5124 intra
1367 5072 1658 5131 civitatem
1693 5079 1752 5134 in
1785 5081 1971 5137 eccle-

314 5142 464 5196 siam
497 5153 861 5218 revocentur,
889 5157 945 5206 et
977 5153 1022 5207 si
1051 5155 1277 5224 justam
1307 5167 1510 5218 contra
1540 5165 1810 5225 dominos
1831 5187 1972 5229 suos

313 5229 614 5302 querelam
669 5233 1006 5309 habuerint,
1058 5259 1314 5316 congrua
1365 5251 1730 5310 ordinatione
1778 5259 1849 5314 de
1877 5276 1968 5316 ec-

312 5318 493 5376 clesia
536 5321 693 5378 exire
726 5342 965 5385 necesse
997 5337 1086 5387 est
1114 5351 1127 5389 :
1162 5334 1209 5390 si
1244 5353 1375 5393 vero
1407 5340 1693 5399 venialem
1734 5346 1968 5419 culpam

307 5409 736 5481 commiserint,
774 5415 1028 5476 dominis
1060 5421 1204 5494 suis,
1229 5433 1462 5498 accepto
1494 5429 1565 5485 de
1585 5431 1752 5489 venia
1772 5451 1969 5494 sacra-

309 5501 532 5570 mento,
570 5501 697 5560 sine
728 5520 893 5564 mora
919 5511 1262 5570 reddantur.

2090 4532 2449 4606 charissimi,
2497 4555 2676 4610 supra
2725 4539 2932 4606 dictos,
2965 4540 3016 4596 si
3067 4541 3382 4598 manifesta
3431 4561 3560 4599 reos
3609 4545 3752 4600 facit

2088 4623 2458 4694 conquestio,
2508 4627 2579 4682 ab
2634 4627 2908 4684 omnibus
2955 4629 3367 4700 parochiarum
3416 4637 3746 4691 vestrarum

2087 4710 2348 4768 ecclesiis
2371 4719 2586 4771 nostra:
2612 4717 3019 4788 praeceptionis
3037 4719 3385 4775 auctoritate
3403 4721 3707 4792 prohibete
3732 4741 3748 4780 :

2086 4803 2152 4854 ut
2181 4817 2294 4856 non
2327 4802 2520 4859 solum
2551 4804 2634 4876 hi,
2668 4807 2768 4877 qui
2801 4806 2859 4861 in
2893 4805 3169 4876 injuriam
3211 4814 3549 4864 sanctorum
3584 4810 3747 4867 loco-

2085 4905 2216 4945 rum
2251 4892 2599 4962 prosiluisse
2645 4895 3074 4964 probabuntur,
3125 4895 3334 4951 merito
3367 4913 3742 4970 consequan-

2082 4981 2183 5035 tur
2213 4996 2317 5050 pro
2351 4981 2487 5036 facti
2519 4981 2611 5036 sui
2643 4980 2924 5053 qualitate
2952 4983 3295 5050 vindictam,
3326 5001 3527 5041 verum
3561 4987 3740 5044 etiam

2083 5067 2272 5121 caeteri
2303 5084 2336 5122 a
2367 5067 2469 5123 tali
2521 5069 2981 5142 praasumptione
3033 5070 3275 5128 ultionis
3319 5074 3493 5129 istius
3531 5074 3740 5132 timore

2082 5161 2443 5213 revocentur.

2081 5260 2215 5316 CAP.
2250 5262 2373 5318 121.
2405 5293 2473 5304 —
2502 5265 2634 5319 Item
2651 5263 2730 5342 de
2743 5265 2942 5342 eadem
2971 5281 3049 5320 re.
3083 5269 3166 5321 Ex
3193 5270 3428 5342 concilio
3463 5271 3738 5342 Toletano,

2487 5349 2606 5406 cap.
2640 5334 2708 5391 42
2735 5337 2920 5408 (Tolet.
2955 5353 3037 5392 xu
3067 5353 3188 5409 cap.
3221 5339 3329 5410 10).

2149 5438 2260 5509 (17,
2292 5453 2345 5509 q.
2376 5439 2431 5510 4,
2462 5456 2509 5498 c.
2545 5441 2846 5515 Deﬁnivit).
2878 5448 2988 5499 Pro
3019 5443 3112 5500 bis
3144 5444 3242 5516 qui
3284 5445 3545 5516 quolibet
3573 5453 3736 5506 metu

2076 5524 2167 5582 vel
2190 5529 2410 5584 terrore
2427 5529 2737 5588 ecclesiam
2759 5536 3066 5604 appetunt,
3087 5534 3488 5592 consentiente
3515 5537 3740 5610 pariter
