  <div class='ocr_page' id='page_1' title='image "/cluster/home/n/w/nwhite01/storage/ocr_20150623/161/hvd.32044054760194/158.png"; bbox 0 0 1991 3030; ppageno 0'>
   <div class='ocr_carea' id='block_1_1' title="bbox 87 113 147 141">
    <p class='ocr_par' dir='ltr' id='par_1_1' title="bbox 87 113 147 141">
     <span class='ocr_line' id='line_1_1' title="bbox 87 113 147 141; baseline 0.017 -1"><span class='ocrx_word' id='word_1_1' title='bbox 87 113 147 141; x_wconf 80' lang='grc'>225</span> 
     </span>
    </p>
   </div>
   <div class='ocr_carea' id='block_1_2' title="bbox 569 120 1322 163">
    <p class='ocr_par' dir='ltr' id='par_1_2' title="bbox 569 120 1322 163">
     <span class='ocr_line' id='line_1_2' title="bbox 569 120 1322 163; baseline 0.013 -18"><span class='ocrx_word' id='word_1_2' title='bbox 569 120 725 147; x_wconf 77' lang='lat' dir='ltr'>DECRETI</span> <span class='ocrx_word' id='word_1_3' title='bbox 744 121 838 147; x_wconf 78' lang='lat' dir='ltr'>PARS</span> <span class='ocrx_word' id='word_1_4' title='bbox 856 122 906 148; x_wconf 88' lang='lat' dir='ltr'>Ill.</span> <span class='ocrx_word' id='word_1_5' title='bbox 921 136 957 142; x_wconf 87' lang='lat'><em>—</em></span> <span class='ocrx_word' id='word_1_6' title='bbox 974 124 1023 150; x_wconf 85' lang='lat' dir='ltr'>DE</span> <span class='ocrx_word' id='word_1_7' title='bbox 1041 125 1225 163; x_wconf 79' lang='lat' dir='ltr'>ECCLESIA,</span> <span class='ocrx_word' id='word_1_8' title='bbox 1244 130 1322 157; x_wconf 86' lang='lat' dir='ltr'>ETC.</span> 
     </span>
    </p>
   </div>
   <div class='ocr_carea' id='block_1_3' title="bbox 1740 139 1795 167">
    <p class='ocr_par' dir='ltr' id='par_1_3' title="bbox 1740 139 1795 167">
     <span class='ocr_line' id='line_1_3' title="bbox 1740 139 1795 167; baseline 0.036 -2"><span class='ocrx_word' id='word_1_9' title='bbox 1740 139 1795 167; x_wconf 87' lang='lat'>226</span> 
     </span>
    </p>
   </div>
   <div class='ocr_carea' id='block_1_4' title="bbox 91 176 1795 232">
    <p class='ocr_par' dir='ltr' id='par_1_4' title="bbox 91 176 1795 232">
     <span class='ocr_line' id='line_1_4' title="bbox 91 176 1795 232; baseline 0.013 -29"><span class='ocrx_word' id='word_1_10' title='bbox 91 179 121 204; x_wconf 86' lang='lat' dir='ltr'>et</span> <span class='ocrx_word' id='word_1_11' title='bbox 132 176 257 212; x_wconf 86' lang='lat' dir='ltr'>jubente</span> <span class='ocrx_word' id='word_1_12' title='bbox 269 177 393 205; x_wconf 87' lang='lat' dir='ltr'>Domino</span> <span class='ocrx_word' id='word_1_13' title='bbox 405 180 505 207; x_wconf 87' lang='lat' dir='ltr'>nostro</span> <span class='ocrx_word' id='word_1_14' title='bbox 516 179 630 216; x_wconf 87' lang='lat' dir='ltr'>Ervigio</span> <span class='ocrx_word' id='word_1_15' title='bbox 639 180 774 217; x_wconf 88' lang='lat' dir='ltr'>rege,hoc</span> <span class='ocrx_word' id='word_1_16' title='bbox 785 183 920 210; x_wconf 87' lang='lat' dir='ltr'>sanctum</span> <span class='ocrx_word' id='word_1_17' title='bbox 935 184 962 218; x_wconf 76' lang='grc' dir='ltr'><strong>Α</strong></span> <span class='ocrx_word' id='word_1_18' title='bbox 977 185 1052 232; x_wconf 58' lang='lat' dir='ltr'>CAP&#39;._</span> <span class='ocrx_word' id='word_1_19' title='bbox 1062 187 1122 232; x_wconf 59' lang='lat'>121;</span> <span class='ocrx_word' id='word_1_20' title='bbox 1136 203 1171 208; x_wconf 90' lang='lat'>—-</span> <span class='ocrx_word' id='word_1_21' title='bbox 1184 188 1256 232; x_wconf 51' lang='lat' dir='ltr'>&#39;Qui&#39;</span> <span class='ocrx_word' id='word_1_22' title='bbox 1266 193 1463 232; x_wconf 63' lang='lat' dir='ltr'>monasterium</span> <span class='ocrx_word' id='word_1_23' title='bbox 1489 195 1656 232; x_wconf 75' lang='lat' dir='ltr'>infringunt,</span> <span class='ocrx_word' id='word_1_24' title='bbox 1680 204 1706 227; x_wconf 78' lang='grc' dir='ltr'>ει</span> <span class='ocrx_word' id='word_1_25' title='bbox 1729 201 1795 229; x_wconf 78' lang='lat' dir='ltr'>inde</span> 
     </span>
    </p>
   </div>
   <div class='ocr_carea' id='block_1_5' title="bbox 88 221 918 262">
    <p class='ocr_par' dir='ltr' id='par_1_5' title="bbox 88 221 918 262">
     <span class='ocr_line' id='line_1_5' title="bbox 88 221 918 262; baseline 0.008 -14"><span class='ocrx_word' id='word_1_26' title='bbox 88 221 252 249; x_wconf 81' lang='lat' dir='ltr'>concilium</span> <span class='ocrx_word' id='word_1_27' title='bbox 266 222 414 251; x_wconf 76' lang='lat' dir='ltr'>definivit:</span> <span class='ocrx_word' id='word_1_28' title='bbox 432 225 464 250; x_wconf 88' lang='lat' dir='ltr'>ut</span> <span class='ocrx_word' id='word_1_29' title='bbox 480 224 580 252; x_wconf 90' lang='lat' dir='ltr'>nullus</span> <span class='ocrx_word' id='word_1_30' title='bbox 595 225 701 253; x_wconf 82' lang='lat' dir='ltr'>audeat</span> <span class='ocrx_word' id='word_1_31' title='bbox 716 226 918 262; x_wconf 77' lang='lat' dir='ltr'>confugientes</span> 
     </span>
    </p>
   </div>
   <div class='ocr_carea' id='block_1_6' title="bbox 88 265 918 306">
    <p class='ocr_par' dir='ltr' id='par_1_6' title="bbox 88 265 918 306">
     <span class='ocr_line' id='line_1_6' title="bbox 88 265 918 306; baseline 0.007 -14"><span class='ocrx_word' id='word_1_32' title='bbox 88 265 125 292; x_wconf 87' lang='lat' dir='ltr'>ad</span> <span class='ocrx_word' id='word_1_33' title='bbox 137 265 293 293; x_wconf 82' lang='lat' dir='ltr'>ecclesiam</span> <span class='ocrx_word' id='word_1_34' title='bbox 310 266 472 295; x_wconf 80' lang='lat' dir='ltr'>residentes</span> <span class='ocrx_word' id='word_1_35' title='bbox 484 267 553 296; x_wconf 89' lang='lat' dir='ltr'>inde</span> <span class='ocrx_word' id='word_1_36' title='bbox 564 269 744 303; x_wconf 77' lang='lat' dir='ltr'>abstrahere,</span> <span class='ocrx_word' id='word_1_37' title='bbox 757 273 807 297; x_wconf 87' lang='lat' dir='ltr'>aut</span> <span class='ocrx_word' id='word_1_38' title='bbox 822 272 918 306; x_wconf 89' lang='lat' dir='ltr'>quod-</span> 
     </span>
    </p>
   </div>
   <div class='ocr_carea' id='block_1_7' title="bbox 87 310 917 349">
    <p class='ocr_par' dir='ltr' id='par_1_7' title="bbox 87 310 917 349">
     <span class='ocr_line' id='line_1_7' title="bbox 87 310 917 349; baseline 0.007 -13"><span class='ocrx_word' id='word_1_39' title='bbox 87 318 206 345; x_wconf 82' lang='lat' dir='ltr'>cunque</span> <span class='ocrx_word' id='word_1_40' title='bbox 222 310 412 338; x_wconf 89' lang='lat' dir='ltr'>nocibilitatis</span> <span class='ocrx_word' id='word_1_41' title='bbox 423 311 467 339; x_wconf 87' lang='lat' dir='ltr'>vel</span> <span class='ocrx_word' id='word_1_42' title='bbox 480 312 574 340; x_wconf 89' lang='lat' dir='ltr'>damni</span> <span class='ocrx_word' id='word_1_43' title='bbox 586 321 636 340; x_wconf 90' lang='lat' dir='ltr'>seu</span> <span class='ocrx_word' id='word_1_44' title='bbox 649 314 834 349; x_wconf 75' lang='lat' dir='ltr'>spoliationis</span> <span class='ocrx_word' id='word_1_45' title='bbox 844 314 917 343; x_wconf 90' lang='lat' dir='ltr'>resi-</span> 
     </span>
    </p>
   </div>
   <div class='ocr_carea' id='block_1_8' title="bbox 86 354 917 394">
    <p class='ocr_par' dir='ltr' id='par_1_8' title="bbox 86 354 917 394">
     <span class='ocr_line' id='line_1_8' title="bbox 86 354 917 394; baseline 0.007 -13"><span class='ocrx_word' id='word_1_46' title='bbox 86 354 229 382; x_wconf 82' lang='lat' dir='ltr'>dentibus</span> <span class='ocrx_word' id='word_1_47' title='bbox 245 355 274 382; x_wconf 90' lang='lat' dir='ltr'>in</span> <span class='ocrx_word' id='word_1_48' title='bbox 287 356 349 383; x_wconf 89' lang='lat' dir='ltr'>loco</span> <span class='ocrx_word' id='word_1_49' title='bbox 361 357 474 389; x_wconf 88' lang='lat' dir='ltr'>sancto,</span> <span class='ocrx_word' id='word_1_50' title='bbox 489 356 609 384; x_wconf 86' lang='lat' dir='ltr'>inferre:</span> <span class='ocrx_word' id='word_1_51' title='bbox 624 359 674 385; x_wconf 89' lang='lat' dir='ltr'>sed</span> <span class='ocrx_word' id='word_1_52' title='bbox 685 366 750 386; x_wconf 87' lang='lat' dir='ltr'>esse</span> <span class='ocrx_word' id='word_1_53' title='bbox 762 359 859 394; x_wconf 89' lang='lat' dir='ltr'>potius</span> <span class='ocrx_word' id='word_1_54' title='bbox 870 359 917 387; x_wconf 87' lang='lat' dir='ltr'>his</span> 
     </span>
    </p>
   </div>
   <div class='ocr_carea' id='block_1_9' title="bbox 86 398 916 437">
    <p class='ocr_par' dir='ltr' id='par_1_9' title="bbox 86 398 916 437">
     <span class='ocr_line' id='line_1_9' title="bbox 86 398 916 437; baseline 0.006 -12"><span class='ocrx_word' id='word_1_55' title='bbox 86 398 164 434; x_wconf 85' lang='lat' dir='ltr'>ipsis</span> <span class='ocrx_word' id='word_1_56' title='bbox 177 399 227 434; x_wconf 88' lang='lat' dir='ltr'>qui</span> <span class='ocrx_word' id='word_1_57' title='bbox 238 399 392 427; x_wconf 82' lang='lat' dir='ltr'>ecclesiam</span> <span class='ocrx_word' id='word_1_58' title='bbox 405 402 510 436; x_wconf 88' lang='lat' dir='ltr'>petunt</span> <span class='ocrx_word' id='word_1_59' title='bbox 519 410 571 437; x_wconf 92' lang='lat' dir='ltr'>per</span> <span class='ocrx_word' id='word_1_60' title='bbox 582 402 681 429; x_wconf 88' lang='lat' dir='ltr'>omnia</span> <span class='ocrx_word' id='word_1_61' title='bbox 695 402 811 430; x_wconf 91' lang='lat' dir='ltr'>licitum</span> <span class='ocrx_word' id='word_1_62' title='bbox 822 403 851 430; x_wconf 88' lang='lat' dir='ltr'>in</span> <span class='ocrx_word' id='word_1_63' title='bbox 862 403 916 430; x_wconf 88' lang='lat' dir='ltr'>tri-</span> 
     </span>
    </p>
   </div>
   <div class='ocr_carea' id='block_1_10' title="bbox 84 443 916 483">
    <p class='ocr_par' dir='ltr' id='par_1_10' title="bbox 84 443 916 483">
     <span class='ocr_line' id='line_1_10' title="bbox 84 443 916 483; baseline 0.006 -13"><span class='ocrx_word' id='word_1_64' title='bbox 84 443 172 479; x_wconf 85' lang='lat' dir='ltr'>ginta</span> <span class='ocrx_word' id='word_1_65' title='bbox 182 451 288 479; x_wconf 84' lang='lat' dir='ltr'>passus</span> <span class='ocrx_word' id='word_1_66' title='bbox 301 444 337 471; x_wconf 90' lang='lat' dir='ltr'>ab</span> <span class='ocrx_word' id='word_1_67' title='bbox 349 444 587 480; x_wconf 52' lang='lat' dir='ltr'>ecclesias-ianuis</span> <span class='ocrx_word' id='word_1_68' title='bbox 604 448 752 482; x_wconf 80' lang='lat' dir='ltr'>progredi,</span> <span class='ocrx_word' id='word_1_69' title='bbox 766 447 794 474; x_wconf 94' lang='lat' dir='ltr'>in</span> <span class='ocrx_word' id='word_1_70' title='bbox 808 447 916 483; x_wconf 85' lang='lat' dir='ltr'>quibus</span> 
     </span>
    </p>
   </div>
   <div class='ocr_carea' id='block_1_11' title="bbox 86 487 916 526">
    <p class='ocr_par' dir='ltr' id='par_1_11' title="bbox 86 487 916 526">
     <span class='ocr_line' id='line_1_11' title="bbox 86 487 916 526; baseline 0.007 -12"><span class='ocrx_word' id='word_1_71' title='bbox 86 487 213 523; x_wconf 77' lang='lat' dir='ltr'>triginta</span> <span class='ocrx_word' id='word_1_72' title='bbox 224 488 361 524; x_wconf 82' lang='lat' dir='ltr'>passibus</span> <span class='ocrx_word' id='word_1_73' title='bbox 373 489 610 526; x_wconf 81' lang='lat' dir='ltr'>uniuscujusque</span> <span class='ocrx_word' id='word_1_74' title='bbox 620 490 748 519; x_wconf 69' lang='lat' dir='ltr'>ecclesiae</span> <span class='ocrx_word' id='word_1_75' title='bbox 756 492 785 518; x_wconf 93' lang='lat' dir='ltr'>in</span> <span class='ocrx_word' id='word_1_76' title='bbox 793 494 852 519; x_wconf 90' lang='lat' dir='ltr'>toto</span> <span class='ocrx_word' id='word_1_77' title='bbox 859 491 916 519; x_wconf 91' lang='lat' dir='ltr'>cir-</span> 
     </span>
    </p>
   </div>
   <div class='ocr_carea' id='block_1_12' title="bbox 83 531 915 570">
    <p class='ocr_par' dir='ltr' id='par_1_12' title="bbox 83 531 915 570">
     <span class='ocr_line' id='line_1_12' title="bbox 83 531 915 570; baseline 0.006 -12"><span class='ocrx_word' id='word_1_78' title='bbox 83 531 170 558; x_wconf 83' lang='lat' dir='ltr'>cuitu</span> <span class='ocrx_word' id='word_1_79' title='bbox 187 532 348 560; x_wconf 85' lang='lat' dir='ltr'>reverentia</span> <span class='ocrx_word' id='word_1_80' title='bbox 363 532 558 561; x_wconf 76' lang='lat' dir='ltr'>defenduntur</span> <span class='ocrx_word' id='word_1_81' title='bbox 579 534 786 570; x_wconf 78' lang='lat' dir='ltr'>[defendatur],</span> <span class='ocrx_word' id='word_1_82' title='bbox 803 535 846 563; x_wconf 90' lang='lat' dir='ltr'>sic</span> <span class='ocrx_word' id='word_1_83' title='bbox 869 538 915 564; x_wconf 88' lang='lat' dir='ltr'>ta-</span> 
     </span>
    </p>
   </div>
   <div class='ocr_carea' id='block_1_13' title="bbox 86 575 916 613">
    <p class='ocr_par' dir='ltr' id='par_1_13' title="bbox 86 575 916 613">
     <span class='ocr_line' id='line_1_13' title="bbox 86 575 916 613; baseline 0.007 -11"><span class='ocrx_word' id='word_1_84' title='bbox 86 575 240 603; x_wconf 87' lang='lat' dir='ltr'>menuthi</span> <span class='ocrx_word' id='word_1_85' title='bbox 252 577 302 612; x_wconf 91' lang='lat' dir='ltr'>qui</span> <span class='ocrx_word' id='word_1_86' title='bbox 322 576 492 612; x_wconf 82' lang='lat' dir='ltr'>confugiunt</span> <span class='ocrx_word' id='word_1_87' title='bbox 509 579 545 606; x_wconf 85' lang='lat' dir='ltr'>ad</span> <span class='ocrx_word' id='word_1_88' title='bbox 566 586 631 606; x_wconf 86' lang='lat' dir='ltr'>eam</span> <span class='ocrx_word' id='word_1_89' title='bbox 651 579 680 606; x_wconf 87' lang='lat' dir='ltr'>in</span> <span class='ocrx_word' id='word_1_90' title='bbox 700 580 855 613; x_wconf 81' lang='lat' dir='ltr'>extraneis,</span> <span class='ocrx_word' id='word_1_91' title='bbox 870 580 916 608; x_wconf 90' lang='lat' dir='ltr'>vel</span> 
     </span>
    </p>
   </div>
   <div class='ocr_carea' id='block_1_14' title="bbox 85 619 915 657">
    <p class='ocr_par' dir='ltr' id='par_1_14' title="bbox 85 619 915 657">
     <span class='ocr_line' id='line_1_14' title="bbox 85 619 915 657; baseline 0.007 -11"><span class='ocrx_word' id='word_1_92' title='bbox 85 619 173 654; x_wconf 73' lang='lat' dir='ltr'>longe</span> <span class='ocrx_word' id='word_1_93' title='bbox 198 622 341 655; x_wconf 79' lang='lat' dir='ltr'>separatis</span> <span class='ocrx_word' id='word_1_94' title='bbox 357 621 392 648; x_wconf 87' lang='lat' dir='ltr'>ab</span> <span class='ocrx_word' id='word_1_95' title='bbox 410 622 538 649; x_wconf 65' lang='lat' dir='ltr'>acclesim</span> <span class='ocrx_word' id='word_1_96' title='bbox 555 623 703 657; x_wconf 81' lang='lat' dir='ltr'>domibus,</span> <span class='ocrx_word' id='word_1_97' title='bbox 720 623 801 652; x_wconf 87' lang='lat' dir='ltr'>nullo</span> <span class='ocrx_word' id='word_1_98' title='bbox 829 625 915 653; x_wconf 91' lang='lat' dir='ltr'>modo</span> 
     </span>
    </p>
   </div>
   <div class='ocr_carea' id='block_1_15' title="bbox 85 664 914 703">
    <p class='ocr_par' dir='ltr' id='par_1_15' title="bbox 85 664 914 703">
     <span class='ocr_line' id='line_1_15' title="bbox 85 664 914 703; baseline 0.008 -13"><span class='ocrx_word' id='word_1_99' title='bbox 85 664 259 698; x_wconf 79' lang='lat' dir='ltr'>abscedant,</span> <span class='ocrx_word' id='word_1_100' title='bbox 277 666 326 692; x_wconf 87' lang='lat' dir='ltr'>sed</span> <span class='ocrx_word' id='word_1_101' title='bbox 344 666 373 692; x_wconf 94' lang='lat' dir='ltr'>in</span> <span class='ocrx_word' id='word_1_102' title='bbox 392 666 443 692; x_wconf 87' lang='lat' dir='ltr'>hoc</span> <span class='ocrx_word' id='word_1_103' title='bbox 460 666 580 702; x_wconf 80' lang='lat' dir='ltr'>triginta</span> <span class='ocrx_word' id='word_1_104' title='bbox 605 676 749 703; x_wconf 85' lang='lat' dir='ltr'>passuum</span> <span class='ocrx_word' id='word_1_105' title='bbox 779 677 914 703; x_wconf 87' lang='lat' dir='ltr'>numero,</span> 
     </span>
    </p>
   </div>
   <div class='ocr_carea' id='block_1_16' title="bbox 84 708 915 749">
    <p class='ocr_par' dir='ltr' id='par_1_16' title="bbox 84 708 915 749">
     <span class='ocr_line' id='line_1_16' title="bbox 84 708 915 749; baseline 0.008 -15"><span class='ocrx_word' id='word_1_106' title='bbox 84 708 200 743; x_wconf 83' lang='lat' dir='ltr'>absque</span> <span class='ocrx_word' id='word_1_107' title='bbox 217 708 370 736; x_wconf 89' lang='lat' dir='ltr'>domorum</span> <span class='ocrx_word' id='word_1_108' title='bbox 387 712 591 738; x_wconf 79' lang='lat' dir='ltr'>extranearum</span> <span class='ocrx_word' id='word_1_109' title='bbox 604 712 787 747; x_wconf 85' lang='lat' dir='ltr'>receptaculo</span> <span class='ocrx_word' id='word_1_110' title='bbox 800 721 915 749; x_wconf 86' lang='lat' dir='ltr'>progre-</span> 
     </span>
    </p>
   </div>
   <div class='ocr_carea' id='block_1_17' title="bbox 83 752 916 792">
    <p class='ocr_par' dir='ltr' id='par_1_17' title="bbox 83 752 916 792">
     <span class='ocr_line' id='line_1_17' title="bbox 83 752 916 792; baseline 0.008 -14"><span class='ocrx_word' id='word_1_111' title='bbox 83 752 213 785; x_wconf 84' lang='lat' dir='ltr'>dientes,</span> <span class='ocrx_word' id='word_1_112' title='bbox 231 753 341 780; x_wconf 84' lang='lat' dir='ltr'>aditum</span> <span class='ocrx_word' id='word_1_113' title='bbox 355 754 540 789; x_wconf 88' lang='lat' dir='ltr'>obtinebunt,</span> <span class='ocrx_word' id='word_1_114' title='bbox 554 758 585 782; x_wconf 90' lang='lat' dir='ltr'>ut</span> <span class='ocrx_word' id='word_1_115' title='bbox 596 756 632 783; x_wconf 84' lang='lat' dir='ltr'>ad</span> <span class='ocrx_word' id='word_1_116' title='bbox 645 756 793 792; x_wconf 61' lang='lat' dir='ltr'>inquisitis</span> <span class='ocrx_word' id='word_1_117' title='bbox 804 759 916 785; x_wconf 64' lang='lat' dir='ltr'>naturas</span> 
     </span>
    </p>
   </div>
   <div class='ocr_carea' id='block_1_18' title="bbox 83 797 914 832">
    <p class='ocr_par' dir='ltr' id='par_1_18' title="bbox 83 797 914 832">
     <span class='ocr_line' id='line_1_18' title="bbox 83 797 914 832; baseline 0.007 -9"><span class='ocrx_word' id='word_1_118' title='bbox 83 805 176 824; x_wconf 82' lang='lat' dir='ltr'>usum</span> <span class='ocrx_word' id='word_1_119' title='bbox 187 797 299 825; x_wconf 85' lang='lat' dir='ltr'>debetis</span> <span class='ocrx_word' id='word_1_120' title='bbox 310 801 414 825; x_wconf 84' lang='lat' dir='ltr'>exeant</span> <span class='ocrx_word' id='word_1_121' title='bbox 423 798 542 832; x_wconf 85' lang='lat' dir='ltr'>locis,et</span> <span class='ocrx_word' id='word_1_122' title='bbox 553 800 633 828; x_wconf 91' lang='lat' dir='ltr'>nullo</span> <span class='ocrx_word' id='word_1_123' title='bbox 646 803 800 829; x_wconf 85' lang='lat' dir='ltr'>teneantur</span> <span class='ocrx_word' id='word_1_124' title='bbox 810 803 914 830; x_wconf 89' lang='lat' dir='ltr'>eventu</span> 
     </span>
    </p>
   </div>
   <div class='ocr_carea' id='block_1_19' title="bbox 84 841 915 877">
    <p class='ocr_par' dir='ltr' id='par_1_19' title="bbox 84 841 915 877">
     <span class='ocr_line' id='line_1_19' title="bbox 84 841 915 877; baseline 0.008 -10"><span class='ocrx_word' id='word_1_125' title='bbox 84 841 317 869; x_wconf 81' lang='lat' dir='ltr'>necessitudinis</span> <span class='ocrx_word' id='word_1_126' title='bbox 325 843 374 877; x_wconf 88' lang='lat' dir='ltr'>qui</span> <span class='ocrx_word' id='word_1_127' title='bbox 382 851 412 870; x_wconf 88' lang='lat' dir='ltr'>se</span> <span class='ocrx_word' id='word_1_128' title='bbox 420 843 580 871; x_wconf 87' lang='lat' dir='ltr'>Dominicis</span> <span class='ocrx_word' id='word_1_129' title='bbox 589 845 786 874; x_wconf 86' lang='lat' dir='ltr'>defendendos</span> <span class='ocrx_word' id='word_1_130' title='bbox 793 845 915 874; x_wconf 89' lang='lat' dir='ltr'>commi-</span> 
     </span>
    </p>
   </div>
   <div class='ocr_carea' id='block_1_20' title="bbox 83 886 917 922">
    <p class='ocr_par' dir='ltr' id='par_1_20' title="bbox 83 886 917 922">
     <span class='ocr_line' id='line_1_20' title="bbox 83 886 917 922; baseline 0.008 -10"><span class='ocrx_word' id='word_1_131' title='bbox 83 886 180 912; x_wconf 89' lang='lat' dir='ltr'>serint</span> <span class='ocrx_word' id='word_1_132' title='bbox 191 886 339 914; x_wconf 79' lang='lat' dir='ltr'>claustris.</span> <span class='ocrx_word' id='word_1_133' title='bbox 353 888 382 914; x_wconf 86' lang='lat' dir='ltr'>Si</span> <span class='ocrx_word' id='word_1_134' title='bbox 395 887 461 922; x_wconf 84' lang='lat' dir='ltr'>quis</span> <span class='ocrx_word' id='word_1_135' title='bbox 471 890 567 915; x_wconf 88' lang='lat' dir='ltr'>autem</span> <span class='ocrx_word' id='word_1_136' title='bbox 581 889 635 917; x_wconf 79' lang='lat' dir='ltr'>hoc</span> <span class='ocrx_word' id='word_1_137' title='bbox 647 890 797 918; x_wconf 86' lang='lat' dir='ltr'>decretum</span> <span class='ocrx_word' id='word_1_138' title='bbox 808 890 917 918; x_wconf 83' lang='lat' dir='ltr'>violare</span> 
     </span>
    </p>
   </div>
   <div class='ocr_carea' id='block_1_21' title="bbox 84 930 916 970">
    <p class='ocr_par' dir='ltr' id='par_1_21' title="bbox 84 930 916 970">
     <span class='ocr_line' id='line_1_21' title="bbox 84 930 916 970; baseline 0.007 -13"><span class='ocrx_word' id='word_1_139' title='bbox 84 930 256 965; x_wconf 84' lang='lat' dir='ltr'>teutaverit,</span> <span class='ocrx_word' id='word_1_140' title='bbox 271 931 475 959; x_wconf 76' lang='lat' dir='ltr'>ecclesiasticae</span> <span class='ocrx_word' id='word_1_141' title='bbox 493 933 788 962; x_wconf 83' lang='lat' dir='ltr'>excommunicationi</span> <span class='ocrx_word' id='word_1_142' title='bbox 815 935 916 970; x_wconf 79' lang='lat' dir='ltr'>subje-</span> 
     </span>
    </p>
   </div>
   <div class='ocr_carea' id='block_1_22' title="bbox 84 975 916 1014">
    <p class='ocr_par' dir='ltr' id='par_1_22' title="bbox 84 975 916 1014">
     <span class='ocr_line' id='line_1_22' title="bbox 84 975 916 1014; baseline 0.007 -13"><span class='ocrx_word' id='word_1_143' title='bbox 84 977 162 1008; x_wconf 88' lang='lat' dir='ltr'>ceat,</span> <span class='ocrx_word' id='word_1_144' title='bbox 179 976 208 1001; x_wconf 85' lang='lat' dir='ltr'>et</span> <span class='ocrx_word' id='word_1_145' title='bbox 223 975 387 1003; x_wconf 82' lang='lat' dir='ltr'>severitatis</span> <span class='ocrx_word' id='word_1_146' title='bbox 412 976 496 1011; x_wconf 75' lang='lat' dir='ltr'>regia:</span> <span class='ocrx_word' id='word_1_147' title='bbox 517 978 639 1005; x_wconf 81' lang='lat' dir='ltr'>feriatur</span> <span class='ocrx_word' id='word_1_148' title='bbox 662 979 816 1006; x_wconf 82' lang='lat' dir='ltr'>sententia.</span> <span class='ocrx_word' id='word_1_149' title='bbox 834 980 916 1014; x_wconf 88' lang='lat' dir='ltr'>Ipsos</span> 
     </span>
    </p>
   </div>
   <div class='ocr_carea' id='block_1_23' title="bbox 85 1019 916 1058">
    <p class='ocr_par' dir='ltr' id='par_1_23' title="bbox 85 1019 916 1058">
     <span class='ocr_line' id='line_1_23' title="bbox 85 1019 916 1058; baseline 0.007 -13"><span class='ocrx_word' id='word_1_150' title='bbox 85 1021 187 1046; x_wconf 88' lang='lat' dir='ltr'>tamen</span> <span class='ocrx_word' id='word_1_151' title='bbox 199 1019 249 1055; x_wconf 85' lang='lat' dir='ltr'>qui</span> <span class='ocrx_word' id='word_1_152' title='bbox 261 1020 296 1046; x_wconf 89' lang='lat' dir='ltr'>ad</span> <span class='ocrx_word' id='word_1_153' title='bbox 308 1020 459 1048; x_wconf 81' lang='lat' dir='ltr'>ecclesiam</span> <span class='ocrx_word' id='word_1_154' title='bbox 473 1022 641 1056; x_wconf 79' lang='lat' dir='ltr'>confugium</span> <span class='ocrx_word' id='word_1_155' title='bbox 652 1023 916 1058; x_wconf 80' lang='lat' dir='ltr'>fecerunt,sijuxta</span> 
     </span>
    </p>
   </div>
   <div class='ocr_carea' id='block_1_24' title="bbox 83 1063 916 1103">
    <p class='ocr_par' dir='ltr' id='par_1_24' title="bbox 83 1063 916 1103">
     <span class='ocr_line' id='line_1_24' title="bbox 83 1063 916 1103; baseline 0.006 -13"><span class='ocrx_word' id='word_1_156' title='bbox 83 1063 253 1097; x_wconf 84' lang='lat' dir='ltr'>priscorum</span> <span class='ocrx_word' id='word_1_157' title='bbox 269 1072 413 1092; x_wconf 88' lang='lat' dir='ltr'>canonum</span> <span class='ocrx_word' id='word_1_158' title='bbox 430 1065 577 1100; x_wconf 88' lang='lat' dir='ltr'>instituta,</span> <span class='ocrx_word' id='word_1_159' title='bbox 602 1066 630 1093; x_wconf 91' lang='lat' dir='ltr'>hi</span> <span class='ocrx_word' id='word_1_160' title='bbox 651 1067 699 1101; x_wconf 90' lang='lat' dir='ltr'>qui</span> <span class='ocrx_word' id='word_1_161' title='bbox 717 1076 765 1095; x_wconf 84' lang='lat' dir='ltr'>eos</span> <span class='ocrx_word' id='word_1_162' title='bbox 781 1070 916 1103; x_wconf 87' lang='lat' dir='ltr'>repetunt</span> 
     </span>
    </p>
   </div>
   <div class='ocr_carea' id='block_1_25' title="bbox 84 1109 914 1147">
    <p class='ocr_par' dir='ltr' id='par_1_25' title="bbox 84 1109 914 1147">
     <span class='ocr_line' id='line_1_25' title="bbox 84 1109 914 1147; baseline 0.007 -13"><span class='ocrx_word' id='word_1_163' title='bbox 84 1110 272 1135; x_wconf 88' lang='lat' dir='ltr'>sacramenta</span> <span class='ocrx_word' id='word_1_164' title='bbox 287 1109 513 1145; x_wconf 79' lang='lat' dir='ltr'>reddiderint,et</span> <span class='ocrx_word' id='word_1_165' title='bbox 524 1111 659 1138; x_wconf 84' lang='lat' dir='ltr'>sacerdos</span> <span class='ocrx_word' id='word_1_166' title='bbox 675 1112 805 1139; x_wconf 71' lang='lat' dir='ltr'>ecclesiae</span> <span class='ocrx_word' id='word_1_167' title='bbox 822 1112 914 1147; x_wconf 90' lang='lat' dir='ltr'>ipsius</span> 
     </span>
    </p>
   </div>
   <div class='ocr_carea' id='block_1_26' title="bbox 84 1152 914 1191">
    <p class='ocr_par' dir='ltr' id='par_1_26' title="bbox 84 1152 914 1191">
     <span class='ocr_line' id='line_1_26' title="bbox 84 1152 914 1191; baseline 0.006 -12"><span class='ocrx_word' id='word_1_168' title='bbox 84 1152 119 1179; x_wconf 84' lang='lat' dir='ltr'>ab</span> <span class='ocrx_word' id='word_1_169' title='bbox 131 1152 263 1180; x_wconf 68' lang='lat' dir='ltr'>ecclesias</span> <span class='ocrx_word' id='word_1_170' title='bbox 276 1161 332 1180; x_wconf 89' lang='lat' dir='ltr'>non</span> <span class='ocrx_word' id='word_1_171' title='bbox 344 1154 521 1182; x_wconf 85' lang='lat' dir='ltr'>abstraxerit</span> <span class='ocrx_word' id='word_1_172' title='bbox 533 1155 654 1187; x_wconf 90' lang='lat' dir='ltr'>foribus,</span> <span class='ocrx_word' id='word_1_173' title='bbox 669 1158 719 1183; x_wconf 85' lang='lat' dir='ltr'>aut</span> <span class='ocrx_word' id='word_1_174' title='bbox 731 1156 799 1191; x_wconf 78' lang='lat' dir='ltr'>fuga</span> <span class='ocrx_word' id='word_1_175' title='bbox 811 1157 914 1184; x_wconf 84' lang='lat' dir='ltr'>talium</span> 
     </span>
    </p>
   </div>
   <div class='ocr_carea' id='block_1_27' title="bbox 83 1197 912 1235">
    <p class='ocr_par' dir='ltr' id='par_1_27' title="bbox 83 1197 912 1235">
     <span class='ocr_line' id='line_1_27' title="bbox 83 1197 912 1235; baseline 0.007 -12"><span class='ocrx_word' id='word_1_176' title='bbox 83 1197 108 1224; x_wconf 87' lang='lat' dir='ltr'>si</span> <span class='ocrx_word' id='word_1_177' title='bbox 120 1197 262 1231; x_wconf 86' lang='lat' dir='ltr'>evenerit,</span> <span class='ocrx_word' id='word_1_178' title='bbox 275 1198 418 1225; x_wconf 86' lang='lat' dir='ltr'>sacerdoti</span> <span class='ocrx_word' id='word_1_179' title='bbox 439 1200 595 1234; x_wconf 71' lang='lat' dir='ltr'>quaerenda</span> <span class='ocrx_word' id='word_1_180' title='bbox 607 1202 661 1235; x_wconf 87' lang='lat' dir='ltr'>est,</span> <span class='ocrx_word' id='word_1_181' title='bbox 674 1202 724 1227; x_wconf 86' lang='lat' dir='ltr'>aut</span> <span class='ocrx_word' id='word_1_182' title='bbox 735 1201 912 1229; x_wconf 85' lang='lat' dir='ltr'>damnorum</span> 
     </span>
    </p>
   </div>
   <div class='ocr_carea' id='block_1_28' title="bbox 83 1240 914 1279">
    <p class='ocr_par' dir='ltr' id='par_1_28' title="bbox 83 1240 914 1279">
     <span class='ocr_line' id='line_1_28' title="bbox 83 1240 914 1279; baseline 0.006 -12"><span class='ocrx_word' id='word_1_183' title='bbox 83 1240 231 1268; x_wconf 84' lang='lat' dir='ltr'>sententia</span> <span class='ocrx_word' id='word_1_184' title='bbox 238 1242 398 1269; x_wconf 89' lang='lat' dir='ltr'>secundum</span> <span class='ocrx_word' id='word_1_185' title='bbox 407 1242 578 1271; x_wconf 82' lang='lat' dir='ltr'>electionem</span> <span class='ocrx_word' id='word_1_186' title='bbox 590 1244 733 1279; x_wconf 86' lang='lat' dir='ltr'>principis</span> <span class='ocrx_word' id='word_1_187' title='bbox 741 1244 791 1279; x_wconf 82' lang='lat' dir='ltr'>huj</span> <span class='ocrx_word' id='word_1_188' title='bbox 798 1246 914 1273; x_wconf 87' lang='lat' dir='ltr'>usmodi</span> 
     </span>
    </p>
   </div>
   <div class='ocr_carea' id='block_1_29' title="bbox 85 1285 474 1322">
    <p class='ocr_par' dir='ltr' id='par_1_29' title="bbox 85 1285 474 1322">
     <span class='ocr_line' id='line_1_29' title="bbox 85 1285 474 1322; baseline 0.003 -10"><span class='ocrx_word' id='word_1_189' title='bbox 85 1285 291 1313; x_wconf 87' lang='lat' dir='ltr'>sacerdotibus</span> <span class='ocrx_word' id='word_1_190' title='bbox 308 1286 474 1322; x_wconf 83' lang='lat' dir='ltr'>irroganda.</span> 
     </span>
    </p>
   </div>
   <div class='ocr_carea' id='block_1_30' title="bbox 82 1337 913 1376">
    <p class='ocr_par' dir='ltr' id='par_1_30' title="bbox 82 1337 913 1376">
     <span class='ocr_line' id='line_1_30' title="bbox 82 1337 913 1376; baseline 0.006 -12"><span class='ocrx_word' id='word_1_191' title='bbox 82 1338 152 1365; x_wconf 65' lang='lat' dir='ltr'>Cap.</span> <span class='ocrx_word' id='word_1_192' title='bbox 250 1354 286 1376; x_wconf 43' lang='grc' dir='ltr'><strong>ἡ</strong></span> <span class='ocrx_word' id='word_1_193' title='bbox 298 1339 455 1367; x_wconf 81' lang='lat' dir='ltr'>Interdictio</span> <span class='ocrx_word' id='word_1_194' title='bbox 470 1342 671 1368; x_wconf 71' lang='lat' dir='ltr'>communionis</span> <span class='ocrx_word' id='word_1_195' title='bbox 681 1342 757 1376; x_wconf 79' lang='lat' dir='ltr'>facta</span> <span class='ocrx_word' id='word_1_196' title='bbox 779 1342 809 1368; x_wconf 87' lang='lat' dir='ltr'>in</span> <span class='ocrx_word' id='word_1_197' title='bbox 828 1343 913 1370; x_wconf 85' lang='lat' dir='ltr'>Boni-</span> 
     </span>
    </p>
   </div>
   <div class='ocr_carea' id='block_1_31' title="bbox 120 1374 911 1413">
    <p class='ocr_par' dir='ltr' id='par_1_31' title="bbox 120 1374 911 1413">
     <span class='ocr_line' id='line_1_31' title="bbox 120 1374 911 1413; baseline 0.006 -13"><span class='ocrx_word' id='word_1_198' title='bbox 120 1374 228 1413; x_wconf 67' lang='lat' dir='ltr'>[acjum</span> <span class='ocrx_word' id='word_1_199' title='bbox 242 1375 408 1413; x_wconf 63' lang='lat' dir='ltr'>episcopupz,</span> <span class='ocrx_word' id='word_1_200' title='bbox 425 1376 481 1403; x_wconf 85' lang='lat' dir='ltr'>nisi</span> <span class='ocrx_word' id='word_1_201' title='bbox 490 1377 543 1403; x_wconf 81' lang='lat' dir='ltr'>cito</span> <span class='ocrx_word' id='word_1_202' title='bbox 555 1374 821 1405; x_wconf 45' lang='lat' dir='ltr'>ecclesiw&#39;restituat</span> <span class='ocrx_word' id='word_1_203' title='bbox 833 1386 911 1413; x_wconf 81' lang='lat' dir='ltr'>quem</span> 
     </span>
    </p>
   </div>
   <div class='ocr_carea' id='block_1_32' title="bbox 120 1409 912 1448">
    <p class='ocr_par' dir='ltr' id='par_1_32' title="bbox 120 1409 912 1448">
     <span class='ocr_line' id='line_1_32' title="bbox 120 1409 912 1448; baseline 0.008 -13"><span class='ocrx_word' id='word_1_204' title='bbox 120 1409 186 1448; x_wconf 73' lang='lat' dir='ltr'>inde</span> <span class='ocrx_word' id='word_1_205' title='bbox 215 1411 442 1448; x_wconf 57' lang='lat' dir='ltr'>_rapuit.__lteati</span> <span class='ocrx_word' id='word_1_206' title='bbox 479 1413 624 1447; x_wconf 79' lang='lat' dir='ltr'>Augustini</span> <span class='ocrx_word' id='word_1_207' title='bbox 662 1413 699 1440; x_wconf 84' lang='lat' dir='ltr'>ad</span> <span class='ocrx_word' id='word_1_208' title='bbox 737 1409 912 1448; x_wconf 49' lang='lat' dir='ltr'>Bonifatium</span> 
     </span>
    </p>
   </div>
   <div class='ocr_carea' id='block_1_33' title="bbox 119 1445 398 1481">
    <p class='ocr_par' dir='ltr' id='par_1_33' title="bbox 119 1445 398 1481">
     <span class='ocr_line' id='line_1_33' title="bbox 119 1445 398 1481; baseline 0.004 -10"><span class='ocrx_word' id='word_1_209' title='bbox 119 1445 239 1479; x_wconf 73' lang='lat' dir='ltr'>epistola</span> <span class='ocrx_word' id='word_1_210' title='bbox 251 1445 304 1481; x_wconf 85' lang='lat' dir='ltr'>(ep.</span> <span class='ocrx_word' id='word_1_211' title='bbox 324 1446 398 1481; x_wconf 88' lang='lat'>187).</span> 
     </span>
    </p>
   </div>
   <div class='ocr_carea' id='block_1_34' title="bbox 118 1489 911 1528">
    <p class='ocr_par' dir='ltr' id='par_1_34' title="bbox 118 1489 911 1528">
     <span class='ocr_line' id='line_1_34' title="bbox 118 1489 911 1528; baseline 0.008 -13"><span class='ocrx_word' id='word_1_212' title='bbox 118 1489 175 1524; x_wconf 80' lang='lat'>(17,</span> <span class='ocrx_word' id='word_1_213' title='bbox 189 1497 214 1524; x_wconf 92' lang='lat' dir='ltr'>q.</span> <span class='ocrx_word' id='word_1_214' title='bbox 227 1489 252 1521; x_wconf 72' lang='grc'>4,</span> <span class='ocrx_word' id='word_1_215' title='bbox 262 1498 285 1516; x_wconf 82' lang='lat' dir='ltr'>c.</span> <span class='ocrx_word' id='word_1_216' title='bbox 295 1490 401 1525; x_wconf 78' lang='lat' dir='ltr'>Miror.)</span> <span class='ocrx_word' id='word_1_217' title='bbox 414 1490 606 1518; x_wconf 85' lang='lat' dir='ltr'>Dilectissimo</span> <span class='ocrx_word' id='word_1_218' title='bbox 627 1494 655 1519; x_wconf 86' lang='lat' dir='ltr'>et</span> <span class='ocrx_word' id='word_1_219' title='bbox 677 1493 830 1528; x_wconf 85' lang='lat' dir='ltr'>spectabili</span> <span class='ocrx_word' id='word_1_220' title='bbox 850 1494 911 1521; x_wconf 91' lang='lat' dir='ltr'>viro</span> 
     </span>
    </p>
   </div>
   <div class='ocr_carea' id='block_1_35' title="bbox 1011 222 1795 270">
    <p class='ocr_par' dir='ltr' id='par_1_35' title="bbox 1011 222 1795 270">
     <span class='ocr_line' id='line_1_35' title="bbox 1011 222 1795 270; baseline 0.022 -22"><span class='ocrx_word' id='word_1_221' title='bbox 1146 225 1332 270; x_wconf 51' lang='lat' dir='ltr'>subtrahunt,</span> <span class='ocrx_word' id='word_1_222' title='bbox 1348 228 1495 270; x_wconf 56' lang='lat' dir='ltr'>sublatum</span> <span class='ocrx_word' id='word_1_223' title='bbox 1502 266 1508 270; x_wconf 79' lang='lat'>_</span> 
     </span>
    </p>
   </div>
   <div class='ocr_carea' id='block_1_36' title="bbox 1007 256 1794 301">
    <p class='ocr_par' dir='ltr' id='par_1_36' title="bbox 1007 256 1794 301">
     <span class='ocr_line' id='line_1_36' title="bbox 1007 256 1794 301; baseline 0.022 -18"><span class='ocrx_word' id='word_1_224' title='bbox 1007 256 1132 301; x_wconf 67' lang='lat' dir='ltr'>debeant,</span> <span class='ocrx_word' id='word_1_225' title='bbox 1153 261 1178 286; x_wconf 82' lang='lat' dir='ltr'>et</span> <span class='ocrx_word' id='word_1_226' title='bbox 1201 256 1405 301; x_wconf 67' lang='lat' dir='ltr'>immunitatem</span> <span class='ocrx_word' id='word_1_227' title='bbox 1429 256 1794 301; x_wconf 36' lang='grc' dir='ltr'>ινίρὶίἀῖέῖίνιὶἓμᾶἔξλνῒίὶἷ</span> 
     </span>
    </p>
   </div>
   <div class='ocr_carea' id='block_1_37' title="bbox 1006 293 1365 333">
    <p class='ocr_par' dir='ltr' id='par_1_37' title="bbox 1006 293 1365 333">
     <span class='ocr_line' id='line_1_37' title="bbox 1006 293 1365 333; baseline 0.019 -14"><span class='ocrx_word' id='word_1_228' title='bbox 1006 293 1120 321; x_wconf 74' lang='lat' dir='ltr'>Joannis</span> <span class='ocrx_word' id='word_1_229' title='bbox 1131 303 1225 330; x_wconf 68' lang='lat' dir='ltr'>papae,</span> <span class='ocrx_word' id='word_1_230' title='bbox 1243 305 1302 333; x_wconf 84' lang='lat' dir='ltr'>cap.</span> <span class='ocrx_word' id='word_1_231' title='bbox 1322 299 1365 327; x_wconf 90' lang='lat'>10.</span> 
     </span>
    </p>
   </div>
   <div class='ocr_carea' id='block_1_38' title="bbox 1007 336 1792 380">
    <p class='ocr_par' dir='ltr' id='par_1_38' title="bbox 1007 336 1792 380">
     <span class='ocr_line' id='line_1_38' title="bbox 1007 336 1792 380; baseline 0.022 -17"><span class='ocrx_word' id='word_1_232' title='bbox 1007 336 1042 364; x_wconf 89' lang='lat' dir='ltr'>Ut</span> <span class='ocrx_word' id='word_1_233' title='bbox 1057 337 1086 365; x_wconf 92' lang='lat' dir='ltr'>hi</span> <span class='ocrx_word' id='word_1_234' title='bbox 1102 339 1152 374; x_wconf 93' lang='lat' dir='ltr'>qui</span> <span class='ocrx_word' id='word_1_235' title='bbox 1168 342 1355 378; x_wconf 85' lang='lat' dir='ltr'>monasteria,</span> <span class='ocrx_word' id='word_1_236' title='bbox 1371 346 1400 371; x_wconf 86' lang='lat' dir='ltr'>et</span> <span class='ocrx_word' id='word_1_237' title='bbox 1423 344 1486 373; x_wconf 85' lang='lat' dir='ltr'>locs</span> <span class='ocrx_word' id='word_1_238' title='bbox 1503 347 1558 375; x_wconf 90' lang='lat' dir='ltr'>Deo</span> <span class='ocrx_word' id='word_1_239' title='bbox 1575 352 1688 377; x_wconf 85' lang='lat' dir='ltr'>sacrata</span> <span class='ocrx_word' id='word_1_240' title='bbox 1701 353 1729 379; x_wconf 89' lang='lat' dir='ltr'>et</span> <span class='ocrx_word' id='word_1_241' title='bbox 1744 360 1792 380; x_wconf 90' lang='lat' dir='ltr'>ec-</span> 
     </span>
    </p>
   </div>
   <div class='ocr_carea' id='block_1_39' title="bbox 971 380 1792 430">
    <p class='ocr_par' dir='ltr' id='par_1_39' title="bbox 971 380 1792 430">
     <span class='ocr_line' id='line_1_39' title="bbox 971 380 1792 430; baseline 0.021 -23"><span class='ocrx_word' id='word_1_242' title='bbox 971 380 1075 430; x_wconf 75' lang='lat' dir='ltr'>clesias</span> <span class='ocrx_word' id='word_1_243' title='bbox 1096 383 1263 430; x_wconf 78' lang='lat' dir='ltr'>infringunt</span> <span class='ocrx_word' id='word_1_244' title='bbox 1286 388 1314 413; x_wconf 91' lang='lat' dir='ltr'>et</span> <span class='ocrx_word' id='word_1_245' title='bbox 1341 388 1473 423; x_wconf 77' lang='lat' dir='ltr'>deposita</span> <span class='ocrx_word' id='word_1_246' title='bbox 1500 391 1544 419; x_wconf 86' lang='lat' dir='ltr'>vel</span> <span class='ocrx_word' id='word_1_247' title='bbox 1572 392 1626 420; x_wconf 85' lang='lat' dir='ltr'>alia</span> <span class='ocrx_word' id='word_1_248' title='bbox 1655 395 1792 430; x_wconf 70' lang='lat' dir='ltr'>quislibet</span> 
     </span>
    </p>
   </div>
   <div class='ocr_carea' id='block_1_40' title="bbox 970 425 1792 476">
    <p class='ocr_par' dir='ltr' id='par_1_40' title="bbox 970 425 1792 476">
     <span class='ocr_line' id='line_1_40' title="bbox 970 425 1792 476; baseline 0.022 -25"><span class='ocrx_word' id='word_1_249' title='bbox 970 425 1074 474; x_wconf 72' lang='lat' dir='ltr'>exinde</span> <span class='ocrx_word' id='word_1_250' title='bbox 1089 427 1273 463; x_wconf 79' lang='lat' dir='ltr'>abstrahunt,</span> <span class='ocrx_word' id='word_1_251' title='bbox 1291 431 1432 461; x_wconf 88' lang='lat' dir='ltr'>damnum</span> <span class='ocrx_word' id='word_1_252' title='bbox 1448 435 1551 463; x_wconf 88' lang='lat' dir='ltr'>nouies</span> <span class='ocrx_word' id='word_1_253' title='bbox 1566 425 1753 476; x_wconf 73' lang='lat' dir='ltr'>componant,</span> <span class='ocrx_word' id='word_1_254' title='bbox 1761 443 1792 469; x_wconf 87' lang='lat' dir='ltr'>et</span> 
     </span>
    </p>
   </div>
   <div class='ocr_carea' id='block_1_41' title="bbox 970 469 1790 518">
    <p class='ocr_par' dir='ltr' id='par_1_41' title="bbox 970 469 1790 518">
     <span class='ocr_line' id='line_1_41' title="bbox 970 469 1790 518; baseline 0.021 -22"><span class='ocrx_word' id='word_1_255' title='bbox 970 469 1186 500; x_wconf 87' lang='lat' dir='ltr'>immunitatem</span> <span class='ocrx_word' id='word_1_256' title='bbox 1198 473 1360 511; x_wconf 88' lang='lat' dir='ltr'>tripliciter,</span> <span class='ocrx_word' id='word_1_257' title='bbox 1369 479 1397 504; x_wconf 85' lang='lat' dir='ltr'>et</span> <span class='ocrx_word' id='word_1_258' title='bbox 1408 478 1487 506; x_wconf 89' lang='lat' dir='ltr'>velut</span> <span class='ocrx_word' id='word_1_259' title='bbox 1497 469 1790 518; x_wconf 46' lang='lat' dir='ltr'>sacrilegi-canonica;</span> 
     </span>
    </p>
   </div>
   <div class='ocr_carea' id='block_1_42' title="bbox 970 516 1341 554">
    <p class='ocr_par' dir='ltr' id='par_1_42' title="bbox 970 516 1341 554">
     <span class='ocr_line' id='line_1_42' title="bbox 970 516 1341 554; baseline 0.019 -14"><span class='ocrx_word' id='word_1_260' title='bbox 970 516 1120 543; x_wconf 75' lang='lat' dir='ltr'>sententiae</span> <span class='ocrx_word' id='word_1_261' title='bbox 1135 517 1341 554; x_wconf 84' lang='lat' dir='ltr'>subjugentur.</span> 
     </span>
    </p>
   </div>
   <div class='ocr_carea' id='block_1_43' title="bbox 970 566 1793 616">
    <p class='ocr_par' dir='ltr' id='par_1_43' title="bbox 970 566 1793 616">
     <span class='ocr_line' id='line_1_43' title="bbox 970 566 1793 616; baseline 0.021 -23"><span class='ocrx_word' id='word_1_262' title='bbox 970 566 1036 595; x_wconf 79' lang='lat' dir='ltr'><strong>CAP.</strong></span> <span class='ocrx_word' id='word_1_263' title='bbox 1175 571 1213 616; x_wconf 62' lang='grc' dir='ltr'>οε</span> <span class='ocrx_word' id='word_1_264' title='bbox 1227 572 1274 616; x_wconf 49' lang='lat' dir='ltr'>his</span> <span class='ocrx_word' id='word_1_265' title='bbox 1284 573 1332 607; x_wconf 82' lang='lat' dir='ltr'>qui</span> <span class='ocrx_word' id='word_1_266' title='bbox 1354 574 1463 616; x_wconf 64' lang='lat' dir='ltr'>domum</span> <span class='ocrx_word' id='word_1_267' title='bbox 1490 578 1541 616; x_wconf 68' lang='lat' dir='ltr'>Dei</span> <span class='ocrx_word' id='word_1_268' title='bbox 1550 580 1793 616; x_wconf 56' lang='lat' dir='ltr'>contemptibilem</span> 
     </span>
    </p>
   </div>
   <div class='ocr_carea' id='block_1_44' title="bbox 1057 604 1701 650">
    <p class='ocr_par' dir='ltr' id='par_1_44' title="bbox 1057 604 1701 650">
     <span class='ocr_line' id='line_1_44' title="bbox 1057 604 1701 650; baseline 0.019 -19"><span class='ocrx_word' id='word_1_269' title='bbox 1057 604 1175 650; x_wconf 74' lang='lat' dir='ltr'>ducunt.</span> <span class='ocrx_word' id='word_1_270' title='bbox 1192 608 1233 634; x_wconf 70' lang='lat' dir='ltr'>Ea:</span> <span class='ocrx_word' id='word_1_271' title='bbox 1248 604 1434 644; x_wconf 65' lang='lat' dir='ltr'>Mdguntiensi</span> <span class='ocrx_word' id='word_1_272' title='bbox 1452 604 1585 649; x_wconf 55' lang='lat' dir='ltr'>concilio,</span> 
     </span>
    </p>
   </div>
   <div class='ocr_carea' id='block_1_45' title="bbox 1004 648 1796 697">
    <p class='ocr_par' dir='ltr' id='par_1_45' title="bbox 1004 648 1796 697">
     <span class='ocr_line' id='line_1_45' title="bbox 1004 648 1796 697; baseline 0.019 -23"><span class='ocrx_word' id='word_1_273' title='bbox 1004 648 1072 697; x_wconf 39' lang='lat' dir='ltr'>Dis‘t.</span> <span class='ocrx_word' id='word_1_274' title='bbox 1089 649 1135 685; x_wconf 84' lang='lat'>30,</span> <span class='ocrx_word' id='word_1_275' title='bbox 1145 658 1173 697; x_wconf 20' lang='lat' dir='ltr'>Ac.</span> <span class='ocrx_word' id='word_1_276' title='bbox 1192 650 1413 697; x_wconf 66' lang='lat' dir='ltr'>Communium.)</span> <span class='ocrx_word' id='word_1_277' title='bbox 1425 656 1564 692; x_wconf 84' lang='lat' dir='ltr'>Quisquis</span> <span class='ocrx_word' id='word_1_278' title='bbox 1586 648 1664 687; x_wconf 47' lang='lat' dir='ltr'>fas-tu</span> <span class='ocrx_word' id='word_1_279' title='bbox 1689 669 1796 697; x_wconf 85' lang='lat' dir='ltr'>super-</span> 
     </span>
    </p>
   </div>
   <div class='ocr_carea' id='block_1_46' title="bbox 969 691 1797 741">
    <p class='ocr_par' dir='ltr' id='par_1_46' title="bbox 969 691 1797 741">
     <span class='ocr_line' id='line_1_46' title="bbox 969 691 1797 741; baseline 0.018 -23"><span class='ocrx_word' id='word_1_280' title='bbox 969 691 1023 718; x_wconf 66' lang='lat' dir='ltr'>biae</span> <span class='ocrx_word' id='word_1_281' title='bbox 1032 692 1127 741; x_wconf 78' lang='lat' dir='ltr'>elatus</span> <span class='ocrx_word' id='word_1_282' title='bbox 1136 694 1258 722; x_wconf 90' lang='lat' dir='ltr'>domum</span> <span class='ocrx_word' id='word_1_283' title='bbox 1272 696 1322 724; x_wconf 90' lang='lat' dir='ltr'>Dei</span> <span class='ocrx_word' id='word_1_284' title='bbox 1336 698 1417 726; x_wconf 87' lang='lat' dir='ltr'>ducit</span> <span class='ocrx_word' id='word_1_285' title='bbox 1425 691 1720 736; x_wconf 80' lang='lat' dir='ltr'>contemptibilem,et</span> <span class='ocrx_word' id='word_1_286' title='bbox 1727 691 1797 741; x_wconf 70' lang='lat' dir='ltr'>pos-</span> 
     </span>
    </p>
   </div>
   <div class='ocr_carea' id='block_1_47' title="bbox 969 735 1789 778">
    <p class='ocr_par' dir='ltr' id='par_1_47' title="bbox 969 735 1789 778">
     <span class='ocr_line' id='line_1_47' title="bbox 969 735 1789 778; baseline 0.018 -16"><span class='ocrx_word' id='word_1_287' title='bbox 969 735 1115 764; x_wconf 84' lang='lat' dir='ltr'>sessiones</span> <span class='ocrx_word' id='word_1_288' title='bbox 1131 738 1189 766; x_wconf 81' lang='lat' dir='ltr'>Deo</span> <span class='ocrx_word' id='word_1_289' title='bbox 1205 743 1346 776; x_wconf 87' lang='lat' dir='ltr'>sacratas,</span> <span class='ocrx_word' id='word_1_290' title='bbox 1364 744 1453 778; x_wconf 88' lang='lat' dir='ltr'>atque</span> <span class='ocrx_word' id='word_1_291' title='bbox 1469 744 1498 771; x_wconf 92' lang='lat' dir='ltr'>in</span> <span class='ocrx_word' id='word_1_292' title='bbox 1513 735 1654 775; x_wconf 77' lang='lat' dir='ltr'>honorem</span> <span class='ocrx_word' id='word_1_293' title='bbox 1671 735 1719 775; x_wconf 84' lang='lat' dir='ltr'>Dei</span> <span class='ocrx_word' id='word_1_294' title='bbox 1731 735 1789 777; x_wconf 76' lang='lat' dir='ltr'>sub</span> 
     </span>
    </p>
   </div>
   <div class='ocr_carea' id='block_1_48' title="bbox 969 780 1795 825">
    <p class='ocr_par' dir='ltr' id='par_1_48' title="bbox 969 780 1795 825">
     <span class='ocr_line' id='line_1_48' title="bbox 969 780 1795 825; baseline 0.019 -19"><span class='ocrx_word' id='word_1_295' title='bbox 969 780 1054 815; x_wconf 63' lang='lat' dir='ltr'>regia</span> <span class='ocrx_word' id='word_1_296' title='bbox 1065 781 1263 812; x_wconf 87' lang='lat' dir='ltr'>immunitatis</span> <span class='ocrx_word' id='word_1_297' title='bbox 1274 785 1442 815; x_wconf 87' lang='lat' dir='ltr'>defensione</span> <span class='ocrx_word' id='word_1_298' title='bbox 1452 789 1795 825; x_wconf 85' lang='lat' dir='ltr'>constitutas,inhoueste</span> 
     </span>
    </p>
   </div>
   <div class='ocr_carea' id='block_1_49' title="bbox 969 825 1794 870">
    <p class='ocr_par' dir='ltr' id='par_1_49' title="bbox 969 825 1794 870">
     <span class='ocr_line' id='line_1_49' title="bbox 969 825 1794 870; baseline 0.019 -19"><span class='ocrx_word' id='word_1_299' title='bbox 969 825 1147 861; x_wconf 81' lang='lat' dir='ltr'>tractaverit,</span> <span class='ocrx_word' id='word_1_300' title='bbox 1159 827 1202 855; x_wconf 91' lang='lat' dir='ltr'>vel</span> <span class='ocrx_word' id='word_1_301' title='bbox 1218 828 1378 865; x_wconf 79' lang='lat' dir='ltr'>infringere</span> <span class='ocrx_word' id='word_1_302' title='bbox 1393 834 1678 870; x_wconf 73' lang='lat' dir='ltr'>praasumpserit,aut</span> <span class='ocrx_word' id='word_1_303' title='bbox 1690 837 1794 866; x_wconf 65' lang='lat' dir='ltr'>incen-</span> 
     </span>
    </p>
   </div>
   <div class='ocr_carea' id='block_1_50' title="bbox 932 868 1795 916">
    <p class='ocr_par' dir='ltr' id='par_1_50' title="bbox 932 868 1795 916">
     <span class='ocr_line' id='line_1_50' title="bbox 932 868 1795 916; baseline 0.019 -22"><span class='ocrx_word' id='word_1_304' title='bbox 932 868 955 900; x_wconf 87' lang='lat' dir='ltr'><strong>B</strong></span> <span class='ocrx_word' id='word_1_305' title='bbox 971 868 1019 896; x_wconf 85' lang='lat' dir='ltr'>dia</span> <span class='ocrx_word' id='word_1_306' title='bbox 1035 869 1081 897; x_wconf 85' lang='lat' dir='ltr'>vel</span> <span class='ocrx_word' id='word_1_307' title='bbox 1097 871 1274 901; x_wconf 87' lang='lat' dir='ltr'>vastationes</span> <span class='ocrx_word' id='word_1_308' title='bbox 1299 882 1373 902; x_wconf 86' lang='lat' dir='ltr'>ausu</span> <span class='ocrx_word' id='word_1_309' title='bbox 1398 868 1551 905; x_wconf 81' lang='lat' dir='ltr'>temerario</span> <span class='ocrx_word' id='word_1_310' title='bbox 1575 868 1795 916; x_wconf 84' lang='lat' dir='ltr'>perpetraverit,</span> 
     </span>
    </p>
   </div>
   <div class='ocr_carea' id='block_1_51' title="bbox 972 913 1796 959">
    <p class='ocr_par' dir='ltr' id='par_1_51' title="bbox 972 913 1796 959">
     <span class='ocr_line' id='line_1_51' title="bbox 972 913 1796 959; baseline 0.019 -20"><span class='ocrx_word' id='word_1_311' title='bbox 972 914 1056 948; x_wconf 84' lang='lat' dir='ltr'>quasi</span> <span class='ocrx_word' id='word_1_312' title='bbox 1071 913 1188 944; x_wconf 90' lang='lat' dir='ltr'>iuvasor</span> <span class='ocrx_word' id='word_1_313' title='bbox 1202 919 1231 944; x_wconf 89' lang='lat' dir='ltr'>et</span> <span class='ocrx_word' id='word_1_314' title='bbox 1246 917 1369 946; x_wconf 84' lang='lat' dir='ltr'>violator</span> <span class='ocrx_word' id='word_1_315' title='bbox 1382 919 1510 949; x_wconf 67' lang='lat' dir='ltr'>ecclesiae</span> <span class='ocrx_word' id='word_1_316' title='bbox 1526 913 1587 958; x_wconf 69' lang='lat' dir='ltr'>Dei,</span> <span class='ocrx_word' id='word_1_317' title='bbox 1605 913 1670 959; x_wconf 71' lang='lat' dir='ltr'>quae</span> <span class='ocrx_word' id='word_1_318' title='bbox 1685 928 1729 954; x_wconf 85' lang='lat' dir='ltr'>est</span> <span class='ocrx_word' id='word_1_319' title='bbox 1742 913 1796 955; x_wconf 49' lang='lat' dir='ltr'>do;</span> 
     </span>
    </p>
   </div>
   <div class='ocr_carea' id='block_1_52' title="bbox 971 958 1796 999">
    <p class='ocr_par' dir='ltr' id='par_1_52' title="bbox 971 958 1796 999">
     <span class='ocr_line' id='line_1_52' title="bbox 971 958 1796 999; baseline 0.018 -15"><span class='ocrx_word' id='word_1_320' title='bbox 971 965 1038 985; x_wconf 88' lang='lat' dir='ltr'>mus</span> <span class='ocrx_word' id='word_1_321' title='bbox 1051 958 1101 986; x_wconf 88' lang='lat' dir='ltr'>Dei</span> <span class='ocrx_word' id='word_1_322' title='bbox 1117 959 1184 994; x_wconf 90' lang='lat' dir='ltr'>vivi,</span> <span class='ocrx_word' id='word_1_323' title='bbox 1200 969 1217 989; x_wconf 85' lang='lat' dir='ltr'>a</span> <span class='ocrx_word' id='word_1_324' title='bbox 1228 963 1433 992; x_wconf 84' lang='lat' dir='ltr'>communione</span> <span class='ocrx_word' id='word_1_325' title='bbox 1448 966 1581 995; x_wconf 84' lang='lat' dir='ltr'>omnium</span> <span class='ocrx_word' id='word_1_326' title='bbox 1597 958 1727 998; x_wconf 79' lang='lat' dir='ltr'>ﬁdelium</span> <span class='ocrx_word' id='word_1_327' title='bbox 1743 972 1796 999; x_wconf 82' lang='lat' dir='ltr'>ab-</span> 
     </span>
    </p>
   </div>
   <div class='ocr_carea' id='block_1_53' title="bbox 971 1001 1111 1031">
    <p class='ocr_par' dir='ltr' id='par_1_53' title="bbox 971 1001 1111 1031">
     <span class='ocr_line' id='line_1_53' title="bbox 971 1001 1111 1031; baseline 0.014 -2"><span class='ocrx_word' id='word_1_328' title='bbox 971 1001 1111 1031; x_wconf 84' lang='lat' dir='ltr'>scidatur.</span> 
     </span>
    </p>
   </div>
   <div class='ocr_carea' id='block_1_54' title="bbox 970 1045 1794 1088">
    <p class='ocr_par' dir='ltr' id='par_1_54' title="bbox 970 1045 1794 1088">
     <span class='ocr_line' id='line_1_54' title="bbox 970 1045 1794 1088; baseline 0.019 -15"><span class='ocrx_word' id='word_1_329' title='bbox 970 1045 1037 1075; x_wconf 75' lang='lat' dir='ltr'>CAP.</span> <span class='ocrx_word' id='word_1_330' title='bbox 1051 1047 1114 1077; x_wconf 76' lang='grc'>426.</span> <span class='ocrx_word' id='word_1_331' title='bbox 1126 1064 1160 1069; x_wconf 88' lang='lat'><strong><em>—</em></strong></span> <span class='ocrx_word' id='word_1_332' title='bbox 1170 1052 1210 1078; x_wconf 79' lang='lat' dir='ltr'>De</span> <span class='ocrx_word' id='word_1_333' title='bbox 1226 1054 1509 1088; x_wconf 55' lang='lat' dir='ltr'>excommunicationi:</span> <span class='ocrx_word' id='word_1_334' title='bbox 1527 1064 1635 1085; x_wconf 87' lang='lat' dir='ltr'>eorum.</span> <span class='ocrx_word' id='word_1_335' title='bbox 1646 1059 1688 1086; x_wconf 74' lang='lat' dir='ltr'><em>Ex</em></span> <span class='ocrx_word' id='word_1_336' title='bbox 1701 1061 1794 1088; x_wconf 81' lang='lat' dir='ltr'>conci-</span> 
     </span>
    </p>
   </div>
   <div class='ocr_carea' id='block_1_55' title="bbox 1266 1087 1496 1119">
    <p class='ocr_par' dir='ltr' id='par_1_55' title="bbox 1266 1087 1496 1119">
     <span class='ocr_line' id='line_1_55' title="bbox 1266 1087 1496 1119; baseline 0.022 -5"><span class='ocrx_word' id='word_1_337' title='bbox 1266 1087 1304 1114; x_wconf 85' lang='lat' dir='ltr'>lio</span> <span class='ocrx_word' id='word_1_338' title='bbox 1317 1088 1496 1119; x_wconf 76' lang='lat' dir='ltr'>Arausicano.</span> 
     </span>
    </p>
   </div>
   <div class='ocr_carea' id='block_1_56' title="bbox 1005 1126 1792 1171">
    <p class='ocr_par' dir='ltr' id='par_1_56' title="bbox 1005 1126 1792 1171">
     <span class='ocr_line' id='line_1_56' title="bbox 1005 1126 1792 1171; baseline 0.019 -17"><span class='ocrx_word' id='word_1_339' title='bbox 1005 1126 1061 1162; x_wconf 74' lang='lat'>(11,</span> <span class='ocrx_word' id='word_1_340' title='bbox 1077 1136 1102 1164; x_wconf 89' lang='lat' dir='ltr'>q.</span> <span class='ocrx_word' id='word_1_341' title='bbox 1119 1129 1145 1164; x_wconf 89' lang='lat'>3,</span> <span class='ocrx_word' id='word_1_342' title='bbox 1161 1137 1185 1157; x_wconf 84' lang='lat' dir='ltr'>c.</span> <span class='ocrx_word' id='word_1_343' title='bbox 1202 1130 1342 1160; x_wconf 79' lang='lat' dir='ltr'>Canonica</span> <span class='ocrx_word' id='word_1_344' title='bbox 1372 1134 1520 1171; x_wconf 80' lang='lat' dir='ltr'>instituta.)</span> <span class='ocrx_word' id='word_1_345' title='bbox 1535 1136 1682 1166; x_wconf 85' lang='lat' dir='ltr'>Canonica</span> <span class='ocrx_word' id='word_1_346' title='bbox 1706 1139 1792 1169; x_wconf 90' lang='lat' dir='ltr'>insti-</span> 
     </span>
    </p>
   </div>
   <div class='ocr_carea' id='block_1_57' title="bbox 969 1170 1795 1217">
    <p class='ocr_par' dir='ltr' id='par_1_57' title="bbox 969 1170 1795 1217">
     <span class='ocr_line' id='line_1_57' title="bbox 969 1170 1795 1217; baseline 0.019 -20"><span class='ocrx_word' id='word_1_347' title='bbox 969 1170 1034 1217; x_wconf 83' lang='lat' dir='ltr'>tuta</span> <span class='ocrx_word' id='word_1_348' title='bbox 1043 1174 1072 1199; x_wconf 87' lang='lat' dir='ltr'>et</span> <span class='ocrx_word' id='word_1_349' title='bbox 1082 1175 1251 1217; x_wconf 83' lang='lat' dir='ltr'>sanctorum</span> <span class='ocrx_word' id='word_1_350' title='bbox 1265 1176 1382 1205; x_wconf 87' lang='lat' dir='ltr'>Patrum</span> <span class='ocrx_word' id='word_1_351' title='bbox 1395 1170 1527 1215; x_wconf 77' lang='lat' dir='ltr'>exempla</span> <span class='ocrx_word' id='word_1_352' title='bbox 1535 1184 1795 1217; x_wconf 87' lang='lat' dir='ltr'>sequentes,eccle-</span> 
     </span>
    </p>
   </div>
   <div class='ocr_carea' id='block_1_58' title="bbox 969 1214 1791 1262">
    <p class='ocr_par' dir='ltr' id='par_1_58' title="bbox 969 1214 1791 1262">
     <span class='ocr_line' id='line_1_58' title="bbox 969 1214 1791 1262; baseline 0.021 -22"><span class='ocrx_word' id='word_1_353' title='bbox 969 1214 1080 1243; x_wconf 90' lang='lat' dir='ltr'>siarum</span> <span class='ocrx_word' id='word_1_354' title='bbox 1097 1216 1148 1244; x_wconf 90' lang='lat' dir='ltr'>Dei</span> <span class='ocrx_word' id='word_1_355' title='bbox 1173 1217 1337 1255; x_wconf 89' lang='lat' dir='ltr'>violatores,</span> <span class='ocrx_word' id='word_1_356' title='bbox 1355 1214 1529 1252; x_wconf 76' lang='lat' dir='ltr'>auctoritate</span> <span class='ocrx_word' id='word_1_357' title='bbox 1554 1214 1603 1253; x_wconf 73' lang='lat' dir='ltr'>Dei</span> <span class='ocrx_word' id='word_1_358' title='bbox 1628 1227 1656 1254; x_wconf 85' lang='lat' dir='ltr'>et</span> <span class='ocrx_word' id='word_1_359' title='bbox 1677 1214 1791 1262; x_wconf 81' lang='lat' dir='ltr'>judicio</span> 
     </span>
    </p>
   </div>
   <div class='ocr_carea' id='block_1_59' title="bbox 968 1259 1793 1305">
    <p class='ocr_par' dir='ltr' id='par_1_59' title="bbox 968 1259 1793 1305">
     <span class='ocr_line' id='line_1_59' title="bbox 968 1259 1793 1305; baseline 0.017 -20"><span class='ocrx_word' id='word_1_360' title='bbox 968 1259 1062 1286; x_wconf 84' lang='lat' dir='ltr'>sancti</span> <span class='ocrx_word' id='word_1_361' title='bbox 1078 1260 1216 1296; x_wconf 90' lang='lat' dir='ltr'>Spiritus,</span> <span class='ocrx_word' id='word_1_362' title='bbox 1225 1271 1242 1290; x_wconf 86' lang='lat' dir='ltr'>a</span> <span class='ocrx_word' id='word_1_363' title='bbox 1252 1265 1363 1299; x_wconf 89' lang='lat' dir='ltr'>gremio</span> <span class='ocrx_word' id='word_1_364' title='bbox 1375 1269 1482 1294; x_wconf 67' lang='lat' dir='ltr'>sancta:</span> <span class='ocrx_word' id='word_1_365' title='bbox 1493 1269 1596 1296; x_wconf 86' lang='lat' dir='ltr'>matris</span> <span class='ocrx_word' id='word_1_366' title='bbox 1607 1259 1753 1305; x_wconf 68' lang='lat' dir='ltr'>Ecclesiae,</span> <span class='ocrx_word' id='word_1_367' title='bbox 1765 1273 1793 1300; x_wconf 86' lang='lat' dir='ltr'>et</span> 
     </span>
    </p>
   </div>
   <div class='ocr_carea' id='block_1_60' title="bbox 969 1304 1793 1351">
    <p class='ocr_par' dir='ltr' id='par_1_60' title="bbox 969 1304 1793 1351">
     <span class='ocr_line' id='line_1_60' title="bbox 969 1304 1793 1351; baseline 0.018 -22"><span class='ocrx_word' id='word_1_368' title='bbox 969 1311 986 1330; x_wconf 87' lang='lat' dir='ltr'>a</span> <span class='ocrx_word' id='word_1_369' title='bbox 1000 1304 1148 1333; x_wconf 87' lang='lat' dir='ltr'>consortio</span> <span class='ocrx_word' id='word_1_370' title='bbox 1163 1306 1255 1334; x_wconf 87' lang='lat' dir='ltr'>totius</span> <span class='ocrx_word' id='word_1_371' title='bbox 1270 1307 1500 1339; x_wconf 84' lang='lat' dir='ltr'>Christianitatis</span> <span class='ocrx_word' id='word_1_372' title='bbox 1518 1311 1706 1343; x_wconf 81' lang='lat' dir='ltr'>eliminamus</span> <span class='ocrx_word' id='word_1_373' title='bbox 1719 1323 1793 1351; x_wconf 88' lang='lat' dir='ltr'>quo-</span> 
     </span>
    </p>
   </div>
   <div class='ocr_carea' id='block_1_61' title="bbox 968 1349 1657 1387">
    <p class='ocr_par' dir='ltr' id='par_1_61' title="bbox 968 1349 1657 1387">
     <span class='ocr_line' id='line_1_61' title="bbox 968 1349 1657 1387; baseline 0.017 -13"><span class='ocrx_word' id='word_1_374' title='bbox 968 1355 1062 1383; x_wconf 88' lang='lat' dir='ltr'>usque</span> <span class='ocrx_word' id='word_1_375' title='bbox 1075 1349 1260 1386; x_wconf 84' lang='lat' dir='ltr'>resipiscant,</span> <span class='ocrx_word' id='word_1_376' title='bbox 1276 1354 1305 1380; x_wconf 88' lang='lat' dir='ltr'>et</span> <span class='ocrx_word' id='word_1_377' title='bbox 1318 1353 1446 1382; x_wconf 70' lang='lat' dir='ltr'>ecclesia:</span> <span class='ocrx_word' id='word_1_378' title='bbox 1463 1356 1657 1387; x_wconf 81' lang='lat' dir='ltr'>satisfaciant.</span> 
     </span>
    </p>
   </div>
   <div class='ocr_carea' id='block_1_62' title="bbox 966 1401 1787 1445">
    <p class='ocr_par' dir='ltr' id='par_1_62' title="bbox 966 1401 1787 1445">
     <span class='ocr_line' id='line_1_62' title="bbox 966 1401 1787 1445; baseline 0.016 -17"><span class='ocrx_word' id='word_1_379' title='bbox 966 1401 1034 1430; x_wconf 80' lang='lat' dir='ltr'>CAP.</span> <span class='ocrx_word' id='word_1_380' title='bbox 1051 1402 1112 1430; x_wconf 90' lang='grc'>127.</span> <span class='ocrx_word' id='word_1_381' title='bbox 1127 1418 1163 1424; x_wconf 90' lang='grc'><strong><em>-</em></strong></span> <span class='ocrx_word' id='word_1_382' title='bbox 1182 1406 1220 1445; x_wconf 81' lang='lat' dir='ltr'>De</span> <span class='ocrx_word' id='word_1_383' title='bbox 1240 1407 1404 1445; x_wconf 53' lang='lat' dir='ltr'>poinitentia</span> <span class='ocrx_word' id='word_1_384' title='bbox 1420 1416 1520 1445; x_wconf 20' lang='lat' dir='ltr'>reorum</span> <span class='ocrx_word' id='word_1_385' title='bbox 1535 1411 1585 1445; x_wconf 84' lang='lat' dir='ltr'>qui</span> <span class='ocrx_word' id='word_1_386' title='bbox 1598 1411 1727 1440; x_wconf 62' lang='lat' dir='ltr'>ecclesia:</span> <span class='ocrx_word' id='word_1_387' title='bbox 1743 1413 1787 1440; x_wconf 83' lang='lat' dir='ltr'>in-</span> 
     </span>
    </p>
   </div>
   <div class='ocr_carea' id='block_1_63' title="bbox 1124 1439 1627 1481">
    <p class='ocr_par' dir='ltr' id='par_1_63' title="bbox 1124 1439 1627 1481">
     <span class='ocr_line' id='line_1_63' title="bbox 1124 1439 1627 1481; baseline 0.018 -16"><span class='ocrx_word' id='word_1_388' title='bbox 1124 1439 1253 1468; x_wconf 75' lang='grc' dir='ltr'>εεγιιίαηῐ.</span> <span class='ocrx_word' id='word_1_389' title='bbox 1270 1442 1311 1469; x_wconf 72' lang='lat' dir='ltr'>Ex</span> <span class='ocrx_word' id='word_1_390' title='bbox 1325 1442 1439 1471; x_wconf 76' lang='lat' dir='ltr'>decretis</span> <span class='ocrx_word' id='word_1_391' title='bbox 1452 1445 1524 1472; x_wconf 81' lang='lat' dir='ltr'>Julii</span> <span class='ocrx_word' id='word_1_392' title='bbox 1535 1439 1627 1481; x_wconf 56' lang='lat' dir='ltr'>papa.</span> 
     </span>
    </p>
   </div>
   <div class='ocr_carea' id='block_1_64' title="bbox 1002 1482 1790 1529">
    <p class='ocr_par' dir='ltr' id='par_1_64' title="bbox 1002 1482 1790 1529">
     <span class='ocr_line' id='line_1_64' title="bbox 1002 1482 1790 1529; baseline 0.015 -20"><span class='ocrx_word' id='word_1_393' title='bbox 1002 1482 1057 1529; x_wconf 62' lang='lat'>(17,</span> <span class='ocrx_word' id='word_1_394' title='bbox 1078 1491 1106 1529; x_wconf 38' lang='grc' dir='ltr'>ᾳ..</span> <span class='ocrx_word' id='word_1_395' title='bbox 1123 1483 1150 1517; x_wconf 80' lang='grc'>4,</span> <span class='ocrx_word' id='word_1_396' title='bbox 1172 1492 1195 1529; x_wconf 77' lang='lat' dir='ltr'>c.</span> <span class='ocrx_word' id='word_1_397' title='bbox 1219 1484 1250 1512; x_wconf 88' lang='lat' dir='ltr'>Si</span> <span class='ocrx_word' id='word_1_398' title='bbox 1272 1487 1357 1523; x_wconf 73' lang='lat' dir='ltr'>quis.)</span> <span class='ocrx_word' id='word_1_399' title='bbox 1386 1488 1413 1515; x_wconf 88' lang='lat' dir='ltr'>Si</span> <span class='ocrx_word' id='word_1_400' title='bbox 1443 1489 1510 1524; x_wconf 86' lang='lat' dir='ltr'>quis</span> <span class='ocrx_word' id='word_1_401' title='bbox 1538 1490 1693 1519; x_wconf 87' lang='lat' dir='ltr'>ecclesiam</span> <span class='ocrx_word' id='word_1_402' title='bbox 1722 1491 1790 1529; x_wconf 82' lang='lat' dir='ltr'>igne</span> 
     </span>
    </p>
   </div>
   <div class='ocr_carea' id='block_1_65' title="bbox 84 1526 1791 1584">
    <p class='ocr_par' dir='ltr' id='par_1_65' title="bbox 84 1526 1791 1584">
     <span class='ocr_line' id='line_1_65' title="bbox 84 1526 1791 1584; baseline 0.007 -25"><span class='ocrx_word' id='word_1_403' title='bbox 84 1532 145 1560; x_wconf 82' lang='lat' dir='ltr'>tilio</span> <span class='ocrx_word' id='word_1_404' title='bbox 175 1533 323 1561; x_wconf 83' lang='lat' dir='ltr'>Bonifacio</span> <span class='ocrx_word' id='word_1_405' title='bbox 347 1534 529 1569; x_wconf 78' lang='lat' dir='ltr'>Augustinus</span> <span class='ocrx_word' id='word_1_406' title='bbox 551 1526 716 1584; x_wconf 75' lang='lat' dir='ltr'>episcopus.</span> <span class='ocrx_word' id='word_1_407' title='bbox 735 1537 822 1584; x_wconf 85' lang='lat' dir='ltr'>Miror</span> <span class='ocrx_word' id='word_1_408' title='bbox 837 1547 909 1584; x_wconf 75' lang='lat' dir='ltr'>quo-</span> <span class='ocrx_word' id='word_1_409' title='bbox 925 1550 947 1584; x_wconf 66' lang='grc' dir='ltr'>α</span> <span class='ocrx_word' id='word_1_410' title='bbox 1310 1539 1403 1584; x_wconf 47' lang='grc' dir='ltr'>ξιΡηοε</span> <span class='ocrx_word' id='word_1_411' title='bbox 1417 1533 1599 1584; x_wconf 48' lang='grc' dir='ltr'>Ρίευίίθξξιθθ</span> <span class='ocrx_word' id='word_1_412' title='bbox 1609 1543 1675 1584; x_wconf 44' lang='lat' dir='ltr'>sint</span> <span class='ocrx_word' id='word_1_413' title='bbox 1689 1526 1791 1584; x_wconf 43' lang='lat' dir='ltr'>Sfdvule</span> 
     </span>
    </p>
   </div>
   <div class='ocr_carea' id='block_1_66' title="bbox 83 1577 906 1617">
    <p class='ocr_par' dir='ltr' id='par_1_66' title="bbox 83 1577 906 1617">
     <span class='ocr_line' id='line_1_66' title="bbox 83 1577 906 1617; baseline 0.007 -14"><span class='ocrx_word' id='word_1_414' title='bbox 83 1577 172 1604; x_wconf 88' lang='lat' dir='ltr'>modo</span> <span class='ocrx_word' id='word_1_415' title='bbox 184 1580 244 1604; x_wconf 86' lang='lat' dir='ltr'>tam</span> <span class='ocrx_word' id='word_1_416' title='bbox 255 1578 352 1605; x_wconf 86' lang='lat' dir='ltr'>subito</span> <span class='ocrx_word' id='word_1_417' title='bbox 364 1579 431 1606; x_wconf 83' lang='lat' dir='ltr'>ﬁdei</span> <span class='ocrx_word' id='word_1_418' title='bbox 444 1588 561 1607; x_wconf 88' lang='lat' dir='ltr'>murum</span> <span class='ocrx_word' id='word_1_419' title='bbox 575 1580 650 1608; x_wconf 85' lang='lat' dir='ltr'>aries</span> <span class='ocrx_word' id='word_1_420' title='bbox 662 1582 774 1617; x_wconf 87' lang='lat' dir='ltr'>ruperit</span> <span class='ocrx_word' id='word_1_421' title='bbox 783 1582 906 1611; x_wconf 87' lang='lat' dir='ltr'>inimici.</span> 
     </span>
    </p>
   </div>
   <div class='ocr_carea' id='block_1_67' title="bbox 81 1621 909 1660">
    <p class='ocr_par' dir='ltr' id='par_1_67' title="bbox 81 1621 909 1660">
     <span class='ocr_line' id='line_1_67' title="bbox 81 1621 909 1660; baseline 0.008 -12"><span class='ocrx_word' id='word_1_422' title='bbox 81 1621 154 1649; x_wconf 86' lang='lat' dir='ltr'>Novi</span> <span class='ocrx_word' id='word_1_423' title='bbox 170 1622 248 1649; x_wconf 88' lang='lat' dir='ltr'>enim</span> <span class='ocrx_word' id='word_1_424' title='bbox 266 1631 325 1658; x_wconf 84' lang='lat' dir='ltr'>qua</span> <span class='ocrx_word' id='word_1_425' title='bbox 344 1623 485 1659; x_wconf 85' lang='lat' dir='ltr'>religione</span> <span class='ocrx_word' id='word_1_426' title='bbox 496 1633 613 1660; x_wconf 88' lang='lat' dir='ltr'>semper</span> <span class='ocrx_word' id='word_1_427' title='bbox 628 1625 668 1652; x_wconf 86' lang='lat' dir='ltr'>sis</span> <span class='ocrx_word' id='word_1_428' title='bbox 684 1626 842 1654; x_wconf 86' lang='lat' dir='ltr'>Ecclesiam</span> <span class='ocrx_word' id='word_1_429' title='bbox 857 1627 909 1655; x_wconf 89' lang='lat' dir='ltr'>Dei</span> 
     </span>
    </p>
   </div>
   <div class='ocr_carea' id='block_1_68' title="bbox 81 1667 909 1705">
    <p class='ocr_par' dir='ltr' id='par_1_68' title="bbox 81 1667 909 1705">
     <span class='ocr_line' id='line_1_68' title="bbox 81 1667 909 1705; baseline 0.008 -13"><span class='ocrx_word' id='word_1_430' title='bbox 81 1667 324 1698; x_wconf 82' lang='lat' dir='ltr'>veneratus.Quo</span> <span class='ocrx_word' id='word_1_431' title='bbox 346 1667 506 1704; x_wconf 82' lang='lat' dir='ltr'>instigante</span> <span class='ocrx_word' id='word_1_432' title='bbox 533 1669 661 1697; x_wconf 83' lang='lat' dir='ltr'>facinore</span> <span class='ocrx_word' id='word_1_433' title='bbox 687 1670 793 1705; x_wconf 76' lang='lat' dir='ltr'>[facere</span> <span class='ocrx_word' id='word_1_434' title='bbox 818 1680 909 1699; x_wconf 87' lang='lat' dir='ltr'>ausus</span> 
     </span>
    </p>
   </div>
   <div class='ocr_carea' id='block_1_69' title="bbox 82 1710 908 1748">
    <p class='ocr_par' dir='ltr' id='par_1_69' title="bbox 82 1710 908 1748">
     <span class='ocr_line' id='line_1_69' title="bbox 82 1710 908 1748; baseline 0.007 -11"><span class='ocrx_word' id='word_1_435' title='bbox 82 1710 140 1745; x_wconf 77' lang='lat' dir='ltr'>es?)</span> <span class='ocrx_word' id='word_1_436' title='bbox 151 1710 302 1738; x_wconf 90' lang='lat' dir='ltr'>hominem</span> <span class='ocrx_word' id='word_1_437' title='bbox 315 1712 350 1739; x_wconf 87' lang='lat' dir='ltr'>de</span> <span class='ocrx_word' id='word_1_438' title='bbox 361 1712 491 1739; x_wconf 84' lang='lat' dir='ltr'>Ecclesia</span> <span class='ocrx_word' id='word_1_439' title='bbox 510 1713 659 1748; x_wconf 83' lang='lat' dir='ltr'>rapuisti?</span> <span class='ocrx_word' id='word_1_440' title='bbox 672 1714 752 1742; x_wconf 88' lang='lat' dir='ltr'>Tuus</span> <span class='ocrx_word' id='word_1_441' title='bbox 769 1715 793 1742; x_wconf 89' lang='lat' dir='ltr'>si</span> <span class='ocrx_word' id='word_1_442' title='bbox 809 1715 844 1742; x_wconf 91' lang='lat' dir='ltr'>de</span> <span class='ocrx_word' id='word_1_443' title='bbox 860 1718 908 1743; x_wconf 90' lang='lat' dir='ltr'>tuo</span> 
     </span>
    </p>
   </div>
   <div class='ocr_carea' id='block_1_70' title="bbox 84 1755 908 1795">
    <p class='ocr_par' dir='ltr' id='par_1_70' title="bbox 84 1755 908 1795">
     <span class='ocr_line' id='line_1_70' title="bbox 84 1755 908 1795; baseline 0.007 -14"><span class='ocrx_word' id='word_1_444' title='bbox 84 1755 179 1782; x_wconf 86' lang='lat' dir='ltr'>amico</span> <span class='ocrx_word' id='word_1_445' title='bbox 204 1755 278 1782; x_wconf 85' lang='lat' dir='ltr'>forte</span> <span class='ocrx_word' id='word_1_446' title='bbox 300 1760 499 1791; x_wconf 59' lang='lat' dir='ltr'>praesumeret,</span> <span class='ocrx_word' id='word_1_447' title='bbox 518 1757 668 1793; x_wconf 78' lang='lat' dir='ltr'>fugitivus,</span> <span class='ocrx_word' id='word_1_448' title='bbox 685 1761 783 1794; x_wconf 85' lang='lat' dir='ltr'>posset</span> <span class='ocrx_word' id='word_1_449' title='bbox 808 1761 908 1795; x_wconf 90' lang='lat' dir='ltr'>procul</span> 
     </span>
    </p>
   </div>
   <div class='ocr_carea' id='block_1_71' title="bbox 83 1798 908 1839">
    <p class='ocr_par' dir='ltr' id='par_1_71' title="bbox 83 1798 908 1839">
     <span class='ocr_line' id='line_1_71' title="bbox 83 1798 908 1839; baseline 0.007 -15"><span class='ocrx_word' id='word_1_450' title='bbox 83 1798 173 1825; x_wconf 91' lang='lat' dir='ltr'>dubio</span> <span class='ocrx_word' id='word_1_451' title='bbox 190 1798 392 1827; x_wconf 87' lang='lat' dir='ltr'>intercessoris</span> <span class='ocrx_word' id='word_1_452' title='bbox 406 1808 495 1828; x_wconf 75' lang='lat' dir='ltr'>causa</span> <span class='ocrx_word' id='word_1_453' title='bbox 507 1801 622 1829; x_wconf 89' lang='lat' dir='ltr'>veniam</span> <span class='ocrx_word' id='word_1_454' title='bbox 648 1803 818 1836; x_wconf 87' lang='lat' dir='ltr'>promereri.</span> <span class='ocrx_word' id='word_1_455' title='bbox 836 1804 908 1839; x_wconf 84' lang='lat' dir='ltr'>Ergo</span> 
     </span>
    </p>
   </div>
   <div class='ocr_carea' id='block_1_72' title="bbox 84 1842 909 1878">
    <p class='ocr_par' dir='ltr' id='par_1_72' title="bbox 84 1842 909 1878">
     <span class='ocr_line' id='line_1_72' title="bbox 84 1842 909 1878; baseline 0.007 -9"><span class='ocrx_word' id='word_1_456' title='bbox 84 1843 110 1869; x_wconf 88' lang='lat' dir='ltr'>si</span> <span class='ocrx_word' id='word_1_457' title='bbox 133 1842 247 1870; x_wconf 86' lang='lat' dir='ltr'>amicus</span> <span class='ocrx_word' id='word_1_458' title='bbox 271 1843 444 1878; x_wconf 88' lang='lat' dir='ltr'>intenditur,</span> <span class='ocrx_word' id='word_1_459' title='bbox 458 1853 510 1871; x_wconf 90' lang='lat' dir='ltr'>cur</span> <span class='ocrx_word' id='word_1_460' title='bbox 524 1845 602 1873; x_wconf 84' lang='lat' dir='ltr'>Deus</span> <span class='ocrx_word' id='word_1_461' title='bbox 618 1846 798 1874; x_wconf 67' lang='lat' dir='ltr'>offenditur?</span> <span class='ocrx_word' id='word_1_462' title='bbox 813 1848 868 1875; x_wconf 89' lang='lat' dir='ltr'>Sed</span> <span class='ocrx_word' id='word_1_463' title='bbox 884 1848 909 1875; x_wconf 88' lang='lat' dir='ltr'>si</span> 
     </span>
    </p>
   </div>
   <div class='ocr_carea' id='block_1_73' title="bbox 84 1886 908 1927">
    <p class='ocr_par' dir='ltr' id='par_1_73' title="bbox 84 1886 908 1927">
     <span class='ocr_line' id='line_1_73' title="bbox 84 1886 908 1927; baseline 0.007 -14"><span class='ocrx_word' id='word_1_464' title='bbox 84 1886 119 1914; x_wconf 90' lang='lat' dir='ltr'>de</span> <span class='ocrx_word' id='word_1_465' title='bbox 134 1889 279 1922; x_wconf 86' lang='lat' dir='ltr'>potestate</span> <span class='ocrx_word' id='word_1_466' title='bbox 302 1888 501 1923; x_wconf 75' lang='lat' dir='ltr'>praesumitur,</span> <span class='ocrx_word' id='word_1_467' title='bbox 518 1889 788 1918; x_wconf 86' lang='lat' dir='ltr'>Nabuchodonosor</span> <span class='ocrx_word' id='word_1_468' title='bbox 811 1900 908 1927; x_wconf 86' lang='lat' dir='ltr'>regem</span> 
     </span>
    </p>
   </div>
   <div class='ocr_carea' id='block_1_74' title="bbox 83 1931 909 1968">
    <p class='ocr_par' dir='ltr' id='par_1_74' title="bbox 83 1931 909 1968">
     <span class='ocr_line' id='line_1_74' title="bbox 83 1931 909 1968; baseline 0.007 -10"><span class='ocrx_word' id='word_1_469' title='bbox 83 1931 204 1959; x_wconf 87' lang='lat' dir='ltr'>intende</span> <span class='ocrx_word' id='word_1_470' title='bbox 219 1932 269 1967; x_wconf 89' lang='lat' dir='ltr'>qui</span> <span class='ocrx_word' id='word_1_471' title='bbox 286 1940 374 1960; x_wconf 84' lang='lat' dir='ltr'>causa</span> <span class='ocrx_word' id='word_1_472' title='bbox 388 1933 531 1968; x_wconf 74' lang='lat' dir='ltr'>superbiae</span> <span class='ocrx_word' id='word_1_473' title='bbox 541 1934 570 1961; x_wconf 92' lang='lat' dir='ltr'>in</span> <span class='ocrx_word' id='word_1_474' title='bbox 580 1935 681 1962; x_wconf 90' lang='lat' dir='ltr'>bovem</span> <span class='ocrx_word' id='word_1_475' title='bbox 694 1938 737 1962; x_wconf 89' lang='lat' dir='ltr'>est</span> <span class='ocrx_word' id='word_1_476' title='bbox 746 1943 780 1963; x_wconf 82' lang='lat' dir='ltr'>ex</span> <span class='ocrx_word' id='word_1_477' title='bbox 790 1936 909 1964; x_wconf 88' lang='lat' dir='ltr'>homine</span> 
     </span>
    </p>
   </div>
   <div class='ocr_carea' id='block_1_75' title="bbox 84 1977 908 2011">
    <p class='ocr_par' dir='ltr' id='par_1_75' title="bbox 84 1977 908 2011">
     <span class='ocr_line' id='line_1_75' title="bbox 84 1977 908 2011; baseline 0.006 -9"><span class='ocrx_word' id='word_1_478' title='bbox 84 1977 283 2004; x_wconf 87' lang='lat' dir='ltr'>commutatus</span> <span class='ocrx_word' id='word_1_479' title='bbox 300 1977 418 2011; x_wconf 81' lang='lat' dir='ltr'>(Daniel.</span> <span class='ocrx_word' id='word_1_480' title='bbox 433 1978 481 2011; x_wconf 83' lang='grc' dir='ltr'>ιν).</span> <span class='ocrx_word' id='word_1_481' title='bbox 494 1978 556 2005; x_wconf 90' lang='lat' dir='ltr'>Non</span> <span class='ocrx_word' id='word_1_482' title='bbox 574 1980 606 2005; x_wconf 88' lang='lat' dir='ltr'>ut</span> <span class='ocrx_word' id='word_1_483' title='bbox 621 1979 799 2007; x_wconf 84' lang='lat' dir='ltr'>confundam</span> <span class='ocrx_word' id='word_1_484' title='bbox 808 1982 835 2007; x_wconf 90' lang='lat' dir='ltr'>te</span> <span class='ocrx_word' id='word_1_485' title='bbox 847 1979 908 2007; x_wconf 69' lang='lat' dir='ltr'>haec</span> 
     </span>
    </p>
   </div>
   <div class='ocr_carea' id='block_1_76' title="bbox 83 2019 905 2054">
    <p class='ocr_par' dir='ltr' id='par_1_76' title="bbox 83 2019 905 2054">
     <span class='ocr_line' id='line_1_76' title="bbox 83 2019 905 2054; baseline 0.007 -8"><span class='ocrx_word' id='word_1_486' title='bbox 83 2019 192 2054; x_wconf 88' lang='lat' dir='ltr'>scribo,</span> <span class='ocrx_word' id='word_1_487' title='bbox 209 2020 259 2047; x_wconf 88' lang='lat' dir='ltr'>sed</span> <span class='ocrx_word' id='word_1_488' title='bbox 276 2022 308 2047; x_wconf 92' lang='lat' dir='ltr'>ut</span> <span class='ocrx_word' id='word_1_489' title='bbox 321 2020 416 2048; x_wconf 82' lang='lat' dir='ltr'>ﬁlium</span> <span class='ocrx_word' id='word_1_490' title='bbox 442 2030 538 2049; x_wconf 90' lang='lat' dir='ltr'>meum</span> <span class='ocrx_word' id='word_1_491' title='bbox 563 2022 772 2051; x_wconf 88' lang='lat' dir='ltr'>charissimum</span> <span class='ocrx_word' id='word_1_492' title='bbox 794 2032 905 2052; x_wconf 87' lang='lat' dir='ltr'>moneo.</span> 
     </span>
    </p>
   </div>
   <div class='ocr_carea' id='block_1_77' title="bbox 83 2064 907 2104">
    <p class='ocr_par' dir='ltr' id='par_1_77' title="bbox 83 2064 907 2104">
     <span class='ocr_line' id='line_1_77' title="bbox 83 2064 907 2104; baseline 0.006 -14"><span class='ocrx_word' id='word_1_493' title='bbox 83 2064 219 2091; x_wconf 65' lang='lat' dir='ltr'>Ecclesia:</span> <span class='ocrx_word' id='word_1_494' title='bbox 237 2064 329 2100; x_wconf 85' lang='lat' dir='ltr'>igitur</span> <span class='ocrx_word' id='word_1_495' title='bbox 346 2065 470 2093; x_wconf 63' lang='lat' dir='ltr'>illwsum</span> <span class='ocrx_word' id='word_1_496' title='bbox 492 2075 604 2099; x_wconf 86' lang='lat' dir='ltr'>revoca,</span> <span class='ocrx_word' id='word_1_497' title='bbox 617 2075 704 2102; x_wconf 87' lang='lat' dir='ltr'>quem</span> <span class='ocrx_word' id='word_1_498' title='bbox 716 2070 748 2095; x_wconf 90' lang='lat' dir='ltr'>ut</span> <span class='ocrx_word' id='word_1_499' title='bbox 763 2068 907 2104; x_wconf 81' lang='lat' dir='ltr'>irreligio-</span> 
     </span>
    </p>
   </div>
   <div class='ocr_carea' id='block_1_78' title="bbox 82 2108 908 2144">
    <p class='ocr_par' dir='ltr' id='par_1_78' title="bbox 82 2108 908 2144">
     <span class='ocr_line' id='line_1_78' title="bbox 82 2108 908 2144; baseline 0.006 -9"><span class='ocrx_word' id='word_1_500' title='bbox 82 2108 222 2136; x_wconf 85' lang='lat' dir='ltr'>sissimus</span> <span class='ocrx_word' id='word_1_501' title='bbox 234 2109 486 2144; x_wconf 82' lang='lat' dir='ltr'>rapuisti.0blatio</span> <span class='ocrx_word' id='word_1_502' title='bbox 502 2119 570 2138; x_wconf 87' lang='lat' dir='ltr'>vero</span> <span class='ocrx_word' id='word_1_503' title='bbox 586 2111 692 2139; x_wconf 90' lang='lat' dir='ltr'>domus</span> <span class='ocrx_word' id='word_1_504' title='bbox 702 2114 757 2139; x_wconf 67' lang='lat' dir='ltr'>tua:</span> <span class='ocrx_word' id='word_1_505' title='bbox 768 2121 783 2140; x_wconf 89' lang='lat' dir='ltr'>a</span> <span class='ocrx_word' id='word_1_506' title='bbox 795 2112 908 2141; x_wconf 90' lang='lat' dir='ltr'>clericis</span> 
     </span>
    </p>
   </div>
   <div class='ocr_carea' id='block_1_79' title="bbox 83 2152 908 2193">
    <p class='ocr_par' dir='ltr' id='par_1_79' title="bbox 83 2152 908 2193">
     <span class='ocr_line' id='line_1_79' title="bbox 83 2152 908 2193; baseline 0.007 -14"><span class='ocrx_word' id='word_1_507' title='bbox 83 2160 119 2180; x_wconf 86' lang='lat' dir='ltr'>nc</span> <span class='ocrx_word' id='word_1_508' title='bbox 135 2152 317 2188; x_wconf 86' lang='lat' dir='ltr'>suscipiatur</span> <span class='ocrx_word' id='word_1_509' title='bbox 327 2153 463 2181; x_wconf 85' lang='lat' dir='ltr'>interdixi</span> <span class='ocrx_word' id='word_1_510' title='bbox 477 2155 908 2193; x_wconf 80' lang='lat' dir='ltr'>[indixi].Communionemque</span> 
     </span>
    </p>
   </div>
   <div class='ocr_carea' id='block_1_80' title="bbox 83 2196 907 2234">
    <p class='ocr_par' dir='ltr' id='par_1_80' title="bbox 83 2196 907 2234">
     <span class='ocr_line' id='line_1_80' title="bbox 83 2196 907 2234; baseline 0.006 -11"><span class='ocrx_word' id='word_1_511' title='bbox 83 2196 138 2224; x_wconf 84' lang='lat' dir='ltr'>tibi</span> <span class='ocrx_word' id='word_1_512' title='bbox 154 2196 307 2229; x_wconf 88' lang='lat' dir='ltr'>interdico,</span> <span class='ocrx_word' id='word_1_513' title='bbox 324 2198 416 2225; x_wconf 88' lang='lat' dir='ltr'>donec</span> <span class='ocrx_word' id='word_1_514' title='bbox 431 2200 547 2233; x_wconf 84' lang='lat' dir='ltr'>peracta</span> <span class='ocrx_word' id='word_1_515' title='bbox 558 2208 609 2234; x_wconf 91' lang='lat' dir='ltr'>pro</span> <span class='ocrx_word' id='word_1_516' title='bbox 621 2200 743 2228; x_wconf 87' lang='lat' dir='ltr'>ausibus</span> <span class='ocrx_word' id='word_1_517' title='bbox 754 2201 798 2228; x_wconf 93' lang='lat' dir='ltr'>vel</span> <span class='ocrx_word' id='word_1_518' title='bbox 811 2209 907 2228; x_wconf 86' lang='lat' dir='ltr'>errore</span> 
     </span>
    </p>
   </div>
   <div class='ocr_carea' id='block_1_81' title="bbox 966 1571 1790 1613">
    <p class='ocr_par' dir='ltr' id='par_1_81' title="bbox 966 1571 1790 1613">
     <span class='ocr_line' id='line_1_81' title="bbox 966 1571 1790 1613; baseline 0.015 -16"><span class='ocrx_word' id='word_1_519' title='bbox 966 1571 1113 1605; x_wconf 84' lang='lat' dir='ltr'>restituat,</span> <span class='ocrx_word' id='word_1_520' title='bbox 1130 1574 1158 1599; x_wconf 89' lang='lat' dir='ltr'>et</span> <span class='ocrx_word' id='word_1_521' title='bbox 1169 1573 1296 1608; x_wconf 90' lang='lat' dir='ltr'>pretium</span> <span class='ocrx_word' id='word_1_522' title='bbox 1313 1583 1400 1603; x_wconf 89' lang='lat' dir='ltr'>suum</span> <span class='ocrx_word' id='word_1_523' title='bbox 1417 1578 1597 1613; x_wconf 84' lang='lat' dir='ltr'>pauperibus</span> <span class='ocrx_word' id='word_1_524' title='bbox 1620 1579 1790 1609; x_wconf 87' lang='lat' dir='ltr'>distribuat.</span> 
     </span>
    </p>
   </div>
   <div class='ocr_carea' id='block_1_82' title="bbox 964 1624 1793 1662">
    <p class='ocr_par' dir='ltr' id='par_1_82' title="bbox 964 1624 1793 1662">
     <span class='ocr_line' id='line_1_82' title="bbox 964 1624 1793 1662; baseline 0.014 -12"><span class='ocrx_word' id='word_1_525' title='bbox 964 1624 1029 1651; x_wconf 77' lang='lat' dir='ltr'>CAP.</span> <span class='ocrx_word' id='word_1_526' title='bbox 1059 1624 1118 1652; x_wconf 86' lang='lat'>128.</span> <span class='ocrx_word' id='word_1_527' title='bbox 1143 1640 1179 1646; x_wconf 94' lang='lat'><strong><em>—</em></strong></span> <span class='ocrx_word' id='word_1_528' title='bbox 1203 1628 1242 1654; x_wconf 79' lang='lat' dir='ltr'>De</span> <span class='ocrx_word' id='word_1_529' title='bbox 1263 1628 1402 1656; x_wconf 75' lang='lat' dir='ltr'>ministri:</span> <span class='ocrx_word' id='word_1_530' title='bbox 1430 1630 1539 1658; x_wconf 66' lang='lat' dir='ltr'>altaris.</span> <span class='ocrx_word' id='word_1_531' title='bbox 1564 1633 1606 1659; x_wconf 71' lang='lat' dir='ltr'>Ex</span> <span class='ocrx_word' id='word_1_532' title='bbox 1631 1632 1793 1662; x_wconf 74' lang='lat' dir='ltr'>Laodicensi</span> 
     </span>
    </p>
   </div>
   <div class='ocr_carea' id='block_1_83' title="bbox 1242 1663 1508 1700">
    <p class='ocr_par' dir='ltr' id='par_1_83' title="bbox 1242 1663 1508 1700">
     <span class='ocr_line' id='line_1_83' title="bbox 1242 1663 1508 1700; baseline 0.015 -11"><span class='ocrx_word' id='word_1_533' title='bbox 1242 1663 1369 1698; x_wconf 82' lang='lat' dir='ltr'>concilio,</span> <span class='ocrx_word' id='word_1_534' title='bbox 1383 1672 1446 1700; x_wconf 83' lang='lat' dir='ltr'>cap.</span> <span class='ocrx_word' id='word_1_535' title='bbox 1462 1666 1508 1693; x_wconf 87' lang='lat'>21.</span> 
     </span>
    </p>
   </div>
   <div class='ocr_carea' id='block_1_84' title="bbox 999 1703 1789 1745">
    <p class='ocr_par' dir='ltr' id='par_1_84' title="bbox 999 1703 1789 1745">
     <span class='ocr_line' id='line_1_84' title="bbox 999 1703 1789 1745; baseline 0.015 -16"><span class='ocrx_word' id='word_1_536' title='bbox 999 1703 1076 1737; x_wconf 80' lang='lat' dir='ltr'>(Dist.</span> <span class='ocrx_word' id='word_1_537' title='bbox 1088 1703 1132 1738; x_wconf 83' lang='grc'>42,</span> <span class='ocrx_word' id='word_1_538' title='bbox 1148 1712 1171 1732; x_wconf 81' lang='lat' dir='ltr'>c.</span> <span class='ocrx_word' id='word_1_539' title='bbox 1186 1705 1244 1732; x_wconf 87' lang='lat' dir='ltr'>Non</span> <span class='ocrx_word' id='word_1_540' title='bbox 1265 1710 1393 1742; x_wconf 79' lang='lat' dir='ltr'>oportet.)</span> <span class='ocrx_word' id='word_1_541' title='bbox 1408 1708 1471 1737; x_wconf 90' lang='lat' dir='ltr'>Non</span> <span class='ocrx_word' id='word_1_542' title='bbox 1496 1712 1610 1745; x_wconf 85' lang='lat' dir='ltr'>oportet</span> <span class='ocrx_word' id='word_1_543' title='bbox 1635 1712 1789 1741; x_wconf 86' lang='lat' dir='ltr'>ministros</span> 
     </span>
    </p>
   </div>
   <div class='ocr_carea' id='block_1_85' title="bbox 961 1746 1788 1793">
    <p class='ocr_par' dir='ltr' id='par_1_85' title="bbox 961 1746 1788 1793">
     <span class='ocr_line' id='line_1_85' title="bbox 961 1746 1788 1793; baseline 0.016 -20"><span class='ocrx_word' id='word_1_544' title='bbox 961 1746 1122 1793; x_wconf 65' lang='lat' dir='ltr'>altaris__vel</span> <span class='ocrx_word' id='word_1_545' title='bbox 1138 1749 1413 1783; x_wconf 83' lang='lat' dir='ltr'>quoslibetclericos</span> <span class='ocrx_word' id='word_1_546' title='bbox 1424 1754 1458 1781; x_wconf 89' lang='lat' dir='ltr'>ad</span> <span class='ocrx_word' id='word_1_547' title='bbox 1470 1762 1583 1790; x_wconf 84' lang='lat' dir='ltr'>agapen</span> <span class='ocrx_word' id='word_1_548' title='bbox 1595 1759 1713 1785; x_wconf 85' lang='lat' dir='ltr'>vocatos</span> <span class='ocrx_word' id='word_1_549' title='bbox 1725 1766 1788 1793; x_wconf 89' lang='lat' dir='ltr'>par-</span> 
     </span>
    </p>
   </div>
   <div class='ocr_carea' id='block_1_86' title="bbox 963 1790 1790 1833">
    <p class='ocr_par' dir='ltr' id='par_1_86' title="bbox 963 1790 1790 1833">
     <span class='ocr_line' id='line_1_86' title="bbox 963 1790 1790 1833; baseline 0.017 -16"><span class='ocrx_word' id='word_1_550' title='bbox 963 1792 1007 1818; x_wconf 87' lang='lat' dir='ltr'>tes</span> <span class='ocrx_word' id='word_1_551' title='bbox 1022 1790 1134 1826; x_wconf 87' lang='lat' dir='ltr'>tollere,</span> <span class='ocrx_word' id='word_1_552' title='bbox 1146 1796 1265 1829; x_wconf 89' lang='lat' dir='ltr'>propter</span> <span class='ocrx_word' id='word_1_553' title='bbox 1284 1794 1422 1830; x_wconf 83' lang='lat' dir='ltr'>injuriam</span> <span class='ocrx_word' id='word_1_554' title='bbox 1438 1806 1503 1833; x_wconf 67' lang='lat' dir='ltr'>quis</span> <span class='ocrx_word' id='word_1_555' title='bbox 1519 1807 1553 1827; x_wconf 83' lang='lat' dir='ltr'>ex</span> <span class='ocrx_word' id='word_1_556' title='bbox 1568 1799 1623 1828; x_wconf 85' lang='lat' dir='ltr'>hac</span> <span class='ocrx_word' id='word_1_557' title='bbox 1638 1790 1790 1831; x_wconf 85' lang='lat' dir='ltr'>occasione</span> 
     </span>
    </p>
   </div>
   <div class='ocr_carea' id='block_1_87' title="bbox 963 1835 1558 1878">
    <p class='ocr_par' dir='ltr' id='par_1_87' title="bbox 963 1835 1558 1878">
     <span class='ocr_line' id='line_1_87' title="bbox 963 1835 1558 1878; baseline 0.015 -16"><span class='ocrx_word' id='word_1_558' title='bbox 963 1835 1163 1864; x_wconf 85' lang='lat' dir='ltr'>ecclesiastico</span> <span class='ocrx_word' id='word_1_559' title='bbox 1179 1838 1275 1865; x_wconf 90' lang='lat' dir='ltr'>ordini</span> <span class='ocrx_word' id='word_1_560' title='bbox 1290 1841 1397 1875; x_wconf 88' lang='lat' dir='ltr'>poterit</span> <span class='ocrx_word' id='word_1_561' title='bbox 1413 1842 1558 1878; x_wconf 87' lang='lat' dir='ltr'>deputari.</span> 
     </span>
    </p>
   </div>
   <div class='ocr_carea' id='block_1_88' title="bbox 964 1888 1790 1931">
    <p class='ocr_par' dir='ltr' id='par_1_88' title="bbox 964 1888 1790 1931">
     <span class='ocr_line' id='line_1_88' title="bbox 964 1888 1790 1931; baseline 0.013 -14"><span class='ocrx_word' id='word_1_562' title='bbox 964 1888 1031 1917; x_wconf 75' lang='lat' dir='ltr'>CAP.</span> <span class='ocrx_word' id='word_1_563' title='bbox 1053 1888 1114 1931; x_wconf 75' lang='lat'>129.</span> <span class='ocrx_word' id='word_1_564' title='bbox 1130 1903 1169 1931; x_wconf 64' lang='lat'>:-</span> <span class='ocrx_word' id='word_1_565' title='bbox 1187 1891 1266 1931; x_wconf 71' lang='lat' dir='ltr'>Quod</span> <span class='ocrx_word' id='word_1_566' title='bbox 1286 1893 1442 1931; x_wconf 48' lang='lat' dir='ltr'>presbyteri</span> <span class='ocrx_word' id='word_1_567' title='bbox 1455 1897 1622 1931; x_wconf 77' lang='lat' dir='ltr'>parochiani</span> <span class='ocrx_word' id='word_1_568' title='bbox 1634 1898 1701 1927; x_wconf 88' lang='lat' dir='ltr'>dum</span> <span class='ocrx_word' id='word_1_569' title='bbox 1715 1900 1790 1928; x_wconf 84' lang='lat' dir='ltr'>ordi-</span> 
     </span>
    </p>
   </div>
   <div class='ocr_carea' id='block_1_89' title="bbox 999 1925 1791 1972">
    <p class='ocr_par' dir='ltr' id='par_1_89' title="bbox 999 1925 1791 1972">
     <span class='ocr_line' id='line_1_89' title="bbox 999 1925 1791 1972; baseline 0.019 -23"><span class='ocrx_word' id='word_1_570' title='bbox 999 1926 1114 1972; x_wconf 44' lang='lat' dir='ltr'>r&#39;qunt-iiﬂ</span> <span class='ocrx_word' id='word_1_571' title='bbox 1127 1925 1253 1972; x_wconf 40' lang='lat' dir='ltr'>[Elatiam</span> <span class='ocrx_word' id='word_1_572' title='bbox 1261 1925 1438 1972; x_wconf 44' lang='lat' dir='ltr'>ofﬁcialérft&#39;a</span> <span class='ocrx_word' id='word_1_573' title='bbox 1447 1925 1586 1972; x_wconf 60' lang='lat' dir='ltr'>sacerdote</span> <span class='ocrx_word' id='word_1_574' title='bbox 1594 1925 1649 1972; x_wconf 61' lang='lat' dir='ltr'>suo</span> <span class='ocrx_word' id='word_1_575' title='bbox 1663 1925 1791 1972; x_wconf 58' lang='lat' dir='ltr'>occipere</span> 
     </span>
    </p>
   </div>
   <div class='ocr_carea' id='block_1_90' title="bbox 998 1959 1615 2004">
    <p class='ocr_par' dir='ltr' id='par_1_90' title="bbox 998 1959 1615 2004">
     <span class='ocr_line' id='line_1_90' title="bbox 998 1959 1615 2004; baseline 0.018 -18"><span class='ocrx_word' id='word_1_576' title='bbox 998 1959 1172 2004; x_wconf 73' lang='lat' dir='ltr'>debeant.Ex</span> <span class='ocrx_word' id='word_1_577' title='bbox 1183 1959 1307 1992; x_wconf 67' lang='lat' dir='ltr'>Toletani)</span> <span class='ocrx_word' id='word_1_578' title='bbox 1319 1966 1436 1995; x_wconf 76' lang='lat' dir='ltr'>concilio</span> <span class='ocrx_word' id='word_1_579' title='bbox 1445 1976 1485 2001; x_wconf 79' lang='lat' dir='ltr'>xv,</span> <span class='ocrx_word' id='word_1_580' title='bbox 1496 1959 1615 2004; x_wconf 35' lang='lat' dir='ltr'>capiti.</span> 
     </span>
    </p>
   </div>
   <div class='ocr_carea' id='block_1_91' title="bbox 1000 2003 1791 2050">
    <p class='ocr_par' dir='ltr' id='par_1_91' title="bbox 1000 2003 1791 2050">
     <span class='ocr_line' id='line_1_91' title="bbox 1000 2003 1791 2050; baseline 0.016 -20"><span class='ocrx_word' id='word_1_581' title='bbox 1000 2003 1079 2050; x_wconf 60' lang='lat' dir='ltr'>(Pist.</span> <span class='ocrx_word' id='word_1_582' title='bbox 1098 2004 1143 2039; x_wconf 88' lang='lat'>38,</span> <span class='ocrx_word' id='word_1_583' title='bbox 1155 2013 1178 2050; x_wconf 62' lang='grc' dir='ltr'>ᾳ.</span> <span class='ocrx_word' id='word_1_584' title='bbox 1191 2006 1304 2040; x_wconf 85' lang='lat' dir='ltr'>Quando</span> <span class='ocrx_word' id='word_1_585' title='bbox 1324 2010 1499 2046; x_wconf 74' lang='lat' dir='ltr'>presbyteri.)</span> <span class='ocrx_word' id='word_1_586' title='bbox 1524 2003 1646 2044; x_wconf 76' lang='lat' dir='ltr'>Quando</span> <span class='ocrx_word' id='word_1_587' title='bbox 1670 2015 1791 2050; x_wconf 83' lang='lat' dir='ltr'>presby-</span> 
     </span>
    </p>
   </div>
   <div class='ocr_carea' id='block_1_92' title="bbox 962 2047 1791 2087">
    <p class='ocr_par' dir='ltr' id='par_1_92' title="bbox 962 2047 1791 2087">
     <span class='ocr_line' id='line_1_92' title="bbox 962 2047 1791 2087; baseline 0.013 -13"><span class='ocrx_word' id='word_1_588' title='bbox 962 2047 1015 2075; x_wconf 90' lang='lat' dir='ltr'>teri</span> <span class='ocrx_word' id='word_1_589' title='bbox 1031 2048 1061 2075; x_wconf 93' lang='lat' dir='ltr'>in</span> <span class='ocrx_word' id='word_1_590' title='bbox 1077 2049 1224 2084; x_wconf 84' lang='lat' dir='ltr'>parochiis</span> <span class='ocrx_word' id='word_1_591' title='bbox 1244 2052 1428 2087; x_wconf 85' lang='lat' dir='ltr'>ordinantur,</span> <span class='ocrx_word' id='word_1_592' title='bbox 1444 2054 1576 2083; x_wconf 87' lang='lat' dir='ltr'>libellum</span> <span class='ocrx_word' id='word_1_593' title='bbox 1602 2047 1791 2086; x_wconf 46' lang='lat' dir='ltr'>ofﬁcialem-3.</span> 
     </span>
    </p>
   </div>
   <div class='ocr_carea' id='block_1_93' title="bbox 963 2093 1790 2137">
    <p class='ocr_par' dir='ltr' id='par_1_93' title="bbox 963 2093 1790 2137">
     <span class='ocr_line' id='line_1_93' title="bbox 963 2093 1790 2137; baseline 0.013 -18"><span class='ocrx_word' id='word_1_594' title='bbox 963 2093 1114 2121; x_wconf 89' lang='lat' dir='ltr'>sacerdote</span> <span class='ocrx_word' id='word_1_595' title='bbox 1130 2102 1183 2122; x_wconf 88' lang='lat' dir='ltr'>suo</span> <span class='ocrx_word' id='word_1_596' title='bbox 1200 2096 1355 2132; x_wconf 81' lang='lat' dir='ltr'>accipiant,</span> <span class='ocrx_word' id='word_1_597' title='bbox 1369 2100 1401 2125; x_wconf 90' lang='lat' dir='ltr'>ut</span> <span class='ocrx_word' id='word_1_598' title='bbox 1417 2099 1451 2126; x_wconf 91' lang='lat' dir='ltr'>ad</span> <span class='ocrx_word' id='word_1_599' title='bbox 1466 2099 1605 2127; x_wconf 87' lang='lat' dir='ltr'>ecclesias</span> <span class='ocrx_word' id='word_1_600' title='bbox 1621 2100 1679 2128; x_wconf 88' lang='lat' dir='ltr'>sibi</span> <span class='ocrx_word' id='word_1_601' title='bbox 1698 2102 1790 2137; x_wconf 89' lang='lat' dir='ltr'>depu-</span> 
     </span>
    </p>
   </div>
   <div class='ocr_carea' id='block_1_94' title="bbox 961 2137 1788 2179">
    <p class='ocr_par' dir='ltr' id='par_1_94' title="bbox 961 2137 1788 2179">
     <span class='ocr_line' id='line_1_94' title="bbox 961 2137 1788 2179; baseline 0.015 -16"><span class='ocrx_word' id='word_1_602' title='bbox 961 2137 1038 2164; x_wconf 88' lang='lat' dir='ltr'>tatas</span> <span class='ocrx_word' id='word_1_603' title='bbox 1054 2137 1188 2166; x_wconf 87' lang='lat' dir='ltr'>instructi</span> <span class='ocrx_word' id='word_1_604' title='bbox 1199 2141 1368 2175; x_wconf 87' lang='lat' dir='ltr'>succedant,</span> <span class='ocrx_word' id='word_1_605' title='bbox 1378 2150 1413 2169; x_wconf 88' lang='lat' dir='ltr'>ne</span> <span class='ocrx_word' id='word_1_606' title='bbox 1425 2151 1476 2178; x_wconf 90' lang='lat' dir='ltr'>per</span> <span class='ocrx_word' id='word_1_607' title='bbox 1486 2143 1685 2179; x_wconf 82' lang='lat' dir='ltr'>ignorantiam</span> <span class='ocrx_word' id='word_1_608' title='bbox 1698 2146 1788 2175; x_wconf 81' lang='lat' dir='ltr'>etiam</span> 
     </span>
    </p>
   </div>
   <div class='ocr_carea' id='block_1_95' title="bbox 962 2180 1790 2226">
    <p class='ocr_par' dir='ltr' id='par_1_95' title="bbox 962 2180 1790 2226">
     <span class='ocr_line' id='line_1_95' title="bbox 962 2180 1790 2226; baseline 0.016 -20"><span class='ocrx_word' id='word_1_609' title='bbox 962 2180 993 2207; x_wconf 89' lang='lat' dir='ltr'>in</span> <span class='ocrx_word' id='word_1_610' title='bbox 1008 2180 1082 2216; x_wconf 86' lang='lat' dir='ltr'>ipsis</span> <span class='ocrx_word' id='word_1_611' title='bbox 1096 2182 1202 2210; x_wconf 89' lang='lat' dir='ltr'>divinis</span> <span class='ocrx_word' id='word_1_612' title='bbox 1218 2185 1411 2214; x_wconf 86' lang='lat' dir='ltr'>sacramentis</span> <span class='ocrx_word' id='word_1_613' title='bbox 1431 2187 1581 2216; x_wconf 76' lang='lat' dir='ltr'>offendant</span> <span class='ocrx_word' id='word_1_614' title='bbox 1599 2198 1606 2217; x_wconf 87' lang='lat'><strong>:</strong></span> <span class='ocrx_word' id='word_1_615' title='bbox 1623 2191 1657 2217; x_wconf 89' lang='lat' dir='ltr'>ut</span> <span class='ocrx_word' id='word_1_616' title='bbox 1671 2191 1790 2226; x_wconf 84' lang='lat' dir='ltr'>quando</span> 
     </span>
    </p>
   </div>
   <div class='ocr_carea' id='block_1_96' title="bbox 84 2224 1790 2280">
    <p class='ocr_par' dir='ltr' id='par_1_96' title="bbox 84 2224 1790 2280">
     <span class='ocr_line' id='line_1_96' title="bbox 84 2224 1790 2280; baseline 0.01 -13"><span class='ocrx_word' id='word_1_617' title='bbox 84 2249 101 2268; x_wconf 86' lang='lat' dir='ltr'>a</span> <span class='ocrx_word' id='word_1_618' title='bbox 116 2248 164 2268; x_wconf 86' lang='lat' dir='ltr'>me</span> <span class='ocrx_word' id='word_1_619' title='bbox 178 2224 439 2269; x_wconf 45' lang='lat' dir='ltr'>deﬁnita&#39;tibimet‘</span> <span class='ocrx_word' id='word_1_620' title='bbox 925 2231 948 2263; x_wconf 83' lang='lat' dir='ltr'>D</span> <span class='ocrx_word' id='word_1_621' title='bbox 964 2224 1201 2280; x_wconf 49' lang='lat' dir='ltr'>ad.litanias’,v?1</span> <span class='ocrx_word' id='word_1_622' title='bbox 1214 2228 1248 2280; x_wconf 33' lang='lat' dir='ltr'>{id</span> <span class='ocrx_word' id='word_1_623' title='bbox 1261 2229 1417 2280; x_wconf 48' lang='lat' dir='ltr'>conﬁnium</span> <span class='ocrx_word' id='word_1_624' title='bbox 1433 2224 1724 2280; x_wconf 51' lang='lat' dir='ltr'>venerint’mti9ném</span> <span class='ocrx_word' id='word_1_625' title='bbox 1735 2242 1790 2280; x_wconf 50' lang='lat' dir='ltr'>alio</span> 
     </span>
    </p>
   </div>
   <div class='ocr_carea' id='block_1_97' title="bbox 84 2285 908 2321">
    <p class='ocr_par' dir='ltr' id='par_1_97' title="bbox 84 2285 908 2321">
     <span class='ocr_line' id='line_1_97' title="bbox 84 2285 908 2321; baseline 0.007 -10"><span class='ocrx_word' id='word_1_626' title='bbox 84 2285 194 2313; x_wconf 86' lang='lat' dir='ltr'>donato</span> <span class='ocrx_word' id='word_1_627' title='bbox 209 2293 260 2321; x_wconf 86' lang='lat' dir='ltr'>pro</span> <span class='ocrx_word' id='word_1_628' title='bbox 276 2285 331 2313; x_wconf 89' lang='lat' dir='ltr'>hoc</span> <span class='ocrx_word' id='word_1_629' title='bbox 347 2286 433 2320; x_wconf 89' lang='lat' dir='ltr'>facto,</span> <span class='ocrx_word' id='word_1_630' title='bbox 450 2288 536 2315; x_wconf 89' lang='lat' dir='ltr'>corde</span> <span class='ocrx_word' id='word_1_631' title='bbox 552 2288 676 2316; x_wconf 89' lang='lat' dir='ltr'>contrito</span> <span class='ocrx_word' id='word_1_632' title='bbox 701 2292 730 2317; x_wconf 88' lang='lat' dir='ltr'>et</span> <span class='ocrx_word' id='word_1_633' title='bbox 754 2289 908 2317; x_wconf 91' lang='lat' dir='ltr'>humiliato</span> 
     </span>
    </p>
   </div>
   <div class='ocr_carea' id='block_1_98' title="bbox 84 2329 604 2365">
    <p class='ocr_par' dir='ltr' id='par_1_98' title="bbox 84 2329 604 2365">
     <span class='ocr_line' id='line_1_98' title="bbox 84 2329 604 2365; baseline 0.004 -9"><span class='ocrx_word' id='word_1_634' title='bbox 84 2329 208 2365; x_wconf 85' lang='lat' dir='ltr'>dignum</span> <span class='ocrx_word' id='word_1_635' title='bbox 225 2329 329 2357; x_wconf 67' lang='lat' dir='ltr'>offeras</span> <span class='ocrx_word' id='word_1_636' title='bbox 342 2330 520 2359; x_wconf 78' lang='lat' dir='ltr'>sacrificium</span> <span class='ocrx_word' id='word_1_637' title='bbox 536 2332 604 2360; x_wconf 88' lang='lat' dir='ltr'>Deo.</span> 
     </span>
    </p>
   </div>
   <div class='ocr_carea' id='block_1_99' title="bbox 83 2381 909 2422">
    <p class='ocr_par' dir='ltr' id='par_1_99' title="bbox 83 2381 909 2422">
     <span class='ocr_line' id='line_1_99' title="bbox 83 2381 909 2422; baseline 0.006 -13"><span class='ocrx_word' id='word_1_638' title='bbox 83 2381 266 2422; x_wconf 48' lang='grc' dir='ltr'>ΟΑΡΛὲξεέ</span> <span class='ocrx_word' id='word_1_639' title='bbox 281 2382 436 2422; x_wconf 61' lang='lat' dir='ltr'>Quadrati;</span> <span class='ocrx_word' id='word_1_640' title='bbox 456 2384 492 2422; x_wconf 76' lang='lat' dir='ltr'>od</span> <span class='ocrx_word' id='word_1_641' title='bbox 507 2384 651 2422; x_wconf 67' lang='lat' dir='ltr'>ecclesiam</span> <span class='ocrx_word' id='word_1_642' title='bbox 670 2387 779 2421; x_wconf 81' lang='lat' dir='ltr'>fugiens</span> <span class='ocrx_word' id='word_1_643' title='bbox 800 2390 909 2422; x_wconf 81' lang='lat' dir='ltr'>accepta</span> 
     </span>
    </p>
   </div>
   <div class='ocr_carea' id='block_1_100' title="bbox 116 2418 907 2458">
    <p class='ocr_par' dir='ltr' id='par_1_100' title="bbox 116 2418 907 2458">
     <span class='ocr_line' id='line_1_100' title="bbox 116 2418 907 2458; baseline 0.008 -14"><span class='ocrx_word' id='word_1_644' title='bbox 116 2418 266 2458; x_wconf 55' lang='lat' dir='ltr'>securitate</span> <span class='ocrx_word' id='word_1_645' title='bbox 280 2419 376 2446; x_wconf 75' lang='lat' dir='ltr'>mortis</span> <span class='ocrx_word' id='word_1_646' title='bbox 400 2421 427 2446; x_wconf 81' lang='lat' dir='ltr'>et</span> <span class='ocrx_word' id='word_1_647' title='bbox 450 2419 611 2458; x_wconf 53' lang='lat' dir='ltr'>debilitatis,</span> <span class='ocrx_word' id='word_1_648' title='bbox 628 2418 690 2456; x_wconf 54' lang='lat' dir='ltr'>qum</span> <span class='ocrx_word' id='word_1_649' title='bbox 702 2418 800 2458; x_wconf 74' lang='lat' dir='ltr'>inique</span> <span class='ocrx_word' id='word_1_650' title='bbox 815 2418 907 2458; x_wconf 60' lang='lat' dir='ltr'>gessit,</span> 
     </span>
    </p>
   </div>
   <div class='ocr_carea' id='block_1_101' title="bbox 119 2452 909 2493">
    <p class='ocr_par' dir='ltr' id='par_1_101' title="bbox 119 2452 909 2493">
     <span class='ocr_line' id='line_1_101' title="bbox 119 2452 909 2493; baseline 0.009 -14"><span class='ocrx_word' id='word_1_651' title='bbox 119 2452 245 2488; x_wconf 77' lang='lat' dir='ltr'>legitime</span> <span class='ocrx_word' id='word_1_652' title='bbox 268 2462 428 2489; x_wconf 74' lang='lat' dir='ltr'>componere</span> <span class='ocrx_word' id='word_1_653' title='bbox 452 2455 557 2483; x_wconf 78' lang='lat' dir='ltr'>debeat.</span> <span class='ocrx_word' id='word_1_654' title='bbox 573 2452 615 2484; x_wconf 58' lang='lat' dir='ltr'>Esi:</span> <span class='ocrx_word' id='word_1_655' title='bbox 631 2452 701 2485; x_wconf 73' lang='lat' dir='ltr'>Zibro</span> <span class='ocrx_word' id='word_1_656' title='bbox 716 2452 909 2493; x_wconf 58' lang='lat' dir='ltr'>capitulorum</span> 
     </span>
    </p>
   </div>
   <div class='ocr_carea' id='block_1_102' title="bbox 118 2497 310 2533">
    <p class='ocr_par' dir='ltr' id='par_1_102' title="bbox 118 2497 310 2533">
     <span class='ocr_line' id='line_1_102' title="bbox 118 2497 310 2533; baseline 0 -9"><span class='ocrx_word' id='word_1_657' title='bbox 118 2497 152 2532; x_wconf 86' lang='grc' dir='ltr'>(Ι.</span> <span class='ocrx_word' id='word_1_658' title='bbox 167 2505 196 2532; x_wconf 87' lang='grc' dir='ltr'>ν,</span> <span class='ocrx_word' id='word_1_659' title='bbox 212 2505 235 2525; x_wconf 80' lang='lat' dir='ltr'>c.</span> <span class='ocrx_word' id='word_1_660' title='bbox 252 2497 310 2533; x_wconf 87' lang='lat'>90).</span> 
     </span>
    </p>
   </div>
   <div class='ocr_carea' id='block_1_103' title="bbox 116 2541 907 2580">
    <p class='ocr_par' dir='ltr' id='par_1_103' title="bbox 116 2541 907 2580">
     <span class='ocr_line' id='line_1_103' title="bbox 116 2541 907 2580; baseline 0.009 -13"><span class='ocrx_word' id='word_1_661' title='bbox 116 2541 174 2576; x_wconf 83' lang='lat'>(17,</span> <span class='ocrx_word' id='word_1_662' title='bbox 191 2549 216 2576; x_wconf 87' lang='lat' dir='ltr'>q.</span> <span class='ocrx_word' id='word_1_663' title='bbox 234 2541 261 2576; x_wconf 87' lang='grc'>4,</span> <span class='ocrx_word' id='word_1_664' title='bbox 276 2550 300 2569; x_wconf 86' lang='lat' dir='ltr'>c.</span> <span class='ocrx_word' id='word_1_665' title='bbox 319 2542 403 2569; x_wconf 81' lang='lat' dir='ltr'>Reum</span> <span class='ocrx_word' id='word_1_666' title='bbox 420 2543 455 2570; x_wconf 87' lang='lat' dir='ltr'>ad</span> <span class='ocrx_word' id='word_1_667' title='bbox 470 2544 631 2580; x_wconf 76' lang='lat' dir='ltr'>ecclesiam.)</span> <span class='ocrx_word' id='word_1_668' title='bbox 657 2546 747 2573; x_wconf 74' lang='lat' dir='ltr'>Reum</span> <span class='ocrx_word' id='word_1_669' title='bbox 763 2546 798 2573; x_wconf 87' lang='lat' dir='ltr'>ad</span> <span class='ocrx_word' id='word_1_670' title='bbox 816 2546 907 2574; x_wconf 88' lang='lat' dir='ltr'>eccle-</span> 
     </span>
    </p>
   </div>
   <div class='ocr_carea' id='block_1_104' title="bbox 83 2585 908 2626">
    <p class='ocr_par' dir='ltr' id='par_1_104' title="bbox 83 2585 908 2626">
     <span class='ocr_line' id='line_1_104' title="bbox 83 2585 908 2626; baseline 0.008 -14"><span class='ocrx_word' id='word_1_671' title='bbox 83 2585 156 2613; x_wconf 86' lang='lat' dir='ltr'>siam</span> <span class='ocrx_word' id='word_1_672' title='bbox 167 2585 329 2621; x_wconf 81' lang='lat' dir='ltr'>fugientem</span> <span class='ocrx_word' id='word_1_673' title='bbox 342 2595 426 2615; x_wconf 89' lang='lat' dir='ltr'>nemo</span> <span class='ocrx_word' id='word_1_674' title='bbox 438 2587 606 2617; x_wconf 84' lang='lat' dir='ltr'>abstrahere</span> <span class='ocrx_word' id='word_1_675' title='bbox 618 2591 908 2626; x_wconf 83' lang='lat' dir='ltr'>audeat,nequeiude</span> 
     </span>
    </p>
   </div>
   <div class='ocr_carea' id='block_1_105' title="bbox 83 2629 908 2670">
    <p class='ocr_par' dir='ltr' id='par_1_105' title="bbox 83 2629 908 2670">
     <span class='ocr_line' id='line_1_105' title="bbox 83 2629 908 2670; baseline 0.01 -14"><span class='ocrx_word' id='word_1_676' title='bbox 83 2629 192 2657; x_wconf 83' lang='lat' dir='ltr'>donare</span> <span class='ocrx_word' id='word_1_677' title='bbox 207 2630 244 2657; x_wconf 85' lang='lat' dir='ltr'>ad</span> <span class='ocrx_word' id='word_1_678' title='bbox 260 2638 375 2666; x_wconf 68' lang='lat' dir='ltr'>pinnam</span> <span class='ocrx_word' id='word_1_679' title='bbox 392 2631 437 2659; x_wconf 92' lang='lat' dir='ltr'>vel</span> <span class='ocrx_word' id='word_1_680' title='bbox 453 2633 489 2660; x_wconf 86' lang='lat' dir='ltr'>ad</span> <span class='ocrx_word' id='word_1_681' title='bbox 505 2636 639 2670; x_wconf 85' lang='lat' dir='ltr'>mortem,</span> <span class='ocrx_word' id='word_1_682' title='bbox 657 2637 690 2662; x_wconf 91' lang='lat' dir='ltr'>ut</span> <span class='ocrx_word' id='word_1_683' title='bbox 707 2635 799 2663; x_wconf 89' lang='lat' dir='ltr'>honor</span> <span class='ocrx_word' id='word_1_684' title='bbox 814 2636 908 2664; x_wconf 86' lang='lat' dir='ltr'>eccle—</span> 
     </span>
    </p>
   </div>
   <div class='ocr_carea' id='block_1_106' title="bbox 85 2674 907 2714">
    <p class='ocr_par' dir='ltr' id='par_1_106' title="bbox 85 2674 907 2714">
     <span class='ocr_line' id='line_1_106' title="bbox 85 2674 907 2714; baseline 0.011 -14"><span class='ocrx_word' id='word_1_685' title='bbox 85 2674 196 2702; x_wconf 83' lang='lat' dir='ltr'>siarum</span> <span class='ocrx_word' id='word_1_686' title='bbox 212 2677 414 2703; x_wconf 82' lang='lat' dir='ltr'>conservetur:</span> <span class='ocrx_word' id='word_1_687' title='bbox 426 2677 476 2704; x_wconf 88' lang='lat' dir='ltr'>sed</span> <span class='ocrx_word' id='word_1_688' title='bbox 490 2681 617 2706; x_wconf 83' lang='lat' dir='ltr'>rectores</span> <span class='ocrx_word' id='word_1_689' title='bbox 631 2687 730 2714; x_wconf 87' lang='lat' dir='ltr'>pacem</span> <span class='ocrx_word' id='word_1_690' title='bbox 740 2679 766 2707; x_wconf 90' lang='lat' dir='ltr'>ei</span> <span class='ocrx_word' id='word_1_691' title='bbox 777 2682 806 2708; x_wconf 90' lang='lat' dir='ltr'>et</span> <span class='ocrx_word' id='word_1_692' title='bbox 816 2680 907 2709; x_wconf 84' lang='lat' dir='ltr'>vitam</span> 
     </span>
    </p>
   </div>
   <div class='ocr_carea' id='block_1_107' title="bbox 86 2718 908 2760">
    <p class='ocr_par' dir='ltr' id='par_1_107' title="bbox 86 2718 908 2760">
     <span class='ocr_line' id='line_1_107' title="bbox 86 2718 908 2760; baseline 0.011 -15"><span class='ocrx_word' id='word_1_693' title='bbox 86 2720 112 2746; x_wconf 88' lang='lat' dir='ltr'>et</span> <span class='ocrx_word' id='word_1_694' title='bbox 123 2718 258 2747; x_wconf 77' lang='lat' dir='ltr'>membra</span> <span class='ocrx_word' id='word_1_695' title='bbox 267 2719 399 2748; x_wconf 85' lang='lat' dir='ltr'>obtinere</span> <span class='ocrx_word' id='word_1_696' title='bbox 410 2721 564 2756; x_wconf 85' lang='lat' dir='ltr'>studeant;</span> <span class='ocrx_word' id='word_1_697' title='bbox 576 2724 674 2751; x_wconf 82' lang='lat' dir='ltr'>tamen</span> <span class='ocrx_word' id='word_1_698' title='bbox 686 2723 816 2760; x_wconf 88' lang='lat' dir='ltr'>legitime</span> <span class='ocrx_word' id='word_1_699' title='bbox 830 2734 908 2754; x_wconf 87' lang='lat' dir='ltr'>com-</span> 
     </span>
    </p>
   </div>
   <div class='ocr_carea' id='block_1_108' title="bbox 87 2763 476 2800">
    <p class='ocr_par' dir='ltr' id='par_1_108' title="bbox 87 2763 476 2800">
     <span class='ocr_line' id='line_1_108' title="bbox 87 2763 476 2800; baseline 0.005 -9"><span class='ocrx_word' id='word_1_700' title='bbox 87 2765 173 2799; x_wconf 84' lang='lat' dir='ltr'>ponat</span> <span class='ocrx_word' id='word_1_701' title='bbox 184 2763 265 2800; x_wconf 86' lang='lat' dir='ltr'>quod</span> <span class='ocrx_word' id='word_1_702' title='bbox 281 2763 383 2799; x_wconf 90' lang='lat' dir='ltr'>inique</span> <span class='ocrx_word' id='word_1_703' title='bbox 398 2765 476 2793; x_wconf 88' lang='lat' dir='ltr'>fecit.</span> 
     </span>
    </p>
   </div>
   <div class='ocr_carea' id='block_1_109' title="bbox 964 2269 1792 2312">
    <p class='ocr_par' dir='ltr' id='par_1_109' title="bbox 964 2269 1792 2312">
     <span class='ocr_line' id='line_1_109' title="bbox 964 2269 1792 2312; baseline 0.013 -16"><span class='ocrx_word' id='word_1_704' title='bbox 964 2269 1099 2305; x_wconf 88' lang='lat' dir='ltr'>episcopo</span> <span class='ocrx_word' id='word_1_705' title='bbox 1110 2271 1245 2307; x_wconf 84' lang='lat' dir='ltr'>reddant,</span> <span class='ocrx_word' id='word_1_706' title='bbox 1253 2272 1379 2308; x_wconf 89' lang='lat' dir='ltr'>qualiter</span> <span class='ocrx_word' id='word_1_707' title='bbox 1389 2278 1560 2312; x_wconf 87' lang='lat' dir='ltr'>susceptum</span> <span class='ocrx_word' id='word_1_708' title='bbox 1576 2277 1706 2306; x_wconf 79' lang='lat' dir='ltr'>ofﬁcium</span> <span class='ocrx_word' id='word_1_709' title='bbox 1718 2278 1792 2307; x_wconf 83' lang='lat' dir='ltr'>cele-</span> 
     </span>
    </p>
   </div>
   <div class='ocr_carea' id='block_1_110' title="bbox 964 2312 1282 2350">
    <p class='ocr_par' dir='ltr' id='par_1_110' title="bbox 964 2312 1282 2350">
     <span class='ocr_line' id='line_1_110' title="bbox 964 2312 1282 2350; baseline 0.013 -10"><span class='ocrx_word' id='word_1_710' title='bbox 964 2312 1048 2341; x_wconf 89' lang='lat' dir='ltr'>brent</span> <span class='ocrx_word' id='word_1_711' title='bbox 1062 2313 1106 2342; x_wconf 89' lang='lat' dir='ltr'>vel</span> <span class='ocrx_word' id='word_1_712' title='bbox 1122 2314 1282 2350; x_wconf 88' lang='lat' dir='ltr'>baptizent.</span> 
     </span>
    </p>
   </div>
   <div class='ocr_carea' id='block_1_111' title="bbox 963 2357 1787 2403">
    <p class='ocr_par' dir='ltr' id='par_1_111' title="bbox 963 2357 1787 2403">
     <span class='ocr_line' id='line_1_111' title="bbox 963 2357 1787 2403; baseline 0.013 -18"><span class='ocrx_word' id='word_1_713' title='bbox 963 2357 1158 2403; x_wconf 25' lang='lat' dir='ltr'>CAr.W1_39.l—-</span> <span class='ocrx_word' id='word_1_714' title='bbox 1172 2360 1349 2403; x_wconf 54' lang='lat' dir='ltr'>Prescyteros</span> <span class='ocrx_word' id='word_1_715' title='bbox 1372 2365 1421 2390; x_wconf 84' lang='lat' dir='ltr'>aut</span> <span class='ocrx_word' id='word_1_716' title='bbox 1445 2364 1576 2403; x_wconf 65' lang='lat' dir='ltr'>diaconos</span> <span class='ocrx_word' id='word_1_717' title='bbox 1604 2367 1714 2402; x_wconf 84' lang='lat' dir='ltr'>quando</span> <span class='ocrx_word' id='word_1_718' title='bbox 1737 2375 1787 2403; x_wconf 80' lang='lat' dir='ltr'>per</span> 
     </span>
    </p>
   </div>
   <div class='ocr_carea' id='block_1_112' title="bbox 996 2394 1786 2438">
    <p class='ocr_par' dir='ltr' id='par_1_112' title="bbox 996 2394 1786 2438">
     <span class='ocr_line' id='line_1_112' title="bbox 996 2394 1786 2438; baseline 0.011 -18"><span class='ocrx_word' id='word_1_719' title='bbox 996 2394 1142 2438; x_wconf 56' lang='lat' dir='ltr'>parochias</span> <span class='ocrx_word' id='word_1_720' title='bbox 1156 2394 1587 2438; x_wconf 46' lang='lat' dir='ltr'>constituuntur,_prqfe§rionem</span> <span class='ocrx_word' id='word_1_721' title='bbox 1603 2394 1728 2438; x_wconf 60' lang='lat' dir='ltr'>Episcopo</span> <span class='ocrx_word' id='word_1_722' title='bbox 1737 2394 1786 2432; x_wconf 59' lang='lat' dir='ltr'>Eun</span> 
     </span>
    </p>
   </div>
   <div class='ocr_carea' id='block_1_113' title="bbox 997 2430 1731 2474">
    <p class='ocr_par' dir='ltr' id='par_1_113' title="bbox 997 2430 1731 2474">
     <span class='ocr_line' id='line_1_113' title="bbox 997 2430 1731 2474; baseline 0.015 -19"><span class='ocrx_word' id='word_1_723' title='bbox 997 2430 1089 2464; x_wconf 77' lang='lat' dir='ltr'>facere</span> <span class='ocrx_word' id='word_1_724' title='bbox 1098 2432 1232 2466; x_wconf 74' lang='lat' dir='ltr'>oportere.</span> <span class='ocrx_word' id='word_1_725' title='bbox 1244 2432 1286 2459; x_wconf 69' lang='lat' dir='ltr'>Ex</span> <span class='ocrx_word' id='word_1_726' title='bbox 1295 2430 1415 2462; x_wconf 78' lang='lat' dir='ltr'>concilio</span> <span class='ocrx_word' id='word_1_727' title='bbox 1428 2430 1554 2464; x_wconf 79' lang='lat' dir='ltr'>Toletano</span> <span class='ocrx_word' id='word_1_728' title='bbox 1566 2445 1603 2471; x_wconf 76' lang='lat' dir='ltr'>iv,</span> <span class='ocrx_word' id='word_1_729' title='bbox 1615 2430 1675 2474; x_wconf 61' lang='lat' dir='ltr'>cap.</span> <span class='ocrx_word' id='word_1_730' title='bbox 1686 2430 1731 2466; x_wconf 61' lang='grc' dir='ltr'>ἐῢ.</span> 
     </span>
    </p>
   </div>
   <div class='ocr_carea' id='block_1_114' title="bbox 998 2473 1786 2519">
    <p class='ocr_par' dir='ltr' id='par_1_114' title="bbox 998 2473 1786 2519">
     <span class='ocr_line' id='line_1_114' title="bbox 998 2473 1786 2519; baseline 0.015 -19"><span class='ocrx_word' id='word_1_731' title='bbox 998 2473 1078 2519; x_wconf 71' lang='lat' dir='ltr'>(Diu.</span> <span class='ocrx_word' id='word_1_732' title='bbox 1090 2474 1135 2519; x_wconf 49' lang='lat' dir='ltr'>2D,</span> <span class='ocrx_word' id='word_1_733' title='bbox 1147 2483 1169 2502; x_wconf 78' lang='grc' dir='ltr'>ε.</span> <span class='ocrx_word' id='word_1_734' title='bbox 1183 2476 1300 2510; x_wconf 77' lang='lat' dir='ltr'>Quando</span> <span class='ocrx_word' id='word_1_735' title='bbox 1322 2479 1500 2516; x_wconf 69' lang='lat' dir='ltr'>presbyleri.)</span> <span class='ocrx_word' id='word_1_736' title='bbox 1516 2481 1637 2514; x_wconf 85' lang='lat' dir='ltr'>Quando</span> <span class='ocrx_word' id='word_1_737' title='bbox 1648 2473 1786 2519; x_wconf 74' lang='lat' dir='ltr'>presby-</span> 
     </span>
    </p>
   </div>
   <div class='ocr_carea' id='block_1_115' title="bbox 962 2517 1787 2563">
    <p class='ocr_par' dir='ltr' id='par_1_115' title="bbox 962 2517 1787 2563">
     <span class='ocr_line' id='line_1_115' title="bbox 962 2517 1787 2563; baseline 0.016 -20"><span class='ocrx_word' id='word_1_738' title='bbox 962 2517 1016 2544; x_wconf 91' lang='lat' dir='ltr'>teri</span> <span class='ocrx_word' id='word_1_739' title='bbox 1032 2519 1083 2545; x_wconf 90' lang='lat' dir='ltr'>aut</span> <span class='ocrx_word' id='word_1_740' title='bbox 1097 2518 1212 2547; x_wconf 86' lang='lat' dir='ltr'>diaconi</span> <span class='ocrx_word' id='word_1_741' title='bbox 1228 2528 1279 2555; x_wconf 91' lang='lat' dir='ltr'>per</span> <span class='ocrx_word' id='word_1_742' title='bbox 1293 2522 1448 2557; x_wconf 87' lang='lat' dir='ltr'>parochias</span> <span class='ocrx_word' id='word_1_743' title='bbox 1463 2517 1787 2563; x_wconf 69' lang='lat' dir='ltr'>constituuntur,opor-</span> 
     </span>
    </p>
   </div>
   <div class='ocr_carea' id='block_1_116' title="bbox 963 2562 1787 2605">
    <p class='ocr_par' dir='ltr' id='par_1_116' title="bbox 963 2562 1787 2605">
     <span class='ocr_line' id='line_1_116' title="bbox 963 2562 1787 2605; baseline 0.015 -18"><span class='ocrx_word' id='word_1_744' title='bbox 963 2562 1007 2588; x_wconf 86' lang='lat' dir='ltr'>tat</span> <span class='ocrx_word' id='word_1_745' title='bbox 1020 2569 1069 2589; x_wconf 82' lang='lat' dir='ltr'>eos</span> <span class='ocrx_word' id='word_1_746' title='bbox 1085 2563 1298 2597; x_wconf 83' lang='lat' dir='ltr'>professionem</span> <span class='ocrx_word' id='word_1_747' title='bbox 1314 2565 1451 2602; x_wconf 89' lang='lat' dir='ltr'>episcopo</span> <span class='ocrx_word' id='word_1_748' title='bbox 1464 2576 1518 2596; x_wconf 91' lang='lat' dir='ltr'>suo</span> <span class='ocrx_word' id='word_1_749' title='bbox 1534 2569 1637 2605; x_wconf 83' lang='lat' dir='ltr'>facere,</span> <span class='ocrx_word' id='word_1_750' title='bbox 1654 2572 1688 2598; x_wconf 88' lang='lat' dir='ltr'>ut</span> <span class='ocrx_word' id='word_1_751' title='bbox 1708 2562 1787 2599; x_wconf 79' lang='lat' dir='ltr'>caste</span> 
     </span>
    </p>
   </div>
   <div class='ocr_carea' id='block_1_117' title="bbox 962 2606 1787 2651">
    <p class='ocr_par' dir='ltr' id='par_1_117' title="bbox 962 2606 1787 2651">
     <span class='ocr_line' id='line_1_117' title="bbox 962 2606 1787 2651; baseline 0.016 -20"><span class='ocrx_word' id='word_1_752' title='bbox 962 2606 990 2632; x_wconf 88' lang='lat' dir='ltr'>et</span> <span class='ocrx_word' id='word_1_753' title='bbox 1004 2613 1077 2641; x_wconf 88' lang='lat' dir='ltr'>pure</span> <span class='ocrx_word' id='word_1_754' title='bbox 1089 2606 1187 2635; x_wconf 87' lang='lat' dir='ltr'>vivant</span> <span class='ocrx_word' id='word_1_755' title='bbox 1202 2608 1258 2635; x_wconf 92' lang='lat' dir='ltr'>sub</span> <span class='ocrx_word' id='word_1_756' title='bbox 1273 2609 1323 2637; x_wconf 90' lang='lat' dir='ltr'>Dei</span> <span class='ocrx_word' id='word_1_757' title='bbox 1340 2610 1491 2648; x_wconf 87' lang='lat' dir='ltr'>timore,ut</span> <span class='ocrx_word' id='word_1_758' title='bbox 1502 2613 1572 2641; x_wconf 88' lang='lat' dir='ltr'>dum</span> <span class='ocrx_word' id='word_1_759' title='bbox 1589 2622 1638 2643; x_wconf 87' lang='lat' dir='ltr'>eos</span> <span class='ocrx_word' id='word_1_760' title='bbox 1652 2614 1704 2643; x_wconf 87' lang='lat' dir='ltr'>tali</span> <span class='ocrx_word' id='word_1_761' title='bbox 1720 2623 1787 2651; x_wconf 90' lang='lat' dir='ltr'>pro-</span> 
     </span>
    </p>
   </div>
   <div class='ocr_carea' id='block_1_118' title="bbox 962 2649 1784 2694">
    <p class='ocr_par' dir='ltr' id='par_1_118' title="bbox 962 2649 1784 2694">
     <span class='ocr_line' id='line_1_118' title="bbox 962 2649 1784 2694; baseline 0.011 -18"><span class='ocrx_word' id='word_1_762' title='bbox 962 2649 1089 2678; x_wconf 89' lang='lat' dir='ltr'>fessione</span> <span class='ocrx_word' id='word_1_763' title='bbox 1118 2651 1298 2688; x_wconf 85' lang='lat' dir='ltr'>obligaverit,</span> <span class='ocrx_word' id='word_1_764' title='bbox 1327 2657 1460 2684; x_wconf 86' lang='lat' dir='ltr'>sanctam</span> <span class='ocrx_word' id='word_1_765' title='bbox 1499 2657 1687 2694; x_wconf 84' lang='lat' dir='ltr'>disciplinam</span> <span class='ocrx_word' id='word_1_766' title='bbox 1715 2649 1784 2686; x_wconf 76' lang='lat' dir='ltr'>reti-</span> 
     </span>
    </p>
   </div>
   <div class='ocr_carea' id='block_1_119' title="bbox 961 2696 1060 2722">
    <p class='ocr_par' dir='ltr' id='par_1_119' title="bbox 961 2696 1060 2722">
     <span class='ocr_line' id='line_1_119' title="bbox 961 2696 1060 2722; baseline 0.01 -1"><span class='ocrx_word' id='word_1_767' title='bbox 961 2696 1060 2722; x_wconf 87' lang='lat' dir='ltr'>neant.</span> 
     </span>
    </p>
   </div>
   <div class='ocr_carea' id='block_1_120' title="bbox 960 2738 1783 2788">
    <p class='ocr_par' dir='ltr' id='par_1_120' title="bbox 960 2738 1783 2788">
     <span class='ocr_line' id='line_1_120' title="bbox 960 2738 1783 2788; baseline 0.002 -1"><span class='ocrx_word' id='word_1_768' title='bbox 960 2738 1375 2788; x_wconf 51' lang='grc' dir='ltr'>αλέ.ἔθ;¹,;ῖῑεέἱί.ςξιίςιιηφιε</span> <span class='ocrx_word' id='word_1_769' title='bbox 1389 2746 1533 2788; x_wconf 56' lang='lat' dir='ltr'>meum</span> <span class='ocrx_word' id='word_1_770' title='bbox 1555 2747 1692 2788; x_wconf 59' lang='grc' dir='ltr'>ιςίφεεείηε</span> <span class='ocrx_word' id='word_1_771' title='bbox 1711 2747 1783 2788; x_wconf 60' lang='grc' dir='ltr'>,ρυε-</span> 
     </span>
    </p>
   </div>
   <div class='ocr_carea' id='block_1_121' title="bbox 996 2774 1783 2818">
    <p class='ocr_par' dir='ltr' id='par_1_121' title="bbox 996 2774 1783 2818">
     <span class='ocr_line' id='line_1_121' title="bbox 996 2774 1783 2818; baseline 0 -16"><span class='ocrx_word' id='word_1_772' title='bbox 996 2774 1055 2803; x_wconf 74' lang='lat' dir='ltr'>rtus</span> <span class='ocrx_word' id='word_1_773' title='bbox 1067 2783 1117 2811; x_wconf 84' lang='lat' dir='ltr'>per</span> <span class='ocrx_word' id='word_1_774' title='bbox 1130 2774 1250 2813; x_wconf 69' lang='lat' dir='ltr'>triginta</span> <span class='ocrx_word' id='word_1_775' title='bbox 1264 2774 1350 2808; x_wconf 74' lang='lat' dir='ltr'>annos</span> <span class='ocrx_word' id='word_1_776' title='bbox 1367 2774 1428 2809; x_wconf 63' lang='lat' dir='ltr'>u&#39;n&#39;c</span> <span class='ocrx_word' id='word_1_777' title='bbox 1441 2774 1538 2817; x_wconf 63' lang='lat' dir='ltr'>aliqua</span> <span class='ocrx_word' id='word_1_778' title='bbox 1560 2774 1783 2818; x_wconf 60' lang='grc' dir='ltr'>ἰηιενρειιαιέρἧ</span> 
     </span>
    </p>
   </div>
  </div>
