3970 6058
387 264 493 318 227
539 245 543 250 ’

1473 265 1541 317 D.
1584 260 1824 316 IVONIS
1860 260 2352 317 CARNOTENSIS
2387 260 2707 317 EPISCOPI

3691 266 3812 320 228

454 385 766 462 possederit,
818 401 942 442 eam
990 389 1190 442 teneat.
1246 387 1328 440 Ea:
1373 385 1607 442 concilio
1655 385 1914 441 Toletano
1955 399 2032 452 ιν,
2064 396 2117 462 Α
2151 400 2325 456 quam
2348 385 2419 441 ad
2443 383 2814 441 rectitudinis
2838 382 3241 440 fortitudinem
3269 385 3819 462 pertinet.Sienim,

457 475 577 530 cap.
612 459 700 512 33.

457 565 570 636 (16,
611 581 663 634 q.
715 565 769 633 3,
801 581 846 619 c.
885 565 1251 634 Quicunque.)
1310 563 1657 636 Quicunque
1718 562 2032 634 episcopus

386 654 627 710 alterius
648 652 902 724 episcopi
925 653 1221 708 dioecesim
1242 670 1426 709 annos
1443 652 1685 723 triginta
1697 651 1823 708 sine
1839 651 2034 722 aliqua

386 741 851 814 interpellatione
884 741 1231 812 possederit,
1253 757 1380 797 eam
1409 747 1603 798 teneat
1628 760 1641 809 ;
1675 741 1814 812 quia
1833 757 2036 797 secun-

387 833 525 887 dum
547 832 648 901 jus
679 831 823 901 legis
855 830 982 899 ejus
1014 829 1244 885 videtur
1269 847 1397 887 esse
1429 830 1788 900 dimcesis,et
1819 829 2033 884 admit-

383 921 562 977 tenda
584 936 698 974 non
731 922 820 973 est
850 923 1051 972 contra
1082 934 1216 973 eum
1251 917 1401 975 actio
1425 918 1901 991 reposcendi,sed
1926 917 2034 974 hoc

381 1009 537 1063 intra
569 1024 742 1061 unam
780 1006 1146 1076 parochiam,
1178 1010 1340 1063 extra
1367 1024 1502 1063 vero
1531 1008 1693 1063 nullo
1727 1007 1924 1075 modo,
1959 1023 2033 1062 ne

380 1097 519 1156 dum
570 1095 836 1150 diceeesis
896 1095 1252 1164 defenditur,
1304 1096 1738 1169 provinciarum
1793 1095 2034 1153 termini

382 1183 838 1239 confundantur.

385 1303 517 1358 CAP.
553 1302 674 1356 132.
705 1333 772 1344 -
807 1303 877 1355 De
903 1304 1194 1358 exactione
1221 1304 1578 1358 ecclesiarum
1638 1302 1872 1360 Galatiae
1897 1317 2032 1374 pro-

629 1374 857 1430 uincia).
890 1375 973 1428 Ex
1004 1374 1253 1429 Toletano
1279 1376 1533 1444 concilio,
1567 1391 1685 1445 cap.
1714 1376 1768 1428 4.

451 1489 576 1544 Non
598 1487 855 1560 amplius
875 1505 1049 1560 quam
1072 1490 1217 1543 duos
1240 1489 1458 1544 solidos
1484 1490 1894 1561 unusquisque
1919 1487 2035 1560 epi-

382 1593 693 1648 scoporum
718 1577 952 1649 privatae
978 1577 1305 1648 provinciae,
1322 1593 1422 1648 per
1443 1577 1710 1650 singulas
1732 1577 2031 1646 dimceses,

376 1667 463 1722 vel
494 1666 760 1739 singulas
792 1665 1088 1734 ecclesias,
1114 1666 1282 1736 juxta
1305 1667 1594 1738 synodum
1617 1665 2029 1721 Bracarensem

377 1771 574 1810 annua
607 1753 869 1808 illatione
900 1754 1013 1808 sibi
1045 1758 1340 1825 exspectet
1367 1754 1603 1810 inferri:
1640 1752 2030 1810 monasterio-
2061 1758 2108 1822 B

376 1859 510 1897 rum
555 1845 754 1897 tamen
803 1841 1064 1896 basilicis
1092 1842 1164 1897 ab
1196 1841 1304 1896 hac
1336 1842 1646 1898 solutionis
1677 1841 2029 1913 expensione

380 1931 682 2001 sejunctis.
733 1932 876 1985 Cum
925 1945 1057 1985 vero
1107 1930 1418 2002 episcopus
1466 1930 1763 1986 dioecesim
1809 1930 2025 1998 visitat,

379 2019 526 2074 nulli
549 2037 664 2090 prae
689 2018 1070 2074 multitudine
1097 2035 1377 2075 onerosus
1400 2020 1745 2090 existat,nsc
1763 2035 2026 2091 unquam

378 2107 950 2179 quinquagenarium
983 2124 1296 2163 numerum
1329 2109 1642 2164 evectionis
1665 2109 2030 2174 excedat,aut

378 2196 638 2268 amplius
652 2213 829 2267 quam
844 2213 962 2251 una
976 2196 1070 2251 die
1084 2214 1185 2267 per
1200 2215 1679 2270 unamquamque
1694 2198 2026 2254 remorandi

377 2285 677 2341 licentiam
700 2285 1120 2351 habeat.Quicu
1133 2303 1286 2357 nque
1298 2304 1430 2342 vero
1446 2286 1786 2358 pontiﬁcum
1802 2303 2027 2342 eorum-

379 2374 512 2430 dem
528 2373 886 2444 aliterquam
907 2375 1278 2430 decernimus
1313 2377 1609 2448 agendum
1641 2392 2028 2448 praesumpse-

380 2462 478 2531 rit,
510 2462 854 2518 correctioni
887 2461 1087 2534 procul
1115 2462 1292 2519 dubio
1325 2480 1617 2519 canonum
1677 2463 2024 2536 subjacebit,

377 2556 660 2622 tanquam
691 2551 1174 2606 constitutionum
1205 2551 1574 2624 synodalium
1602 2560 2023 2626 transgressor.

374 2644 431 2696 et
461 2641 789 2711 priscorum
819 2643 1060 2695 Patrum
1091 2639 1262 2696 edicti
1298 2646 1622 2712 corruptor.

377 2757 512 2812 CAP.
538 2757 658 2829 133.
682 2784 752 2794 —-
773 2754 847 2808 Ne
877 2754 1007 2829 dum
1043 2757 1335 2826 parochias
1383 2772 1530 2829 suas
1560 2766 1864 2829 peragrant
1905 2758 2026 2829 epi-

449 2827 616 2896 scopi,
656 2826 1025 2896 tyrannidem
1080 2834 1392 2892 exerceant,
1441 2827 1532 2882 sed
1571 2826 1708 2882 cum
1741 2826 2028 2885 charitate

446 2895 725 3019 stipegd‘ia
803 2897 1054 2964 exigant.
1113 2899 1196 2952 Ex
1246 2899 1598 2955 Cabilonensi
1669 2901 1902 2955 concilio
1963 2917 2025 2970 ιι,

447 2981 570 3038 cap.
683 3009 694 3020 .

451 3064 561 3134 (10,
596 3079 649 3134 q.
692 3064 747 3127 3,
785 3078 831 3116 c.
878 3064 1189 3121 Cavendum
1218 3067 1343 3136 est.)
1376 3067 1711 3124 Cavendum
1744 3083 1885 3123 sane
1915 3071 2023 3138 est,

375 3167 448 3207 ne
461 3167 595 3206 cum
609 3151 868 3223 episcopi
884 3152 1190 3223 parochias
1210 3171 1348 3209 suas
1363 3157 2023 3227 peragrant,quamdam
2057 3129 2099 3196 C

379 3257 494 3298 non
524 3239 716 3297 solum
748 3256 887 3311 erga
918 3241 1210 3308 subditos,
1235 3245 1336 3298 sed
1365 3260 1502 3316 erga
1533 3245 1722 3300 socios
1760 3246 2024 3314 tyranni-

375 3331 509 3386 dem
541 3333 843 3385 exerceant
875 3346 888 3383 :
944 3345 1046 3385 nec
1096 3331 1274 3402 (quod
1307 3332 1483 3400 absit)
1514 3350 1627 3387 non
1661 3350 1795 3388 cum
1827 3333 2024 3389 chari-

375 3423 510 3484 tate,
545 3419 646 3474 sed
682 3434 816 3472 cum
848 3418 1104 3489 quadam
1147 3419 1445 3488 jactantias
1495 3422 1864 3478 temeritate:
1918 3438 2024 3478 nec

374 3523 506 3562 cum
539 3507 858 3578 gratiarum
891 3507 1136 3575 actione,
1159 3508 1258 3563 sed
1281 3525 1410 3563 cum
1433 3511 1686 3581 quadam
1715 3510 2026 3582 iudiciaria

373 3594 702 3651 inventione
745 3595 1040 3667 stipendia
1069 3598 1140 3651 ab
1174 3596 1258 3653 eis
1288 3597 1543 3671 exigant.
1577 3599 2021 3656 Observandum

372 3685 549 3739 etiam
602 3683 792 3740 modis
843 3684 1119 3741 omnibus
1151 3689 1258 3754 est,
1295 3693 1358 3741 ut
1392 3687 1439 3742 si
1475 3688 1710 3759 quando
1761 3688 1844 3744 eis
1893 3706 2022 3761 per-

373 3774 642 3845 agranda
675 3773 964 3844 parochias
995 3776 1314 3830 necessitas
1347 3776 1658 3844 incumbit,
1702 3779 1761 3832 in
1811 3778 2025 3834 contir-

373 3862 607 3918 mandis
639 3862 997 3929 hominibus,
1032 3863 1091 3918 in
1127 3863 1496 3935 inquirendis
1527 3866 1703 3922 rebus
1742 3867 2022 3923 emenda-

372 3951 530 4006 tione
561 3951 778 4023 dignis,
812 3951 870 4005 in
921 3951 1331 4022 pradicatiune
1377 3953 1536 4009 verbi
1584 3953 1705 4024 Dei,
1738 3954 1798 4010 in
1843 3955 2023 4012 lucris

371 4039 706 4096 animarum
737 4039 956 4112 potius,
981 4057 1156 4112 quam
1191 4041 1600 4112 depraedandis
1625 4046 1682 4097 et
1698 4042 2024 4114 spoliandis

369 4128 709 4186 hominibus
731 4133 788 4186 et
809 4129 1280 4186 scandalizandis
1300 4131 1842 4204 fratribus,operam
1862 4133 2022 4202 dent;

370 4222 428 4272 et
457 4218 506 4272 si
535 4218 771 4289 quando
799 4218 881 4273 eis
907 4219 978 4273 ad
1004 4220 1403 4292 peragendum
1429 4220 1828 4278 ministerium
1850 4239 2024 4279 suum

371 4323 404 4361 a
425 4306 706 4361 fratribus
748 4310 849 4360 aut
879 4324 910 4361 a
935 4307 1190 4362 subditis
1222 4307 1444 4381 aliquid
1477 4310 1882 4382 accipiendum
1910 4315 2023 4381 est,

369 4395 480 4449 hoc
503 4410 878 4466 summopere
897 4395 1204 4450 observare
1227 4397 1462 4464 debent,
1490 4416 1559 4454 ne
1582 4415 1754 4472 quem
1781 4400 2024 4456 scanda-

2140 473 2306 545 juxta
2327 474 2575 546 apostoli
2620 473 3266 546 sententiam,episcopi
3292 491 3406 530 non
3431 477 3647 533 debent
3669 496 3811 535 esse

2143 563 2541 620 dominatores
2583 563 2642 618 in
2694 563 2866 634 clero,
2921 563 3018 618 sed
3074 562 3263 618 forma
3310 564 3445 620 facti
3491 567 3687 639 gregis
3742 585 3822 624 ex

2144 651 2336 707 animo
2379 653 2425 725 (1
2466 654 2610 708 Petr.
2644 652 2738 724 v);
2774 651 2958 707 multo
2993 651 3191 707 minus
3223 651 3320 708 isti
3353 653 3463 710 hoc
3495 672 3668 727 agere
3698 659 3811 713 de-

2147 740 2298 807 bent,
2325 743 2425 796 sed
2474 740 2730 797 contenti
2775 741 2895 796 sint
2939 741 3309 814 regularibus
3359 742 3710 817 disciplinis,
3746 752 3812 802 et

2144 832 2380 885 teneant
2402 829 2694 902 propriam
2719 833 3143 899 mensuram,et
3165 832 3320 902 quod
3355 831 3438 887 eis
3469 833 3542 888 ab
3573 835 3807 906 episco-

2144 917 2234 990 pis
2274 917 2623 990 injungitur,
2657 919 2766 974 hoc
2807 935 2908 991 per
2957 919 3296 990 parochiam
3357 937 3624 979 exercere
3671 928 3809 980 stu-

2144 1007 2340 1075 deant,
2384 1007 2531 1063 nihil
2582 1024 2684 1080 per
2733 1007 3114 1080 cupiditatem
3143 1012 3201 1064 et
3233 1010 3536 1066 avaritiam
3573 1029 3804 1084 praesu-

2142 1099 2387 1152 mentes.

2143 1203 2294 1273 CAP.
2321 1204 2438 1258 135.
2453 1234 2521 1242 —
2541 1202 2696 1273 Quod
2717 1204 3080 1272 jurejurando
3104 1205 3163 1258 in
3184 1207 3526 1262 contentione
3549 1209 3808 1265 obtinere

2214 1272 2386 1347 debet,
2427 1276 2525 1344 qui
2561 1272 2843 1346 possessor
2889 1277 2974 1330 rei
3019 1277 3274 1331 inventus
3320 1278 3509 1347 fuerit.
3545 1278 3807 1336 Gelasius

2213 1345 2364 1400 Iusto
2393 1347 2663 1416 episcopo.

2215 1432 2326 1503 (16,
2349 1450 2400 1503 q.
2425 1433 2478 1499 3,
2497 1450 2544 1488 c.
2567 1433 2842 1505 Dilectio.)
2868 1432 3109 1489 Dilectio
3138 1437 3236 1489 tua
3259 1435 3506 1507 quaesita
3527 1437 3800 1496 omnium

2142 1518 2393 1576 ﬁdeliter
2413 1537 2607 1577 rerum
2626 1523 2889 1592 veritate,
2913 1523 2961 1577 si
2988 1523 3055 1578 de
3079 1523 3288 1595 spatiis
3323 1525 3536 1594 quibus
3569 1543 3795 1582 memo-

2140 1615 2306 1666 ratur
2334 1615 2463 1666 orta
2492 1612 2806 1679 contentio,
2825 1611 3083 1666 definitio
3111 1613 3336 1668 dudum
3370 1619 3530 1670 certa
3563 1632 3800 1688 proces-

2143 1698 2608 1766 sit,intemerata
2639 1705 2939 1756 servetur:
2976 1699 3229 1772 alioquin
3263 1701 3311 1757 si
3345 1701 3488 1758 nihil
3523 1721 3796 1776 unquam

2139 1787 2468 1845 constiterit
2489 1789 3069 1853 terminatum,nunc
3100 1789 3170 1844 de
3203 1790 3625 1862 prescriptione
3646 1796 3803 1848 tem-

2138 1893 2368 1949 porum,
2403 1877 2452 1932 si
2485 1893 2600 1948 qua
2631 1894 2766 1948 pars
2802 1876 3050 1932 dissidet
3081 1877 3274 1948 [fidit],
3310 1878 3561 1950 praebeat
3591 1897 3796 1936 sacra-

2138 1969 2401 2020 mentum
2419 1985 2433 2034 ;
2454 1970 2518 2020 ut
2539 1969 2734 2021 tamen
2769 1982 2895 2037 quas
2927 1965 3211 2022 hactenus
3234 1968 3570 2038 possedisse
3592 1970 3799 2041 perhi-

2138 2053 2327 2120 betur,
2355 2054 2775 2124 jusjurandum
2810 2054 3037 2110 sinatur
3067 2055 3294 2111 offerre.

2137 2159 2497 2234 CAP._136.+—
2520 2162 2591 2216 De
2619 2161 2887 2234 episcopis
2909 2161 3148 2229 Siciliae,
3168 2161 3300 2234 quid
3330 2161 3394 2218 de
3420 2163 3784 2234 parochianis

2205 2180 2274 2214 .P.
2304 2180 2497 2214 wn.——
2520 2180 2591 2216 ue
2619 2180 2887 2232 episcopis
2909 2180 3148 2229 οισιιιιτε,
3205 2180 3300 2218 uta
3330 2180 3394 2218 ae
3420 2180 3707 2234 parocma)

2205 2231 2319 2287 suis
2349 2233 2572 2300 exigere
2597 2232 2848 2288 debeant.
2871 2233 3133 2301 Pelagius
3159 2180 3442 2289 gresconio
3476 2236 3707 2291 illustri.

2209 2322 2318 2389 (l0,
2343 2337 2391 2390 q.
2415 2321 2469 2388 3,
2493 2339 2540 2375 c.
2565 2320 2716 2376 Illud
2739 2329 2788 2377 te
2810 2321 3036 2394 modis.)
3071 2321 3217 2377 Illud
3274 2326 3325 2378 te
3369 2324 3559 2379 modis
3590 2325 3786 2380 omni-

2137 2409 2246 2464 bus
2267 2409 2538 2464 volumus
2561 2411 2958 2479 custodire,ne
2981 2411 3112 2481 quis
3145 2412 3554 2483 episcoporum
3578 2412 3793 2468 Sicilia

2136 2497 2207 2554 de
2236 2497 2526 2569 parochiis
2559 2499 2631 2554 ad
2665 2515 2728 2554 se
2759 2499 3194 2570 pertinentibus
3217 2500 3454 2557 nomine
3482 2501 3794 2557 cathedra-

2134 2587 2255 2655 tici,
2276 2586 2526 2658 amplius
2551 2603 2727 2658 quam
2753 2587 2899 2643 duos
2923 2587 3142 2643 solidos
3168 2597 3485 2660 praesumat
3503 2590 3796 2662 accipere,

2135 2690 2324 2747 neque
2354 2674 2702 2747 compellere
2720 2677 3089 2749 presbyteros
3113 2681 3215 2732 aut
3239 2676 3458 2733 clerum
3485 2678 3794 2749 parochia-

2135 2781 2267 2820 rum
2313 2781 2555 2820 suarum
2589 2781 2769 2836 supra
2800 2766 2952 2821 vires
2982 2782 3122 2821 suas
3153 2766 3232 2822 eis
3265 2766 3529 2822 convivia
3560 2785 3789 2840 praepa-

2137 2869 2284 2908 rare.

2136 2942 2265 2998 Car.
2291 2943 2414 2998 137.
2437 2973 2510 3026 -τ
2550 2943 2612 2999 Ut
2638 2943 2946 3068 διενυῃαί
2973 2944 3047 3000 ab
3078 2945 3322 3026 episcopo
3353 2960 3448 3001 suo
3471 2960 3788 3018 pergrava-

2207 3019 2319 3068 tur.
2350 3028 2755 3068 querimoniam
2912 3016 3408 3068 metronolztanum
3435 3017 3668 3068 deferat.
3704 3017 3788 3068 ΕΞ

2207 3019 2319 3088 t_ur_,
2346 3015 2755 3088 querimoniam
2796 3015 2866 3068 ad
2912 3015 3408 3088 metropolitanum
3435 3015 3668 3088 deferat.
3703 3017 3791 3073 Ex

2210 3084 2464 3141 Toletano
2492 3087 2724 3141 concilio
2759 3101 2842 3152 ιιι,
2876 3101 2994 3156 cap.
3029 3084 3118 3140 20‘.

2210 3174 2318 3243 (10,
2345 3190 2399 3244 q.
2436 3175 2489 3242 3,
2521 3190 2569 3229 c.
2605 3174 2745 3242 Quia
2791 3176 3180 3247 cognovimus.)
3219 3174 3365 3240 Quia
3406 3175 3790 3248 cognovimus

2134 3260 2439 3334 episcopos
2463 3279 2564 3335 per
2585 3262 2894 3336 parochias
2916 3281 3055 3320 suas
3079 3281 3193 3320 non
3213 3264 3785 3333 sacerdotaliter,sed

2134 3349 2452 3406 crudeliter
2482 3351 2778 3420 desaavire,
2813 3356 2869 3408 et
2899 3353 3039 3408 dum
3072 3353 3358 3425 scriptum
3409 3354 3522 3409 sit:
3577 3353 3791 3409 Forma

2132 3443 2319 3495 estote
2350 3439 2531 3512 gregi,
2551 3457 2668 3496 non
2689 3444 2752 3496 ut
2783 3441 3154 3498 dominantes
3181 3442 3238 3497 in
3264 3441 3416 3498 clero
3446 3444 3496 3513 (ι
3527 3447 3672 3500 Petr.
3703 3443 3788 3514 v),

2132 3528 2461 3585 exactiones
2481 3528 2716 3584 dioecesi
2749 3546 2867 3585 sure
2889 3530 2978 3586 vel
3000 3531 3217 3586 damna
3265 3530 3566 3603 inﬂigant;
3624 3530 3788 3587 ideo-

2133 3633 2245 3690 que
2266 3620 3025 3691 censemus,excepto,quod
3048 3623 3312 3676 veterum
3333 3618 3788 3676 constitutiones

2133 3706 2474 3778 aparochiis
2493 3706 2710 3762 habere
2735 3707 2949 3778 jubent
2979 3709 3376 3780 episcopos,ut
3406 3708 3522 3765 alia
3551 3725 3678 3781 qua:
3711 3709 3790 3764 il-

2133 3793 2204 3849 lis
2249 3793 2364 3850 huc
2413 3811 2602 3869 usque
2630 3801 2989 3868 praesumpta
3021 3801 3181 3862 sunt,
3214 3797 3578 3869 denegantur
3610 3814 3623 3852 :
3675 3797 3789 3854 hoc

2131 3885 2240 3951 est,
2263 3897 2452 3954 neque
2483 3883 2539 3938 in
2575 3884 2834 3955 angariis
2865 3883 3188 3958 presbyteri
3219 3889 3322 3941 aut
3351 3884 3649 3950 diaconos,
3684 3901 3788 3941 ne-

2133 3987 2246 4042 que
2275 3971 2334 4026 in
2358 3971 2652 4043 aliquibus
2687 3973 3006 4047 fatigentur
3035 3974 3563 4044 indictionibus,ne
3591 3974 3788 4031 videa-

2132 4076 2265 4116 mur
2284 4060 2343 4116 in
2365 4061 2628 4117 Ecclesia
2647 4061 2748 4117 Dei
2773 4066 3067 4119 exactores
3092 4065 3288 4135 potius
3312 4080 3489 4136 quam
3514 4062 3616 4120 Dei
3638 4079 3788 4136 pon-

2131 4149 2318 4206 tiﬁces
2349 4149 2664 4206 nominari.
2699 4150 2769 4206 Hi
2795 4167 2930 4207 vero
2979 4152 3174 4208 clecici
3209 4157 3327 4208 tam
3361 4151 3575 4208 locales
3605 4168 3787 4223 quam

2133 4239 2586 4313 diaecesani,qui
2618 4256 2680 4296 se
2713 4240 2786 4296 ab
2819 4240 3092 4314 episcopo
3124 4240 3353 4314 gravari
3386 4242 3787 4312 cognoverint,

2133 4328 2402 4400 querelas
2425 4347 2565 4386 suas
2586 4331 2658 4386 ad
2683 4330 3198 4402 metropolitanum
3225 4330 3449 4386 deferre
3471 4347 3586 4386 non
3616 4330 3787 4387 dill'e-

2133 4421 2354 4489 rant,et
2385 4417 2868 4491 metropolitanus
2897 4435 3011 4476 non
3045 4423 3304 4476 moretur
3324 4418 3614 4490 ejusmodi
3637 4435 3789 4491 pras-

374 4483 551 4538 lizent
580 4486 684 4538 aut
722 4486 983 4555 gravent.
1009 4484 1194 4540 Tanta
1228 4502 1364 4558 ergo
1405 4487 1462 4542 in
1506 4487 1610 4542 hac
1650 4505 1710 4545 re
1751 4487 2026 4545 discretio
2057 4495 2103 4560 Ι)
2136 4483 2503 4577 sumptiones
2534 4483 2816 4561 οδετοθι-ρ,

371 4571 627 4626 tenenda
647 4575 757 4640 est,
781 4575 848 4625 ut
869 4575 924 4626 et
944 4572 1104 4627 verbi
1128 4573 1228 4628 Dei
1248 4576 1592 4644 prmdicator
1614 4576 1714 4632 ubi
1744 4581 2022 4649 sumptus

373 4659 596 4731 proprii
626 4660 861 4728 desunt,
886 4676 916 4713 a
947 4660 1227 4716 fratribus
1258 4663 1536 4735 accipiat;
1587 4668 1643 4720 et
1688 4664 1866 4720 iidem
1908 4665 2024 4720 fra-

373 4751 490 4803 tres
522 4745 684 4802 illius
716 4747 978 4818 potentia
996 4764 1110 4803 non
1133 4754 1469 4822 graventur,
1483 4751 1748 4822 exemplo
1773 4752 2023 4824 apostoli

371 4833 537 4890 Pauli
563 4834 662 4906 qui
686 4850 757 4890 ne
782 4852 958 4907 quem
981 4842 1263 4907 gravaret,
1289 4842 1413 4895 arte
1433 4845 1488 4896 et
1509 4839 1784 4896 manibus
1805 4841 2023 4898 victum

372 4924 676 4995 quaerebat
703 4927 782 4994 (Il
820 4925 992 4981 Thess.
1029 4925 1136 4995 ιιι).

372 5043 510 5096 CAP.
547 5039 676 5118 13έ1ἶ
702 5068 773 5081 —-
820 5041 1005 5118 Quod
1033 5041 1414 5118 archidiaconi
1446 5060 1634 5118 super
1679 5047 2027 5118 presbyteros

437 5110 816 5189 parochianos
883 5113 1106 5189 nullam
1179 5110 1612 5189 dominationem
1663 5110 2028 5189 tyrannica":

442 5198 700 5239 exercere
729 5183 942 5239 debent.
972 5185 1202 5255 Ibidem,
1234 5201 1353 5257 cap.
1394 5188 1478 5243 15.

441 5299 608 5370 (Dist.
643 5300 734 5366 94,
771 5317 819 5355 c.
862 5302 1080 5356 Dictum
1108 5302 1233 5371 est.)
1273 5303 1496 5359 Dictum
1528 5308 1618 5361 est
1645 5304 1821 5360 etiam
1867 5307 2022 5377 quod

371 5389 432 5444 in
466 5389 765 5460 plerisque
795 5388 941 5445 locis
973 5389 1374 5446 archidiaconi
1429 5409 1606 5464 super
1650 5393 2025 5465 presbyteros

372 5478 764 5547 parochianos
795 5479 1114 5551 quamdam
1145 5485 1416 5538 exercent
1451 5481 1936 5555 dominationem,
1969 5488 2028 5541 et

374 5564 447 5621 ab
479 5565 566 5623 eis
596 5569 831 5642 exigant
863 5586 1107 5628 censum
1133 5587 1146 5627 :
1180 5573 1334 5644 quod
1359 5573 1546 5647 magis
1565 5573 1636 5631 ad
1652 5572 2027 5647 tyrannidem

2131 4615 2265 4666 CAP.
2295 4611 2415 4665 138.
2441 4641 2508 4684 έ
2538 4611 2600 4668 Ut
2628 4627 2738 4667 non
2769 4612 2931 4668 liceat
2949 4612 3233 4684 judicibus
3261 4613 3490 4669 clericos
3537 4613 3620 4668 vel
3668 4629 3789 4669 ser-

2240 4698 2330 4738 vos
2361 4683 2603 4738 ecclesia
2627 4685 2685 4736 in
2703 4685 2820 4738 suis
2850 4683 3098 4754 angariis
3121 4700 3408 4757 occupare,
3436 4701 3552 4755 cap.
3584 4686 3677 4740 21.

2201 4772 2316 4845 (12,
2346 4788 2397 4844 q.
2429 4773 2483 4842 2,
2515 4787 2562 4828 c.
2596 4772 3008 4844 Ecclesiarum.)
3042 4772 3433 4829 Ecclesiarum
3479 4788 3702 4839 servos,
3734 4777 3791 4830 et

2133 4861 2543 4935 episcoporum
2565 4860 2832 4917 omnium
2850 4861 2939 4916 vel
2957 4859 3302 4917 clericorum
3324 4861 3677 4933 ajudicibus
3698 4861 3789 4918 vel

2134 4949 2430 5007 actoribus
2447 4949 2700 5021 publicis
2720 4948 2780 5004 in
2803 4948 3050 5005 diversis
3075 4949 3334 5022 angariis
3357 4949 3592 5022 fatigari
3621 4949 3786 5006 dole-

2135 5056 2298 5096 mus:
2334 5041 2571 5110 propter
2600 5038 2755 5110 quod
2788 5055 2961 5094 omne
2999 5038 3314 5094 consilium
3347 5056 3381 5094 a
3413 5040 3628 5110 pietate
3657 5037 3785 5111 glo-

2135 5127 2449 5185 riosissimi
2495 5126 2731 5182 Domini
2778 5127 2966 5183 nostri
3014 5126 3154 5183 Jesu
3214 5125 3498 5200 poposcit,
3530 5129 3594 5182 ut
3642 5125 3789 5184 tales

2135 5217 2412 5288 deinceps
2449 5231 2632 5272 ausus
2672 5214 2957 5284 inhibeat,
2991 5215 3090 5271 sed
3124 5214 3277 5272 servi
3309 5215 3787 5289 supradictorum

2136 5305 2462 5362 officiorum
2496 5303 2555 5358 in
2587 5319 2788 5359 eorum
2821 5304 3030 5361 usibus
3075 5303 3163 5359 vel
3212 5304 3467 5360 ecclesia
3497 5305 3785 5360 laborent.

2136 5393 2196 5450 Si
2229 5393 2329 5465 qui
2379 5408 2514 5449 vero
2560 5391 2830 5463 judicum
2877 5397 2978 5449 aut
3026 5396 3312 5461 actorum,
3359 5391 3638 5449 clericum
3689 5395 3791 5448 aut

2136 5497 2368 5540 servum
2411 5479 2605 5536 clerici
2637 5479 2725 5536 vel
2757 5481 3040 5554 ecclesias,
3071 5481 3131 5536 in
3162 5480 3417 5554 publicis
3449 5497 3516 5537 ac
3545 5480 3787 5555 privatis

2138 5568 2390 5643 negotiis
2421 5583 2706 5641 occupare
2727 5568 2996 5640 voluerit,
3015 5587 3050 5626 ο.
3072 5569 3490 5627 communione
3513 5568 3787 5627 ecclesia-
