3982 6060
135 310 260 364 229

1113 305 1425 359 DECRETI
1462 304 1650 357 PARS
1688 305 1785 357 III.
1823 330 1892 341 —-
1923 303 2020 355 DE
2058 303 2422 371 ECCLESIA,
2462 309 2621 361 ETC.

3470 316 3579 371 230

138 434 306 491 stica
363 431 459 487 cui
520 428 1013 500 impedimentum
1074 427 1236 496 facit,
1295 426 1562 483 efficatur
1620 429 1896 499 extraaA
1928 426 2139 483 futuris
2166 430 2555 499 temporibus.
2590 431 2691 503 qui
2742 432 2851 488 hoc
2901 433 3145 489 avellere
3178 436 3419 505 nitatur,
3447 437 3573 507 jam

139 538 329 577 neus.

137 624 519 684 CAP.139.-
548 624 735 682 Vitam
767 638 1109 677 communem
1140 623 1286 678 inter
1316 636 1503 678 omnes
1540 622 1817 677 Christia«

215 714 326 754 nos
354 700 541 768 vigere
582 696 793 761 debere,
827 694 1250 768 maximeinter
1279 710 1370 749 eos
1401 695 1497 763 qui
1526 694 1583 747 in
1618 697 1815 768 sortem

215 765 455 826 Domini
484 766 648 823 electi
676 772 838 822 sunt:
860 775 914 820 et
953 765 1093 836 quod
1123 766 1308 835 ﬁdeles
1333 768 1512 836 primo
1538 767 1816 835 pretium,

215 842 431 897 deinde
456 838 669 911 praedia
703 854 805 894 sua
852 837 926 893 ad
967 840 1427 911 sustentationem
1452 838 1817 911 communiter

213 907 535 970 viventi-um
572 910 928 966 contulerint.
969 909 1218 966 Urbanus
1251 910 1310 964 in
1337 910 1522 980 primo
1551 907 1818 965 decretati

215 1001 325 1042 suo
356 983 611 1040 omnibus
641 980 997 1036 Christianis.

216 1092 342 1161 (42,
375 1107 426 1162 q.
464 1091 585 1157 t,c.
619 1087 834 1143 Scimus
874 1089 1009 1156 vos.)
1057 1086 1287 1143 Scimus
1331 1103 1431 1143 vos
1482 1102 1597 1141 non
1646 1085 1815 1156 igno-

138 1198 305 1245 rare,
345 1180 482 1251 quia
532 1179 816 1233 hactenus
874 1178 993 1231 vita
1051 1178 1386 1231 communis
1434 1176 1586 1232 inter
1634 1176 1817 1230 bonos

137 1268 523 1324 Christianos
556 1266 757 1336 viguit,
812 1269 869 1320 et
915 1264 1109 1319 adhuc
1163 1265 1259 1320 Dei
1309 1264 1497 1336 gratia
1536 1264 1710 1334 viget,
1762 1264 1819 1317 et

141 1358 411 1415 maxime
444 1356 599 1411 inter
629 1371 726 1411 eos
757 1354 856 1425 qui
889 1354 948 1408 in
983 1358 1141 1409 sorte
1183 1353 1419 1409 Domini
1450 1351 1617 1408 electi
1653 1356 1813 1420 sunt,

141 1450 201 1502 id
226 1452 326 1503 est
346 1444 778 1510 cloricos,siout
800 1443 860 1498 in
882 1442 1125 1498 Actibus
1148 1442 1548 1515 apostolorum
1570 1440 1813 1511 legitur:

142 1534 547 1591 Multitudinis
604 1541 792 1588 autem
840 1530 1186 1586 credentium
1232 1535 1355 1586 erat
1401 1544 1494 1586 cor
1538 1546 1733 1598 unum,
1765 1533 1819 1584 et

144 1625 349 1679 anima
379 1640 516 1691 una,
546 1637 649 1677 nec
680 1622 968 1692 quisquam
1001 1634 1193 1675 eorum
1224 1634 1348 1690 quae
1372 1619 1684 1690 possidebat
1704 1618 1816 1674 ali-

146 1713 287 1785 quid
319 1729 486 1768 suum
514 1726 623 1767 esse
647 1709 878 1777 dicebat,
902 1709 991 1764 sed
1022 1712 1180 1764 erant
1205 1710 1322 1763 illis
1352 1710 1541 1763 omnia
1570 1724 1813 1763 commu-

1924 516 2083 570 dicta
2111 516 2485 573 damnatione
2516 520 2779 577 feriatur.

1926 625 2056 702 Cap.
2092 623 2298 702 l«iO._—_-
2322 624 2542 702 Quir-es
2570 627 2927 682 ecclesiarum
2986 634 3039 684 et
3085 631 3388 688 oblationes
3444 633 3573 702 ﬁde-

2002 693 2141 769 lium
2170 696 2476 769 abstulerit,
2523 698 2581 750 in
2624 703 2837 768 patrem
2888 702 3201 769 Dominum,
3245 713 3295 759 et
3345 693 3577 759 matrem

1994 766 2295 821 Ecclesium
2327 776 2528 835 peccat,
2549 774 2601 825 et
2624 766 2741 825 ideo
2765 788 2799 824 a
2823 772 3116 828 liminibus
3136 766 3344 832 sanctae
3382 778 3580 831 matris

1995 837 2245 917 Ecclesiae
2288 839 2592 917 pellendus
2622 850 2721 897 est.
2774 843 2976 917 Lucius
3020 849 3048 898 1
3090 863 3241 916 papa
3294 848 3353 900 in
3397 848 3582 917 primo

1996 908 2366 1032 plecreto'suo,
2419 912 2672 966 omnibus
2716 915 2979 984 episcopis
3030 908 3141 970 tam
3170 908 3579 987 'Gallis,'quam

2046 996 2274 1032 zsnanzs.

2046 996 2199 1050 zspan
2212 997 2274 1034 is.

2000 1069 2071 1137 (6,
2094 1086 2143 1138 q.
2168 1070 2216 1139 1,
2241 1086 2284 1123 c.
2309 1072 2538 1141 Sapiens
2561 1088 2668 1126 non
2690 1076 2808 1143 est).
2845 1075 3086 1145 Sapiens
3123 1093 3238 1130 non
3266 1082 3356 1133 est
3384 1078 3581 1134 omnis

1929 1156 2027 1227 qui
2062 1162 2247 1213 nocet.
2284 1164 2393 1214 Res
2440 1177 2672 1231 quoque
2724 1164 3104 1218 ecclesiarum
3155 1169 3491 1221 nostrarum
3524 1172 3583 1222 et

1927 1242 2251 1299 oblationes
2269 1245 2552 1315 ﬁdelium,
2582 1265 2727 1317 quas
2761 1249 3139 1317 significastis
3166 1269 3198 1305 a
3222 1252 3577 1323 quibusdam

1927 1332 2286 1387 irruentibus
2312 1335 2527 1402 vexari,
2556 1338 2842 1407 nobisque
2866 1342 2921 1391 et
2942 1338 3205 1393 ecclesiis
3231 1342 3448 1396 nostris
3481 1358 3580 1396 au-

1926 1420 2084 1490 ferri,
2109 1422 2509 1477 indubitanter
2532 1426 2853 1479 maximum
2880 1432 2968 1480 est
2993 1431 3581 1497 peccatum,testante

1923 1510 2223 1579 Scriptura
2262 1527 2389 1582 quae
2433 1511 2514 1566 ait
2549 1513 2659 1583 (1‘2,
2686 1529 2737 1583 q.
2762 1515 2815 1579 2,
2839 1530 2884 1567 c.
2913 1516 3019 1582 Qui
3046 1515 3364 1589 abstulerit)
3397 1536 3410 1574 :
3474 1522 3583 1587 Qui

1924 1599 2213 1654 abstulerit
2261 1600 2474 1670 aliquid
2520 1604 2671 1671 patri
2720 1603 2803 1657 vel
2854 1605 3044 1669 matri,
3078 1609 3129 1659 et
3155 1606 3286 1661 dicit
3330 1608 3430 1663 hoc
3467 1625 3582 1665 non

1925 1703 2033 1741 esse
2060 1692 2365 1758 peccatum,
2398 1689 2681 1743 homicida:
2708 1693 2990 1761 particeps
3034 1697 3117 1747 est
3163 1696 3345 1762 (Prov.
3379 1699 3584 1765 xxvm)

148 1776 275 1858 nia.
302 1804 380 1856 Et
407 1803 614 1857 virtute
634 1815 837 1867 magna
860 1776 1162 1853 reddebant
1182 1798 1424 1869 Apostoli
1441 1796 1818 1852 testimonium

1951 1777 2093 1831 ’ater
2131 1792 2267 1847 ergo
2318 1782 2515 1833 noster
2562 1778 2688 1833 sine
2731 1779 2908 1834 dubio
2958 1780 3115 1836 Deus
3162 1786 3266 1850 est,
3320 1784 3421 1855 qui
3473 1802 3582 1841 nos

148 1891 584 1947 resurrectionis
614 1890 744 1945 Jesu
777 1888 988 1942 Christi
1018 1888 1249 1942 Domini
1278 1886 1494 1947 nostri;
1548 1890 1603 1939 et
1633 1886 1816 1954 gratia

150 1996 366 2049 magna
393 1987 518 2034 erat
546 1980 610 2034 in
638 1977 890 2033 omnibus
918 1976 1037 2030 illis
1062 1995 1082 2042 ;
1110 1990 1286 2046 neque
1331 1976 1483 2031 enim
1524 1975 1815 2046 quisquam

151 2084 323 2140 egens
351 2072 473 2123 erat
498 2068 647 2121 inter
666 2066 791 2121 illos
814 2081 835 2127 ;
879 2068 1117 2135 quoquot
1137 2065 1285 2119 enim
1303 2079 1632 2134 possessores
1652 2078 1814 2133 agro-

154 2175 285 2213 rum
314 2160 415 2212 aut
438 2155 730 2212 domorum
761 2157 939 2221 erant,
972 2153 1258 2209 uendentes
1289 2152 1587 2224 aﬂerebant
1636 2152 1817 2222 pretia

155 2263 352 2303 eorum
380 2259 510 2315 quae
540 2244 868 2311 vendebant,
901 2247 955 2298 et
977 2244 1251 2314 ponebant
1272 2252 1398 2298 ante
1424 2241 1585 2308 pedes
1605 2247 1814 2310 aposto-

158 2338 364 2391 lorum.
426 2333 796 2389 Dividebatur
852 2336 1036 2387 autem
1090 2332 1349 2402 singulis,
1401 2334 1565 2401 prout
1619 2332 1817 2400 cuique

156 2442 295 2497 Opus
319 2428 468 2480 erat.
492 2423 681 2493 Ioseph
710 2430 893 2476 autem
925 2422 1021 2491 qui
1048 2422 1462 2490 cognominatus
1494 2422 1570 2476 est
1604 2421 1812 2474 Barea-

157 2516 249 2569 bas
272 2513 349 2569 ab
380 2511 639 2583 apostolis
668 2510 829 2581 (quod
851 2515 928 2565 est
951 2511 1372 2579 interpretatum
1414 2509 1571 2564 illius
1601 2525 1811 2563 conso-

156 2602 422 2671 lationis)
459 2600 927 2671 levites,0yprius
956 2614 1174 2667 genere,
1188 2614 1312 2653 cum
1343 2598 1565 2653 haberet
1595 2613 1811 2668 agrum,

156 2690 406 2747 vendidit
464 2690 647 2756 illum,
698 2692 753 2743 et
800 2689 990 2743 attulit
1032 2689 1300 2759 pretium,
1350 2691 1403 2741 et
1450 2688 1632 2758 posuit
1685 2693 1815 2741 ante

154 2781 325 2851 pedes
383 2779 753 2849 apostolorum
812 2775 1077 2848 (Act.1v),
1119 2779 1230 2831 etc.
1280 2774 1557 2830 Videntes
1615 2779 1810 2831 autem

157 2867 385 2925 summi
430 2868 762 2923 sacerdotes
804 2870 980 2936 atque
1028 2865 1239 2935 levitas,
1270 2869 1326 2919 et
1357 2864 1569 2935 reliqui
1608 2864 1811 2920 fideles

156 2962 292 3027 plus
327 2953 603 3009 utilitatis
637 2968 809 3025 posse
833 2952 1060 3019 afferre,
1078 2952 1127 3007 si
1158 2951 1525 3008 hereditates
1554 2956 1611 3007 et
1639 2969 1813 3025 agros

157 3060 308 3115 quos
338 3041 685 3107 vendebant,
720 3039 986 3097 ecclesiis
1017 3041 1235 3112 quibus
1267 3040 1658 3113 praesidebant
1685 3041 1812 3111 epi-

155 3132 322 3203 scOpi
355 3131 670 3198 traderent,
704 3146 768 3186 eo
798 3130 954 3201 quod
987 3130 1059 3185 de
1090 3131 1429 3201 sumptibus
1459 3134 1809 3199 eorum,tam

162 3220 553 3291 pmsentibus
583 3234 762 3289 quam
796 3217 1011 3273 futuris
1043 3218 1407 3291 temporibus
1440 3218 1610 3289 plura
1626 3222 1681 3275 et
1697 3218 1814 3273 ele-

161 3308 432 3380 gantiora
481 3311 724 3380 possent
767 3306 1106 3363 ministrare
1138 3307 1412 3362 ﬁdelibus
1439 3323 1814 3362 communem

161 3398 348 3453 vitam
380 3396 944 3468 ducentibus,quam
977 3413 1045 3451 ex
1075 3397 1261 3467 pretio
1283 3398 1818 3466 eorum,cmperunt

164 3487 385 3558 pradia
411 3489 471 3542 at
496 3502 667 3558 agros
698 3501 844 3556 quos
872 3486 1120 3541 vendere
1158 3484 1446 3555 solebant,
1468 3485 1815 3540 matricibus

166 3574 431 3631 ecclesiis
469 3575 723 3642 tradere,
754 3577 811 3630 et
856 3590 925 3630 ex
964 3575 1302 3646 sumptibus
1350 3590 1552 3630 eorum
1599 3573 1811 3629 vivere.

170 3667 315 3736 Ipsa
345 3679 479 3719 vero
512 3678 604 3719 res
628 3662 687 3717 in
720 3664 939 3719 ditione
982 3662 1352 3735 singularum
1402 3662 1812 3735 parochiarum

164 3752 597 3824 episcoporum,
618 3752 720 3822 qui
742 3750 933 3807 locum
957 3755 1160 3809 tenent
1180 3752 1598 3824 apostolorum,
1624 3754 1809 3821 erant,

162 3846 220 3897 et
236 3844 380 3897 sunt
400 3857 587 3912 usque
608 3840 824 3906 adhuc,
848 3844 905 3895 et
935 3841 1151 3897 futuris
1183 3857 1417 3913 semper
1441 3842 1656 3897 debent
1682 3856 1813 3896 esse

162 3928 551 4000 temporibus.
584 3929 626 3983 Ε
658 3928 873 3998 quibus
899 3928 1159 4001 episcopi
1184 3933 1241 3985 et
1272 3929 1472 3985 fideles
1501 3929 1811 4000 dispensa-

158 4021 317 4073 tores
338 4033 559 4086 eorum,
585 4017 861 4073 omnibus
883 4032 1258 4073 communem
1279 4018 1458 4073 vitam
1481 4018 1691 4090 degere
1713 4034 1812 4073 vo-

154 4105 440 4176 lentibus,
454 4105 791 4163 ministrare
814 4111 1028 4162 cuncta
1049 4106 1382 4163 necessaria
1399 4107 1813 4177 debent,prout

163 4194 376 4251 melius
406 4195 724 4267 potuerint,
750 4200 816 4250 ut
833 4211 1004 4252 nemo
1039 4196 1098 4250 in
1131 4196 1215 4251 eis
1246 4212 1421 4267 egens
1454 4196 1808 4266 inveniatur.

162 4286 304 4355 Ipsa:
326 4285 481 4339 enim
502 4300 617 4350 res,
642 4283 904 4339 fidelium
924 4284 1248 4340 oblationes
1272 4285 1812 4356 appellantur,quia

158 4372 406 4428 Domino
428 4373 913 4429 oﬁ'eruntur.Non
944 4390 1081 4446 ergo
1113 4374 1330 4429 debent
1360 4374 1419 4427 in
1453 4372 1584 4428 aliis
1604 4373 1809 4429 usibus

159 4478 335 4534 quam
365 4460 797 4530 ecclesiasticis,
820 4465 876 4517 et
900 4461 1311 4534 praedictorum
1343 4461 1807 4517 Christianorum

1926 1864 2163 1935 creavit,
2196 1868 2252 1919 et
2286 1870 2470 1920 mater
2501 1870 2701 1921 nostra
2730 1865 3011 1937 Ecclesia,
3046 1887 3176 1941 quae
3208 1888 3315 1927 nos
3364 1874 3423 1928 in
3474 1873 3579 1929 ba-

1924 1953 2141 2026 ptismo
2172 1954 2557 2024 spiritualiter
2587 1956 2907 2026 generavit.
2942 1959 3094 2014 Item.
3121 1959 3253 2015 Haec
3285 1961 3409 2016 fieri
3441 1978 3578 2034 pro-

1924 2044 2129 2114 phetae,
2164 2042 2283 2098 haec
2333 2044 2601 2115 apostoli,
2649 2044 2769 2101 hinc
2830 2062 3199 2104 successores
3257 2066 3482 2118 eorum,
3524 2056 3583 2107 et

1925 2132 2189 2185 omnium
2212 2132 2628 2187 catholicorum
2662 2138 2895 2204 patrum
2918 2140 3117 2191 vetant
3139 2138 3389 2209 decreta,
3414 2142 3471 2194 et
3493 2141 3578 2195 ta-

1926 2219 2009 2275 les
2040 2220 2525 2291 prtesumptiones
2556 2222 2858 2291 sacrilegia
2887 2240 3016 2279 esse
3069 2226 3419 2295 dijudicant.
3456 2228 3569 2296 (17,

1922 2326 1971 2379 q.
2007 2309 2059 2374 4,
2092 2326 2137 2363 c.
2170 2312 2371 2367 Omnes
2426 2314 2722 2379 raptores.)
2780 2311 3035 2373 Quorum
3097 2330 3204 2368 nos
3259 2320 3571 2383 sequentes

1922 2396 2206 2466 exempla,
2251 2412 2452 2451 omnes
2500 2397 2644 2452 tales
2690 2405 3164 2471 praesumptores,
3196 2406 3253 2457 et
3301 2403 3569 2459 Ecclesiae

1924 2489 2388 2555 raptores,atque
2420 2502 2661 2540 suarum
2696 2488 3038 2543 facultatum
3072 2490 3575 2563 alienatores,una

1921 2573 2221 2628 vobiscum
2256 2590 2288 2627 a
2317 2573 2623 2629 liminibus
2654 2581 2867 2630 sanctae
2902 2578 3108 2632 matris
3141 2579 3399 2635 ecclesiae
3432 2599 3572 2636 ana-

1923 2662 2344 2729 thematizatos,
2396 2662 2717 2734 apostolica
2776 2666 3122 2721 auctoritate
3181 2667 3478 2738 pellimus,
3514 2673 3570 2724 et

1922 2752 2487 2822 damnamus,atque
2510 2750 2824 2823 sacrilegos
2846 2754 3433 2823 essejudicamus.Et
3456 2776 3569 2814 non

1921 2840 2110 2895 solum
2138 2856 2258 2908 eos,
2283 2841 2382 2895 sed
2422 2857 2625 2896 omnes
2664 2842 3094 2898 consentientes
3135 2845 3254 2900 eis:
3292 2846 3430 2917 quia
3463 2862 3572 2903 non

1919 2930 2095 2983 solum
2127 2931 2223 2999 qui
2248 2930 2485 2999 faciunt,
2516 2928 2597 2984 rei
2629 2930 2995 2999 judicantur,
3018 2932 3109 2986 sed
3150 2935 3323 2988 etiam
3352 2936 3449 3005 qui
3476 2937 3573 3003 fa-

1919 3018 2189 3073 cientibus
2246 3020 2591 3073 consentiunt
2638 3019 2815 3089 (Rom.
2849 3019 2912 3090 ι).
2946 3020 3053 3075 Par
3102 3020 3260 3077 enim
3299 3038 3472 3094 pcena
3518 3028 3577 3079 et

1925 3113 2184 3177 agentes,
2214 3111 2269 3161 et
2298 3106 2731 3163 consentientes
2762 3108 3225 3180 comprehendit.

1927 3213 2058 3268 CAP.
2115 3213 2238 3287 441.
2288 3244 2358 3253 --
2406 3215 2512 3269 Pro
2572 3216 2892 3270 necessitate
2944 3221 3249 3287 temporum
3312 3218 3575 3286 diligenti

1991 3285 2424 3340 consideratione
2485 3287 2837 3355 temperanda
2882 3303 2997 3342 esse
3043 3285 3256 3344 decreta
3313 3285 3567 3347 Patrum.

1995 3358 2076 3432 Ex
2130 3358 2478 3432 generalibus
2552 3358 2779 3414 decretis
2856 3357 3063 3414 Gelasii
3112 3375 3299 3431 papae,
3357 3377 3477 3432 cap.
3538 3364 3566 3418 1

1995 3428 2099 3498 (ep.
2142 3430 2208 3497 1).

1993 3516 2068 3586 (l,
2103 3533 2153 3586 q.
2186 3517 2239 3586 7,
2271 3533 2317 3571 c.
2352 3518 2674 3571 Necessaria
2717 3518 2955 3589 rerum.)
2987 3519 3331 3575 Necessaria
3375 3537 3571 3577 rerum

1923 3604 2305 3676 dispositione
2337 3605 2815 3676 [dispensatione]
2851 3607 3333 3678 constringimur,
3368 3609 3453 3665 sic
3484 3627 3576 3667 ca-

1922 3710 2143 3749 nonum
2176 3697 2554 3763 paternorum
2574 3695 2807 3749 decreta
2832 3695 3069 3765 librare,
3092 3701 3148 3751 et
3170 3702 3323 3753 retro
3350 3716 3572 3770 praesu-

1921 3781 2043 3836 lum
2077 3782 2575 3854 decessorumque
2596 3787 2932 3839 nostrorum
2958 3790 3249 3857 praecepta
3271 3789 3485 3844 metiri:
3511 3793 3575 3845 ut

1921 3888 2046 3943 quae
2067 3870 2443 3941 prmsentium
2465 3873 2784 3927 necessitas
2806 3876 3138 3945 temporum
3170 3876 3572 3932 restaurandis

1919 3959 2181 4016 ecclesiis
2203 3959 2513 4016 relaxanda
2529 3960 3085 4032 deposcit,adbibita
3100 3964 3569 4021 consideratione

1919 4049 2202 4120 diligenti,
2236 4053 2526 4120 quantum
2559 4053 2753 4121 potest
2786 4051 2911 4106 ﬁeri
2944 4055 3360 4122 temperemus.

1918 4159 2051 4211 CAP.
2092 4156 2209 4210 142.
2246 4187 2311 4196 -
2354 4157 2417 4212 Ut
2471 4172 2596 4211 cum
2650 4156 2810 4211 nulla
2867 4172 3065 4226 magna
3120 4158 3412 4212 necessitas
3470 4174 3569 4213 ur-

1990 4230 2103 4299 get,
2130 4228 2387 4350 gustituta
2409 4234 2637 4282 Patrum
2662 4228 2984 4283 inconvulsa
3002 4232 3392 4298 permaneant.
3425 4228 3572 4285 Idem

1990 4315 2106 4350 can.
2172 4341 2183 4350 .

1988 4315 2106 4368 cap.
2130 4315 2183 4352 Ζ.

1990 4386 2147 4455 (Dist.
2207 4387 2298 4456 55,
2358 4403 2403 4440 c.
2463 4387 2687 4455 Pricis.)
2762 4386 2976 4442 Priscis
3043 4386 3223 4459 igitur
3290 4404 3394 4459 pro
3462 4406 3573 4445 sua

1919 4474 2239 4530 reverentia
2298 4475 2675 4530 manentibus
2734 4474 3025 4531 institutis
3085 4492 3235 4546 qua,
3268 4476 3371 4531 ubi
3409 4477 3572 4533 nulla

156 4550 405 4607 fratrum
434 4549 523 4605 vel
554 4549 947 4621 indigentium
1007 4549 1296 4617 converti;
1335 4550 1475 4621 quia
1505 4556 1640 4605 vota
1671 4556 1809 4606 sunt
1837 4533 1885 4597 D
1915 4562 2002 4618 vel
2058 4579 2250 4618 rerum
2300 4562 2389 4617 vel
2440 4566 2769 4635 temporum
2817 4568 3092 4636 permeet
3140 4565 3438 4638 angustia,
3470 4581 3567 4621 re-

156 4636 511 4703 ﬂdelium,et
540 4638 732 4709 pretia
752 4642 1149 4708 peccatorum,
1170 4641 1346 4709 atque
1368 4639 1437 4693 ad
1464 4638 1806 4714 praedictum

158 4741 303 4799 opus
349 4723 705 4797 eXplendum
750 4724 1001 4781 Domino
1047 4725 1291 4782 traditae.
1324 4726 1384 4781 Si
1431 4726 1564 4798 quis
1608 4731 1805 4784 autem

154 4813 335 4888 (quod
366 4813 542 4881 absit)
576 4830 746 4869 secus
773 4815 975 4886 egerit,
1008 4815 1201 4871 videat
1248 4832 1322 4871 ne
1371 4816 1807 4872 damnationem

146 4900 384 4960 Ananie
404 4906 462 4959 et
478 4902 739 4974 Saphirae
762 4903 1034 4976 percipiat
1052 4904 1187 4973 (Act.
1213 4904 1291 4976 v),
1326 4908 1382 4960 et
1440 4920 1576 4960 reus
1627 4903 1807 4960 sacri-

152 4989 289 5066 legii
320 4990 629 5061 efficiatur,
650 4992 804 5047 sicut
832 4991 917 5047 illi
949 4991 1228 5059 iecerunt,
1259 4993 1361 5065 qui
1394 4992 1806 5066 praedictarum

158 5095 350 5137 rerum
384 5079 570 5152 pretia
600 5080 1039 5136 fraudaverunt.
1072 5081 1413 5138 Memoratis
1456 5084 1805 5154 augmenta-

155 5167 417 5225 tionibus
438 5185 505 5224 ac
525 5168 785 5225 cultibus
807 5168 865 5224 in
889 5173 1117 5226 tantum
1133 5169 1396 5227 Ecclesiae
1419 5170 1635 5242 quibus
1658 5170 1809 5242 epis-

156 5258 280 5332 copi
311 5256 649 5332 praasident,
680 5258 928 5314 Domino
985 5260 1447 5317 adminiculante
1500 5264 1811 5317 creverunt

157 5351 211 5402 et
236 5348 415 5402 tantis
433 5344 690 5402 maxime.
712 5364 846 5420 pars
868 5363 1071 5404 earum
1096 5348 1357 5405 abundat
1378 5349 1649 5419 rebus,ut
1671 5348 1807 5403 nul—

156 5434 246 5491 lus
277 5434 355 5490 sit
385 5434 443 5489 in
476 5435 562 5491 eis
594 5451 970 5492 communem
998 5435 1180 5493 vitam
1238 5438 1475 5510 degens,
1508 5436 1808 5510 indigens,

159 5524 253 5580 sed
274 5523 478 5579 omnia
500 5524 829 5581 necessaria
852 5525 923 5581 ab
948 5524 1221 5599 episcopo
1242 5526 1488 5600 suisque
1518 5527 1806 5584 ministris

152 5611 399 5685 percipit
424 5626 438 5667 :
473 5611 604 5668 ideo
632 5616 699 5670 ut
730 5613 781 5669 si
813 5612 1033 5686 aliquis
1061 5613 1348 5672 exstiterit
1377 5613 1676 5672 modernis
1706 5618 1810 5672 aut

1916 4650 2199 4723 gulariter
2272 4652 2542 4707 convenit
2616 4652 2946 4708 custodiri:
3003 4658 3245 4709 eatenus
3302 4654 3569 4711 ecclesiis

1917 4756 2044 4811 quae
2075 4740 2163 4794 vel
2196 4739 2424 4794 cunctis
2475 4744 2614 4795 sunt
2662 4740 2901 4811 privatae
2962 4742 3272 4812 ministris,
3306 4742 3395 4798 vel
3445 4744 3572 4799 suf-

1919 4828 2251 4885 ﬁcientibus
2308 4845 2495 4899 usque
2568 4830 2710 4884 adeo
2781 4829 3115 4901 despoliatus
3176 4831 3450 4899 servitiis,
3510 4836 3575 4887 ut

1918 4918 2189 4990 plebibus
2235 4920 2306 4974 ad
2354 4936 2414 4973 se
2458 4919 2891 4990 pertinentibus
2921 4920 3120 4976 divina
3151 4939 3399 4978 munera
3431 4939 3571 4995 sup-

1918 5007 2074 5078 plere
2128 5024 2242 5062 non
2293 5005 2543 5075 valeant,
2580 5012 2698 5062 tam
2736 5007 3087 5064 instituendi
3123 5025 3299 5079 quam
3336 5028 3572 5083 promo-

1915 5093 2087 5149 vendi
2111 5094 2399 5150 clericalis
2417 5095 2798 5167 obsequii,sic
2820 5096 3010 5169 spatia
3032 5096 3432 5170 dispensanda
3444 5118 3573 5156 con-

1917 5183 2207 5239 cedimus.

1917 5275 2049 5329 CAP.
2085 5272 2209 5327 143.
2229 5304 2296 5314 ——
2329 5278 2410 5328 De
2440 5275 2808 5349 examinanda
2839 5292 2898 5332 eo
2928 5278 3029 5349 qui
3059 5278 3130 5332 ad
3161 5279 3416 5335 clericale
3444 5294 3568 5332 mu-

2356 5362 2461 5400 nus
2492 5346 2714 5402 accedit.
2749 5348 2899 5403 ldem
2931 5346 3047 5420 cap.
3075 5354 3126 5404 iw‘.

1987 5436 2147 5507 (Dist.
2178 5437 2269 5505 77,
2301 5452 2347 5490 c.
2383 5436 2443 5491 Si
2473 5439 2595 5509 quis
2624 5437 2732 5510 de.)
2781 5438 2851 5493 Ut
2883 5439 2931 5494 si
2965 5440 3095 5510 quis
3127 5443 3302 5497 etiam
3334 5442 3404 5494 de
3436 5438 3571 5495 reli-

1916 5522 2079 5595 gioso
2110 5525 2509 5597 proposito,et
2541 5525 2873 5598 disciplinis
2900 5526 3415 5584 monasterialibus
3445 5545 3576 5585 eru-

1920 5612 2098 5685 ditus,
2132 5612 2201 5669 ad
2234 5612 2504 5671 clericale
2543 5631 2763 5673 munus
2812 5615 3059 5685 accedit,
3094 5614 3154 5671 in
3188 5615 3396 5689 primis
3442 5620 3573 5691 ejus
