3970 6058
378 286 481 343 231

1454 281 1523 331 D.
1562 275 1805 331 IVONIS
1845 271 2341 327 CARNOTENSIS
2375 270 2700 327 ΕΡῙΒΟΟΡῙ

3671 271 3787 327 232

378 410 498 465 vita
517 406 828 481 prateritis
850 409 981 461 acta
1000 402 1368 476 temporibus
1405 397 1760 471 inquiratur,
1787 394 1837 451 si
1861 393 2021 449 nullo
2051 397 2107 463 Α
2136 408 2320 464 quum
2342 392 2454 448 sibi
2471 392 2731 465 episcopi
2753 392 3146 460 vindicent,ut
3168 392 3321 449 sicut
3342 396 3515 449 antea
3536 393 3799 451 diximus

377 498 537 570 gravi
570 497 826 553 facinore
859 496 1138 567 probatur
1170 492 1443 557 infectus,
1478 488 1529 543 si
1559 485 1883 543 secundam
1915 484 2027 539 for-

376 591 537 645 tasse
566 603 682 642 non
714 584 982 641 habuerit
1012 596 1273 646 uxorem,
1307 594 1412 633 nec
1443 594 1475 631 a
1509 576 1715 631 marito
1758 573 2022 628 relictam

379 674 701 748 [rejectam]
732 674 979 729 sortitus
1008 668 1357 726 ostenditur.

376 794 518 849 CAP.
566 792 687 846 144.
708 820 774 829 —
802 790 935 842 lure
968 786 1083 840 sibi
1114 783 1407 851 vindicari,
1448 778 1711 852 quidquid
1748 780 2024 833 tricenna-

769 859 891 913 nali
921 859 1033 927 lege
1068 854 1435 911 concluditur.
1468 852 1631 907 Idem.

446 967 618 1035 (Idem
675 965 909 1019 habetur
968 964 1123 1032 infra
1149 978 1197 1015 c.
1236 961 1381 1029 147.)
1432 957 1697 1013 Gelasius
1749 956 2022 1011 Romana

377 1056 648 1113 Ecclesia
671 1052 983 1124 episcopus
1010 1050 1291 1105 fratribus
1314 1048 1414 1119 qui
1435 1047 1494 1101 in
1514 1046 1704 1102 Sicilia
1728 1048 1866 1100 sunt
1883 1058 2023 1098 con-

376 1143 590 1198 stituti.
618 1140 766 1195 Illud
811 1139 987 1194 etiam
1023 1136 1255 1193 annecti
1297 1134 1533 1207 placuit,
1560 1139 1625 1189 ut
1649 1133 1699 1188 si
1722 1131 1897 1203 (quod
1921 1130 2024 1185 ab-

374 1230 471 1299 sit)
498 1229 805 1285 facultates
828 1227 1101 1283 Ecclesia
1124 1241 1228 1280 nec
1253 1241 1365 1280 non
1391 1228 1448 1279 et
1470 1223 1749 1278 dimceses
1792 1220 1864 1276 ab
1912 1218 2024 1274 ali-

373 1319 593 1390 quibus
625 1316 1005 1389 possidentur
1034 1313 1347 1386 episcopis,
1371 1314 1506 1383 jure
1554 1310 1665 1367 sibi
1708 1307 2021 1376 vindicent,

372 1408 527 1476 quod
562 1404 901 1461 tricennalis
933 1404 1025 1459 lex
1054 1402 1369 1458 concludit.
1396 1401 1543 1467 Quia
1562 1404 1619 1455 et
1639 1399 1893 1455 ﬁliorum
1925 1413 2026 1452 no-

370 1500 635 1552 strorum
664 1492 995 1565 principum
1022 1494 1106 1546 ita
1126 1489 1421 1546 emanavit
1440 1487 1852 1556 auctoritas,ut
1873 1484 2026 1539 ultra

367 1584 612 1655 triginta
637 1599 824 1638 annos
858 1579 1008 1636 nulli
1038 1580 1213 1635 liceat
1238 1594 1340 1650 pro
1364 1594 1429 1633 eo
1448 1575 1741 1649 appelare,
1765 1591 1913 1646 quos
1944 1572 2023 1627 le-

369 1688 510 1745 gum
539 1674 772 1742 tempus
802 1668 1072 1724 exclusit.

2133 481 2577 554 peregrinorum
2636 486 2813 554 atque
2870 482 3236 553 captivorum
3291 482 3603 555 largitores
3663 499 3799 540 esse

2132 570 2416 641 posssint.
2448 570 2599 626 Illud
2633 587 2870 643 quoque
2900 570 3131 626 adnecti
3162 570 3406 643 placuit,
3442 575 3507 627 ut
3536 572 3585 627 si
3616 573 3796 643 (quod

2132 658 2307 729 absit)
2341 659 2650 716 facultates
2695 658 2954 715 ecclesia
2988 664 3044 715 et
3074 660 3355 716 dioeceses
3386 661 3459 716 ab
3490 659 3795 731 aliquibus

2131 747 2542 818 possideantur
2584 748 2899 821 episcopis,
2926 750 3062 819 jure
3113 749 3227 804 sibi
3276 748 3595 819 vindicent,
3632 751 3791 821 quod

2132 835 2488 891 tricennaria
2514 835 2608 891 lex
2636 835 2950 904 conclusit,
2980 835 3122 906 quia
3169 839 3227 891 et
3266 836 3523 892 ﬁliorum
3555 842 3789 892 nostro-

2131 941 2261 979 rum
2281 924 2614 997 principum
2636 925 2716 980 ita
2736 923 3030 981 emanavit
3053 924 3395 995 auctoritas,
3420 930 3485 981 ut
3504 924 3659 981 ultra
3677 926 3791 981 tri-

2130 1013 2294 1085 ginta
2315 1030 2497 1069 annos
2518 1013 2663 1068 nulli
2688 1013 2861 1069 liceat
2883 1029 2987 1086 pro
3008 1030 3074 1069 eo
3097 1012 3579 1086 appellare,quod
3600 1012 3790 1087 legem

2129 1107 2366 1175 tempus
2397 1103 2668 1159 exclusit.

2131 1244 2266 1299 CAP.
2305 1245 2424 1300 148.
2456 1274 2526 1285 --
2555 1245 2717 1301 Nullo
2748 1244 3023 1301 obstaculo
3082 1248 3215 1299 ante
3272 1245 3521 1301 tribunal
3581 1245 3794 1301 Christi

2200 1318 2437 1389 muniri,
2470 1318 2568 1388 qui
2603 1317 2976 1389 substantiam
3026 1315 3104 1368 ad
3128 1331 3280 1389 usus
3322 1333 3641 1389 pauperum
3688 1318 3787 1374 de-

2195 1388 2451 1442 relictam
2477 1386 2704 1443 icontra
2758 1387 2851 1460 fas
2890 1386 3209 1457 dispergit:
3257 1386 3491 1460 etquod
3542 1389 3785 1444 anathe-

2202 1467 2347 1514 mate
2386 1460 2651 1528 feriatur,
2693 1459 3002 1531 quicunque
3046 1473 3131 1531 res
3173 1459 3420 1516 ecclesia
3473 1461 3789 1529 conﬁscare,

2202 1530 2289 1584 vel
2345 1538 2663 1601 competere,
2696 1528 2793 1585 'vel
2847 1528 3186 1601 periculosa,
3221 1535 3327 1586 aut
3366 1546 3517 1587 sava
3547 1528 3789 1601 infesta-

2204 1602 2354 1726 tjpne
2380 1600 2677 1673 perducere
2694 1601 3131 1674 prasumpserit.
3158 1600 3233 1656 De
3262 1618 3337 1657 v1.
3368 1618 3493 1674 syn.
3523 1600 3789 1674 Symma-

2204 1687 2234 1726 c
2278 1689 2296 1726 ι
2320 1688 2500 1726 uana.

2203 1687 2296 1728 cm
2315 1688 2500 1744 papa.

373 1787 506 1842 CAP.
544 1787 662 1840 145.
682 1814 766 1859 ᾲ-ι
800 1784 1050 1859 Captivos
1091 1781 1435 1859 redimendos
1466 1781 1531 1836 de
1559 1779 1721 1859 rebus
1767 1776 2019 1859 ecclesia-

2201 1786 2317 1843 Nec
2338 1786 2535 1859 aliquo
2560 1802 2622 1843 se
2644 1791 2779 1843 ante
2804 1788 3066 1844 tribunal
3086 1787 3304 1845 Christi
3326 1786 3629 1843 obstaculo
3650 1802 3787 1843 mu-

1324 1849 1713 1925 [Demetriano]
1762 1853 1815 1904 et
1867 1849 2025 1925 Vale-

444 1859 624 1913 sticis.
667 1856 957 1923 Gregorius
1000 1855 1275 1909 Demetrio

1381 1925 1515 1995 (ιιι).
1603 1922 1710 1976 γι(
1765 1922 2021 1991 registri,

443 1930 608 1984 riano
693 1928 907 1982 clericis
991 1927 1298 1982 Firmianis

439 2001 602 2070 epist.
640 1999 750 2069 14).

433 2115 549 2184 (12,
581 2130 633 2184 q.
665 2113 720 2181 2,
744 2129 790 2168 c.
819 2112 1158 2179 Sacrorum.)
1188 2114 1504 2166 Sacrorum
1538 2123 1830 2163 canonum
1862 2105 2026 2161 insti-

369 2205 517 2271 tuta,
542 2205 601 2257 et
617 2199 824 2272 legalis
846 2199 1138 2271 permittit
1185 2198 1528 2267 auctoritas,
1549 2196 1705 2251 licite
1727 2212 1819 2251 res
1840 2194 2022 2251 eccle-

370 2289 638 2346 siasticas
666 2288 723 2343 in
749 2288 1213 2359 redemptionem
1249 2287 1614 2358 captivorum
1644 2282 1925 2355 impendi.
1956 2285 2025 2337 Et

368 2379 499 2435 ideo
520 2378 659 2450 quia
678 2376 867 2433 edocti
890 2394 923 2432 a
943 2375 1108 2432 vobis
1141 2392 1373 2442 sumus,
1398 2390 1582 2429 annos
1600 2373 1717 2428 fere
1736 2373 1935 2427 decem
1966 2374 2023 2426 et

369 2470 498 2522 octo
519 2467 711 2521 virum
736 2464 1297 2521 reverendissimum
1311 2462 1625 2533 quemdam
1642 2460 1885 2516 Fabium
1909 2458 2024 2530 epi-

368 2570 613 2625 scopum
641 2552 913 2609 Ecclesia
937 2552 1246 2607 Firmiana
1269 2567 1371 2622 pro
1396 2549 1794 2621 redemptione
1806 2551 2020 2617 vestra,

368 2658 435 2698 ac
465 2642 647 2715 patris
676 2641 853 2698 vestri
894 2640 1115 2697 Passivi
1159 2641 1358 2695 fratris
1379 2648 1432 2695 et
1452 2637 1781 2710 coepiscopi
1814 2635 2021 2703 nostri,

366 2736 509 2787 tunc
531 2748 665 2787 vero
691 2730 907 2798 clerici,
934 2746 1039 2785 nec
1077 2746 1192 2784 non
1240 2728 1446 2783 matris
1484 2731 1687 2782 vestra
1719 2724 1898 2781 libras
1928 2741 2024 2780 ar-

372 2820 529 2891 genti
553 2818 831 2875 undecim
855 2819 1059 2873 eadem
1087 2816 1335 2872 ecclesia
1354 2813 2022 2885 hostibusimpendisse,

372 2911 549 2977 atque
572 2924 673 2962 vos
696 2924 765 2963 ex
784 2906 892 2961 hoc
924 2907 1245 2976 quamdam
1278 2905 1492 2960 habere
1523 2903 1918 2969 formidinem,
1952 2917 2023 2957 ne

374 2995 487 3049 hoc
518 2996 674 3066 quod
699 2996 902 3049 datum
927 2999 1067 3050 esta
1085 2994 1250 3049 vobis
1280 2992 1543 3064 quolibet
1570 2998 1830 3063 tempore
1860 3006 2022 3062 repe-

376 3087 553 3139 tatur.
589 3083 777 3153 Hujus
806 3082 1077 3154 pracepti
1110 3082 1455 3137 auctoritate
1495 3079 1889 3152 suspicionem
1923 3096 2021 3135 ve-

373 3176 556 3228 stram
589 3171 966 3243 pravidimus
1003 3170 1404 3237 auferendum,
1435 3169 1856 3224 constituentes
1887 3166 2018 3222 nul-

372 3260 492 3316 lam
524 3277 624 3317 vos
656 3260 882 3327 exinde,
916 3259 1292 3330 haredesque
1322 3262 1545 3313 vestros
1577 3256 1839 3329 quolibet
1866 3260 2016 3312 tem-

370 3366 510 3422 pore
548 3348 914 3421 repetitionis
954 3346 1286 3402 molestiam
1328 3345 1642 3415 sustinere,
1675 3362 1781 3401 nec
1813 3362 1846 3400 a
1875 3361 2017 3417 quo-

368 3455 548 3511 quam
577 3437 745 3493 vobis
777 3436 1037 3507 aliquam
1068 3434 1240 3506 objici
1274 3435 1679 3507 quastionem.

365 3573 505 3629 CAP.
532 3571 654 3624 146.
680 3600 745 3610 —
769 3571 845 3625 De
874 3586 980 3625 non
1013 3568 1305 3641 repetenda
1357 3570 1695 3641 possessione
1739 3585 1839 3640 per
1883 3585 2018 3639 qua-

438 3642 699 3711 draginta
754 3657 933 3697 annos
960 3642 1027 3696 ab
1057 3640 1173 3697 alio
1210 3656 1470 3712 possessa.
1515 3640 1805 3711 Gregorius
1859 3641 2020 3695 Petro

442 3713 795 3768 subdiacono.

439 3818 550 3889 (16,
572 3836 625 3891 q.
655 3819 711 3889 4,
733 3835 782 3875 c.
806 3819 1062 3874 Volumus
1092 3818 1478 3889 accedentem.)
1502 3817 1562 3872 Si
1595 3816 2019 3872 monasterium

366 3905 553 3961 sancti
580 3906 892 3974 Theodori,
919 3907 1068 3961 fines
1099 3907 1170 3960 de
1203 3906 1419 3976 quibus
1442 3905 1700 3960 causatio
1732 3908 1885 3961 mota
1908 3908 2018 3972 est,

365 3993 737 4050 inconcussis
754 3993 1148 4066 quadraginta
1160 3992 1349 4061 annis,
1367 3991 1699 4063 possedisse
1713 3992 2018 4063 repereris,

368 4082 593 4139 nullam
627 4083 930 4154 deinceps,
963 4082 1193 4137 etiamsi
1244 4080 1383 4152 quid
1435 4081 1706 4137 Romana
1751 4079 2019 4136 Ecclesia

366 4181 693 4245 competere
716 4172 931 4244 potuit,
954 4169 1195 4242 patiaris
1220 4168 1511 4226 sustinere
1533 4167 2017 4237 calumniam,ssd

367 4262 627 4330 quietem
658 4276 860 4316 eorum
899 4260 1089 4315 modis
1114 4258 1392 4315 omnibus
1421 4274 1685 4330 procura.

370 4392 502 4446 CAP.
572 4392 690 4446 147.
745 4421 814 4431 --
889 4393 1177 4462 EpiscOpos
1263 4392 1580 4462 facultatem
1668 4391 2021 4446 ecclesiarum

440 4461 849 4557 administrare
897 4463 1113 4557 deberf,
1157 4463 1367 4557 qiduisl,
1398 4462 2019 4557 pupilliiapauperiblus
2046 4492 2095 4557 Ι)

441 4540 490 4588 et
521 4533 849 4604 clericorum
869 4533 1147 4604 stipendia
1166 4533 1533 4590 distribuere:
1562 4534 1671 4588 sibi
1690 4533 1695 4534 “
1714 4549 1840 4589 vero
1870 4535 2019 4589 nihil

440 4604 571 4658 inde
610 4603 926 4672 vindicare,
955 4606 1067 4659 nisi
1122 4604 1266 4676 quod
1312 4605 1388 4661 ad
1433 4606 1680 4676 proprios
1730 4622 1863 4659 usus
1917 4606 2021 4660 tri-

439 4676 710 4814 cenlqaria
746 4676 859 4745 lege
902 4677 1157 4746 pertinet.
1194 4675 1487 4747 (Gelasius,
1515 4675 1600 4746 ep.
1624 4679 1659 4730 2
1687 4676 1758 4731 ad
1784 4677 2018 4745 Siculos,

440 4761 485 4799 c.
587 4784 599 4798 .

440 4761 485 4799 6.
528 4761 599 4799 1).

439 4858 709 4915 Gelasius
735 4860 1009 4915 Romana
1044 4858 1311 4915 Ecclesia
1343 4860 1675 4932 episcopus,
1707 4859 2019 4917 dilectissi-

367 4946 480 5001 mis
502 4951 560 5003 et
585 4946 644 5001 in
668 4947 898 5003 Christo
924 4948 1193 5003 unanimi
1227 4947 1509 5003 charitate
1531 4948 1805 5004 connexis
1824 4948 2017 5005 fratri-

367 5034 479 5089 bus
510 5034 803 5107 episcopis
834 5035 931 5105 qui
966 5035 1025 5090 in
1058 5034 1256 5090 Sicilia
1285 5040 1424 5091 sunt
1463 5037 1784 5093 constituti.
1819 5038 1929 5109 (16,
1961 5056 2013 5111 q.

366 5124 420 5191 3,
442 5140 540 5195 cap
573 5124 1259 5195 Praesulum.)Quomodo
1304 5124 1619 5196 prasulum
1681 5130 2014 5182 nostrorum

366 5212 687 5268 auctoritas
712 5212 1027 5280 emanavit,
1052 5217 1115 5267 ut
1134 5211 1441 5268 facultates
1470 5213 1725 5270 ecclesia
1757 5216 2014 5287 episcopi

366 5302 438 5358 ad
468 5302 793 5374 regendum
826 5300 1083 5356 habeant
1122 5305 1467 5373 potestatem
1500 5318 1515 5356 :
1578 5303 1659 5358 ita
1706 5307 1901 5360 tamen
1951 5308 2017 5360 ut

360 5390 698 5459 viduarum,
731 5387 1115 5461 pupillorum,
1153 5394 1329 5462 atque
1360 5404 1710 5461 pauperum,
1745 5408 1851 5447 nec
1898 5409 2014 5449 non

362 5480 420 5533 et
443 5478 794 5537 clericorum
816 5476 1111 5550 stipendia
1130 5477 1479 5535 distribuere
1498 5478 1766 5548 debeant,
1792 5478 1900 5535 hoc
1931 5481 2015 5538 eis

364 5566 685 5625 statuimus
726 5567 873 5635 dari,
896 5567 1050 5640 quod
1082 5566 1369 5625 hactenus
1398 5568 1698 5624 decretum
1728 5572 1836 5626 est.
1865 5568 2014 5626 Reli-

2133 1875 2276 1943 niat,
2300 1876 2399 1948 qui
2424 1894 2458 1932 a
2479 1876 2768 1949 religiosis
2789 1877 3104 1934 animabus
3122 1878 3193 1933 ad
3216 1876 3605 1933 substantiam
3638 1892 3787 1948 pau-

2132 1980 2340 2037 perum
2391 1965 2690 2034 derelicta,
2742 1970 2946 2021 contra
2994 1966 3082 2021 fas
3130 1966 3258 2023 sine
3305 1964 3505 2037 aliqua
3552 1963 3789 2036 pietatis

2132 2054 2602 2111 consideratione
2632 2053 2938 2127 dispergit.
2972 2055 3087 2126 (19,
3120 2070 3171 2125 q.
3196 2056 3251 2124 1,
3272 2072 3319 2111 c.
3348 2056 3412 2110 In
3432 2054 3789 2123 canonibus.)

2130 2142 2416 2199 Similiter
2444 2147 2502 2200 et
2531 2142 2641 2199 hoc
2669 2144 2741 2199 ad
2768 2143 3035 2199 omnium
3078 2142 3457 2200 ecclesiarum
3515 2142 3788 2199 notitiam

2130 2238 2321 2289 vestra
2351 2236 2695 2290 cunctorum
2747 2231 3169 2299 exhortatione,
3201 2236 3259 2288 et
3300 2231 3553 2303 judicio,
3578 2247 3781 2287 cense-

2130 2337 2268 2378 mus
2308 2321 2628 2393 pervenire,
2648 2324 2706 2376 et
2740 2321 2813 2376 ab
2854 2320 3086 2376 omibus
3127 2320 3372 2376 firmiter
3409 2320 3615 2390 teneri,
3647 2320 3789 2392 quia

2131 2409 2540 2482 episcoporum
2598 2427 2691 2466 res
2738 2409 2995 2466 ecclesia
3026 2426 3156 2465 esse
3186 2426 3301 2465 non
3332 2409 3697 2476 dubitantur,
3734 2408 3786 2464 si

2131 2498 2189 2553 in
2215 2514 2417 2554 eorum
2437 2498 2817 2554 facultatibus
2838 2497 3021 2554 simili
3043 2498 3220 2554 fuerit
3240 2496 3582 2553 crudelitate
3615 2513 3785 2569 gras-

2131 2590 2348 2656 satum,
2382 2603 2722 2660 persavores
2754 2604 2951 2643 rerum
2984 2591 3467 2653 memoratarum,
3501 2586 3785 2657 praedicta

2130 2691 2423 2733 canonum
2471 2676 2838 2732 districtione
2894 2676 3217 2732 feriantur:
3269 2680 3332 2730 ut
3385 2674 3487 2746 qui
3518 2673 3786 2730 moribus

2130 2765 2383 2838 propriis
2416 2782 2481 2821 ac
2514 2764 2678 2820 nulla
2734 2764 3103 2821 conscientia
3161 2763 3548 2836 castigatione
3605 2763 3785 2819 corri-

2129 2858 2369 2926 guntur,
2400 2853 2609 2910 saltem
2654 2853 3089 2921 ecclesiastica,
3136 2857 3195 2909 et
3242 2851 3539 2908 canonica
3589 2851 3788 2907 vindi-

2130 2946 2231 2997 cta
2262 2942 2669 3015 perfodiantur
2699 2941 2942 2999 aculeis.
2973 2939 3335 2998 Generaliter
3362 2956 3496 2997 vero
3529 2939 3786 3012 quicun-

2130 3047 2244 3102 que
2293 3047 2386 3087 res
2428 3030 2860 3087 ecclesiasticas
2910 3030 3253 3098 conﬁscare,
3289 3034 3392 3085 aut
3425 3034 3785 3101 competere,

2050 3126 2094 3195 α
2133 3124 2236 3176 aut
2287 3120 2601 3191 pervadere
2660 3118 2991 3191 periculosa
3034 3122 3137 3174 aut
3202 3135 3353 3175 sava
3400 3118 3785 3174 infestatione

2130 3208 2597 3282 praesumpserit,
2622 3208 2737 3263 nisi
2758 3225 2819 3264 se
2839 3208 3127 3264 citissime
3148 3224 3252 3280 per
3271 3206 3530 3264 ecclesia
3558 3208 3629 3262 de
3660 3223 3781 3279 qua

2129 3298 2347 3370 agitur,
2395 3296 2861 3354 satisfactionem
2921 3296 3254 3366 correxerit,
3300 3298 3584 3368 perpetuo
3637 3310 3783 3349 ana-

2126 3385 2387 3442 themate
2426 3385 2690 3441 feriatur.
2727 3384 3012 3441 Similiter
3042 3388 3101 3440 et
3129 3384 3189 3439 hi
3221 3384 3323 3455 qui
3372 3399 3464 3439 res
3514 3381 3783 3439 Ecclesia

2121 3475 2298 3547 jussu
2345 3473 2434 3530 vel
2482 3473 2791 3545 largitione
2835 3473 3195 3545 principum,
3244 3472 3335 3528 vel
3386 3472 3781 3544 quorumdam

2128 3568 2458 3636 potentum,
2506 3568 2609 3619 aut
2657 3564 2906 3635 quadam
2954 3562 3278 3631 invasione,
3325 3565 3428 3617 aut
3473 3560 3784 3633 tyrannica

2129 3656 2417 3724 potestate
2447 3650 2819 3718 retinuerint,
2851 3658 2907 3706 et
2937 3650 3076 3706 filiis
3125 3651 3215 3706 vel
3265 3649 3596 3705 haredihus
3628 3649 3777 3717 suis,

2131 3746 2196 3796 ut
2226 3759 2260 3797 a
2287 3740 2791 3812 quibusdamjam
2821 3740 3042 3794 factum
3076 3738 3434 3805 audivimus,
3459 3738 3627 3809 quasi
3660 3739 3781 3793 ha-

2129 3829 2437 3885 reditarias
2478 3828 2843 3900 reliquerint,
2876 3828 2993 3883 nisi
3037 3827 3150 3883 cito
3201 3844 3295 3882 res
3344 3827 3448 3882 Dei
3496 3827 3786 3882 admoniti

2131 3935 2165 3974 a
2209 3918 2503 3990 pontifice,
2538 3918 2740 3991 agnita
2786 3918 3031 3973 veritate
3077 3917 3462 3984 reddiderint,
3496 3920 3784 3987 perpetuo

2130 4007 2505 4063 anathemate
2532 4006 2831 4061 feriantur.
2868 4006 3147 4079 Iniquum
3193 4004 3350 4061 enim
3403 4021 3533 4061 esse
3582 4020 3786 4060 cense-

2130 4112 2286 4165 mus,
2337 4100 2403 4151 ut
2447 4095 2643 4167 potius
2702 4096 2976 4151 custodes
3028 4094 3393 4164 chartarum,
3443 4110 3621 4166 quam
3684 4093 3785 4148 de-

2129 4185 2390 4241 fensores
2448 4200 2645 4241 rerum
2704 4183 3086 4250 creditarum,
3134 4190 3196 4239 ut
3256 4187 3612 4255 praeceptum
3672 4186 3786 4251 est,

2121 4273 2484 4345 judicemur.

2129 4416 2264 4471 CAP.
2324 4415 2446 4470 149.
2504 4444 2575 4457 —
2621 4415 2698 4470 De
2750 4414 3138 4486 peruasoribus
3191 4430 3378 4470 rerum
3443 4413 3785 4469 alienarum.

2350 4491 2601 4545 Joannes
2621 4502 2783 4559 papa
2813 4486 3101 4543 Zacharia
3130 4487 3554 4556 archiepiscopo.

2201 4602 2313 4673 (12,
2346 4618 2398 4673 q.
2430 4604 2483 4667 2,
2515 4618 2563 4657 c.
2594 4603 2659 4657 In
2687 4602 2985 4674 antiquis.)
3032 4602 3133 4658 Est
3180 4602 3357 4657 etiam
3411 4600 3469 4655 in
3522 4598 3789 4670 antiquis

2130 4688 2396 4746 Ecclesia
2444 4690 2684 4746 statutis
2729 4691 3055 4760 decretum,
3085 4693 3151 4745 ut
3182 4690 3282 4760 qui
3314 4688 3505 4745 aliena
3534 4687 3786 4753 invadit,

2128 4793 2245 4835 non
2302 4781 2467 4835 exeat
2521 4777 2872 4850 impunitus,
2929 4779 3031 4835 sed
3088 4794 3224 4833 cum
3285 4776 3781 4849 multiplicatione

2128 4865 2324 4922 omnia
2370 4865 2662 4922 restituat.
2697 4866 2861 4923 Unde
2910 4870 2969 4921 et
3014 4866 3073 4921 in
3121 4865 3432 4937 Evangelio
3490 4863 3782 4936 scriptum

2127 4961 2248 5011 est:
2284 4954 2435 5022 Quod
2462 4956 2512 5010 si
2540 4955 2759 5027 aliquid
2814 4955 3164 5026 de/raudavi,
3198 4953 3360 5010 reddo
3392 4953 3785 5025 quadruplum

2125 5042 2277 5113 (Luc.
2324 5042 2463 5110 XIX).
2492 5042 2565 5097 Et
2610 5043 2671 5097 in
2720 5042 2951 5114 legibus
2978 5042 3176 5100 saculi
3207 5046 3443 5098 cautum
3478 5041 3731 5096 habetur
3768 5056 3783 5096 :

2125 5130 2235 5197 Qui
2264 5146 2388 5186 rem
2420 5129 2674 5202 subripit
2703 5131 2955 5188 alienam
2986 5131 3070 5186 illi
3101 5131 3273 5201 cujus
3295 5147 3388 5186 res
3412 5130 3639 5202 direpta
3668 5132 3782 5196 est,

2124 5218 2185 5275 in
2234 5218 2633 5291 undecuplum
2665 5237 2792 5292 qua
2824 5218 3060 5277 sublata
3107 5224 3248 5276 sunt
3298 5219 3591 5276 restituat.
3625 5221 3693 5271 Et
3721 5217 3785 5272 in

2123 5304 2252 5377 lege
2283 5306 2483 5362 divina
2511 5305 2756 5377 legitur:
2788 5309 3110 5365 Maledictus
3139 5310 3318 5364 omnis
3372 5309 3467 5380 qui
3514 5308 3787 5377 transfert

2124 5397 2386 5451 terminos
2408 5395 2658 5465 proximi
2683 5400 2791 5466 sui,
2824 5406 2877 5455 et
2906 5398 3046 5454 dicit
3073 5397 3251 5454 omnis
3292 5397 3528 5469 populus
3547 5412 3566 5450 :
3612 5396 3784 5451 Amen

2122 5483 2303 5555 (Deut.
2334 5486 2531 5554 xxvn).
2564 5484 2730 5542 Talia
2760 5503 2898 5559 ergo
2931 5504 3049 5543 non
3086 5489 3527 5559 prasumantur
3555 5484 3784 5555 absque

2122 5572 2365 5644 ultione,
2397 5588 2504 5630 nec
2532 5579 2918 5632 exerceantur
2947 5575 3169 5647 absque
3216 5591 3327 5632 sua
3377 5573 3777 5632 damnatione.
