3982 6060
194 277 317 332 233

1172 281 1482 336 DECRETI
1521 283 1705 337 PARS
1740 284 1837 336 III.
1873 306 1944 323 —
1970 284 2067 336 DE
2107 285 2474 352 ECCLESIA,
2513 288 2668 341 ETC.

3515 287 3623 344 23h

193 403 336 459 CAP.
371 402 492 459 150.
531 432 596 443 —
628 402 703 479 De
732 399 819 457 his
842 400 940 479 qui
967 402 1337 479 ecctesiastica
1378 405 1684 479 privilegia
1735 405 1849 461 cal-
1885 409 1932 475 D
1961 405 2203 477 tionem,
2230 411 2287 463 et
2316 408 2806 479 cognoscendum,
2840 408 3038 464 utrum
3072 406 3231 465 illius
3268 408 3347 466 sit
3388 427 3625 469 conces-

273 491 407 531 care
456 475 821 531 contendunt.
857 473 1133 531 'Gatasius
1184 473 1474 547 Majorico,
1530 473 1729 533 Sereno
1804 480 1857 533 et

274 548 483 605 Joanni
511 548 801 618 episcOpis.

276 654 394 725 (12,
454 670 508 723 q.
568 653 624 722 2,
685 654 790 722 Qui
839 656 891 709 et
941 652 1247 726 humanis).
1309 656 1415 721 Qui
1474 660 1530 712 et
1585 656 1861 711 humanis

192 742 441 815 legibus
474 744 531 798 in
566 742 718 799 civili
750 743 1130 799 damnatione
1161 744 1420 813 calcatis,
1456 749 1512 801 et
1538 745 1861 801 reverentia

196 831 514 903 religionis
544 832 794 903 objecta,
825 830 913 887 vel
948 831 1348 889 ecclesiastica
1396 833 1696 906 privilegia
1738 833 1859 889 cal-

196 938 341 977 care
368 924 753 992 contendunt,
786 921 873 976 vel
906 922 1155 977 ubilibet
1199 923 1258 977 in
1314 940 1637 996 pauperum
1670 912 1869 996 prosi-i

192 1009 315 1065 lire
340 1012 739 1082 dispendium,
775 1027 882 1066 nec
915 1010 1256 1081 hujusmodi
1283 1012 1497 1068 saltem
1520 1011 1861 1069 commoniti

194 1102 579 1172 convictique
629 1102 953 1172 nequitiam
1004 1102 1199 1173 sopire
1230 1104 1630 1173 consentiunt,
1685 1110 1860 1173 atque

194 1189 372 1244 illata
403 1190 590 1244 sacris
623 1190 800 1245 rebus
830 1189 1186 1244 detrimenta
1226 1190 1463 1255 sarcire,
1496 1190 1738 1245 omnino
1770 1190 1857 1245 di-

192 1278 323 1332 vini
357 1278 624 1333 muneris
654 1283 796 1333 sunt
825 1276 1274 1349 participatione
1314 1278 1604 1349 privandi,
1640 1284 1703 1333 ut
1751 1279 1858 1333 hu-

184 1367 298 1437 jus
329 1367 705 1438 perceptione
736 1371 997 1431 careant,
1028 1367 1180 1438 quod
1217 1382 1417 1423 sacras
1468 1367 1626 1439 leges
1664 1368 1857 1423 habu-

192 1471 298 1513 ere
333 1456 659 1527 despectui.

193 1603 337 1655 CAP.
376 1599 498 1672 151.
527 1629 599 1639 —
628 1598 777 1667 Quod
830 1601 1077 1672 episcopo
1132 1601 1288 1656 nullo
1335 1607 1641 1656 commento
1697 1600 1858 1656 liceat

274 1686 364 1725 res
393 1671 631 1726 ecclesiae
658 1672 904 1727 alienare
931 1677 981 1727 et
1012 1671 1153 1744 quod
1195 1673 1499 1742 privilegia
1556 1674 1711 1727 omni
1759 1689 1850 1727 ra-

1972 496 2079 567 sio,
2114 514 2186 553 an
2235 497 2525 555 invaseris
2584 498 2988 571 praesumptio.
3040 498 3199 562 Quod
3254 499 3302 554 si
3340 502 3624 575 principis

1969 582 2301 639 inordinata
2345 586 2519 641 fuerit
2574 584 2832 657 largitio,
2876 585 3002 657 ipse
3054 585 3131 641 sit
3182 586 3454 661 princeps
3520 606 3625 661 pro

1969 673 2378 737 emendatione
2410 675 2879 747 redarguendus.

1968 784 2102 837 CAP.
2142 780 2263 834 153.
2295 812 2362 820 -
2389 782 2465 835 De
2495 783 2658 837 rebus
2681 783 2931 838 ecclesiae
2976 785 3095 838 sine
3136 784 3397 840 consultu
3428 785 3621 841 Metro-

2037 852 2277 927 politani
2305 854 2543 924 episcopi
2578 870 2689 910 non
2708 854 3044 910 alienandis.
3077 858 3164 911 Ex
3192 857 3624 927 Carthaginensi

2039 924 2275 979 concilio
2305 941 2363 995 v,
2398 941 2522 995 cap.
2558 928 2612 980 8.

2042 1013 2153 1081 (17,
2185 1029 2235 1084 q.
2271 1013 2321 1079 4,
2356 1029 2400 1067 c.
2434 1014 2679 1085 Nullus.)
2705 1013 2927 1070 Placuit
2951 1015 3153 1082 etiam,
3189 1020 3249 1071 ut
3271 1032 3392 1072 rem
3425 1016 3620 1073 Eccle-

1969 1101 2066 1156 sia
2098 1118 2269 1157 nemo
2297 1104 2529 1158 vendat.
2564 1104 2726 1169 Quod
2777 1105 2824 1159 si
2863 1103 3059 1175 aliqua
3091 1106 3411 1161 necessitas
3441 1107 3618 1179 cogit,

1968 1189 2120 1245 hanc
2152 1190 2569 1247 insinuandam
2604 1209 2737 1249 esse
2788 1193 3025 1263 primati
3075 1193 3353 1260 ecclesia,
3388 1197 3453 1250 ut
3481 1211 3615 1250 eum

1967 1283 2189 1335 statuto
2224 1297 2467 1337 numero
2495 1282 2906 1353 episcoporum
2932 1287 3128 1336 utrum
3163 1282 3494 1338 faciendum
3515 1284 3617 1351 sit,

1966 1367 2301 1424 arbitretur.
2328 1370 2489 1432 Quod
2515 1370 2561 1424 si
2592 1374 2753 1425 tanta
2789 1375 2954 1440 urget
2991 1370 3313 1426 necessitas
3338 1371 3615 1439 ecclesia,

1968 1460 2032 1510 ut
2064 1472 2176 1510 non
2208 1458 2394 1528 possit
2425 1461 2558 1512 ante
2590 1456 2896 1512 consulere
2948 1457 3157 1513 saltem
3211 1463 3343 1530 post
3399 1460 3616 1515 factum

1966 1545 2371 1600 curiositatem
2405 1545 2638 1615 habeat,
2674 1550 2731 1601 et
2760 1546 2972 1601 vicinis
3003 1546 3295 1618 episcOpis
3340 1546 3451 1603 hoe
3483 1552 3619 1603 ante

1967 1633 2250 1701 indicare,
2282 1638 2338 1689 et
2369 1636 2435 1689 ad
2473 1635 2786 1690 concilium
2826 1635 3038 1690 referre
3072 1635 3176 1691 has
3225 1634 3480 1692 ecclesia
3512 1652 3616 1691 ne-

282 1745 438 1797 tione
492 1745 708 1813 integra
762 1723 1036 1798 corwenit1
1060 1723 1288 1799 servari.
1353 1723 1600 1799 Gglasius
1648 1745 1861 1800 Iustino

1991 1723 2293 1778 :essitates.
2329 1723 2491 1788 Quod
2523 1724 2571 1780 si
2604 1741 2719 1780 non
2754 1724 2973 1794 fecerit,
3003 1740 3139 1779 reus
3160 1723 3392 1781 concilii
3418 1726 3621 1781 vendi-

276 1815 683 1876 archidiacono.
714 1819 765 1869 et
794 1817 993 1870 Fausto
1018 1816 1325 1885 defensori.

275 1929 387 2000 (12,
413 1945 463 2000 q.
488 1930 540 1999 2,
565 1946 613 1985 c.
644 1930 996 1999 Vulteranae.)
1037 1929 1404 1985 Volatorana
1443 1929 1850 2001 [Wulterana]

199 2017 467 2073 Ecclesia
520 2023 689 2073 actus
736 2018 819 2073 vel
871 2018 1318 2084 patrimonium,
1366 2020 1523 2090 quod
1569 2018 1857 2073 hactenus

200 2107 607 2179 comperimus
635 2108 1005 2175 destitutum,
1025 2108 1111 2163 vel
1138 2112 1270 2179 post
1293 2108 1730 2162 damnationem
1753 2109 1860 2162 Eu-

201 2195 452 2251 charisti
504 2213 619 2267 quo
669 2196 857 2251 fuerat
888 2196 1240 2268 depravante
1292 2196 1654 2266 dispersum,
1706 2213 1855 2251 cura

203 2288 419 2339 vestra
451 2286 816 2341 decrevimus
849 2300 977 2341 esse
1008 2284 1504 2357 delegandum,ut
1526 2285 1851 2356 diligentia,

205 2391 331 2445 qua
359 2390 462 2428 vos
494 2391 596 2447 pro
636 2373 890 2430 ecclesia
914 2372 1270 2430 utilitatibus
1293 2373 1703 2430 existimamus
1725 2391 1856 2430 esse

198 2462 537 2535 vigilantes,
571 2462 791 2535 pradia
830 2461 1070 2517 cultura
1094 2462 1421 2517 restituatis
1444 2462 1736 2534 antiqua:
1770 2479 1859 2518 re-

205 2552 429 2607 vocetis
478 2550 525 2605 si
572 2569 688 2624 qua
728 2555 868 2608 sunt
897 2551 1133 2607 vendita
1164 2555 1267 2606 aut
1297 2552 1512 2606 donata
1542 2552 1857 2623 mancipia,

204 2639 617 2713 possessiones
656 2641 831 2696 etiam
868 2657 993 2713 qua
1028 2641 1099 2696 ab
1132 2640 1397 2695 Eumatio
1447 2645 1506 2696 et
1554 2640 1859 2712 Oppilione

203 2728 506 2802 episcOpis
535 2729 624 2785 vel
656 2729 883 2785 cateris
941 2730 1147 2802 quovis
1202 2730 1337 2801 jure
1377 2728 1642 2785 videritis
1674 2729 1859 2785 teneri

209 2820 380 2890 (quia
409 2825 613 2875 contra
642 2820 965 2876 constituta
986 2819 1215 2891 synodi,
1241 2820 1313 2874 ab
1345 2818 1618 2890 episeopo
1641 2817 1861 2890 pradia

208 2905 457 2961 alienari
490 2904 652 2960 nullo
704 2910 1022 2977 potuerunt
1061 2906 1439 2973 commento),
1473 2902 1863 2958 nihilominus

208 2999 577 3051 revocentur.
611 2994 698 3050 Sit
728 2994 1094 3065 emptoribus
1141 2994 1215 3049 ad
1258 3009 1393 3048 eum
1431 3009 1724 3062 recursus,
1759 2990 1859 3063 qui

210 3084 595 3155 praesumpsit
624 3082 844 3155 aliquid
883 3084 954 3137 de
986 3082 1247 3138 Ecclesia
1280 3082 1455 3138 rebus
1484 3081 1689 3137 illicita
1719 3097 1855 3136 ven-

1888 1787 1933 1852 B
1968 1816 2058 1866 tor
2088 1817 2375 1867 teneatur.

1967 1900 2098 1955 Car.
2136 1901 2255 1955 154.
2286 1932 2353 1941 -
2383 1902 2456 1955 De
2482 1903 2859 1967 manumissis,
2894 1908 2945 1956 et
2971 1917 3077 1971 per
3114 1905 3502 1958 testamentum
3531 1919 3617 1959 ec-

2036 1974 2225 2098 etesiae7
2298 1974 2695 2029 commendatis
2779 1976 2863 2028 Ex
2932 1974 3195 2029 Arausico
3276 1975 3510 2031 concilio
3573 1991 3616 2042 ι,

2036 2061 2157 2098 can.
2235 2084 2249 2098 .

2036 2061 2157 2115 cap.
2193 2061 2220 2098 '1
2235 2084 2249 2098 .

2036 2134 2196 2204 (Dist.
2228 2135 2320 2202 87,
2352 2150 2400 2189 c.
2432 2136 2533 2189 Eos
2581 2136 2725 2205 qui.)
2747 2138 2808 2188 In
2832 2133 3077 2190 ecclesia
3105 2132 3529 2205 manumissos,
3560 2137 3621 2189 et

1966 2238 2069 2292 per
2088 2228 2509 2278 testamentum
2541 2223 2798 2279 ecclesiae
2822 2224 3288 2290 commendatos,
3318 2223 3369 2279 si
3400 2224 3534 2295 quis
3556 2223 3617 2279 in

1966 2312 2331 2377 servitutem,
2361 2312 2446 2367 vel
2479 2312 2852 2383 obsequium,
2875 2310 2963 2366 vel
2996 2313 3068 2366 ad
3100 2311 3458 2367 colonariam
3477 2328 3615 2367 con-

1965 2398 2247 2454 ditionem
2306 2399 2643 2471 imprimere
2698 2398 3027 2467 tentaverit,
3109 2399 3617 2455 animadversione

1966 2487 2361 2543 ecclesiastica
2379 2488 2760 2543 coercebitur.

1966 2594 2097 2649 CAP.
2133 2594 2253 2648 155.
2288 2624 2355 2633 —
2388 2593 2546 2660 Quod
2576 2594 2635 2647 hi
2663 2594 2761 2662 qui
2787 2591 3087 2647 oblationes
3116 2592 3500 2661 defunctorum
3521 2609 3615 2647 re-

2039 2670 2240 2728 tinent,
2271 2669 2324 2718 et
2352 2665 2591 2719 ecclesiis
2624 2664 2847 2718 reddere
2873 2666 3186 2727 morantur,
3204 2666 3365 2733 quasi
3390 2673 3611 2719 necato-

2038 2753 2127 2790 res
2157 2738 2435 2803 egentium
2464 2737 2569 2790 Dei
2590 2735 2812 2805 judicio
2857 2734 3214 2805 deputantur.
3262 2736 3347 2791 Ex
3384 2736 3606 2792 Vacensi

2037 2808 2266 2863 consilio
2298 2824 2337 2877 1,
2366 2824 2489 2878 cap.
2515 2807 2567 2861 4.

2039 2896 2149 2967 (13,
2179 2914 2232 2967 q.
2256 2896 2311 2963 2,
2369 2913 2416 2952 ο.
2478 2896 2583 2964 Qui
2628 2895 2974 2966 oblationes.)
3007 2895 3115 2961 Qui
3156 2894 3481 2952 oblationes
3512 2895 3610 2951 de-

1967 2985 2306 3041 functorum
2346 2986 2618 3050 retinent,
2653 2990 2710 3040 et
2749 2983 3011 3041 ecclesiis
3043 2984 3271 3040 tradere
3302 2985 3611 3040 demoran'

1968 3078 2085 3144 tur,
2120 3080 2183 3129 ut
2214 3074 2502 3141 inﬁdeles,
2537 3078 2677 3129 sunt
2707 3073 2780 3129 ab
2807 3073 3053 3129 ecclesia
3084 3072 3398 3144 abjieiendi
3424 3092 3438 3142 ;
3475 3073 3616 3146 quia

209 3171 434 3227 ditione
456 3172 807 3227 distrahere:
826 3172 907 3227 ita
929 3172 1354 3244 autpensiones
1376 3187 1608 3225 annuas
1629 3170 1701 3224 ad
1723 3186 1860 3241 pon-
1890 3148 1932 3216 (ἶ
1970 3180 2156 3236 usque
2187 3165 2258 3219 ad
2283 3162 2738 3219 exinanitionem
2772 3162 2903 3218 fidei
2924 3163 3227 3234 pervenire
3273 3167 3497 3219 certum
3526 3167 3618 3219 est

205 3260 429 3314 tificem
452 3260 746 3325 deieratis,
769 3261 861 3315 cui
886 3259 1193 3331 privilegia
1214 3276 1318 3314 sua
1342 3258 1572 3330 integra
1593 3256 1863 3313 convenit

210 3348 376 3405 omni
400 3348 622 3404 ratione
653 3350 898 3415 servari,
932 3354 994 3403 ut
1023 3350 1151 3419 ejus
1182 3348 1624 3419 dispensatione
1644 3346 1861 3419 portio.

214 3455 319 3493 nes
352 3437 692 3509 proveniant
734 3442 1061 3493 consueta:
1090 3439 1169 3493 ita
1201 3444 1267 3492 ut
1310 3436 1637 3508 portionem
1687 3452 1859 3506 quar-

213 3532 337 3581 tam
366 3543 492 3597 qua
536 3527 606 3581 ad
650 3542 749 3581 eos
771 3526 1043 3597 pertinet,
1075 3542 1184 3581 sua
1205 3524 1464 3596 pontifex
1498 3523 1863 3579 ordinatione

218 3618 557 3683 distribuat,
593 3624 767 3688 prout
796 3619 1083 3688 cujusque
1114 3616 1308 3672 locum
1343 3617 1735 3685 meritumque
1767 3631 1862 3668 cn-

212 3704 463 3776 gnoscit.
492 3705 713 3759 Pariter
742 3704 915 3760 etiam
941 3722 1009 3759 ex
1032 3704 1289 3760 ﬁdelium
1313 3705 1608 3759 oblatione
1647 3702 1862 3757 facien-

214 3795 380 3861 dum,
410 3797 475 3847 ut
495 3798 761 3865 quartam
788 3792 1014 3849 clericis
1040 3799 1368 3865 eroget,pro
1396 3792 1863 3847 consideratione

212 3898 334 3937 sua
367 3882 692 3951 electionis,
724 3882 973 3937 antistes
1019 3900 1031 3937 :
1078 3881 1430 3936 fabricarum
1464 3881 1639 3936 etiam
1677 3879 1861 3951 portio

211 3970 484 4043 episcopo
515 3970 735 4026 sciente
784 3975 839 4026 ut
887 3971 1251 4042 disponente,
1284 3974 1477 4025 vestra
1525 3968 1862 4039 erogatione

210 4059 522 4132 pendetur,
556 4064 850 4131 quatenus
893 4059 1036 4114 nihil
1084 4059 1319 4131 penitus
1351 4058 1407 4111 in
1442 4057 1858 4112 detrimentum

210 4149 467 4219 alicujus
500 4149 580 4204 rei
614 4148 918 4221 patiamini
977 4147 1265 4220 generari.
1324 4146 1385 4203 Si
1442 4148 1598 4218 quod
1629 4162 1766 4202 vero
1800 4146 1860 4201 in

208 4236 481 4294 Ecclesia
504 4242 709 4293 vestra
735 4238 1046 4304 damnum,
1071 4240 1174 4291 aut
1194 4236 1253 4290 in
1278 4235 1370 4291 his
1393 4252 1521 4307 qua
1544 4239 1681 4291 sunt
1713 4251 1861 4304 pra-

211 4326 498 4398 eeptionis
538 4331 749 4382 nostra
782 4326 1096 4399 prohibita,
1130 4325 1457 4397 pontiticem
1487 4328 1745 4380 vestrum
1778 4323 1859 4377 vi-

212 4415 421 4470 deritis
452 4414 782 4481 admittere,
809 4432 940 4469 mox
965 4413 1179 4469 nostris
1210 4412 1454 4468 auribus
1479 4412 1760 4468 relatione
1782 4413 1862 4468 si-

208 4508 408 4576 gnate,
443 4508 506 4558 ut
534 4503 676 4575 quid
703 4504 825 4559 fieri
847 4504 1056 4558 debeat
1078 4519 1449 4558 censeamus.
1480 4503 1739 4558 Decimas
1770 4504 1860 4573 ju-
1896 4514 1939 4579 ι)

211 4597 303 4649 sto
333 4593 539 4649 ordine
572 4610 685 4648 non
722 4598 951 4649 tantum
988 4592 1295 4662 nobis,sed
1332 4591 1655 4662 majoribus
1671 4593 1860 4647 visum

213 4686 323 4751 est,
382 4680 769 4754 plebibusque
800 4686 1033 4738 tantum
1082 4681 1181 4737 ubi
1232 4685 1608 4736 sacrosancta
1650 4681 1866 4737 dantur

211 4770 594 4841 baptismate,
628 4770 848 4826 deberi.

220 4912 357 4968 CAP.
397 4913 519 4967 152.
555 4942 621 4954 -
654 4915 726 4968 De
755 4915 914 4969 rebus
960 4928 1085 4970 quae
1112 4912 1277 4969 semel
1318 4914 1423 4967 Deo
1452 4920 1789 4967 consecrata?
1816 4920 1865 4965 et

289 4985 629 5041 contributae
655 4992 807 5053 sunt,
842 4985 982 5055 quod
1012 4987 1297 5039 nullorum
1315 4986 1633 5055 principum
1662 4998 1869 5037 conces-

283 5058 439 5110 sione
493 5056 818 5112 invadenda
873 5062 927 5112 et
981 5056 1319 5126 diripienda
1402 5065 1553 5111 sunt.
1612 5055 1867 5109 Nicotaus

281 5126 458 5183 Adoni
486 5126 779 5183 Viennensi
806 5130 1235 5199 archiepiscopo.

284 5241 402 5309 (42,
432 5258 484 5312 q.
517 5243 571 5309 2,
603 5258 651 5297 c.
686 5244 760 5297 De
790 5243 996 5308 rebus.)
1045 5247 1125 5297 De
1173 5242 1350 5298 rebus
1381 5258 1506 5313 qua
1538 5239 1721 5296 semel
1756 5244 1869 5295 Deo

220 5328 566 5385 eontributa
600 5334 778 5401 atque
798 5330 1004 5385 dicata
1043 5334 1202 5397 sunt,
1235 5337 1293 5385 et
1325 5334 1525 5401 postea
1553 5330 1663 5384 sub
1695 5344 1855 5383 ocea-

227 5417 394 5474 sione
424 5418 819 5475 concessionis
852 5419 1210 5489 principum,
1250 5436 1284 5472 a
1324 5418 1678 5489 quibusdam
1701 5417 1865 5471 inva-

222 5508 449 5563 duntur
480 5512 656 5579 atque
684 5507 1076 5579 diripiuntur:
1102 5507 1426 5572 sancimus,
1452 5512 1517 5563 ut
1542 5506 1704 5579 prius
1725 5522 1863 5562 eon-

232 5597 388 5655 ωηο
416 5594 685 5670 principe
706 5596 777 5653 ad
817 5596 1204 5654 resecandum
1245 5596 1723 5669 prasumptivam
1758 5595 1871 5652 fac-

554 5731 813 5791 Pnaos.
860 5730 1059 5792 CLXI.

1971 3251 2124 3307 hanc
2156 3252 2391 3322 pietatis
2411 3251 2623 3306 divina
2648 3251 3319 3319 exaeerbationem,quia
3339 3256 3396 3306 et
3414 3250 3617 3307 fideles

1973 3341 2044 3395 de
2066 3355 2306 3410 corpore
2326 3340 2663 3395 recedentes
2688 3345 2952 3395 votorum
2979 3340 3367 3411 plenitudine,
3389 3343 3445 3394 et
3468 3356 3619 3411 pau-

1972 3444 2138 3500 peres
2163 3428 2462 3483 consolatu
2498 3428 2803 3494 alimonia,
2836 3432 2893 3483 et
2928 3428 3261 3483 necessaria
3315 3432 3614 3482 sustenta-

1971 3518 2129 3572 tione
2155 3517 2538 3571 fraudantur:
2565 3517 2621 3570 hi
2647 3516 2800 3571 enim
2825 3517 2970 3571 tales
2995 3517 3161 3587 quasi
3187 3515 3486 3585 egentium
3514 3531 3616 3570 ne-

1973 3611 2197 3660 catores
2222 3605 2447 3676 judicio
2474 3606 2569 3660 Dei
2594 3604 2756 3675 digni
2793 3605 2967 3659 habiti
3006 3611 3164 3661 sunt.
3212 3605 3374 3660 Unde
3401 3612 3456 3660 et
3486 3604 3617 3676 qui-

1972 3696 2106 3748 dam
2142 3699 2373 3766 patrum
2406 3693 2514 3747 hoc
2546 3693 2782 3763 scriptis
2815 3694 2940 3747 suis
2964 3694 3615 3764 inseruit,congruente

1972 3783 2263 3839 sententia
2293 3799 2409 3852 qua
2440 3783 2518 3835 ait
2551 3801 2564 3838 :
2598 3782 2797 3837 Amico
2829 3783 3130 3853 quidpiam
3156 3798 3358 3854 rapere
3390 3782 3613 3838 furtum

1971 3877 2081 3939 est,
2106 3871 2414 3927 ecclesiam
2466 3870 2738 3926 fraudare
2786 3871 3180 3944 sacrilegium.
3217 3873 3472 3943 (Hieron.
3524 3888 3609 3944 ep.

1970 3962 2041 4016 ad
2069 3963 2489 4033 Nepotianum.)

1971 4072 2099 4124 CAP.
2142 4069 2258 4123 156.
2293 4098 2357 4108 —
2389 4068 2462 4121 De
2489 4068 2709 4134 clericis
2738 4067 2834 4138 qui
2856 4066 3179 4121 documenta
3197 4067 3392 4138 quibus
3413 4081 3613 4137 posses-

2043 4142 2128 4195 sio
2150 4141 2394 4195 ecctesia?
2412 4138 2697 4209 ﬁrmatur,
2741 4146 2844 4193 aut
2868 4139 3232 4207 supprimere,
3260 4142 3358 4191 aut
3387 4151 3617 4209 negare,

2044 4216 2137 4265 aut
2169 4208 2506 4265 aduersariis
2572 4209 2789 4265 tradere
2841 4210 3324 4279 praesumpserint.
3357 4212 3444 4264 Ba:
3473 4208 3617 4278 Aga-

2043 4284 2222 4336 thensi
2251 4282 2507 4348 concilio,
2539 4297 2659 4352 cap.
2690 4281 2781 4334 28.

2043 4370 2153 4442 (12,
2184 4387 2234 4441 q.
2268 4371 2321 4431 2,
2355 4386 2403 4423 ο.
2438 4369 2499 4423 Si
2540 4369 2723 4441 quis.)
2772 4368 2830 4421 Si
2881 4367 3015 4437 quis
3047 4367 3117 4422 de
3166 4366 3394 4423 clericis
3444 4368 3616 4423 docu-

1973 4464 2170 4514 menta
2201 4458 2418 4528 quibus
2442 4456 2699 4513 ecclesia
2720 4456 3018 4528 possessio
3044 4457 3331 4525 firmatur,
3356 4461 3457 4512 aut
3478 4473 3623 4528 sup-

1972 4547 2245 4619 primere,
2271 4550 2374 4601 aut
2390 4562 2623 4618 negare,
2657 4550 2757 4600 aut
2776 4546 3129 4601 adversariis
3155 4546 3403 4599 fortasse
3429 4546 3622 4600 trade-

1973 4652 2035 4692 re
2056 4634 2376 4691 damnabili
2403 4638 2459 4689 et
2490 4634 2789 4706 punienda
2812 4634 3208 4689 obstinatione
3229 4650 3623 4706 praesumpse-

1974 4726 2069 4792 rit,
2105 4724 2395 4795 quidquid
2426 4722 2891 4793 perabstentiam
2909 4723 3396 4778 documentorum
3417 4722 3617 4778 damni

1976 4813 2232 4869 ecclesia
2256 4810 2488 4867 illatum
2504 4815 2613 4876 est,
2633 4812 2702 4865 de
2728 4810 2980 4883 propriis
3000 4809 3379 4867 facultatibus
3400 4811 3627 4881 reddat,

1974 4907 2032 4959 et
2057 4900 2469 4957 communione
2520 4900 2797 4971 privetur.
2843 4899 2908 4954 Hi
2956 4898 3128 4953 etiam
3184 4898 3281 4970 qui
3317 4899 3376 4953 in
3410 4899 3627 4953 damno

1977 4990 2233 5046 ecclesia
2285 4989 2467 5058 impie
2524 4988 2821 5043 sollicitati
2854 5004 2921 5043 ac
2957 4987 3345 5043 traditoribus
3395 4987 3621 5059 aliquid

1977 5077 2361 5150 susceperint,
2395 5077 2686 5149 superiori
2721 5074 3011 5131 sententia
3041 5079 3368 5131 teneantur.

1976 5190 2109 5241 CAP.
2146 5186 2267 5240 157.
2293 5215 2364 5225 —
2396 5185 2459 5242 Ut
2483 5184 2557 5239 de
2573 5184 2857 5239 monachis
2885 5183 3078 5238 nullus
3108 5184 3509 5239 monasterium
3538 5198 3630 5237 no-

2050 5274 2177 5314 vum
2204 5258 2315 5311 nisi
2362 5256 2718 5320 permittente
2765 5256 3012 5328 episcopo
3041 5256 3282 5325 fundare
3301 5258 3624 5327 praesumat.

2054 5328 2285 5396 Ibidem,
2308 5344 2437 5399 cap.
2469 5329 2559 5384 27.

2052 5416 2458 5488 (18,q.(?),c.De
2480 5414 2807 5481 monachis.)
2823 5413 2895 5469 Ut
2916 5414 2987 5468 de
3006 5413 3307 5469 monachis
3329 5415 3627 5468 monaste-

1982 5506 2136 5563 rium
2157 5521 2395 5572 novum,
2419 5504 2533 5560 nisi
2557 5504 2835 5576 episeopo
2851 5507 2954 5559 aut
2976 5503 3347 5575 permittente
3364 5505 3465 5556 aut
3490 5518 3631 5574 pro-

1984 5596 2159 5654 hante
2182 5594 2381 5653 nullus
2404 5594 2663 5667 incipere
2684 5598 2789 5650 aut
2807 5592 3055 5650 fundare
3074 5593 3415 5664 praesumat.
3438 5592 3554 5666 (16,
3576 5609 3629 5666 q.

3275 5726 3315 5785 8
