3982 6060
300 263 411 322 235

1394 243 1462 294 D.
1504 237 1742 292 IVONIS
1778 231 2280 287 CARNOTENSIS
2315 229 2634 284 EPISCOPI

3617 218 3727 272 236

308 392 362 458 1,
383 403 432 443 c.
454 380 701 442 Monachi
719 373 1031 446 vagantes.)
1049 365 1320 428 Monachi
1343 364 1521 420 etiam
1549 360 1852 431 vagantes,
1878 355 1952 412 ad
1984 356 2039 424 Α
2069 370 2218 425 quas
2249 353 2494 410 abbates
2526 352 2715 409 facere
2746 350 3142 423 praesumunt,
3163 345 3288 401 haec
3308 345 3498 400 forma
3527 359 3723 400 serve-

309 433 1051 536 bl‘fici’um'clericatus,nisi
1073 459 1158 515 eis
1184 449 1586 512 testimonium
1611 448 1794 504 abbas
1812 461 1959 501 suus
2068 448 2187 512 tur,
2213 448 2276 498 ut
2295 441 2586 515 quidquid
2609 441 2739 498 sine
2761 437 3018 512 episcopi
3044 435 3256 492 notitia
3275 434 3580 490 venditum
3604 433 3724 488 fue-

314 563 562 632 dederit,
586 558 764 625 necin
783 551 1122 611 civitatibus
1151 562 1255 602 nec
1278 545 1334 598 in
1356 537 1648 614 parochiis
1679 535 1958 593 ordinen-

316 657 468 728 tur.(

319 745 413 803 sui
434 719 536 802 aut
556 719 866 815 permissu,
895 735 995 788 aut
1016 727 1337 788 voluntate,
1369 721 1442 776 ad
1473 719 1722 776 alterum
1755 730 1961 772 mona-

322 805 573 893 sterium
598 813 1313 892 oommigrantem,nullus
1333 811 1515 868 abbas
1539 807 1838 879 suscipere
1859 805 1964 859 aut

321 892 574 984 retinere
605 915 958 991 praesumat;
992 907 1094 963 sed
1155 903 1492 973 ubicunque
1539 897 1717 954 fuerit
1764 892 1963 951 abbati

321 1032 429 1075 suo
461 986 801 1069 auctoritate
833 1011 1125 1056 canonum
1159 996 1476 1049 revocetur.
1501 986 1736 1046 Sienim
1760 1000 1962 1041 neces-

322 1124 385 1164 se
423 1100 600 1160 fuerit
648 1093 992 1153 clericorum
1045 1089 1115 1142 de
1166 1082 1469 1140 monachis
1497 1077 1780 1145 ordinari,
1830 1091 1963 1132 cum

321 1205 613 1252 consensu
645 1189 704 1242 et
722 1183 1025 1240 voluntate
1049 1173 1280 1232 abbatis
1298 1174 1617 1244 preesumat
1631 1168 1964 1240 episcopus.

320 1284 450 1342 CAP.
489 1277 609 1336 158.
658 1305 728 1316 -—
781 1273 845 1329 Ut
890 1265 1225 1342 monasteria
1270 1259 1597 1342 puellarum
1655 1257 1880 1342 longius
1935 1271 1969 1308 (ι

388 1326 729 1409 monaslerio
785 1326 1198 1398 monachorum
1271 1326 1655 1390 collocentur.
1731 1326 1966 1393 Ibidem,

393 1421 668 1586 frg-:82,
719 1522 767 1563 c.
819 1497 1197 1570 Monasteria.)
1245 1491 1601 1554 Monasteria
1634 1488 1965 1586 puellarum

323 1577 560 1676 longius
583 1617 618 1656 a
636 1577 994 1655 monasterio
1017 1586 1467 1654 monachorum,
1489 1586 1592 1637 aut
1622 1582 1859 1652 propter
1877 1577 1970 1632 in-

329 1667 516 1750 sidias
541 1685 781 1754 diaboli,
815 1686 916 1741 aut
944 1681 1180 1753 propter
1217 1672 1620 1733 oblocutiones
1659 1667 1968 1724 hominum

328 1783 712 1840 collocentur.

331 1873 464 1931 CAP.
496 1869 623 1928 159.
657 1894 726 1907 -
760 1864 826 1922 Ut
852 1860 1073 1916 libertos
1132 1854 1381 1931 legitime
1443 1851 1614 1921 [actos
1668 1846 1896 1931 ecclesia
1926 1844 1976 1899 si

541 1919 959 2008 necesse/uera
982 1919 1228 1986 tueatur.
1257 1919 1491 1991 Ibidem,
1521 1937 1640 1992 cap.
1672 1919 1764 1974 29.

401 2033 560 2104 (Dist.
602 2029 694 2097 87,
734 2005 794 2080 ο.
814 2018 1105 2090 Libertos.)
1139 2016 1406 2072 Libertos
1451 2030 1484 2068 a
1532 2008 1795 2104 dominis
1848 2005 1975 2062 suis

328 2096 588 2196 legitime
618 2096 803 2173 factos
832 2110 1082 2169 ecclesia
1111 2107 1159 2163 si
1189 2103 1511 2162 necessitas
1540 2096 1792 2169 exegerit
1815 2099 1976 2151 tuea-

329 2187 448 2269 tur.
481 2207 646 2277 Quod
677 2205 728 2262 si
760 2203 894 2276 quis
925 2203 1062 2256 ante
1119 2193 1480 2252 audientiam
1531 2188 1846 2277 pervadere
1876 2187 1981 2240 aut

333 2273 658 2371 exspoliare
686 2273 1154 2367 praesumpserit,
1186 2283 1258 2338 ab
1289 2277 1538 2336 ecclesia
1569 2273 1905 2371 repellatur.

331 2361 464 2446 CAP:
495 2387 616 2442 160.
651 2361 718 2425 -ξ-
753 2381 816 2438 Ut
864 2378 1172 2450 episcopus_
1200 2371 1487 2450 licent-iam
1533 2364 1728 2450 habent
1775 2361 1980 2450 distra-

405 2433 954 2516 terru'las,'et
985 2433 1237 2504 vineolas
1282 2443 1537 2510 exiguas,
1587 2435 1838 2493 ecclesia?
1869 2433 1980 2487 mi-

403 2547 512 2587 nus
536 2528 720 2584 utiles.
752 2523 983 2591 Ibidem,
1005 2534 1127 2589 cap.
1163 2517 1252 2570 45.

410 2617 641 2694 (12,q.1,
665 2631 712 2671 c.
737 2607 1034 2681 Terrulas.)
1056 2603 1333 2662 Terrulas
1352 2603 1452 2657 aut
1475 2596 1735 2694 vineplas
1748 2594 1986 2666 exiguas

341 2687 598 2770 ecclesia
652 2704 852 2761 minus
882 2697 1079 2766 utiles,
1128 2698 1230 2751 aut
1278 2691 1450 2763 longe
1499 2687 1722 2761 positas
1753 2700 1986 2757 parvas,

343 2801 656 2874 episcopus
686 2793 814 2850 sine
845 2786 1092 2846 concilio
1125 2785 1375 2840 fratrum
1408 2779 1480 2852 (si
1512 2775 1831 2835 necessitas
1863 2773 1987 2829 fue-

343 2888 440 2959 rit)
468 2880 834 2940 distrahendi
864 2877 1079 2934 habeat
1108 2874 1480 2946 potestatem.

341 2996 473 3050 CAP.
507 2990 631 3046 161.
661 3017 732 3029 —
763 2982 1081 3054 Presbyteri
1107 2981 1206 3034 aut
1234 2976 1457 3032 diaconi
1484 2969 1872 3054 non_audennt
1899 2985 1989 3054 res

413 3041 654 3120 ecclesiae
682 3058 791 3113 sibi
838 3041 1078 3112 creditas
1126 3055 1504 3120 commutare,
1529 3046 1617 3120 vel
1657 3041 1909 3120 vendere,
1928 3042 1991 3120 si

414 3114 864 3201 Baiarum»;
893 3125 1096 3201 (tonare
1123 3137 1218 3177 suo
1267 3119 1525 3201 depositi,
1558 3117 1632 3173 de
1665 3115 1888 3188 proprio
1915 3114 1985 3168 il.-

418 3208 517 3266 lud
538 3191 854 3261 restituant.
888 3197 1112 3266 Ibidem,
1135 3208 1257 3263 cap.
1289 3191 1379 3246 49.

421 3296 533 3370 (12,
564 3311 616 3366 q.
647 3294 703 3360 2,
733 3308 782 3347 c.
818 3284 1097 3356 Diaconi.)
1154 3279 1395 3339 Diaconi
1423 3276 1524 3370 vel-
1565 3275 1892 3370 presbyteri
1936 3274 1996 3330 in

352 3363 632 3461 parochia
660 3375 987 3443 constituti,
1018 3374 1090 3429 de
1121 3371 1297 3427 rebus
1320 3365 1576 3425 ecclesia:
1599 3365 1711 3421 sibi
1734 3363 1994 3431 creditis,

357 3452 505 3534 nihil
534 3471 790 3529 audeant
810 3467 1194 3528 commutare,
1214 3458 1303 3515 vel
1326 3455 1741 3526 vendere,quia
1762 3469 1854 3509 res
1879 3452 1996 3509 Deo

357 3567 596 3621 sacratis
613 3574 744 3616 esse
768 3557 1113 3613 noscuntur.
1138 3547 1422 3607 Similiter
1450 3550 1510 3602 et
1540 3544 1869 3601 sacerdotes
1902 3540 1994 3597 ni-

352 3653 440 3711 hil
469 3653 541 3708 de
570 3650 748 3707 rebus
794 3642 1051 3703 ecclesiae
1099 3639 1211 3697 sibi
1251 3635 1604 3701 commissae,
1639 3637 1704 3688 ut
1724 3630 1998 3704 superius

355 3739 850 3813 comprehensum
899 3736 988 3788 est
1031 3730 1288 3786 alienare
1319 3725 1702 3798 praesumant.
1747 3720 1911 3786 Quod
1946 3718 1996 3774 si

353 3806 598 3888 fecerint
635 3824 832 3882 cuncti
876 3821 935 3877 in
967 3818 1238 3884 concilio,
1267 3820 1325 3872 et
1353 3815 1426 3870 ab
1468 3813 1690 3868 honore
1723 3806 1996 3881 depositi,

351 3907 424 3976 de
455 3935 562 3976 suo
595 3914 829 3988 proprio
860 3910 1020 3966 aliud
1067 3911 1297 3963 tantum
1347 3903 1662 3958 restituant
1707 3901 1995 3970 quantum

348 4009 459 4066 visi
484 3984 624 4064 sunt
646 3984 1081 4077 priesumpisse.
1117 3997 1226 4067 (12,
1249 4010 1304 4066 q.
1325 3992 1434 4058 2,0.
1467 3989 1529 4046 Si
1567 3990 1690 4060 quis
1708 3984 1995 4077 qualibet.)

349 4100 502 4156 Sane
530 4095 580 4153 si
612 4073 743 4166 quis
765 4106 867 4162 pro
890 4085 1153 4160 qualibet
1173 4077 1507 4140 conditione
1529 4079 1600 4134 de
1626 4076 1802 4133 rebus
1819 4073 1998 4130 eccle-

349 4189 448 4245 sim
477 4183 703 4257 aliquid
731 4179 989 4237 alienare
1028 4169 1489 4248 presumpserit,
1531 4168 1582 4224 si
1623 4167 1695 4223 de
1730 4180 1838 4257 suo
1861 4180 1994 4257 prof

358 4275 485 4348 prio
507 4255 737 4330 tantum
767 4265 1024 4325 ecclesia:
1055 4261 1392 4328 contulerit,
1415 4260 1706 4333 quantum
1729 4255 1890 4311 visus
1911 4256 2002 4309 est

350 4344 685 4430 abstulisse,
708 4363 848 4413 tunc
871 4356 1111 4411 demum
1145 4351 1304 4408 istud
1331 4354 1486 4406 stare
1506 4346 1727 4415 licebit,
1754 4344 1998 4400 libertos

352 4459 552 4510 tamen
578 4463 728 4521 quos
757 4445 1092 4502 sacerdotes
1127 4441 1214 4498 vel
1252 4439 1483 4498 diaconi
1504 4439 1575 4494 de
1605 4435 1852 4494 ecclesia
1881 4433 1993 4491 sibi

355 4538 678 4598 commissa
708 4551 772 4592 se
801 4536 987 4590 facere
1033 4529 1330 4586 voluerint
1375 4532 1541 4586 actus
1585 4525 1841 4584 ecclesiae
1871 4541 1995 4596 per-

353 4628 523 4702 sequi
547 4627 848 4700 jubemus.
882 4621 1042 4688 Quod
1073 4621 1124 4676 si
1157 4619 1344 4676 facere
1364 4615 1844 4691 contempserint,
1873 4614 2000 4685 pla-

355 4720 480 4777 cuit
509 4733 608 4774 eos
633 4716 702 4773 ad
738 4711 1040 4787 proprium
1072 4708 1278 4766 reverti
1308 4709 1634 4764 servitium.

355 4827 485 4884 CAP.
523 4825 642 4879 162.
672 4852 738 4864 —
769 4817 1040 4892 Quidquid
1074 4816 1384 4892 presbyteri
1410 4814 1474 4870 de
1517 4817 1852 4892 possessione
1895 4834 1997 4889 pa-

425 4897 740 4954 rochiarum
772 4889 1156 4958 distraxerint,
1187 4893 1240 4944 et
1264 4890 1325 4943 in
1343 4889 1691 4957 comparante
1712 4891 1843 4944 etin
1871 4905 1999 4946 ven-

424 4969 582 5026 dente
610 4968 837 5022 irritum
866 4960 1194 5018 habendum.
1227 4960 1455 5024 Ibidem,
1486 4975 1607 5030 cap.
1633 4960 1723 5017 53.

427 5060 540 5131 (12,
562 5072 614 5129 q.
640 5056 694 5121 2,
716 5070 762 5108 c.
789 5048 1073 5124 Quidquid
1100 5048 1556 5122 parochiarum.)
1574 5048 1868 5122 Quidquid
1894 5067 1999 5122 pa-

356 5147 692 5206 rochiarum
720 5141 1024 5214 presbyter
1071 5139 1141 5194 de
1188 5136 1513 5194 ecclesiasti
1556 5137 1709 5208 juris
1769 5155 2001 5211 posses-

357 5238 522 5294 sione
553 5229 915 5296 dixtraxerit,
950 5229 1124 5283 inane
1156 5227 1440 5282 habeatur
1468 5229 1526 5281 et
1556 5243 1825 5299 vacuum,
1859 5245 2002 5285 ven-

357 5325 580 5381 ditione
609 5316 1008 5392 comparentis
1034 5319 1091 5371 et
1119 5314 1347 5370 actione
1375 5313 1701 5370 vendentis.

359 5433 486 5489 Car.
517 5430 639 5486 163.
672 5457 740 5469 -—
770 5427 843 5482 De
897 5421 1307 5494 venditionibus
1357 5436 1496 5494 quas
1539 5421 1769 5494 abbatcs
1815 5423 2004 5492 facere

733 5499 1101 5571 praesumunt.
1133 5491 1511 5564 Ibidem,'cap.
1543 5492 1632 5546 56.

435 5590 616 5662 (17,q.
651 5590 703 5654 4,
736 5604 782 5643 c.
837 5588 898 5642 In
943 5581 1396 5654 venditionibus.)
1446 5581 1524 5638 De
1571 5579 2004 5642 venditionibus

2071 533 2166 601 rit,
2217 533 2288 588 ad
2347 533 2696 604 potestatem
2754 526 3019 602 episcopi
3064 527 3386 581 revocetur.
3435 521 3727 593 Mancipia

797 641 1164 706 Monachum.)
1188 611 1562 696 Monachum,
1592 627 1705 684 nisi
1728 622 1961 682 abbatis
2069 637 2206 678 vero
2239 621 2543 678 monachis
2567 620 2804 686 donata,
2831 619 2902 674 ab
2934 615 3146 672 abbate
3178 629 3292 669 non
3326 611 3500 667 liceat
3522 627 3725 666 manu-

2075 712 2251 768 mitti.
2276 713 2569 784 Iniustum
2597 709 2755 766 enim
2779 713 3082 781 putamus,
3103 709 3171 760 ut
3194 702 3499 759 monachis
3529 701 3726 773 quoti-

2076 803 2319 858 dianum
2351 800 2547 858 rurale
2576 817 2724 863 opus
2747 797 3126 864 facientibus,
3151 793 3303 851 servi
3333 807 3535 848 eorum
3559 789 3728 846 liber-

2077 892 2214 947 tatis
2237 893 2390 947 dono
2415 891 2574 962 [otio]
2598 887 2919 961 potiantur.

2076 982 2210 1037 CAP.
2248 983 2364 1036 161.
2392 1011 2461 1020 —
2495 982 2673 1036 Unum
2706 977 2957 1033 abbatem
2983 973 3189 1030 duobus
3239 970 3589 1028 monasteriis
3616 985 3728 1024 non

2533 1048 2979 1124 praeficiendum,
3016 1062 3136 1116 cap.
3172 1045 3264 1099 57.

2149 1142 2262 1214 (21,
2294 1159 2346 1214 q.
2381 1141 2432 1210 1,
2464 1157 2512 1196 c.
2552 1138 2776 1210 Unum.)
2799 1137 2993 1194 Unum
3027 1133 3300 1191 abbatem
3333 1130 3564 1188 duobus
3597 1146 3728 1186 mo-

2080 1231 2365 1288 nasteriis
2400 1229 2810 1286 interdicimus
2841 1225 3177 1299 praesidere.

2079 1321 2208 1377 CAP.
2271 1321 2393 1377 165.
2453 1350 2521 1360 —
2581 1317 2822 1374 Cellulas
2885 1330 3067 1371 novas
3125 1311 3554 1375 monachorum,
3610 1309 3733 1365 sine

2149 1393 2350 1448 notitia
2451 1392 2697 1462 episcopi
2801 1403 2913 1444 non
3010 1383 3414 1441 instituendas.
3500 1380 3735 1448 Ibidem,

2151 1463 2436 1624 :02,
2465 1548 2756 1620 Gellulas.)
2783 1545 3042 1604 Cellulas
3074 1559 3255 1600 novas
3281 1546 3384 1598 aut
3413 1556 3730 1613 congrega-

2081 1639 2381 1697 tiunculas
2435 1637 2862 1694 monachorum
2912 1635 3137 1705 absque
3183 1630 3441 1704 episcopi
3501 1629 3729 1701 notitia,

2003 1726 2051 1792 Β
2080 1729 2464 1804 prohibemus
2493 1727 2747 1782 institui.

2084 1821 2218 1877 Cap.
2270 1819 2392 1874 166.
2426 1847 2494 1858 —
2539 1817 2603 1874 Ut
2659 1815 2854 1872 clerici
2909 1829 2998 1869 res
3053 1811 3408 1867 ecclesiarum
3462 1808 3732 1864 diuturna

2153 1892 2496 2017 posseggone
2517 1889 2639 1960 iuri
2664 1888 2895 1960 proprio
2939 1901 3055 1940 non
3083 1884 3453 1939 subscribant.
3493 1882 3730 1947 Ibidem,

2157 1979 2280 2034 cap.
2389 2004 2402 2017 .

2159 2053 2270 2124 (16,
2305 2069 2355 2122 q.
2413 2051 2469 2116 3,
2525 2066 2576 2106 c.
2632 2049 2842 2105 Clerici
2888 2045 3163 2118 quilibet.)
3222 2040 3431 2098 Clerici
3488 2038 3740 2111 quilibet

2089 2147 2547 2213 quantacunque
2569 2137 2955 2193 diuturnitate
2979 2133 3283 2205 temporis,
3312 2129 3582 2186 Ecclesia
3613 2129 3739 2198 [al.,

2089 2232 2161 2286 de
2191 2229 2367 2299 Eccl.]
2404 2225 2878 2285 remuneratione
2909 2223 3108 2296 aliqua
3137 2219 3529 2294 possederint,
3562 2217 3742 2289 injus

2091 2319 2396 2392 proprium
2447 2315 2891 2390 praescriptione
2948 2311 3231 2384 temporis
3283 2326 3399 2366 non
3457 2311 3744 2364 vocentur

2090 2411 2352 2483 [revoc.],
2384 2407 2708 2462 dummodo
2735 2407 2933 2476 pateat
2960 2400 3217 2459 ecclesiae
3249 2415 3373 2456 rem
3419 2395 3638 2464 fuisse;
3669 2411 3745 2451 ne

2091 2498 2403 2556 videantur
2423 2495 2596 2552 etiam
2621 2492 2880 2567 episcopi
2899 2489 3446 2548 administrationes
3466 2484 3744 2560 prolixae,

2095 2592 2197 2646 aut
2217 2587 2575 2660 precatorias
2605 2600 2740 2640 cum
2774 2581 3029 2640 ordinati
3061 2583 3202 2636 sunt
3232 2579 3419 2634 facere
3447 2573 3746 2644 debuisse,

2095 2681 2199 2734 aut
2217 2677 2312 2733 die
2343 2679 2601 2732 retentas
2632 2672 2964 2739 facultates,
2989 2670 3049 2725 in
3075 2671 3176 2742 jus
3217 2663 3593 2741 proprietatis
3623 2679 3744 2720 suae

2095 2781 2270 2839 posse
2293 2763 2709 2821 transcribere.

2095 2860 2229 2912 CAP.
2264 2855 2386 2912 167.
2418 2882 2489 2896 --
2521 2853 2586 2910 Ut
2614 2852 2786 2907 liceat
2811 2850 3056 2922 episcopo
3084 2845 3332 2922 redditus
3360 2843 3603 2922 ecclesia
3624 2857 3746 2922 suae

2168 2929 2266 3000 qui
2293 2942 2420 3000 eam
2447 2940 2560 2981 non
2586 2923 2824 3000 multam
2843 2916 3098 2991 'gravent,
3147 2917 3221 2975 ad
3248 2934 3378 2973 usus
3407 2916 3747 3000 regulariter

2169 2989 2493 3067 uiuentium,
2523 2989 2964 3068 peregrinorum,
2989 3000 3041 3050 et
3089 3006 3389 3068 egengrum
3431 2989 3743 3059 assignare.

2021 3102 2066 3170 α
2174 3074 2260 3128 8x
2290 3063 2540 3125 Toletano
2571 3063 2735 3124 tertio
2763 3067 3017 3135 concilio,
3066 3080 3185 3136 cap.
3219 3063 3273 3117 3.

2178 3160 2290 3230 (12,
2321 3175 2373 3231 q.
2404 3158 2461 3225 2,
2506 3173 2553 3212 c.
2588 3156 2648 3212 Si
2684 3154 3044 3229 exceptione.)
3081 3157 3202 3209 Hac
3244 3157 3445 3208 sancta
3487 3147 3749 3222 synodus

2106 3247 2254 3304 nulli
2303 3248 2714 3320 episcoporum
2768 3243 3064 3300 licentiam
3115 3241 3323 3297 tribuit
3369 3255 3462 3296 res
3493 3237 3752 3295 alienare

2107 3338 2385 3406 ecclesiae,
2417 3336 2697 3409 quoniam
2728 3338 2783 3390 et
2804 3331 3238 3404 antiquioribus
3270 3328 3597 3387 canonibus
3642 3327 3751 3382 hoc

2107 3427 2472 3501 prohibetur.
2503 3425 2564 3482 Si
2595 3424 2736 3496 quid
2766 3439 2901 3479 vero
2932 3422 3089 3495 quod
3123 3419 3435 3476 utilitatem
3469 3434 3584 3474 non
3616 3433 3754 3490 gra-

2106 3518 2202 3570 vet
2231 3511 2511 3583 ecclesiai,
2544 3527 2647 3584 pro
2669 3508 2948 3581 suffragio
2975 3507 3422 3576 monachorum,
3447 3503 3535 3561 vel
3567 3502 3751 3560 eccle-

2108 3602 2212 3660 siis
2233 3603 2304 3659 ad
2329 3601 2667 3675 parochiam
2690 3617 2860 3656 suam
2894 3596 3314 3671 pertinentium
3350 3594 3623 3651 dederint
3649 3594 3748 3648 ﬁr-

2109 3709 2269 3748 mum
2292 3695 2544 3747 maneat.
2565 3692 3036 3763 Peregrinorum,
3058 3685 3146 3743 vel
3169 3685 3750 3756 clericorum,etege-

2108 3798 2318 3837 norum
2341 3779 2701 3847 necessitati,
2751 3778 2909 3834 salvo
2950 3778 3087 3848 jure
3135 3774 3409 3845 ecclesia,
3452 3777 3749 3848 praestare,

2109 3869 2419 3944 permittur
2443 3886 2543 3942 pro
2575 3873 2861 3940 tempore,
2892 3884 3021 3939 quae
3051 3865 3370 3940 potuerint.

2108 3981 2243 4035 CAP.
2279 3978 2401 4032 168.
2430 4008 2502 4019 ——
2535 3977 2597 4034 Ut
2624 3977 2890 4048 episcopis
2922 3977 3086 4048 liceant
3106 3973 3370 4048 unam_de
3396 3971 3756 4048 parochianis

2178 4049 2420 4105 ecclesiis
2449 4051 2509 4104 in
2537 4044 2941 4105 monasterium
2968 4047 3242 4104 dedicare.
3272 4046 3357 4101 Ex
3384 4044 3620 4101 concilio
3658 4044 3757 4098 To-

2182 4122 2364 4176 letano
2394 4137 2480 4189 m,
2512 4137 2635 4189 cap.
2673 4120 2725 4176 4.

2182 4211 2293 4282 (12,
2315 4227 2367 4282 q.
2399 4212 2454 4280 2,
2477 4225 2524 4264 c.
2557 4209 2622 4265 Si
2648 4208 2976 4282 episcopus.)
3003 4207 3063 4264 Si
3111 4207 3422 4279 episcopus
3454 4220 3635 4262 unam
3685 4203 3758 4260 de

2109 4298 2480 4372 parochianis
2503 4298 2764 4355 ecclesiis
2787 4298 2913 4356 suis
2936 4299 2995 4354 in
3016 4295 3440 4355 monasterium
3487 4294 3759 4350 dedicare

2107 4387 2379 4460 voluerit,
2412 4388 2554 4445 utin
2573 4405 2642 4446 ea
2677 4387 3103 4445 monachorum
3135 4385 3484 4460 regulariter
3511 4399 3756 4456 congre-

2028 4475 2073 4541 D
2104 4478 2260 4552 gatio
2289 4478 2463 4550 vivat,
2487 4479 2596 4534 hoc
2615 4479 2686 4534 de
2707 4494 2998 4536 consensu
3025 4475 3257 4534 concilii
3285 4475 3377 4532 sui
3426 4473 3639 4530 habeat
3685 4471 3756 4527 li-

2108 4569 2357 4625 centiam
2391 4567 2660 4624 faciendi.
2709 4568 2819 4632 Qui
2872 4568 3071 4634 etiam,
3127 4567 3272 4622 side
3294 4565 3470 4621 rebus
3499 4561 3752 4619 ecclesiis

2109 4675 2212 4732 pro
2243 4673 2447 4714 eorum
2478 4657 2816 4714 substantia
2864 4657 3086 4730 aliquid
3118 4656 3275 4729 quod
3327 4654 3752 4711 detrimentum

2108 4748 2363 4804 ecclesiae
2387 4763 2502 4803 non
2523 4747 2814 4817 exhibeat,
2829 4746 3016 4804 eidem
3041 4746 3166 4802 loco
3191 4742 3514 4814 donaverit,
3535 4743 3614 4798 sit
3635 4745 3755 4798 sta-

2108 4837 2263 4895 bile:
2287 4837 2369 4893 rei
2399 4838 2554 4894 enim
2576 4838 2741 4894 bonas
2774 4837 3099 4895 statuendis
3132 4839 3403 4892 sanctum
3436 4831 3755 4890 concilium

2109 4928 2211 4984 dat
2239 4943 2622 4983 consensum.

2111 5020 2238 5074 ΟΑΡ.
2274 5015 2395 5071 169.
2429 5045 2497 5056 —
2530 5016 2594 5072 Ut
2622 5014 2948 5085 presbyteri,
2970 5014 3492 5088 vetquibuscunque
3541 5027 3630 5068 res
3669 5027 3758 5088 ec-

2183 5089 2371 5172 clesia
2391 5082 2697 5172 commissae
2724 5082 2876 5155 sunt,
2908 5082 3246 5172 quaecunque
3263 5082 3501 5172 tempore
3515 5097 3635 5172 sua
3654 5082 3751 5139 ad-

2181 5160 2619 5216 ministrationis
2674 5163 2948 5231 emerunt,
2979 5161 3246 5231 ecclesiae,
3261 5174 3361 5231 per
3387 5160 3638 5231 chartam
3657 5170 3759 5210 as-

2181 5234 2404 5300 signare
2423 5231 2682 5285 debeant.
2715 5230 2759 5284 E
2788 5227 3043 5288 Toletano
3073 5227 3310 5288 concilio
3338 5246 3416 5297 1x,
3447 5244 3565 5301 cap.
3598 5227 3650 5282 4.

2180 5317 2842 5391 (12,q.4,c,Sacerdotes.)
2877 5319 3245 5387 Sacerdotes,
3288 5317 3377 5374 vel
3421 5314 3761 5390 quicunque

2112 5406 2198 5462 illi
2222 5411 2382 5477 sunt,
2416 5407 2632 5477 quibus
2654 5407 3190 5465 ecclesiasticarum
3210 5424 3408 5466 rerum
3429 5422 3571 5462 cura
3600 5419 3758 5460 com-

2113 5496 2296 5552 missa
2317 5502 2800 5570 est,quaacunque
2814 5499 3348 5556 administrationis
3362 5511 3484 5552 suae
3495 5500 3757 5565 tempore

2113 5585 2382 5658 emerint,
2406 5586 2543 5644 side
2564 5590 2742 5644 rebus
2765 5588 3020 5661 propriis
3050 5587 3137 5645 vel
3159 5587 3270 5644 vile
3291 5584 3379 5644 vel
3407 5601 3618 5658 parum
3647 5583 3756 5638 ha-
