3982 6060
154 295 276 349 237

1127 301 1438 357 DECRETI
1477 305 1663 358 PARS
1699 306 1797 358 III.
1832 331 1898 343 -η
1927 306 2023 359 DE
2061 304 2428 372 ECCLESIA,
2470 307 2624 359 ETC.

3472 309 3582 366 238

154 423 426 491 buerint,
451 424 523 481 ad
546 424 805 481 ecclesia
828 442 1043 483 nomen
1061 427 1152 483 cui
1174 434 1458 501 prasunt,
1478 430 1815 487 chartarum
1845 432 1899 499 Α
1929 431 2165 487 servitio
2214 431 2587 487 attribuatur.
2620 433 2836 490 Omnes
2887 433 3179 506 primitias
3224 439 3282 492 et
3326 437 3585 495 decimas

157 516 459 571 conficere
486 514 884 571 instrumenta
906 524 1236 584 procurent.
1270 518 1393 575 Non
1423 520 1581 575 enim
1624 537 1825 577 conve-

155 603 253 660 nit
288 610 352 659 ut
382 602 651 672 ecclesia,
699 621 828 676 qua
860 606 1123 677 suscepit
1151 612 1481 675 externum,
1518 610 1737 665 efficiat
1764 610 1824 665 in

158 692 359 748 alieno
385 692 646 760 divitem,
680 699 737 749 et
770 694 829 748 in
862 711 969 750 suo
1002 695 1250 751 retineat
1282 697 1695 754 fraudatorem.

155 787 296 857 CAP.
325 783 449 836 170.
469 812 537 822 —-
549 782 607 836 Si
626 784 913 857 episcOpus
930 786 1326 840 monasterium
1338 789 1542 853 facere,
1563 788 1641 841 vel
1653 804 1824 857 paro-

233 854 507 909 cliiunam
528 852 817 929 ecclesiam
845 854 1022 909 ditare
1050 858 1302 922 voluerit,
1328 852 1490 914 licere
1509 862 1560 913 ei
1580 852 1824 929 quadra-

232 928 509 996 gesimam
536 934 751 997 partem
773 926 838 981 de
870 929 1028 981 rebus
1056 930 1321 996 ecclesiae,
1357 931 1437 984 vel
1475 926 1825 985 centesimum

238 997 451 1053 ibidem
483 1000 753 1068 conferre.
777 1000 860 1052 Ea:
879 1000 1114 1055 concilio
1149 1002 1309 1056 Tolet.
1342 1018 1461 1073 cap.
1485 1004 1537 1057 5.

236 1087 357 1157 (12,
391 1104 440 1158 q.
472 1087 528 1154 2,
559 1103 605 1143 c.
644 1092 811 1143 Bona:
843 1088 967 1160 rei.)
994 1089 1163 1143 Bona
1196 1090 1275 1145 rei
1309 1091 1446 1145 dare
1486 1090 1823 1147 consultum

156 1180 216 1231 et
248 1176 563 1248 praesentis
595 1176 845 1232 habetur
877 1177 1003 1232 vita
1032 1177 1391 1247 subsidium,
1419 1184 1717 1235 etaterna
1737 1197 1821 1235 re-

163 1265 603 1321 munerationis
643 1270 981 1337 exspectare
1009 1268 1271 1322 cernitur
1300 1268 1626 1339 pramium.
1656 1268 1823 1334 Quis-

158 1356 302 1427 quis
326 1354 530 1428 itaque
552 1356 967 1428 episcoporum
1002 1356 1059 1411 in
1094 1358 1512 1429 parochiasua
1535 1364 1825 1414 monaste-

159 1445 325 1500 rium
363 1450 707 1501 construere
740 1446 884 1500 forte
911 1445 1176 1516 voluerit,
1208 1451 1265 1501 et
1300 1447 1405 1502 hoc
1433 1447 1606 1502 rebus
1641 1446 1820 1502 eccle-

159 1534 266 1589 sia
303 1534 398 1590 cui
413 1534 688 1606 prasidet
701 1535 991 1601 ditaverit,
1011 1551 1126 1590 non
1142 1535 1397 1608 amplius
1415 1536 1630 1591 ibidem
1646 1553 1822 1607 quam

163 1624 692 1695 quadragesimam
718 1628 944 1696 partem
968 1624 1106 1681 dare
1123 1626 1381 1691 debebit,
1398 1625 1824 1697 uthactempe-

162 1713 377 1769 rentia
408 1713 681 1784 aquitate
719 1718 969 1778 servata,
999 1718 1056 1768 et
1105 1714 1197 1769 cui
1246 1715 1454 1769 tribuit
1486 1720 1824 1785 competens

162 1801 508 1857 subsidium
543 1802 841 1857 conferat:
867 1808 923 1857 et
954 1802 1047 1858 cui
1079 1802 1230 1859 tollit
1251 1804 1467 1859 damna
1488 1804 1689 1875 gravia
1710 1820 1823 1859 non
1856 1806 1903 1871 Β

165 1890 425 1963 inﬂigat.
456 1891 538 1945 Ad
573 1891 879 1947 ecclesiam
912 1908 1045 1947 vero
1078 1909 1204 1964 qua
1234 1892 1571 1949 monasticis
1604 1911 1717 1949 non
1742 1893 1826 1947 in-

162 1979 528 2035 formabitur
556 1980 798 2052 regulis,
832 1985 933 2036 aut
963 1998 1137 2051 quam
1171 1982 1297 2037 suis
1333 1982 1709 2053 magnificare
1733 1998 1825 2037 vo-

164 2068 352 2124 luerit
400 2069 731 2140 scripturis,
768 2086 883 2125 non
928 2069 1183 2141 amplius
1222 2088 1398 2142 quam
1444 2072 1825 2127 centesimam

166 2165 401 2230 partem
424 2175 635 2214 census
651 2157 907 2215 ecclesia
923 2158 1013 2213 cui
1038 2160 1305 2231 prasidet
1328 2160 1544 2217 ibidem
1566 2163 1829 2217 conferre

167 2247 412 2317 licebit;
438 2265 505 2303 ea
528 2254 722 2303 tamen
754 2247 981 2303 cautela
1012 2254 1259 2315 servata,
1296 2254 1359 2305 ut
1391 2267 1564 2305 unam
1594 2254 1826 2305 tantum

170 2339 350 2395 modo
378 2356 505 2410 qua
528 2338 814 2411 placuerit
833 2355 901 2394 ex
924 2338 1015 2395 his
1038 2339 1269 2396 duabus
1294 2341 1827 2397 remunerationem

173 2434 469 2484 assumat.

171 2521 310 2573 CAP.
348 2517 471 2591 171.
506 2518 676 2591 -υι
706 2518 995 2591 episcopus
1038 2518 1103 2574 de
1130 2535 1195 2575 ea
1240 2524 1400 2591 parte
1443 2535 1567 2591 qua:
1602 2521 1714 2575 sibi
1768 2520 1833 2575 de

242 2590 627 2662 parochianis
673 2591 919 2662 ecclesiis
964 2590 1209 2655 debetur,
1240 2590 1461 2646 tertiam
1502 2602 1720 2662 partem
1750 2593 1833 2647 vel

245 2661 431 2716 eidem
450 2662 712 2734 ecclesia?
740 2661 824 2716 vel
854 2662 1032 2717 altari
1061 2664 1110 2717 si
1133 2664 1336 2734 placet,
1367 2661 1625 2734 con/Errc
1641 2665 1831 2734 possit.

247 2735 335 2788 Ex
364 2732 479 2789 eod.
512 2749 685 2796 conc.,
704 2750 825 2804 cap.
854 2735 909 2789 6.

251 2822 367 2892 (1'3,
400 2840 453 2895 q.
484 2824 539 2892 3,
572 2838 620 2878 e.
654 2824 949 2893 Episcopus
977 2823 1029 2877 si
1055 2826 1319 2894 partem.)
1350 2827 1490 2879 Cum
1525 2824 1836 2896 prateritis

183 2910 598 2967 sanctionibus
632 2911 1008 2967 notissimum
1040 2912 1347 2981 habeatur,
1383 2930 1509 2985 qua
1550 2915 1620 2968 de
1662 2917 1839 2971 rebus

187 2999 615 3074 parochialium
634 2998 1009 3056 ecclesiarum
1030 3017 1163 3072 pars
1185 3003 1459 3073 episcopo
1483 3005 1835 3071 conferatur,

186 3094 523 3162 opportune
551 3098 744 3145 tamen
777 3091 1053 3146 duximus
1077 3091 1531 3159 decernendum,
1560 3099 1624 3147 ut
1646 3092 1694 3148 si
1717 3094 1837 3165 epi-

1930 526 2048 577 tam
2082 522 2152 576 de
2184 522 2492 593 pecoribus
2526 538 2702 592 quam
2731 523 2802 578 de
2833 524 3125 594 frugibus,
3150 524 3312 581 dives
3335 526 3506 582 simul
3528 532 3587 583 et

1932 627 2155 682 pauper
2184 610 2449 666 ecclesiis
2480 611 2605 665 suis
2632 615 2787 665 recte
2809 612 3075 667 offerant.
3102 613 3255 669 Dicit
3284 614 3441 670 enim
3474 616 3588 670 Do-

1936 700 2129 755 minus
2164 716 2263 771 per
2302 699 2686 772 prophetam:
2721 700 3016 771 Apportute
3063 717 3275 758 onmem
3318 703 3586 759 decimam

1933 790 1993 842 in
2023 789 2218 844 horreo
2240 805 2377 855 meo,
2412 789 2640 845 uicibus
2663 792 2739 845 sit
2768 791 3139 846 servientibus
3172 793 3231 847 in
3277 792 3433 849 domo
3464 809 3589 849 mea

1936 878 2194 949 (ΜίιιίιεΙι.
2230 880 2335 949 ιιι).
2371 878 2574 934 Omnis
2607 879 2863 935 rusticus
2894 884 2950 934 et
2982 880 3189 936 artifex
3221 881 3471 953 quisque
3516 884 3588 937 de

1934 968 2407 1039 negotiojustam
2432 968 2883 1023 decimationem
2902 968 3091 1024 faciat.
3118 970 3281 1024 Sicut
3302 971 3460 1026 enim
3485 970 3592 1026 Do-

1935 1056 2133 1112 minus
2165 1057 2364 1112 omnia
2396 1057 2573 1127 dedit,
2610 1058 2690 1112 ita
2722 1059 2792 1113 de
2823 1058 3101 1113 omnibus
3145 1059 3433 1115 decimam
3465 1060 3589 1115 exi-

1934 1146 2053 1218 git;
2091 1150 2153 1200 ut
2176 1147 2245 1200 de
2279 1147 2569 1201 fructibus
2602 1148 2747 1219 agri,
2780 1146 2861 1202 ita
2892 1148 2961 1202 de
2996 1147 3359 1204 nutrimento
3384 1150 3586 1215 omni;

1935 1240 1999 1290 ut
2029 1235 2098 1289 de
2120 1235 2351 1306 apibus,
2379 1235 2460 1289 ita
2481 1236 2550 1289 de
2579 1235 2748 1291 melle
2776 1255 2789 1303 ;
2817 1240 2881 1290 ut
2907 1236 2974 1290 de
2997 1236 3190 1307 agnis,
3214 1236 3294 1291 ita
3317 1237 3388 1292 de
3412 1236 3590 1292 velle-

1934 1325 2097 1378 ribus
2149 1328 2204 1378 et
2252 1323 2438 1379 caseis
2465 1344 2477 1392 ;
2508 1329 2569 1378 ut
2600 1325 2670 1379 de
2720 1324 3011 1395 porcellis,
3037 1326 3117 1378 ita
3148 1325 3218 1379 de
3268 1327 3484 1396 capris,
3517 1327 3589 1382 de

1932 1413 2125 1467 bubus
2157 1415 2213 1467 et
2244 1412 2448 1483 cquis;
2486 1418 2549 1466 ut
2574 1412 2645 1466 de
2674 1411 3023 1482 minoribus,
3059 1412 3141 1467 ita
3165 1413 3236 1468 de
3262 1413 3588 1484 majoribus

1932 1501 2217 1573 exigimus
2263 1507 2320 1556 et
2360 1502 2606 1557 cateris.
2660 1500 2721 1556 Si
2773 1500 2907 1573 quis
2959 1506 3159 1556 autem
3213 1502 3337 1558 hac
3391 1503 3591 1559 omnia

1934 1608 2050 1646 non
2084 1590 2477 1655 decimaverit,
2512 1589 2704 1660 prado
2736 1589 2835 1645 Dei
2868 1594 2976 1656 est,
3010 1596 3068 1646 et
3100 1592 3214 1659 fur,
3246 1597 3303 1647 et
3336 1591 3504 1659 latro,
3530 1598 3589 1649 et

1934 1679 2247 1735 maledicta
2279 1696 2408 1751 qua
2432 1678 2634 1733 intulit
2654 1678 2935 1735 Dominus
2964 1680 3103 1735 Cain
3130 1697 3243 1736 non
3267 1686 3422 1738 recte
3443 1681 3589 1737 divi-

1933 1768 2095 1824 denti
2128 1774 2545 1840 congeruntur.
2583 1768 2662 1824 De
2686 1768 2775 1825 his
2806 1785 2939 1824 vero
2958 1770 3238 1825 omnibus
3274 1770 3477 1827 nullus
3508 1771 3589 1826 sit

1936 1859 2036 1930 qui
2082 1859 2152 1913 de
2177 1858 2581 1914 sacerdotibus
2614 1858 2873 1931 requirat
2916 1875 3182 1930 censum,
3213 1859 3301 1915 vel
3343 1859 3580 1933 aliquod

1936 1948 2239 2004 servitium
2276 1952 2484 2017 praeter
2513 1947 3001 2004 ecclesiasticum.

1936 2037 2070 2093 CAP.
2106 2038 2227 2093 175.
2264 2067 2329 2077 —
2360 2038 2434 2092 De
2479 2052 2643 2092 censu
2686 2054 2720 2091 a
2762 2037 3075 2108 presbytero
3123 2054 3234 2095 non
3265 2037 3463 2095 dando.
3498 2042 3587 2094 Ex

2464 2110 2775 2164 Parisiensi
2800 2110 3054 2165 concilio.

2008 2199 2081 2255 Ut
2106 2198 2430 2253 secundum
2460 2197 2801 2254 canonicam
2846 2199 3251 2255 auctoritatem
3283 2202 3341 2254 et
3369 2198 3588 2255 consti-

1937 2288 2223 2343 tutionem
2250 2287 2472 2343 domini
2500 2287 2869 2359 imperatoris
2903 2288 3192 2355 Ludovici,
3221 2290 3293 2344 de
3320 2304 3458 2360 agro
3492 2304 3588 2344 ec-

1940 2376 2267 2432 clesiastico
2290 2381 2346 2431 et
2367 2392 2595 2443 manso,
2617 2377 2687 2430 de
2711 2375 3023 2447 mancipiis
3045 2393 3172 2447 qua
3196 2376 3321 2449 ipse
3348 2376 3473 2433 suis
3497 2392 3592 2431 ca-

1942 2471 2148 2545 pitulis
2176 2472 2501 2538 constituit,
2524 2472 2611 2527 vel
2644 2472 2692 2527 si
2726 2470 2975 2542 quilibet
3003 2489 3105 2543 pro
3129 2471 3254 2527 loco
3278 2472 3595 2544 sepultura

1942 2560 2165 2633 aliquid
2189 2560 2437 2632 largitus
2457 2561 2631 2615 fuerit
2663 2560 2943 2627 ecclesia,
2970 2576 3160 2631 neque
3182 2561 3252 2615 de
3274 2560 3519 2614 decimis
3541 2563 3600 2614 et

1943 2648 2341 2706 oblationibus
2366 2648 2628 2703 fidelium
2662 2648 2937 2718 cuiquam
2973 2648 3307 2719 presbytero
3338 2647 3595 2717 aliquem

1945 2755 2188 2795 censum
2223 2737 2547 2808 persolvere
2574 2740 2764 2807 cogat,
2789 2752 2892 2790 nec
2932 2736 3247 2807 quisquam
3280 2734 3598 2806 cujuslibet

1946 2826 2171 2883 ordinis
2202 2825 2289 2881 vel
2321 2824 2648 2897 dignitatis,
2681 2824 2887 2880 exinde
2910 2823 3231 2895 quidquam
3267 2822 3598 2890 subtrahat,

1947 2921 2050 2973 aut
2074 2915 2525 2970 redhibitionem
2551 2930 2967 2985 quamcunque
2980 2913 3174 2984 exigat
3190 2917 3304 2968 tem
3317 2911 3597 2985 poralem.

1948 3004 2192 3075 Quod‘si
2227 3003 2444 3073 fecerit,
2478 3020 2710 3059 commu
2728 3002 2900 3057 nionc
2925 3018 3113 3072 usque
3144 3002 3215 3056 ad
3248 2999 3601 3057 satisfactio-

1950 3110 2083 3149 nem
2118 3093 2398 3165 privetur,
2432 3097 2487 3147 et
2516 3092 2675 3163 regia
2708 3094 2998 3163 potestate
3030 3090 3167 3145 dare
3199 3096 3464 3163 cogatur.

188 3197 409 3251 scOpus
454 3178 708 3243 tertiam,
742 3196 918 3250 quam
953 3180 1023 3234 de
1069 3181 1244 3235 rebus
1275 3181 1493 3236 eisdem
1539 3182 1840 3238 sanctione
1874 3175 1914 3240 C
1953 3187 2085 3238 CAP.
2124 3182 2242 3237 176.
2276 3210 2347 3222 —
2378 3182 2605 3251 Culpam
2635 3196 2746 3235 esse
2776 3180 3091 3235 thesaurum
3121 3181 3368 3237 ecclesia?
3387 3178 3607 3251 redem-

191 3269 415 3343 pariter
454 3268 566 3323 sibi
608 3269 863 3323 debitam
898 3268 1077 3334 novit,
1110 3274 1211 3323 aut
1246 3270 1358 3339 ipsi
1390 3270 1641 3326 ecclesia
1673 3273 1844 3342 cujus

196 3375 288 3414 res
321 3373 455 3413 esse
486 3357 724 3429 patebit,
740 3361 841 3413 aut
863 3356 1024 3412 alteri
1042 3357 1297 3414 ecclesia
1313 3375 1489 3429 quam
1510 3359 1686 3431 elegit
1706 3377 1842 3415 con-

193 3450 347 3503 ferre
376 3447 709 3513 decreverit,
745 3451 801 3502 et
832 3446 1058 3502 licitum
1092 3453 1348 3514 maneat,
1381 3453 1437 3503 et
1469 3449 1848 3506 irrevocabile

196 3540 380 3594 robur
410 3537 538 3607 ejus
572 3536 863 3591 sententia
894 3537 1065 3592 ferat.

197 3633 330 3683 CAP.
370 3627 491 3681 172.
522 3655 588 3664 ——
622 3626 684 3682 Ut
716 3628 998 3696 episcOpus
1023 3628 1120 3696 qui
1139 3642 1225 3682 res
1245 3628 1489 3684 ecclesiae
1510 3627 1847 3696 vendiderit,

270 3705 329 3753 et
359 3714 449 3752 eas
480 3697 551 3751 de
580 3713 677 3751 suo
710 3699 996 3761 restituat,
1027 3703 1073 3753 et
1108 3699 1313 3764 qudicio
1334 3702 1695 3769 episcoporun
1724 3705 1849 3754 tan-

273 3786 447 3843 quam
472 3769 610 3839 furti
636 3773 737 3843 aut
765 3770 1052 3843 latrocinii
1079 3786 1204 3824 reus
1235 3789 1267 3825 a
1296 3788 1394 3825 suo
1433 3772 1642 3827 honore
1668 3773 1855 3843 prive-

271 3854 390 3896 tur.
423 3842 506 3895 Ea:
533 3841 769 3896 concilio
800 3842 1029 3897 Martini
1059 3857 1247 3911 papae,
1279 3859 1400 3914 cap.
1436 3844 1523 3902 lli.

277 3931 391 4001 (10,
423 3946 477 4000 q.
507 3929 564 3997 2,
594 3944 641 3985 c.
674 3930 736 3984 Si
766 3932 888 4001 quis
917 3931 1242 4001 episcopus.)
1275 3932 1329 3985 Si
1364 3932 1497 4003 quis
1548 3931 1859 4003 episcopus

207 4018 375 4076 nulla
403 4017 803 4074 ecclesiastica
835 4019 1087 4075 rationis
1120 4020 1464 4077 necessitate
1495 4020 1859 4092 compulsus,

211 4109 269 4164 in
292 4124 403 4163 suo
432 4107 607 4177 clero,
639 4111 740 4163 aut
770 4107 915 4163 forte
939 4108 1039 4162 ubi
1071 4110 1374 4181 presbyter
1390 4127 1504 4165 non
1536 4113 1648 4179 est,
1681 4109 1751 4164 de
1772 4125 1863 4164 re-

212 4197 327 4253 bus
376 4193 793 4252 ecclesiasticis
841 4195 1064 4267 aliquid
1101 4198 1547 4270 prasumpserit
1595 4199 1865 4265 vendere,

211 4302 309 4343 res
338 4285 503 4356 ipsas
533 4284 791 4340 ecclesia
813 4286 1061 4358 prOpria
1087 4291 1416 4343 restaurare
1435 4292 1696 4359 cogatur,
1731 4286 1865 4341 etin

210 4374 439 4446 judicio
459 4373 866 4446 episcoporum
891 4374 1204 4445 dejiciatur
1225 4377 1485 4440 auditus,
1509 4382 1567 4431 et
1588 4382 1869 4447 tanquam

216 4463 361 4520 furti
390 4470 492 4518 aut
519 4462 806 4519 latrocinii
842 4480 975 4519 reus
1008 4480 1114 4519 suo
1139 4464 1397 4536 privetur
1418 4466 1658 4521 honore.

215 4554 356 4611 CAP.
394 4552 515 4607 173.
548 4581 616 4592 -—
645 4552 788 4626 Quid
817 4552 1104 4621 agendum
1134 4556 1209 4609 sit
1237 4555 1305 4610 de
1324 4556 1681 4626 presbyteris,
1709 4557 1760 4610 si
1788 4555 1874 4609 in-

289 4626 444 4699 venti
469 4625 684 4693 fuerint
709 4624 781 4699 de
798 4626 1128 4680 ministeriis
1157 4624 1399 4684 ecclesia
1422 4624 1638 4699 aliquid
1662 4644 1877 4683 venun-

293 4697 473 4751 dasse.
510 4700 594 4752 Ex
622 4696 831 4764 eodem,
865 4712 993 4767 cap.
1023 4699 1111 4753 17.

303 4786 418 4856 (10,
453 4800 506 4856 q.
536 4784 592 4852 2,
624 4800 671 4839 c.
706 4784 766 4839 Si
790 4787 915 4856 quis
938 4786 1270 4859 presbyter.)
1301 4787 1357 4843 Si
1393 4788 1523 4857 quis
1556 4788 1880 4861 presbyter,

227 4880 331 4931 aut
362 4874 649 4930 diaconus
673 4873 947 4931 inventus
979 4875 1156 4932 fuerit
1182 4876 1406 4949 aliquid
1442 4879 1513 4933 de
1546 4876 1884 4932 ministeriis

2020 3255 2200 3325 ptioni
2218 3250 2572 3325 captivorum
2602 3267 2937 3325 praeponere.
2986 3252 3291 3324 Gregorius
3320 3250 3608 3325 adudomi-

2022 3323 2159 3380 num
2209 3324 2464 3396 [Bonum]
2514 3326 2826 3396 episcopum
2882 3323 3274 3379 Messaneiisem
3347 3323 3465 3393 (lib.
3528 3337 3606 3392 v1,

2026 3399 2183 3468 epist.
2199 3398 2317 3466 35).

2028 3487 2139 3555 (12,
2172 3501 2226 3555 q.
2256 3486 2311 3551 2,
2342 3501 2390 3539 c.
2442 3483 2597 3539 Sicut
2642 3486 2918 3556 omnino.)
2950 3484 3110 3541 Sicut
3142 3481 3382 3539 omnino
3430 3497 3611 3554 grave

1960 3584 2050 3632 est
2081 3576 2299 3630 frustra
2329 3574 2726 3630 ecclesiastica
2758 3574 3085 3629 ministeria
3115 3574 3491 3640 venundare;
3520 3571 3604 3627 sic

1961 3664 2172 3719 iterum
2194 3662 2492 3733 estculpa,
2512 3661 2857 3717 imminente
2872 3661 3217 3731 hujusmodi
3242 3662 3609 3729 necessitate,

1964 3771 2056 3811 res
2089 3752 2340 3808 maxime
2370 3750 2644 3807 desolata
2666 3750 2947 3821 ecclesia,
2972 3750 3217 3823 captivis
3250 3750 3373 3805 suis
3394 3766 3617 3823 prapo-

1967 3858 2127 3911 nere,
2149 3846 2206 3897 et
2233 3842 2291 3897 in
2322 3856 2522 3896 eorum
2558 3839 2959 3913 redemptione
2990 3856 3242 3897 cessare.

1967 3938 2094 3988 CAP.
2133 3932 2253 3985 177.
2285 3962 2355 3971 —
2407 3931 2471 3987 Ut
2526 3929 2725 3985 nullus
2771 3930 2894 3999 ejus
2940 3929 3163 3985 domum
3210 3929 3492 3999 suscipiat,
3524 3927 3623 3997 qui

2040 4002 2398 4061 exharedato
2444 4002 2560 4071 [ilio
2604 4003 2889 4059 haredem
2936 4004 3123 4073 facere
3152 4002 3269 4057 vult
3309 4000 3617 4073 ecclesiam.

2042 4076 2266 4143 August.
2312 4076 2375 4131 In
2416 4090 2665 4130 sermone
2711 4073 2965 4129 secundo.
3019 4078 3094 4129 De
3136 4075 3251 4127 vita
3290 4072 3622 4127 clericorum

2045 4147 2137 4217 (ad
2164 4150 2367 4217 fratres
2398 4147 2455 4201 in
2484 4144 2708 4216 eremo).

2048 4237 2159 4308 (17,
2191 4252 2242 4308 q.
2278 4236 2328 4302 4,
2361 4251 2410 4290 c.
2443 4233 2806 4305 Quicunque.)
2838 4232 3180 4305 Quicunque
3210 4230 3337 4287 vult
3373 4230 3629 4288 exhare-

1980 4327 2115 4381 dato
2161 4324 2280 4379 filio
2323 4324 2612 4378 haredem
2658 4324 2844 4378 facere
2886 4322 3454 4392 ecclesiam,quarat
3490 4321 3634 4378 alte-

1983 4432 2111 4470 rum
2144 4414 2244 4486 qui
2268 4413 2572 4486 suscipiat,
2600 4428 2714 4468 non
2736 4412 3175 4485 Augustinum:
3208 4412 3348 4478 imo,
3377 4413 3487 4467 Deo
3510 4427 3636 4483 pro-

1907 4544 1953 4608 Β
1986 4504 2149 4577 pitio,
2183 4503 2479 4559 neminem
2532 4503 2809 4557 inveniat.
2845 4503 3029 4566 Quam
3084 4499 3379 4556 laudabile
3411 4501 3634 4556 factum

2137 4594 2170 4608 ,.
2235 4598 2244 4608 ,
2547 4592 2583 4608 ,.
2687 4592 2699 4603 .
2856 4590 2919 4608 .,
3048 4590 3163 4608 ...η
3382 4587 3634 4608 eius,

1985 4594 2173 4651 sancti
2197 4598 2254 4649 et
2274 4592 2588 4648 venerandi
2611 4590 2869 4663 episcopi
2891 4590 3107 4645 Aurelii
3126 4587 3641 4659 Carthaginensis?

1989 4683 2281 4753 quomodo
2315 4681 2583 4754 implevit
2612 4681 2876 4737 omnium
2907 4682 3005 4752 qui
3041 4678 3239 4735 sciunt
3264 4695 3329 4733 os
3361 4678 3637 4735 laudibus

1988 4772 2137 4829 Dei?
2167 4772 2415 4839 Quidam
2449 4771 2607 4827 enim
2642 4787 2775 4825 cum
2810 4768 2960 4824 filios
3013 4785 3126 4824 non
3162 4768 3403 4824 haberet
3446 4782 3638 4839 neque

1991 4865 2269 4933 speraret,
2304 4877 2395 4916 res
2427 4877 2566 4915 suas
2593 4876 2797 4914 omnes
2821 4862 3046 4914 retento
3079 4856 3190 4912 sibi
3216 4858 3529 4912 usul‘ructu
3551 4858 3649 4911 do-

227 4962 487 5021 “etesia,
536 4964 928 5028 venundasse'
962 4965 1102 5037 quia
1141 4944 1520 5039 sacrilegium
1564 4966 1883 5033 commisit.
1966 4951 2155 5030 navit
2182 4949 2458 5005 ecclesia.
2483 4948 2612 5004 Nati
2639 4952 2780 5003 sunt
2808 4947 2891 5002 illi
2920 4944 3042 5016 lilii,
3073 4951 3129 5001 et
3152 4945 3402 5001 reddidit
3422 4945 3648 5016 episco-

231 5053 452 5125 placuit
471 5069 607 5109 eum
633 5053 691 5108 in
715 5054 1083 5110 ordinatione
1105 5055 1501 5113 ecclesiastica
1522 5072 1637 5111 non
1660 5054 1884 5111 haberi.

230 5144 296 5200 In
322 5141 549 5213 judicio
576 5146 775 5198 tamen
818 5143 1081 5215 episcopi
1131 5144 1524 5201 dimittendus
1556 5149 1666 5210 est,
1696 5144 1746 5199 si
1797 5144 1889 5199 di«

1997 5057 2107 5112 pus
2141 5055 2243 5094 nec
2274 5038 2559 5110 opinanti,
2595 5054 2721 5109 qua
2758 5036 2843 5091 illi
2884 5037 3223 5092 donaverat.
3261 5038 3323 5091 In
3366 5039 3653 5107 potestate

1996 5128 2251 5185 habebat
2268 5126 2598 5200 episcopus
2624 5142 2738 5183 non
2770 5126 3037 5196 reddere,
3070 5125 3171 5181 sed
3195 5126 3331 5196 jure
3372 5124 3505 5192 fori,
3538 5139 3654 5179 non

234 5231 467 5306 gnusin
493 5248 599 5287 suo
625 5232 801 5305 recipi
823 5233 1038 5289 debeat
1060 5235 1269 5305 gradu,
1296 5236 1437 5306 quia
1461 5234 1760 5290 multoties
1782 5232 1891 5289 hoc
1992 5219 2129 5290 ,ἱυνθ
2161 5217 2302 5291 P0“-

238 5323 435 5394 ipsum
469 5322 623 5392 quod
658 5321 728 5377 de
759 5330 1133 5379 sacrosancto
1165 5322 1373 5380 altario
1424 5323 1892 5381 contaminatum

242 5416 351 5482 est,
382 5410 444 5465 in
475 5410 736 5483 episcopi
770 5414 1057 5481 potestate
1089 5410 1404 5469 dimissum
1437 5418 1546 5470 est.

311 5500 450 5557 CAP.
493 5500 613 5558 174.
644 5531 715 5541 -
745 5502 817 5556 De
846 5500 1069 5557 dotibus
1103 5511 1153 5557 et
1191 5503 1417 5559 decimis
1448 5505 1711 5562 ecclesiae.
1747 5503 1830 5559 Ea:

777 5574 1111 5646 Hispalensi
1141 5576 1392 5633 concilio.

317 5662 389 5720 Ut
405 5659 726 5734 unicuique
742 5660 999 5721 ecclesia
1026 5680 1270 5722 mansus
1294 5664 1520 5738 integer
1539 5666 1763 5737 absque
1784 5663 1903 5721 ullo

2296 5307 2428 5363 CAP.
2466 5306 2592 5363 178.
2628 5336 2697 5346 —
2727 5303 2959 5373 Ibidem,
2983 5302 3048 5360 de
3075 5303 3263 5360 eadem
3292 5318 3369 5359 re.

2075 5398 2186 5470 (l3,
2221 5416 2271 5469 q.
2305 5399 2362 5463 2,
2393 5414 2441 5452 c.
2472 5396 2531 5452 Si
2559 5397 2687 5468 quis
2718 5396 2908 5462 irasc.)
2941 5393 2997 5447 Si
3037 5393 3170 5465 quis
3222 5391 3496 5446 irascitur
3547 5387 3665 5445 lilio

2006 5506 2135 5556 suo,
2162 5492 2217 5544 et
2240 5488 2495 5543 moriens
2516 5485 2849 5541 exbaredat
2897 5498 3057 5552 eum,
3080 5482 3127 5537 si
3147 5481 3361 5536 viveret
3382 5495 3499 5535 non
3528 5495 3664 5537 eum

2011 5577 2346 5651 placarem?
2362 5593 2477 5634 non
2498 5575 2551 5633 ei
2574 5574 2763 5631 lilium
2790 5572 3171 5629 reconciliare
3188 5569 3461 5628 deberem
3479 5568 3670 5636 PQuo-

2017 5669 2190 5725 modo
2212 5684 2349 5741 ergo
2373 5682 2507 5724 cum
2528 5664 2647 5722 filio
2670 5680 2776 5721 suo
2793 5662 2922 5719 volo
2939 5666 3004 5718 ut
3022 5661 3476 5735 habeatpacem,
3500 5660 3671 5733 cujus
