3970 6058
347 327 456 385 239

1444 311 1512 362 D.
1552 302 1795 359 IVONIS
1831 292 2321 353 CARNOTENSIS
2357 288 2670 343 EPISCOPI

3651 282 3770 337 240

354 452 564 524 appeto
580 444 981 503 hereditatem
1000 440 1153 497 ?Sed
1178 437 1346 510 plane
1370 432 1419 489 si
1445 428 1638 497 faciat,
1662 424 1994 524 quodsaepe
2025 418 2077 486 Α
2107 419 2197 524 est
2219 412 2469 524 Domigi,
2494 413 2593 484 qui
2616 414 2912 524 operatqr,
2935 410 3095 524 1quod
3116 408 3367 524 sanguis
3396 409 3527 509 ejus
3557 425 3769 482 opera-

354 512 627 597 hortatus
657 549 813 593 sum.
837 532 1028 587 Unum
1075 526 1259 582 ﬁlium
1284 523 1457 577 habet
1496 519 1661 589 putet
1698 512 1999 569 Christum

360 628 645 693 alterum;
678 625 827 679 duos
848 619 1044 684 habet,
1070 616 1231 686 putet
1260 611 1559 666 Christum
1587 603 1826 660 tertium
1860 620 1873 693 ;
1908 600 2000 693 de-

358 734 484 773 cem
500 688 694 781 habet,
715 709 1017 766 Christum
1034 701 1412 757 undecimum
1428 694 1621 761 faciat,
1639 697 1695 748 et
1717 688 1996 760 suscipio.

359 825 483 882 Car.
520 821 638 875 179.
663 846 731 857 —
760 818 855 869 Res
886 817 1135 882 terrenas
1162 825 1198 863 a
1222 806 1548 882 nullorecte
1570 799 1863 882 possideri,
1886 794 2001 882 nisi

428 864 676 962 Béi’jiﬁ
718 864 931 962 diuina,
956 880 1349 962 Avelmhumano.
1381 875 1528 932 Idem
1562 864 1618 928 in
1668 868 1901 942 epistola
1930 864 2000 920 ad

433 952 774 1020 Vincentium
802 955 983 1025 (epist.
1018 952 1129 1021 48).

425 1053 537 1123 (23,
569 1068 619 1119 q.
649 1048 704 1114 7,
737 1062 787 1101 c.
820 1039 1182 1112 Quicunque).
1224 1036 1568 1105 Quicunque
1604 1048 1703 1087 vos
1734 1046 1800 1086 ex
1842 1043 2002 1083 occa-

354 1116 533 1196 sione
551 1116 698 1208 legis
728 1132 910 1204 hujus
943 1125 1283 1201 imperialis,
1318 1141 1433 1180 non
1460 1121 1770 1177 dilectione
1818 1116 2001 1173 corri-

347 1226 544 1301 gendi,
578 1205 677 1280 sed
731 1217 1077 1277 inimicandi
1114 1216 1247 1272 odio
1300 1211 1693 1287 persequitur,
1734 1205 2003 1278 displicet

348 1297 541 1373 nobis.
561 1314 649 1384 Et,
674 1309 943 1383 quamvis
965 1323 1056 1363 res
1082 1316 1443 1378 quaecunque
1464 1306 1695 1355 terrena
1712 1313 1825 1351 non
1851 1297 2003 1349 recte

349 1418 695 1477 aquoquam
716 1394 1223 1472 possideripossit,
1247 1392 1361 1447 nisi
1388 1390 1471 1445 vel
1492 1391 1626 1460 jure
1651 1386 1844 1441 divino
1868 1384 2000 1454 (quo

350 1471 564 1549 cu'nota
598 1471 901 1562 justorum
946 1484 1110 1555 sunt)
1137 1481 1225 1537 vel
1270 1483 1405 1551 jure
1436 1479 1693 1533 humano
1732 1472 1909 1545 (quod
1942 1471 2002 1526 in

350 1560 639 1654 potestate
660 1582 750 1635 est
779 1590 985 1648 regum
1012 1573 1223 1641 terrai),
1248 1569 1500 1638 ideoque
1524 1582 1615 1620 res
1636 1562 1782 1617 falso
1806 1560 2003 1631 appel-

350 1650 486 1727 letis
508 1672 755 1736 vestras,
771 1681 920 1737 quas
944 1662 1216 1733 necjuste
1240 1654 1576 1729 possidetis,
1599 1658 1655 1708 et
1676 1650 2002 1707 secundum

352 1759 514 1831 leges
543 1762 913 1813 terrenorum
953 1766 1158 1823 regum
1194 1747 1460 1805 amittere
1486 1742 1643 1815 jussi
1676 1740 1857 1807 estis;
1883 1739 2001 1792 fru-

353 1825 593 1919 straque
624 1843 859 1913 dicatis,
891 1857 999 1897 nos
1033 1838 1094 1894 in
1124 1836 1204 1893 eis
1249 1831 1675 1906 congregandis
1710 1825 2002 1885 laboravi-

350 1914 657 2006 mus,cum
681 1931 969 2002 scriptum
984 1926 1188 1999 legatis
1215 1943 1227 1981 :
1250 1925 1501 1980 Labores
1518 1923 1595 1976 im
1608 1920 1767 1991 pioru
1780 1934 1833 1971 m
1850 1914 2001 1987 justi

346 2025 524 2080 edent
550 2023 704 2094 (Sap.
737 2025 796 2089 χ)
830 2037 842 2075 :
873 2018 973 2073 sed
1007 2022 1204 2071 tamen
1255 2010 1528 2085 quisquis
1576 2026 1641 2065 ex
1695 2006 2002 2062 occasione

350 2113 533 2183 hujus
558 2093 705 2183 legis
728 2124 908 2181 quam
939 2121 1104 2176 reges
1136 2110 1303 2159 terra:
1326 2100 1557 2156 Christo
1588 2096 1908 2153 servientes
1929 2093 2000 2147 ad

346 2195 1152 2267 emendandamimpietatem
1178 2195 1435 2246 vestram
1462 2184 2000 2258 promulgaverunt,

347 2306 441 2347 res
470 2292 692 2345 vestras
720 2285 933 2355 cupide
954 2280 1191 2353 appetit,
1217 2276 1486 2348 displicet
1508 2273 1700 2329 nobis.
1725 2269 2003 2340 Quisquis

354 2378 610 2449 denique
634 2376 793 2446 ipsas
812 2389 902 2428 res
922 2385 1247 2443 pauperum
1281 2366 1366 2421 vel
1398 2365 1670 2420 basilicas
1691 2375 2005 2431 congrega-

358 2468 612 2536 tionum,
646 2480 795 2536 quas
826 2463 937 2517 sub
973 2457 1209 2515 nomine
1242 2454 1498 2511 ecclesiis
1528 2451 1816 2507 tenebatis
1852 2450 2004 2519 (quae

361 2556 601 2614 omnino
634 2570 749 2608 non
794 2550 1100 2614 debentur,
1137 2544 1247 2601 nisi
1282 2544 1332 2599 ei
1382 2540 1660 2610 ecclesias,
1696 2555 1822 2610 quis
1871 2552 2006 2591 vera

361 2644 575 2703 Christi
600 2640 857 2697 Ecclesia
877 2640 1005 2709 est),
1028 2654 1142 2692 non
1168 2652 1269 2707 per
1285 2631 1602 2704 justitiam,
1628 2630 1725 2685 sed
1754 2644 1853 2700 per
1874 2642 2003 2681 ava-

356 2734 555 2789 ritiam
597 2734 776 2800 tenet,
819 2724 1088 2798 displicet
1127 2723 1316 2779 nobis.
1358 2718 1637 2791 Quisquis
1669 2733 1770 2789 pro
1811 2714 2005 2785 aliquo

361 2820 587 2891 ﬂagitio
626 2817 713 2873 vel
747 2816 1003 2871 facinore
1034 2814 1359 2885 projectum
1383 2828 1412 2862 a
1433 2808 1602 2864 nobis
1634 2809 1713 2863 ita
1734 2802 2003 2876 suscipit,

364 2910 520 2967 sicut
549 2904 957 2976 suscipiuntur
978 2902 1081 2974 qui
1107 2902 1368 2973 (excepto
1399 2911 1592 2953 errore
1624 2912 1735 2967 quo
1776 2910 1808 2949 a
1837 2891 2007 2948 nobis

361 2993 743 3068 separamini)
762 2992 890 3047 sine
910 2990 1156 3046 crimine
1174 2989 1325 3059 apud
1351 3004 1451 3041 vos
1481 2986 1772 3045 vixerunt,
1804 2979 2007 3051 displi-

349 3090 439 3142 cet
470 3082 660 3141 nobis.
693 3081 802 3137 Sed
836 3095 941 3136 nec
965 3077 1132 3133 facile
1166 3078 1278 3132 ista
1302 3074 1665 3143 monstratis,
1686 3077 1743 3127 et
1767 3070 1814 3125 si
1839 3086 2009 3125 mon-

350 3172 551 3231 stretis
584 3167 900 3227 nonnullos
930 3166 1272 3231 toleramus,
1298 3180 1446 3236 quos
1477 3161 1765 3232 corrigere
1786 3158 1872 3213 vel
1898 3176 2002 3230 pu-
2037 3159 2080 3227 (ι

347 3264 474 3321 nire
495 3278 610 3318 non
626 3273 972 3333 possumus;
996 3271 1183 3326 neque
1197 3258 1436 3326 propter
1453 3250 1701 3323 paleam,
1721 3247 2003 3319 relinqui-

348 3369 482 3411 mus
515 3366 709 3408 aream
741 3345 1013 3413 Domini;
1052 3359 1239 3415 neque
1282 3346 1519 3414 propter
1560 3340 1748 3412 pisces
1795 3337 2004 3403 malos,

353 3440 695 3513 rumpimus
728 3436 874 3492 retia
910 3432 1177 3500 Domini;
1213 3446 1402 3502 neque
1434 3434 1671 3501 propter
1717 3427 1915 3482 haedos
1945 3426 2005 3479 in

353 3531 471 3586 fine
492 3525 888 3600 segregandos
909 3521 1236 3579 deserimus
1259 3536 1495 3592 gregem
1519 3517 1788 3577 Domini;
1818 3531 2007 3586 neque

363 3619 598 3687 propter
616 3631 756 3670 vasa
770 3613 920 3669 facta
932 3610 992 3667 in
1006 3608 1427 3667 contumeliam
1445 3607 1770 3679 migramus
1785 3622 1817 3661 a
1833 3604 2007 3661 domo

362 3705 621 3764 Domini.

361 3796 491 3853 CAP.
528 3796 648 3852 180.
683 3825 748 3836 -
780 3793 940 3863 Quod
986 3790 1224 3847 ecclesia
1261 3805 1463 3863 aurum
1517 3787 1730 3863 habeat,
1775 3802 1895 3863 _non
1918 3793 2007 3863 ait

429 3871 623 3933 servet,
652 3866 745 3922 sed
773 3858 834 3921 ιῖι
855 3872 1058 3935 eroget,
1089 3872 1138 3919 et
1169 3865 1235 3935 in
1259 3860 1673 3935 necessitatibus
1698 3858 2006 3935 subveniat,

434 3929 745 3994 Ambrosius
777 3940 835 3992 in
870 3929 1010 3990 libro
1043 3939 1118 3989 De
1146 3933 1365 4004 ofﬁciis,
1402 3932 1550 3986 libro
1579 3948 1642 4001 u,
1682 3945 1811 4001 cap.
1843 3929 1932 3983 28.

429 4028 544 4099 (12,
575 4044 626 4100 q.
678 4029 729 4081 2.
764 4042 810 4081 c.
854 4025 1065 4080 Aurum
1112 4021 1339 4076 ecclesia
1397 4019 1601 4089 habet.)
1650 4020 1867 4071 Aurum
1920 4032 2006 4070 ec-

355 4116 538 4173 clesia
568 4116 762 4183 habet,
800 4130 912 4169 non
949 4116 1014 4167 ut
1035 4114 1246 4175 servet,
1270 4108 1371 4163 sed
1402 4112 1466 4163 ut
1492 4110 1690 4179 eroget
1721 4110 1776 4160 et
1804 4106 2011 4160 subve-

352 4207 477 4261 niat
498 4206 556 4261 in
577 4202 1047 4261 necessitatibus.
1064 4198 1213 4264 Quid
1231 4213 1380 4270 opus
1403 4200 1493 4251 est
1513 4195 1826 4261 custodire,
1851 4194 2007 4266 quod

354 4293 502 4349 nihil
538 4294 779 4363 adjuvat
806 4292 834 4347 ?
862 4296 952 4346 An
980 4290 1324 4361 ignoramus
1361 4288 1649 4357 quantum
1683 4283 1806 4340 auri
1830 4288 2007 4355 atque

359 4379 587 4451 argenti
631 4380 701 4434 de
751 4376 971 4448 templo
1023 4374 1253 4431 Domini
1306 4372 1528 4445 Assyrii
1579 4371 2007 4427 sustulerunt?

359 4469 563 4525 Nonne
595 4466 807 4521 melius
840 4462 1058 4520 conﬂat
1089 4462 1362 4518 sacerdos
1396 4465 1634 4533 propter
1664 4459 2002 4516 alimoniam

2108 510 2206 560 tus
2235 506 2345 559 est.
2381 504 2441 557 Et
2464 510 2582 573 post
2609 517 2809 573 pauca.
2842 502 2907 556 In
2935 499 3028 555 his
3056 500 3247 555 tribus
3277 499 3594 571 generibus
3625 515 3772 554 vasa

2108 590 2388 661 ecclesiae,
2420 590 2597 646 etiam
2630 589 2859 645 initiata
2890 589 3279 659 confringere,
3317 587 3595 656 conflare,
3628 604 3768 643 ven-

2108 682 2245 737 dere
2294 680 2447 736 licet.
2483 680 2641 752 Opus
2673 682 2764 735 est
2819 682 2883 733 ut
2912 679 2982 733 de
3026 677 3275 733 ecclesia
3306 676 3539 749 mystici
3571 675 3770 748 poculi

2110 771 2299 827 forma
2330 786 2443 825 non
2478 772 2665 835 exeat,
2696 785 2801 824 nec
2820 769 2893 823 ad
2927 784 3070 823 usus
3103 766 3360 823 nefarios
3392 766 3543 821 sacri
3565 765 3769 821 calicis

2110 859 2506 916 ministerium
2528 858 2939 914 transferatur.
2967 858 3097 912 Ideo
3122 856 3378 927 primum
3403 854 3558 910 intra
3579 855 3767 910 eccle-

2108 951 2259 1006 siam
2311 950 2553 1021 quaesita
2578 953 2718 1004 sunt
2766 964 2925 1015 vasa,
2962 964 3088 1019 quis
3119 946 3354 1001 initiata
3396 962 3512 1000 non
3544 949 3768 1012 essent,

2109 1039 2318 1094 deinde
2342 1037 2726 1107 comminuta,
2752 1042 3048 1108 postremo
3072 1036 3343 1102 conflata,
3377 1051 3480 1107 per
3505 1034 3767 1089 minutas

2109 1128 2477 1198 erogationes
2509 1126 2848 1198 dispensaia
2868 1123 3201 1197 egentibus,
3234 1123 3601 1195 captivorum
3626 1138 3772 1193 quo-

2111 1233 2223 1288 que
2272 1215 2471 1288 pretiis
2521 1214 2915 1287 profecerunt.
2950 1214 3113 1281 Quod
3148 1212 3197 1267 si
3244 1212 3460 1267 desunt
3507 1227 3676 1276 nova,
3709 1215 3770 1266 et

2110 1322 2237 1377 quis
2272 1322 2643 1376 nequaquam
2691 1303 2918 1358 initiata
2964 1303 3293 1367 videantur,
3326 1301 3385 1355 in
3418 1299 3771 1372 hujusmodi

2111 1411 2259 1467 quos
2282 1412 2459 1464 supra
2475 1392 2591 1449 dixi
2621 1410 2785 1462 usus,
2809 1392 3010 1448 omnia
3031 1391 3287 1447 arbitror
3316 1390 3404 1459 pie
3436 1406 3604 1461 posse
3625 1405 3768 1443 con-

2110 1484 2277 1539 verti.

2110 1598 2241 1656 CAP.
2278 1600 2395 1654 181.
2430 1629 2498 1638 ——
2528 1600 2602 1653 De
2623 1596 3351 1722 privilegiis.fcclesiarum.
3385 1596 3468 1651 Ex
3512 1594 3767 1652 Tullensi

2805 1686 2957 1722 conc:
2988 1684 3058 1722 ιο.

2805 1684 3058 1724 σοηεῑιιο.

2033 1795 2080 1860 Β
2190 1771 2339 1826 Sunt
2361 1770 2503 1826 forte
2518 1768 2685 1838 tales,
2712 1767 2809 1839 qui
2828 1766 3130 1839 privilegia
3152 1762 3384 1821 delocis
3407 1764 3524 1821 Deo
3548 1765 3766 1820 dicatis

2111 1868 2451 1921 sanctorum
2471 1857 2743 1913 manibus
2762 1873 2865 1911 con
2878 1856 3109 1910 firmata
3124 1854 3633 1927 parvipendentes,
3652 1853 3766 1909 sibi

2110 1954 2249 2026 quia
2272 1950 2498 2017 volunt,
2529 1964 2643 2002 non
2677 1944 2815 2017 quia
2847 1949 3095 2016 possunt
3126 1944 3768 2001 excommunicationes

2111 2038 2565 2113 usurpatoribus
2598 2052 2818 2102 rerum,
2849 2038 2905 2089 et
2956 2032 3304 2088 facultatum
3338 2031 3764 2089 ecclesiastica-

2111 2148 2242 2188 rum
2274 2148 2307 2185 a
2337 2128 2557 2185 sanctis
2588 2123 2820 2180 Domini
2844 2124 3161 2178 intentatas
3181 2121 3472 2191 alleviant,
3503 2123 3768 2178 dicentes

2112 2238 2174 2277 se
2208 2236 2308 2291 pro
2354 2218 2461 2272 hoc
2503 2215 2668 2270 illata
2705 2212 3102 2281 damnatione,
3154 2210 3211 2266 id
3243 2216 3332 2266 est
3373 2212 3769 2269 anathematis

2111 2307 2341 2366 vinculo
2365 2322 2478 2361 non
2510 2302 2717 2359 teneri.
2751 2302 2831 2357 De
2862 2300 3080 2373 quibus
3098 2305 3337 2356 sanctus
3369 2300 3680 2372 Gregorius
3704 2301 3770 2358 in

2113 2396 2362 2470 epistola
2393 2396 2464 2449 ad
2509 2391 2872 2448 Theotistam
2906 2389 3214 2462 patriciam
3246 2388 3422 2445 dicit:
3462 2412 3482 2438 ι
3511 2390 3652 2461 Ipsi,
3676 2391 3770 2445 in-

2113 2486 2265 2557 quit,
2296 2482 2408 2539 sibi
2440 2486 2620 2536 testes
2651 2483 2812 2548 sunt,
2836 2478 2973 2549 quia
3000 2477 3317 2533 Christiani
3343 2494 3458 2532 non
3481 2483 3641 2545 sunt,
3665 2479 3770 2550 qui

2112 2575 2433 2647 ligamenta
2480 2568 2748 2626 Ecclesiae
2789 2566 2955 2623 vanis
3003 2583 3065 2621 se
3113 2566 3409 2622 aestimant
3455 2568 3769 2623 conatibus

2114 2664 2355 2729 solvere,
2379 2677 2444 2716 ac
2477 2677 2578 2730 per
2601 2658 2709 2712 hoc
2732 2672 2835 2711 nec
2867 2655 3300 2711 absolutionem
3332 2660 3547 2711 sanctas
3579 2656 3769 2713 Eccle-

2115 2753 2215 2809 siae
2248 2766 2428 2823 quam
2460 2749 2701 2819 prastat
2718 2745 3009 2815 fidelibus,
3042 2761 3239 2800 veram
3268 2749 3498 2816 putant,
3531 2746 3579 2800 si
3619 2745 3769 2818 liga-

2113 2847 2279 2898 turas
2309 2840 2437 2909 ejus
2460 2836 2649 2892 valere
2681 2851 2793 2890 non
2825 2833 3141 2890 aestimant.
3170 2855 3191 2883 ι
3227 2833 3443 2890 Contra
3474 2850 3619 2906 quos
3640 2835 3767 2890 diu-

2116 2930 2236 2988 tius
2267 2925 2691 2997 disputandum
2726 2940 2838 2979 non
2873 2928 2999 2991 est;
3033 2923 3174 2993 quia
3203 2940 3307 2995 per
3335 2924 3537 2978 omnia
3566 2924 3767 2995 despi-

2116 3018 2305 3076 ciendi
2337 3022 2395 3073 et
2424 3012 2954 3070 anathematizandi
2995 3016 3156 3082 sunt,
3188 3018 3246 3066 et
3276 3012 3431 3067 unde
3462 3028 3525 3067 se
3567 3013 3771 3069 fallere

2116 3110 2419 3167 veritatem
2450 3107 2717 3176 credunt,
2737 3104 2873 3161 inde
2894 3104 2950 3158 in
2977 3103 3229 3177 peccatis
3252 3102 3376 3159 suis
3400 3103 3678 3160 veraciter
3698 3104 3771 3159 li-

2118 3204 2353 3273 gantur.

2113 3317 2241 3373 Cap.
2280 3314 2397 3370 182.
2431 3344 2500 3354 -ι
2531 3314 2602 3368 De
2631 3327 2816 3367 rerum
2854 3310 3352 3367 ecclesiasticarum
3400 3309 3771 3366 inuisoribus.

2189 3388 2472 3444 Sententia
2503 3382 2819 3456 Symmachi
2843 3397 3007 3455 papx
3034 3382 3119 3453 (In
3147 3381 3355 3454 synodo
3387 3382 3632 3437 Romana
3665 3383 3770 3453 v1).

2189 3485 2298 3555 (12,
2334 3502 2385 3557 q.
2417 3487 2472 3549 2,
2495 3499 2541 3537 c.
2576 3481 2849 3553 Indigne.)
2886 3480 3143 3552 Indigne
3188 3480 3258 3535 ad
3310 3477 3490 3535 altare
3538 3478 3774 3535 Domini

2117 3589 2425 3646 properare
2458 3570 2837 3645 permittitur,
2874 3570 2973 3641 qui
3018 3586 3110 3625 res
3141 3568 3569 3625 ecclesiasticas
3593 3568 3778 3626 audet

2116 3661 2414 3731 invadere,
2449 3664 2550 3715 aut
2579 3659 2798 3729 injuste
2833 3656 3155 3730 possidere,
3190 3662 3293 3712 aut
3322 3656 3529 3728 iniqua
3546 3672 3648 3711 seu
3679 3654 3772 3710 in-

2118 3750 2275 3821 iusta
2306 3750 2645 3806 defensione
2682 3748 2738 3802 in
2764 3748 2847 3802 eis
2880 3746 3181 3818 perdurat.
3209 3745 3385 3801 Debet
3410 3750 3605 3801 tamen
3638 3760 3773 3800 esse

2117 3840 2394 3911 provisio,
2437 3842 2499 3893 ut
2548 3838 2803 3893 vinctam
2860 3834 3185 3891 admonitio
3244 3834 3553 3907 praecedat,
3585 3838 3642 3889 et
3675 3851 3772 3892 res

2118 3934 2431 3999 usurpatas
2447 3927 2666 3997 injuste
2680 3926 2776 3998 qui
2795 3924 3059 3991 abstulit,
3082 3931 3187 3981 aut
3200 3924 3280 3996 inj
3294 3929 3419 3980 uste
3434 3924 3661 3980 ablatas
3680 3940 3780 3980 re-

2117 4018 2285 4086 tinet,
2307 4018 2578 4089 aequitate
2603 4014 3008 4088 patrocinante
3032 4014 3262 4087 legibus
3286 4013 3575 4071 restituat.
3606 4014 3776 4076 Quod

2118 4106 2166 4162 si
2191 4106 2532 4179 neglexerit,
2557 4110 2611 4161 et
2636 4104 2955 4160 necessitas
2979 4103 3348 4175 compulerit,
3371 4103 3609 4159 demum
3634 4119 3780 4175 prae.

2121 4196 2337 4252 donem
2372 4193 2755 4250 sacerdotalis
2788 4193 3080 4248 districtio
3130 4196 3426 4248 maturata
3477 4191 3784 4265 percellat.

2115 4284 2297 4341 Valde
2321 4285 2477 4339 enim
2500 4283 2770 4355 iniquum
2793 4287 2884 4337 est
2922 4286 2979 4337 et
3014 4281 3224 4353 ingens
3264 4281 3664 4353 sacrilegium,
3715 4287 3788 4337 ut

2124 4390 2484 4445 quascunque
2504 4373 2595 4428 vel
2630 4389 2731 4444 pro
2755 4372 3013 4427 remedio
3045 4376 3440 4442 peccatorum,
3461 4370 3551 4426 vel
3586 4370 3787 4428 salute

2116 4464 2443 4519 animarum
2460 4478 2703 4518 suarum
2749 4460 3158 4531 unusquisque
3179 4460 3500 4516 venerabili
3521 4460 3786 4516 ecclesia

361 4572 711 4630 pauperum,
736 4554 781 4610 si
808 4553 926 4609 alia
948 4550 1213 4609 subsidia
1231 4550 1446 4617 desint,
1481 4566 1655 4621 quam
1692 4548 2011 4620 sacrilegus
2044 4535 2087 4598 Ῑ)
2117 4552 2455 4619 contulerit,
2473 4557 2739 4606 autcerte
2754 4549 3076 4619 reliquerit,
3094 4549 3165 4603 ab
3183 4549 3277 4605 his
3294 4549 3509 4620 quibus
3531 4548 3788 4606 maxime

363 4644 727 4702 contaminat
758 4647 933 4714 atque
965 4644 1225 4713 asportat
1254 4639 1444 4695 hostis
1469 4641 1490 4695 Ρ
1511 4639 1713 4694 Nonne
1746 4638 2010 4693 dicturus

364 4739 452 4791 est
482 4732 767 4789 Dominus
796 4748 809 4787 :
841 4732 955 4786 Cur
983 4746 1196 4802 passus
1218 4744 1279 4783 es
1298 4732 1381 4783 tot
1405 4729 1607 4798 inopes
1640 4728 1792 4782 fame
1816 4727 2011 4781 mori?

365 4828 433 4879 Et
462 4825 614 4879 certe
644 4821 904 4876 habebas
934 4835 1167 4883 aurum,
1196 4816 1351 4871 unde
1384 4815 1785 4871 ministrasses
1803 4815 2010 4870 alimo-

368 4912 545 4968 niam.
580 4910 693 4965 Cur
718 4913 805 4965 tot
833 4908 1043 4980 captivi
1071 4905 1308 4961 deducti
1334 4904 1394 4959 in
1428 4905 1872 4969 commercium,
1908 4922 2013 4959 nec

362 4999 676 5072 redempti,
726 4998 796 5053 ab
848 4997 1015 5053 hoste
1061 4993 1240 5051 occisi
1274 5002 1409 5050 sunt
1435 4996 1457 5048 Ρ
1485 4994 1688 5049 Melius
1730 4994 1919 5049 fuerat
1948 4999 2014 5049 ut

359 5087 853 5151 vasaviventium,
869 5100 1153 5152 servares,
1179 5099 1355 5155 quam
1373 5082 1771 5154 metallorum,
1788 5083 1880 5138 his
1898 5101 2010 5139 non

358 5181 920 5252 possetresponsum
939 5173 1159 5228 referri.
1178 5172 1327 5237 Quid
1343 5172 1498 5228 enim
1514 5171 1735 5228 diceres
1750 5172 1777 5227 ?
1794 5172 2011 5242 Timui,

361 5285 433 5325 ne
462 5265 682 5339 templo
715 5264 816 5319 Dei
849 5266 1094 5318 ornatus
1124 5262 1374 5318 deesset.
1420 5261 1819 5333 Responderrt
1855 5279 1867 5316 :
1899 5263 2009 5317 Au-

358 5376 490 5415 rum
520 5357 891 5415 sacramenta
916 5370 1031 5409 non
1056 5356 1348 5425 quaerunt,
1376 5367 1567 5423 neque
1594 5368 1735 5407 auro
1760 5350 2012 5424 placent,

360 5466 486 5519 quae
518 5463 661 5503 auro
694 5462 810 5501 non
828 5446 1125 5498 emuntur.
1160 5444 1409 5496 Ornatus
1432 5455 1759 5507 sacrorum,
1785 5441 2013 5496 redem-

361 5536 481 5608 ptio
513 5537 875 5609 captivorum
909 5535 1016 5589 est.
1051 5532 1117 5587 Et
1140 5547 1268 5588 vere
1300 5529 1401 5587 illa
1432 5532 1573 5585 sunt
1601 5545 1739 5583 vasa
1761 5529 2018 5601 pretiosa

364 5640 493 5701 qua:
524 5626 820 5682 redimunt
840 5622 1067 5682 animas
1087 5639 1119 5679 a
1148 5626 1348 5679 morte.
1386 5619 1486 5678 Ille
1508 5636 1680 5677 verus
1704 5619 2017 5679 thesaurus

2120 4642 2337 4698 servari
2368 4640 2662 4709 convenit,
2688 4639 2742 4693 id
2768 4646 2857 4694 est
2886 4638 3245 4694 Christianis
3275 4645 3331 4694 et
3353 4640 3533 4694 Deum
3560 4638 3781 4693 timen-

2120 4731 2279 4785 tibus
2321 4728 2681 4795 hominibus,
2714 4728 2774 4783 in
2818 4727 2976 4782 aliud
3014 4727 3322 4783 transferri
3358 4726 3447 4782 vel
3488 4726 3778 4782 converti.

2122 4823 2435 4890 Pr0pterea
2462 4818 2563 4889 qui
2611 4818 2732 4872 haec
2764 4833 2879 4871 non
2914 4816 3263 4887 praeviderit,
3294 4822 3352 4872 et
3394 4816 3565 4872 aliter
3600 4832 3787 4887 quam

2121 4909 2411 4981 scriptum
2442 4912 2551 4974 est,
2595 4906 2813 4978 praedia
2853 4904 3119 4962 ecclesiis
3158 4906 3373 4961 tradita
3407 4904 3659 4977 petierit,
3694 4905 3787 4962 vel

2123 4997 2432 5069 acceperit,
2476 5000 2578 5051 aut
2625 4994 2972 5067 possederit,
3008 4995 3119 5050 nisi
3172 5011 3234 5051 se
3284 4996 3397 5051 cito
3446 4994 3783 5064 correxerit,

2123 5103 2240 5159 quo
2258 5088 2445 5141 iratus
2470 5085 2625 5140 Deus
2643 5085 2874 5139 animas
2902 5084 3168 5153 percutit,
3204 5083 3583 5139 anathemate
3611 5084 3785 5139 feria-

2122 5181 2239 5246 tur,
2274 5176 2469 5246 sitque
2510 5172 2841 5245 accipienti,
2873 5177 2931 5227 et
2960 5173 3144 5241 danti,
3178 5178 3235 5229 et
3261 5172 3587 5244 possidenti
3636 5189 3785 5228 ana-

2124 5265 2358 5331 thema;
2384 5268 2441 5318 et
2465 5262 2745 5317 institutae
2766 5279 2946 5334 pcenae
2971 5262 3424 5317 contubernium
3447 5261 3785 5331 assiduum,

2125 5370 2231 5409 nec
2258 5352 2454 5422 aliquo
2488 5366 2549 5407 se
2581 5356 2718 5407 ante
2751 5351 3008 5407 tribunal
3060 5351 3277 5407 Christi
3310 5350 3613 5408 obstaculo
3646 5368 3785 5407 mu-

2125 5442 2269 5507 niat,
2292 5440 2391 5512 qui
2428 5439 2762 5512 areligiosis
2784 5441 3095 5497 animabus
3120 5442 3190 5497 ad
3218 5441 3609 5499 substantiam
3636 5458 3786 5514 pau-

2126 5548 2267 5604 peru
2281 5548 2333 5586 m
2367 5531 2645 5587 derelicta
2675 5533 2977 5605 dispergit.

2087 5670 2095 5678 .
2126 5623 2258 5679 ΟΑΡ.
2302 5622 2423 5678 183.
2466 5652 2533 5662 -
2565 5622 2712 5692 Quid
2741 5623 3015 5694 agendum
3045 5624 3120 5680 sit
3148 5623 3214 5680 de
3235 5638 3529 5694 azconomo,
3562 5624 3666 5697 qui
3697 5639 3791 5680 res
