1991 3030
105 131 159 159 241

591 132 746 159 DECRBTI
766 129 858 157 PARS
877 129 925 156 ΙΙΙ-
942 142 976 147 -
995 129 1043 156 ΒΕ
1063 130 1248 163 ECCLESIA,
1268 132 1345 158 ETC.

1767 134 1822 163 242

138 194 263 222 ecclesia:
277 193 320 221 vel
343 193 403 228 ipse
426 194 601 226 alienavcrit,
625 193 668 221 vel
691 193 840 228 respiciens
858 190 933 229 alie-
949 190 977 223 Α
992 190 1100 219 dictam
1117 192 1239 228 accepit,
1253 201 1311 220 non
1328 191 1424 220 solum
1440 192 1535 229 ipsam
1552 201 1611 222 rem
1629 202 1696 223 cum
1712 196 1818 225 fructi-

139 232 254 257 nantcm
283 227 438 266 episcopum
465 238 520 257 non
548 227 738 263 prohibuerit.
767 227 934 266 (Ionstitutio

138 267 267 300 septima,
297 263 414 301 caput.
438 265 624 301 (Justinianus
649 266 800 300 imperator
824 263 933 291 novella

141 303 336 330 constitutione
350 302 388 337 7).

138 346 242 374 Nullus
249 347 304 374 sub
316 346 445 374 Romana
457 345 564 374 ditione
574 345 765 373 constitutam
776 343 930 372 ecclesiam

103 391 147 418 vel
164 390 444 424 xenodochium,vel
455 389 789 426 ptochrotrophium,vel
807 397 930 416 nosoco-

102 435 207 470 mium,
224 436 267 463 vel
292 435 586 471 orphanotrophium,
603 435 646 462 vel
665 433 928 470 gerontocomium,

99 480 146 508 vel
162 479 438 516 brephotrophium,
453 479 498 507 vel
522 479 733 507 monasterium
749 481 809 506 tam
827 486 927 506 mona-

97 525 234 558 chorum,
255 533 344 561 quam
369 523 642 552 sanctimonialium
667 522 926 551 archimandritam

96 569 213 597 habens
236 568 282 597 vel
306 569 623 603 archimandrilissam,
648 569 787 596 infestam
807 568 924 595 audeat.

96 614 174 649 Ergo
190 614 237 642 his
252 613 389 641 omnibus
406 622 463 641 non
478 613 564 641 liceat
579 613 706 640 alienare
716 620 777 640 rem
789 612 924 640 immobi-

97 658 167 691 lem,
185 659 244 686 sive
269 659 400 691 domum,
425 659 484 685 sive
501 665 616 694 agrum,
633 657 693 685 sive
717 657 847 690 hortum,
863 657 924 684 sive

96 703 243 730 rusticum
256 703 492 738 mancipium,vel
506 710 597 738 panes
608 701 816 737 civiles,neque
827 701 923 729 credi-

97 748 214 774 toribus
230 748 365 783 specialis
381 747 574 783 hypotheticae
589 745 676 774 titulo
690 745 829 781 obligare.
846 745 922 773 Alie-

95 792 226 819 nationis
243 794 340 819 autem
364 793 485 819 verbum
501 791 631 819 continet
644 790 854 822 venditionem,
870 791 921 818 do-

94 835 740 872 nationem,permutationem,emphiteuseos
746 837 920 870 perpetuum

93 883 292 913 contractum,
308 881 357 908 sed
372 889 474 908 omnes
498 880 619 907 omnino
634 880 802 907 sacerdotes
816 879 922 914 hujus-
937 878 960 910 Β

93 925 174 952 modi
191 925 368 952 alienatione
380 925 566 957 abstineant;
583 933 684 959 paenae
699 925 835 951 timentes
848 933 920 959 quas

92 969 223 997 Leonina
238 970 408 997 constitutio
435 970 575 1002 minatur,
591 969 620 996 id
645 971 690 996 est
705 972 736 995 ut
762 970 785 995 is
802 970 919 1004 quidem

90 1014 142 1049 qui
160 1015 340 1049 comparavit
355 1023 415 1041 rem
441 1014 496 1041 loci
520 1013 695 1041 venerabilis
711 1014 813 1041 reddat
828 1014 852 1041 ei
870 1023 919 1041 cu-

86 1059 140 1094 jus
155 1062 184 1086 et
199 1062 266 1086 ante
283 1060 388 1090 fuerat,
406 1058 519 1086 scilicet
541 1065 609 1086 cum
635 1058 779 1085 fructibus
796 1058 919 1092 aliisque

90 1104 312 1136 emolumentis,
329 1112 392 1139 quae
409 1104 437 1130 in
464 1102 560 1130 medio
587 1105 717 1138 tempore
734 1103 808 1129 facta
824 1106 893 1130 sunt
911 1111 917 1129 :

91 1156 245 1176 mconomo
271 1151 369 1175 autem
394 1148 521 1175 ecclesiis
537 1151 674 1183 praestare
698 1155 783 1174 omne
803 1148 918 1175 lucrum

91 1193 171 1228 quod
188 1201 222 1220 ex
238 1193 408 1228 bujusmodi
421 1192 566 1228 prohibita
580 1191 757 1220 alienatione
773 1193 917 1227 senserit;

91 1237 136 1265 vel
153 1238 178 1265 si
190 1237 342 1265 ecclesiam
358 1238 465 1265 damno
476 1237 614 1272 olfecerit,
625 1236 667 1265 ita
677 1241 706 1265 ul
722 1237 750 1264 in
768 1241 917 1273 posterum

90 1290 263 1310 mconomus
278 1290 334 1309 non
352 1282 465 1313 sit,non
481 1281 577 1309 solum
589 1283 688 1310 autem
703 1282 776 1317 ipse,
793 1282 841 1309 sed
856 1291 918 1309 suc-

89 1334 225 1353 cessores
241 1326 304 1360 ejus
321 1328 483 1359 teneantur,
501 1325 562 1353 sive
586 1325 649 1361 ipse
665 1334 833 1353 moonomus
850 1326 918 1353 alie-

89 1371 215 1405 naverit,
231 1371 290 1398 sive
307 1371 465 1405 respiciens
482 1370 658 1398 alienantem
674 1371 842 1406 episcopum
860 1379 916 1398 non

88 1415 285 1451 prohibuerit,
302 1417 330 1442 et
347 1414 437 1441 multo
454 1414 547 1450 magis
570 1415 769 1448 consenserit;
788 1415 916 1442 lalwllio-

88 1468 157 1487 nem
174 1462 271 1486 autem
288 1459 338 1494 qui
355 1459 424 1485 talia
440 1459 595 1486 interdicta
619 1459 815 1486 instrumenta
831 1468 916 1487 cons-

87 1504 203 1540 cripsit,
221 1506 361 1540 perpetuo
377 1503 477 1531 exsilio
495 1503 569 1531 tradi
584 1506 707 1538 oportet.

86 1549 156 1577 CAP.
178 1549 237 1575 184.
254 1549 378 1596 —'Quod
392 1549 515 1596 principi
527 1556 576 1596 per
597 1550 841 1596 co‘mmutalioncm
855 1558 916 1576 cum
932 1563 953 1596 C

245 1585 359 1612 ecclesia
374 1586 534 1612 contrahere
551 1585 644 1619 liceat,
659 1593 719 1620 cap.
732 1587 758 1613 2.

124 1630 323 1663 (Justinianus,
345 1629 469 1664 ibidem).
495 1630 522 1655 Si
548 1629 685 1665 princeps
709 1629 832 1657 voluerit
855 1638 916 1657 rem

87 1673 273 1702 immobilem
291 1676 393 1701 sancto
409 1673 470 1701 loco
482 1676 630 1709 praestare,
642 1676 671 1702 et
686 1674 817 1710 accipere
832 1675 867 1702 ab
882 1682 915 1702 eo

86 1719 179 1747 aliam
196 1726 258 1746 rem
274 1718 465 1751 immobilem,
479 1721 551 1746 eteo
567 1719 653 1746 modo
670 1718 914 1754 permutationem

86 1763 272 1798 contrahere,
288 1763 373 1791 liceat
389 1763 442 1790 hoc
460 1763 563 1790 facere.

85 1818 154 1846 CAP.
173 1818 232 1845 185.
249 1834 281 1838 —
300 1818 330 1846 Ut
347 1818 379 1850 is,
397 1819 443 1852 qui
454 1818 622 1845 immobilem
637 1826 694 1845 rem
709 1818 827 1845 ecclesia:
841 1825 914 1845 com-

121 1855 245 1889 parauit,
264 1854 304 1881 vel
318 1853 352 1880 ab
366 1854 458 1888 aliquo
483 1855 598 1887 accepit,
621 1862 684 1881 cum
698 1854 825 1881 omnibus
839 1861 914 1881 emo-

122 1890 257 1917 lumentis
271 1889 341 1922 eius,
361 1897 424 1924 quae
448 1890 475 1915 in
501 1889 590 1916 medio
607 1891 726 1925 tempore
748 1890 823 1924 facta
837 1893 913 1923 sunt,

121 1933 185 1952 eam
200 1927 327 1952 restituat
340 1935 348 1952 :
364 1925 408 1952 sed
421 1930 446 1952 et
462 1925 538 1952 aliud
552 1927 669 1957 tantum,
685 1927 820 1960 quantum
835 1933 913 1952 accc-

119 1962 164 1996 pit
175 1969 263 1995 [11271.2
278 1963 388 1988 nomine
404 1961 558 1988 venerabili
568 1961 625 1988 loco
639 1966 794 1995 componat,
807 1963 832 1988 ct
845 1961 915 1996 quod

122 1997 197 2024 nulli
213 1997 293 2024 liceat
308 1998 363 2024 nisi
374 1997 497 2031 principi
519 2004 583 2024 cum
605 1997 719 2024 ecclesia
734 2001 912 2030 commutare,

122 2034 146 2060 et
163 2033 187 2059 si
201 2033 320 2060 crczlitor
335 2041 392 2060 rem
408 2032 575 2060 immobilem
590 2033 713 2061 ecclesiz
733 2032 768 2060 at
782 2040 911 2068 corpora-

125 2069 179 2095 lem
205 2070 338 2103 arceperil
362 2068 552 2100 detentionem,
575 2069 665 2103 primo
686 2068 796 2103 quidem
813 2071 914 2095 sortem

122 2113 208 2140 quam
222 2104 296 2131 dedit
309 2113 371 2131 cum
390 2105 482 2131 usuris
497 2105 619 2138 amittat,
635 2104 733 2132 deinde
752 2104 841 2139 ipsum
855 2112 913 2131 rem

122 2148 188 2168 cum
199 2142 273 2202 5suis
300 2140 492 2168 errwlumcntis
512 2140 665 2168 venerabili
692 2140 748 2168 loco
771 2141 911 2174 restituat,

122 2184 185 2202 can.
221 2196 228 2202 .

121 2184 185 2211 cap.
199 2184 228 2202 ο.

123 2221 322 2253 (Justinianus,
337 2220 459 2255 ibidem).
478 2220 507 2247 Si
521 2220 587 2255 quis
602 2222 703 2247 contra
717 2219 912 2248 saluberrima

81 2266 153 2301 jura
168 2264 321 2301 praesentis
337 2264 555 2292 constitutionis
580 2272 641 2292 rem
658 2264 839 2293 immobilem
855 2264 910 2292 loci

84 2309 263 2338 venerabilis
273 2309 493 2345 comparaverit,
505 2309 633 2345 primum
647 2309 764 2344 quidem
781 2309 822 2337 rei
834 2310 911 2337 resti-

87 2355 249 2382 mationem
266 2353 392 2387 amittat,
409 2356 438 2381 et
451 2361 511 2381 rem
528 2361 616 2389 quam
628 2353 729 2381 illicita
741 2354 855 2388 emerit,
867 2362 910 2381 re-

87 2399 193 2427 stituat
208 2407 273 2426 cum
287 2398 424 2426 omnibus
435 2397 641 2426 emolumentis
652 2398 727 2433 ejus,
740 2406 804 2433 qua;
815 2398 842 2425 in
856 2406 913 2426 me-

87 2444 137 2471 dio
152 2446 284 2479 tempore
295 2443 368 2471 facta
380 2445 460 2476 sunt,
473 2445 500 2470 et
513 2442 612 2470 omnia
624 2442 704 2470 lucro
719 2442 856 2477 ecclesias,
868 2442 913 2470 vel

87 2488 212 2516 alterius
230 2487 283 2516 loci
309 2487 484 2516 venerabilis
509 2488 621 2520 cedant,
637 2489 665 2515 et
679 2486 791 2515 nullam
808 2487 915 2515 habeat

86 2533 151 2569 ipse
168 2535 269 2560 contra
281 2532 419 2560 ecclesias
430 2532 642 2567 actionem,sed
653 2533 765 2559 tantum
777 2532 915 2560 adversus

87 2587 267 2611 mconomos,
275 2578 318 2606 vel
328 2578 401 2606 alias
415 2578 600 2606 venditorum
613 2586 754 2614 personas
770 2586 804 2606 ex
818 2580 916 2614 empto

84 2624 235 2660 judicium
253 2626 375 2651 moveat.
388 2623 461 2651 Nam
474 2623 656 2651 venditorum
672 2623 849 2659 patrimonia
859 2631 918 2651 em-

89 2670 165 2706 ptori
193 2669 327 2704 subjecta
352 2677 417 2697 esse
442 2677 558 2704 aequum
583 2670 637 2703 est,
660 2668 775 2696 etiamsi
791 2668 919 2696 venditio

89 2717 193 2742 contra
209 2715 382 2750 praesentem
399 2713 494 2750 legem
517 2713 557 2741 rei
575 2713 733 2741 immobilis
749 2713 784 2741 ad
801 2721 920 2742 venera-

89 2759 180 2787 bilem
198 2758 295 2787 locum
317 2758 492 2794 pertinentis
517 2760 667 2786 contracts
682 2758 730 2786 sit.
747 2758 880 2794 Alioquin
897 2757 922 2786 si

89 2804 210 2833 donatio
228 2804 304 2832 facta
319 2804 416 2838 fuerit,
426 2806 497 2831 tunc
508 2803 534 2831 is
550 2803 599 2838 qui
615 2802 819 2831 liberalitatem
831 2804 921 2831 inter-

927 2244 950 2276 D

988 235 1043 262 bus
1058 236 1120 264 suis
1143 239 1171 265 et
1185 237 1284 265 causis
1308 237 1465 265 venerabili
1490 238 1553 266 loco
1578 241 1749 275 constituat,
1766 242 1816 270 sed

986 280 1075 308 etiam
1091 280 1170 309 aliud
1187 284 1330 317 quantum
1345 282 1455 317 accepit
1466 290 1556 317 pinnae
1568 284 1684 313 nomine
1698 289 1817 321 prestet

985 324 1173 353 sanctissimo
1198 325 1273 359 loco,
1297 326 1383 360 cujus
1409 333 1455 353 res
1470 326 1579 354 donata
1603 327 1692 356 fuerit
1707 328 1743 355 ab
1759 329 1814 365 his,

984 369 1034 404 qui
1052 378 1098 397 res
1115 370 1179 405 ejus
1191 371 1410 399 administrant.
1423 371 1473 399 Sin
1491 373 1589 399 autem
1601 373 1687 401 titulo
1699 381 1815 410 permu-

983 414 1104 442 tationis
1119 423 1179 443 rem
1196 415 1251 443 lori
1266 415 1442 443 venerabilis
1457 415 1552 451 capiat
1567 416 1686 453 aliquis,
1699 420 1770 446 tunc
1785 421 1814 446 et

982 466 1043 486 rem
1061 467 1149 495 quam
1162 459 1273 496 accepit
1285 460 1398 492 reddat,
1410 462 1438 487 et
1448 467 1536 495 quam
1553 460 1616 497 ipse
1631 461 1711 490 dedit
1726 462 1813 490 amit-

981 504 1025 530 tat
1040 512 1047 530 :
1064 504 1178 531 actione
1194 504 1306 531 scilicet
1317 504 1457 532 adversus
1474 512 1614 540 personas
1627 507 1656 533 et
1671 506 1813 542 patrimo-

981 547 1031 574 nia
1046 556 1145 575 eorum
1164 548 1373 582 conservanda,
1385 556 1449 584 quae
1460 557 1526 576 cum
1543 557 1577 577 eo
1592 553 1813 585 contraxerunt,

979 594 1100 628 excepto
1115 593 1250 621 videlicet
1265 593 1408 629 principe,
1424 593 1470 621 cui
1486 594 1648 622 secundum
1660 594 1811 630 praefatam

978 637 1117 672 superius
1134 637 1320 673 divisionem,
1336 637 1580 673 permutationem
1598 639 1693 667 facere
1708 647 1806 668 rerum

976 680 1174 708 immobilium
1191 690 1257 709 cum
1273 682 1469 709 sacrosanctis
1480 681 1552 709 locis
1563 682 1739 717 permissum
1751 686 1806 712 est.

977 725 1027 752 Sin
1044 727 1142 753 autem
1157 726 1264 761 pignus
1275 726 1402 753 creditor
1416 726 1452 753 ad
1465 726 1644 762 corporalem
1662 727 1805 756 detentio-

976 777 1042 797 nem
1059 770 1213 806 acceperit,
1226 773 1255 798 et
1270 779 1315 798 res
1325 770 1488 798 immobilis
1500 771 1539 798 sit
1553 779 1618 806 quae
1631 772 1757 807 pertinet
1768 773 1804 800 ad

975 814 1139 848 ecclesiam,
1155 815 1201 843 vel
1225 816 1260 843 ad
1286 815 1343 843 alia
1365 815 1543 843 venerabilia
1558 815 1633 850 loca,
1647 816 1737 845 veluti
1752 818 1804 845 do-

975 866 1051 893 mus,
1067 859 1110 886 vel
1137 862 1267 895 pratum,
1283 859 1328 888 vel
1356 867 1434 895 ager,
1449 859 1493 887 vel
1510 859 1625 894 hortus,
1640 861 1684 888 vel
1711 869 1803 897 panes

977 904 1086 937 civiles,
1103 903 1147 931 vel
1173 904 1320 939 mancipia
1343 904 1518 932 rusticana:
1536 913 1603 933 nam
1630 913 1664 933 ea
1689 914 1806 942 quoque

975 948 1064 975 veluti
1091 948 1224 976 membra
1247 948 1444 976 immobilium
1469 957 1566 976 rerum
1593 952 1674 978 sunt.
1690 950 1718 977 Si
1737 951 1805 986 quis

976 993 1079 1020 horum
1096 993 1206 1028 aliquid
1224 993 1353 1029 pignoris
1376 993 1493 1021 nomine
1518 994 1709 1030 corporaliter
1724 1003 1805 1023 acre-

975 1037 1059 1072 perit,
1077 1038 1158 1074 prius
1172 1037 1291 1073 quidem
1308 1046 1402 1074 neque
1418 1040 1525 1066 sortem
1542 1047 1630 1075 quam
1646 1039 1737 1072 dedit,
1753 1048 1803 1067 πιθα

975 1090 1031 1117 que
1047 1091 1152 1110 usuras
1167 1091 1240 1118 quas
1255 1083 1327 1110 forte
1339 1082 1499 1118 stipulatus
1509 1085 1553 1111 est
1569 1083 1683 1119 exigat;
1699 1083 1805 1112 deinde

974 1127 1060 1154 etiam
1078 1126 1173 1162 ipsam
1191 1135 1250 1154 rem
1266 1134 1334 1155 cum
1346 1127 1410 1154 suis
1421 1127 1630 1155 emolumentis
1644 1128 1804 1156 venerabili

974 1171 1036 1199 loco
1052 1171 1196 1199 restituat.
1215 1171 1269 1199 Sed
1286 1174 1315 1198 et
1330 1171 1358 1198 in
1374 1171 1428 1199 hoc
1444 1180 1515 1199 casu
1530 1172 1671 1200 adversus
1687 1181 1802 1201 oecono-

974 1224 1066 1251 mum,
1082 1216 1125 1243 vel
1140 1215 1213 1243 alios
1229 1215 1485 1243 administratores
1496 1216 1707 1244 venerabilium
1725 1217 1801 1245 loco-

974 1268 1037 1287 rum
1066 1260 1230 1288 actionibus
1260 1259 1395 1287 creditori
1427 1260 1671 1295 competentibus,
1702 1260 1802 1288 omnia

972 1304 1050 1331 enim
1067 1312 1131 1340 quin
1146 1304 1275 1331 diximus
1286 1303 1374 1331 etiam
1391 1303 1421 1330 in
1437 1303 1596 1332 mulierum
1614 1304 1800 1332 monasteriis
1820 1335 1824 1340 ,

971 1348 1015 1375 vel
1031 1348 1164 1376 ascetriis
1180 1348 1313 1375 obtinere
1328 1349 1448 1382 oportet.

972 1402 1037 1429 Car.
1056 1402 1116 1429 186.
1131 1416 1167 1423 —
1182 1402 1214 1430 Ut
1228 1405 1354 1430 mutuam
1376 1402 1524 1437 pecuniam
1542 1402 1711 1430 venerabilis
1725 1402 1799 1430 locus

1007 1438 1108 1473 capiat,
1132 1438 1159 1465 si
1179 1446 1233 1473 qua
1254 1438 1410 1466 necessaria
1434 1439 1462 1465 ot
1485 1437 1690 1466 inexcusabilis
1715 1446 1801 1467 causa

1009 1475 1164 1508 immineat,
1179 1482 1235 1509 cap.
1253 1474 1281 1500 6.

1007 1527 1203 1562 (Justinianus,
1220 1526 1345 1562 ibidem).
1367 1526 1398 1554 Si
1412 1535 1472 1562 qua
1487 1527 1653 1555 necessaria
1667 1535 1757 1555 causa
1772 1530 1802 1556 et

972 1571 1180 1599 inexcusabilis
1190 1572 1335 1605 imminet,
1343 1573 1376 1598 ut
1391 1573 1525 1599 mutuam
1538 1572 1692 1607 pecuniam
1703 1572 1801 1608 capiat

972 1615 1146 1643 venerabilis
1157 1616 1250 1648 locus,
1261 1615 1346 1643 liceat
1357 1615 1516 1643 mconomis
1532 1615 1621 1643 etiam
1637 1623 1684 1643 res
1694 1616 1799 1644 immo-

971 1660 1044 1687 biles
1059 1659 1188 1695 obligare
1207 1659 1339 1695 pignoris
1352 1660 1429 1695 jure,
1446 1662 1545 1687 tamen
1561 1662 1594 1687 ut
1607 1659 1798 1696 corporaliter

971 1704 1164 1732 creditoribus
1180 1712 1237 1731 non
1253 1704 1420 1732 tradantur.

971 1757 1037 1785 CAP.
1056 1758 1116 1785 187.
1133 1772 1167 1777 ——
1183 1757 1240 1791 Qua
1252 1765 1333 1793 paena
1347 1756 1508 1785 coercendus
1517 1758 1563 1790 sit,
1579 1757 1628 1793 qui
1640 1759 1736 1785 sancta
1752 1766 1797 1785 υα-

1005 1802 1045 1827 sa,
1061 1794 1103 1821 vel
1117 1801 1196 1820 sacra
1213 1793 1297 1826 dona,
1319 1797 1413 1821 contra
1438 1793 1524 1828 legem
1546 1793 1588 1820 vel
1600 1793 1797 1828 pignerauerit,

1004 1830 1047 1865 vel
1061 1830 1233 1861 distraxerit,
1248 1830 1292 1856 vel
1305 1829 1479 1864 conﬂauerit,
1491 1829 1533 1857 val
1547 1837 1704 1865 quocunque
1717 1830 1798 1858 modo

1006 1864 1183 1900 alienaveril,
1198 1873 1259 1900 cap.
1276 1865 1302 1893 8.

1004 1918 1199 1953 (Justinianus,
1215 1917 1314 1946 eadem
1335 1925 1396 1946 nov.
1412 1920 1498 1945 coast.
1514 1918 1553 1954 7).
1570 1918 1687 1946 Eisdem
1704 1919 1798 1954 poenis

968 1962 1095 1991 coerceri
1110 1964 1225 1998 oportet
1239 1962 1329 1990 etiam
1345 1961 1441 1994 illum,
1458 1963 1507 1998 qui
1524 1965 1626 1991 sancta
1641 1971 1720 1998 vasa,
1737 1965 1798 1991 sive

968 2016 1051 2035 sacra
1062 2008 1139 2035 dona
1147 2009 1248 2035 contra
1255 2007 1348 2043 legem
1357 2006 1402 2035 vel
1413 2007 1619 2043 pigneraverit,
1635 2008 1677 2035 vel
1689 2008 1797 2035 distra-

967 2052 1051 2086 xerit,
1067 2051 1111 2079 vel
1126 2051 1305 2084 conﬂaverit,
1321 2051 1364 2079 vel
1388 2059 1566 2086 quocunque
1582 2051 1668 2079 modo
1684 2052 1797 2079 aliena-

967 2097 1051 2130 verit,
1066 2099 1188 2132 excepta
1201 2095 1335 2124 videlicet
1349 2095 1530 2130 captivorum
1547 2095 1758 2130 redemptione.

968 2149 1034 2177 CAP.
1052 2150 1113 2177 188.
1129 2165 1164 2169 -—
1179 2149 1257 2184 Quod
1270 2148 1344 2175 nulli
1356 2147 1438 2176 liceat
1450 2156 1501 2184 per
1514 2148 1718 2183 pragmaticum
1728 2156 1795 2175 san-

1001 2187 1117 2213 ctionem
1133 2183 1244 2220 aliquid
1257 2192 1358 2220 capere
1380 2184 1413 2211 de
1432 2183 1567 2219 ccclesiis,
1584 2183 1704 2219 aliisque
1715 2191 1796 2211 vene-

1003 2221 1140 2249 rabilibus
1156 2220 1233 2256 locis,
1249 2221 1306 2248 sive
1319 2227 1364 2248 res
1378 2220 1434 2247 sint
1448 2220 1561 2248 mobiles
1575 2220 1618 2247 vel
1631 2220 1796 2253 immobiles,

1000 2265 1061 2293 cap.
1077 2257 1105 2284 9.

1000 2310 1123 2346 (ΙαειίγιἼ
1150 2309 1246 2338 eadem
1269 2317 1331 2337 nov.
1356 2313 1442 2337 coast.
1465 2309 1504 2344 7).
1533 2308 1610 2336 Nulli
1633 2308 1721 2337 liceat
1745 2311 1799 2345 pel‘

966 2355 1177 2392 pragmaticam
1187 2354 1369 2382 sanctionem
1378 2353 1490 2389 aliquid
1501 2361 1613 2389 capere,
1626 2361 1689 2389 qua
1700 2361 1797 2382 sacro-

967 2400 1076 2428 sanctis
1091 2399 1233 2432 ecclcsiis,
1251 2399 1377 2434 aliisque
1392 2397 1610 2426 venerabilibus
1626 2397 1698 2425 locis
1713 2406 1796 2425 com-

968 2446 1081 2481 petunt,
1098 2444 1209 2471 scilicet
1233 2445 1261 2470 et
1277 2443 1301 2470 si
1326 2442 1494 2470 immobiles
1519 2442 1588 2476 sint,
1610 2442 1655 2470 vel
1671 2443 1796 2470 mobiles

969 2489 1099 2525 quidem,
1116 2488 1166 2515 sed
1182 2487 1302 2515 alienari
1319 2495 1375 2514 non
1393 2488 1527 2523 possunt.
1540 2486 1589 2514 Sin
1604 2488 1702 2514 autem
1715 2495 1794 2522 quai-

970 2535 1031 2561 stor
1042 2532 1216 2568 magniﬁcus
1228 2530 1286 2559 tale
1293 2530 1472 2566 descriptum
1480 2529 1689 2565 dictaverit,vel
1702 2530 1798 2559 caeteri

971 2576 1162 2613 magistratus
1177 2575 1360 2603 intimatione
1375 2574 1562 2611 pragmaticus
1573 2574 1671 2602 formae
1682 2583 1801 2611 recepe-

972 2622 1021 2655 rit,
1038 2620 1243 2656 unusquisque
1258 2619 1476 2656 quinquaginta
1487 2618 1629 2647 librarum
1643 2619 1706 2647 auri
1718 2628 1802 2655 poma

974 2665 1126 2695 multetur.
1135 2665 1184 2692 Sin
1195 2666 1292 2692 autem
1303 2663 1431 2700 religiosi
1440 2663 1570 2700 episcopi
1579 2663 1653 2691 tales
1664 2671 1803 2699 pragma-

975 2711 1050 2739 ticas
1066 2710 1232 2739 sanctiones
1246 2708 1488 2745 contempserint,
1512 2708 1575 2736 sine
1590 2708 1720 2744 periculo
1735 2716 1804 2735 con-

978 2756 1135 2792 tempsisse
1159 2756 1338 2791 cognoscant
1363 2763 1370 2783 :
1398 2761 1479 2787 nam,
1506 2753 1531 2781 si
1556 2751 1719 2788 receperint
1744 2760 1805 2789 eas,

979 2801 1066 2829 etiam
1078 2800 1263 2837 episcopatus
1275 2799 1413 2827 honorem
1426 2797 1586 2825 amissuros
1600 2804 1631 2824 se
1647 2805 1704 2824 non
1716 2797 1802 2825 dubi-
