3970 6058
344 226 452 282 243

1423 229 1490 278 D.
1531 225 1770 279 IVONIS
1805 224 2303 280 CARNOTENSIS
2341 225 2666 280 RPISCOPI

3655 221 3767 276 244

343 352 486 406 tant.
519 345 752 404 Nemini
779 344 955 402 liceat
983 345 1042 402 in
1073 350 1372 419 posterum
1407 348 1758 420 cujusquam
1791 363 1992 404 mona-
2022 351 2078 419 Α
2108 347 2379 420 quisquis
2409 353 2544 406 ante
2575 346 3019 404 mdiﬁcationem
3069 345 3348 420 loquatur
3376 346 3673 420 episcopo,
3709 355 3775 408 et

342 437 507 494 sterii
537 435 932 494 venditionem
964 436 1207 508 impiam
1232 438 1316 492 vel
1339 437 1740 505 donationem,
1765 437 1854 492 vel
1878 454 1999 508 per-

2110 437 2396 504 praeﬁniat
2427 440 2666 494 modum
2687 438 2840 510 quod
2872 437 2941 493 ad
2965 436 3284 492 luminaria
3307 453 3471 492 sacro
3496 437 3770 492 ministe-

346 526 740 584 mutationem
782 525 1149 594 contrahere,
1183 525 1280 581 ubi
1331 531 1389 582 et
1437 527 1619 582 altare
1649 527 2001 582 collocatum
2111 527 2196 582 rio
2227 532 2384 598 apta,
2417 531 2474 583 et
2498 527 2825 583 custodiam
2849 525 3111 598 oratorii,
3133 530 3190 582 et
3221 525 3535 582 alimonias
3563 541 3772 582 eorum

348 621 458 685 est,
492 620 549 672 et
579 632 754 672 sacra;
786 615 979 671 missae
1023 614 1190 670 factae
1237 619 1293 670 et
1327 616 1668 672 monachica
1697 631 2002 672 conversa-

2113 617 2211 688 qui
2248 616 2328 671 ibi
2357 616 2706 688 [observant,
2738 616 2996 672 sufﬁciat
3030 633 3043 670 :
3075 620 3133 671 et
3161 615 3210 670 si
3259 615 3380 671 haec
3413 615 3776 672 sufﬁcientia

348 705 454 762 tio.
505 704 608 763 Sin
656 709 853 760 autem
905 703 1126 775 aliquid
1170 702 1286 759 tale
1336 705 1512 760 fuerit
1559 705 1906 774 admissum,
1949 707 2008 759 et
2114 705 2240 760 visa
2283 705 2524 770 fuerint,
2573 707 2748 761 faciat
2793 706 2960 777 prius
3009 703 3383 761 donationem
3435 721 3662 775 eorum,
3715 710 3778 760 et

354 795 512 867 quod
545 796 759 850 factum
794 797 882 849 est
911 810 1015 865 pro
1040 793 1253 848 infecto
1285 793 1591 865 habeatur,
1619 798 1677 849 et
1706 794 1757 850 is
1786 793 1884 865 qui
1919 809 2009 848 ac-

355 884 510 957 cepit
538 883 793 955 pretium
824 881 1060 938 amittat
1096 899 1109 937 :
1143 888 1200 938 et
1224 882 1322 954 qui
1349 882 1704 954 distraxerit,
1727 887 1784 938 et
1809 899 1930 938 rem
1953 885 2011 936 et

355 973 610 1046 pretium
643 972 850 1029 reddat
873 976 1262 1028 sacrosanctae
1308 972 1587 1041 ecclesiae,
1619 977 1677 1028 et
1705 972 2010 1028 venerabi-

357 1062 515 1118 libus
547 1061 939 1126 monasteriis,
972 1078 1223 1133 quorum
1257 1079 1397 1118 cura
1425 1067 1569 1130 erat,
1597 1066 1662 1117 ut
1690 1061 2008 1118 alienatum

355 1154 561 1206 contra
615 1148 775 1222 leges
833 1149 1260 1204 monasterium
1320 1167 1528 1206 rursus
1582 1149 1639 1203 in
1692 1148 2007 1220 pristinum

357 1243 579 1296 statum
627 1238 994 1294 reducerent.
1043 1238 1198 1294 Nulli
1250 1243 1444 1295 autem
1497 1237 1734 1294 licentia
1787 1238 1864 1293 sit
1907 1253 2012 1292 nec

358 1327 532 1385 titulo
563 1327 895 1400 pignorum,
927 1344 1035 1384 nec
1064 1328 1531 1401 bypothecarum
1575 1330 2013 1384 sacrosanctum

357 1416 622 1490 obligare
651 1415 1100 1472 monasterium.
1149 1417 1294 1474 Nam
1345 1421 1404 1472 et
1432 1417 1480 1472 si
1509 1416 1624 1472 tale
1653 1415 1874 1488 aliquid
1907 1416 2015 1470 ad-

359 1507 611 1563 missum
643 1505 837 1576 fuerit,
870 1505 1110 1561 refutari
1135 1509 1383 1577 oportet,
1417 1510 1482 1560 ut
1506 1505 1718 1561 iterum
1749 1505 1809 1560 in
1841 1521 2018 1561 sanc-

357 1595 592 1653 tissimo
624 1595 980 1652 monasterio
1012 1611 1193 1650 sacrae
1226 1596 1547 1667 procedant
1577 1595 1791 1651 missae.

361 1687 497 1742 CAP.
535 1684 656 1740 189.
683 1715 752 1725 -
781 1684 848 1739 Si
875 1686 1218 1740 venerabilis
1243 1685 1389 1740 locus
1417 1701 1538 1740 cum
1572 1686 1684 1739 alio
1714 1682 2022 1738 venerabili

436 1759 549 1813 loco
620 1757 1081 1828 permutationem
1154 1772 1342 1812 rerum
1416 1757 1785 1812 immobilium
1833 1758 2020 1828 facere

438 1826 688 1894 voluerit,
751 1828 931 1899 liceat,
991 1827 1292 1885 deliberata
1346 1830 1504 1900 prius
1572 1830 1859 1900 utriusque
1911 1826 2021 1882 loci

434 1901 734 1967 commodo,
763 1916 882 1972 cap.
920 1900 1008 1955 10.

436 1989 494 2045 Si
525 1988 876 2045 venerabilis
905 1987 1070 2045 locus
1103 2005 1234 2045 cum
1267 1988 1380 2045 alio
1411 1989 1727 2045 venerabili
1759 1988 1906 2055 loco,
1934 2003 2024 2042 re-

369 2095 500 2134 rum
535 2076 931 2134 immobilium
983 2079 1476 2150 permutationem
1520 2079 1710 2134 facere
1737 2077 2026 2148 voluerit;

369 2167 417 2222 si
451 2165 699 2223 ecclesia
730 2183 863 2222 cum
887 2165 1260 2236 ecclesia,vel
1292 2167 1592 2240 ptochium
1617 2183 1748 2222 cum
1771 2165 2028 2240 ptochio,

371 2256 459 2313 vel
491 2255 738 2312 ecclesia
788 2273 922 2312 cum
978 2257 1212 2330 ptochio
1261 2256 1353 2313 vel
1404 2256 1779 2323 monasterio,
1833 2255 1920 2311 vel
1969 2257 2034 2310 ut

374 2343 726 2418 simpliciter
749 2345 994 2401 dixerim
1029 2365 1047 2400 :
1079 2345 1140 2401 Si
1182 2344 1529 2402 venerabilis
1561 2347 1725 2402 locus
1757 2360 1886 2400 cum
1920 2342 2033 2398 alio

387 2435 703 2490 venerabili
735 2433 881 2506 loco,
906 2451 1098 2491 rerum
1124 2434 1518 2491 immobilium
1543 2434 2034 2507 permutationem

385 2524 573 2580 facere
604 2522 895 2592 maluerit,
944 2523 1173 2598 hocque
1204 2524 1327 2580 ﬁeri
1378 2523 1562 2597 prosit
1606 2523 1838 2596 utrique
1869 2523 2034 2590 loco;

313 2635 325 2646 -
382 2611 558 2669 liceat
587 2612 940 2685 primatibus
988 2615 1116 2685 ejus
1161 2618 1516 2686 permutare,
1565 2613 1797 2669 decreto
1841 2617 2038 2666 tamen

383 2703 550 2775 prius
606 2702 954 2760 celebrando
1011 2705 1165 2776 apud
1233 2704 1493 2761 locorum
1557 2701 2039 2777 metropolitanos

387 2791 813 2862 disceptatione
834 2794 1206 2865 procedente,
1230 2798 1296 2850 ut
1318 2793 1429 2866 ipsi
1463 2792 1788 2848 deliberent
1809 2809 1881 2847 an
1915 2808 2038 2847 am-

380 2881 570 2936 babus
584 2881 848 2952 partibus
865 2883 1252 2953 prositrerum
1267 2881 1654 2938 immobilium
1672 2880 2038 2952 permutatio.

383 2969 674 3044 CAP.190.
702 3000 770 3010 -—
801 2970 952 3044 Quod
976 2987 1084 3026 non
1127 2971 1287 3026 liceat
1317 2973 1380 3026 ei
1415 2973 1521 3044 qui
1548 2972 1836 3044 ecclesiam
1868 2969 2041 3039 aediﬁ-

452 3043 561 3113 cat,
606 3055 738 3113 quos
787 3043 910 3109 ipse
959 3043 1189 3098 voluerit
1237 3043 1463 3097 clericos
1510 3045 1570 3097 in
1618 3059 1682 3097 ea
1736 3043 2039 3111 disponere,

451 3111 546 3238 Zegd
575 3111 707 3183 quos
723 3115 1042 3239 2episcopus
1089 3113 1281 3185 dignos
1312 3114 1664 3186 judicaverit.
1715 3115 2040 3170 Constitutio

531 3225 544 3252 ,
571 3199 692 3257 cap.
767 3225 781 3239 .

457 3273 833 3344 (Justinianus
892 3274 1217 3346 imperator,
1267 3289 1396 3331 nov.
1445 3291 1545 3330 sua
1592 3278 1876 3330 constitut.
1924 3273 2039 3346 57).

384 3361 442 3419 Si
477 3362 610 3436 quis
644 3361 952 3419 ecclesiam
1002 3363 1397 3432 aediﬁcaverit,
1449 3367 1551 3419 aut
1599 3362 1825 3419 clericis
1857 3379 2040 3419 anno-

387 3468 524 3508 nam
555 3467 625 3508 ex
666 3451 1000 3509 substantia
1029 3469 1138 3508 sua
1167 3453 1411 3521 dederit,
1461 3469 1573 3509 non
1607 3451 1781 3508 liceat
1810 3451 1861 3508 ei
1893 3468 2043 3524 quos

383 3539 635 3596 voluerit
663 3539 908 3598 clericos
941 3541 999 3598 in
1033 3542 1237 3599 eadem
1290 3540 1538 3598 ecclesia
1581 3541 1809 3612 facere;
1860 3541 1960 3597 sed
1993 3540 2042 3597 si

382 3628 654 3699 voluerit,
725 3631 1015 3702 quosdam
1091 3631 1205 3688 sibi
1263 3631 1617 3701 consecrari,
1674 3632 1878 3686 offerat
1945 3645 2044 3686 eos

382 3717 729 3775 beatissimo
749 3720 1095 3792 patriarchas
1119 3739 1133 3791 ;
1167 3725 1224 3778 et
1255 3721 1352 3778 ille
1373 3721 1423 3778 si
1453 3720 1668 3777 viderit
1689 3736 1788 3776 eos
1811 3719 2043 3791 dignos,

383 3811 818 3880 consecret;et
849 3810 899 3866 si
951 3827 1067 3867 non
1100 3811 1451 3884 probaverit,
1511 3809 1752 3866 arbitrio
1801 3824 1908 3864 suo
1954 3823 2044 3864 re-

377 3895 566 3968 jiciat.

379 3989 520 4044 CAP.
555 3987 682 4044 191.
714 4018 784 4028 -
817 3987 967 4056 Quod
995 4004 1105 4044 non
1139 3988 1301 4044 liceat
1331 3989 1383 4043 ei
1407 3989 1505 4059 qui
1534 3987 1834 4043 oratorium
1867 3989 1925 4042 in
1953 3987 2044 4043 do-

451 4075 542 4115 mo
570 4076 674 4116 sua
704 4059 884 4129 habet,
919 4061 1119 4116 missas
1149 4061 1209 4115 in
1239 4076 1301 4116 eo
1347 4062 1468 4116 sine
1488 4062 1655 4133 jussu
1683 4060 1922 4131 episcopi
1948 4075 2042 4114 ce-

454 4133 691 4192 lebrare.
727 4133 1054 4190 Constitutio
1081 4133 1176 4202 50,
1207 4148 1331 4204 cap.
1366 4133 1418 4188 1.

456 4222 688 4293 (Justin.
743 4224 876 4293 imp.
942 4223 1163 4279 novella
1216 4223 1436 4278 consist.
1495 4221 1606 4293 58).
1677 4221 1734 4276 Si
1791 4219 1924 4292 quis
1981 4220 2041 4276 in

387 4313 561 4366 domo
611 4327 721 4366 sua
763 4312 1083 4368 oratorium
1139 4311 1434 4380 habuerit,
1467 4327 1582 4366 non
1633 4310 1848 4365 audeat
1886 4308 1945 4363 in
1976 4325 2043 4365 eo

385 4401 579 4455 facere
625 4415 822 4456 sacras
856 4399 1090 4468 missas,
1125 4399 1238 4456 nisi
1289 4399 1532 4456 clericos
1582 4398 1877 4455 catholicae
1907 4397 2041 4453 fidei

2117 799 2318 866 postea
2348 796 2584 850 domum
2619 794 2885 850 aediﬁcet.
2916 795 3015 850 Sin
3046 799 3242 850 autem
3272 811 3399 866 qua":
3430 795 3503 850 ab
3533 811 3600 851 eo
3631 811 3778 868 prle-

2117 883 2285 938 ﬁnita
2315 889 2454 940 sunt
2486 901 2600 940 non
2635 883 2943 940 sufﬁciunt
2985 884 3057 940 ad
3089 884 3542 940 custodiendum
3575 889 3779 940 orato-

2119 972 2294 1043 rium,
2329 989 2560 1044 aequum
2585 978 2676 1030 est
2705 979 2901 1030 vetera
2921 973 3174 1030 oratoria
3196 990 3324 1046 quae
3355 974 3505 1029 forte
3539 973 3778 1028 ruinam

2121 1062 2424 1117 minantur
2453 1079 2743 1135 reparare,
2775 1080 2909 1118 cum
2959 1063 3203 1120 arbitrio
3235 1062 3668 1136 religiosissimi
3701 1062 3782 1118 ci-

2119 1150 2319 1206 vitatis
2347 1152 2630 1225 episcopi.

2123 1258 2256 1314 CAP.
2292 1258 2414 1313 193.
2448 1289 2516 1300 -
2542 1260 2721 1332 Quod
2749 1259 3025 1332 quidquid
3071 1260 3261 1315 divini
3306 1260 3448 1327 iuris
3487 1267 3536 1314 et
3565 1275 3787 1315 sacrum

2231 1334 2329 1396 est,
2364 1331 2419 1384 in
2453 1331 2665 1387 nullius
2693 1331 2770 1388 sit
2802 1331 2974 1388 bonis.
3003 1334 3164 1388 Libro
3185 1348 3248 1399 ιι,
3276 1331 3442 1387 titulo
3470 1332 3670 1402 primo.

2198 1437 2421 1500 (Justin.
2456 1438 2780 1509 imperator,
2813 1439 2912 1494 lib.
2945 1455 2986 1494 ιι
3019 1439 3457 1509 lnstitutionum,
3490 1439 3562 1494 De
3593 1454 3787 1494 rerum

2124 1525 2284 1580 divis.
2314 1534 2365 1581 et
2393 1529 2608 1597 acquir.
2641 1544 2760 1584 car.
2792 1529 2962 1597 dom).
3014 1527 3246 1583 Nullius
3291 1533 3486 1583 autem
3518 1531 3659 1582 sunt
3690 1543 3790 1582 res

2127 1630 2328 1680 880MB,
2357 1619 2416 1670 et
2463 1615 2769 1688 religiosae,
2805 1623 2862 1672 et
2905 1621 3140 1673 sanctae.
3193 1617 3358 1681 Quod
3407 1616 3563 1672 enim
3599 1615 3790 1671 divini

2049 1724 2096 1791 Β
2119 1704 2414 1774 jurisjest,
2445 1703 2503 1759 id
2537 1705 2761 1762 nullius
2787 1707 2844 1761 in
2879 1705 3050 1762 bonis
3082 1710 3191 1763 est.
3226 1707 3405 1762 Sacra
3433 1706 3589 1762 enim
3622 1709 3794 1776 sunt,

2136 1811 2262 1864 qua:
2307 1795 2437 1862 rite,
2467 1799 2524 1850 et
2571 1811 2674 1866 per
2720 1795 3027 1868 pontiﬁces
3074 1795 3190 1852 Deo
3239 1799 3580 1852 consecrata
3627 1800 3794 1853 sunt,

2135 1882 2312 1938 veluti
2342 1884 2494 1940 aedes
2544 1901 2720 1940 sacra:
2767 1889 2826 1941 et
2873 1886 3051 1954 dona,
3084 1889 3210 1957 Qum
3262 1885 3373 1942 rite
3403 1885 3474 1941 ad
3529 1884 3798 1941 ministe-

2138 1972 2288 2027 rium
2320 1972 2420 2028 Dei
2452 1978 2790 2030 consecrata
2810 1979 2949 2030 sunt
2981 1991 2994 2031 :
3029 1991 3155 2046 quae
3187 1974 3362 2030 etiam
3395 1990 3499 2047 per
3529 1978 3798 2030 nostram

2140 2061 2618 2118 constitutionem
2670 2063 2908 2119 alienari
2967 2067 3025 2120 et
3083 2063 3329 2136 obligari
3388 2063 3798 2134 prohibemus,

2141 2155 2374 2223 excepta
2405 2169 2584 2208 causa
2613 2153 3033 2224 redemptionis
3051 2154 3435 2225 captivorum.
3471 2155 3618 2210 Item.
3645 2153 3802 2209 San-

2143 2246 2248 2296 ctis
2277 2256 2506 2312 quoque
2551 2259 2667 2308 res,
2715 2241 2891 2298 veluti
2927 2259 3133 2298 murus
3181 2247 3239 2298 et
3283 2251 3460 2314 porta;
3505 2243 3803 2314 quodam-

2146 2329 2319 2385 modo
2369 2329 2546 2386 divini
2589 2331 2746 2402 juris
2796 2337 2957 2402 sunt,
2990 2336 3049 2388 et
3097 2332 3226 2388 ideo
3259 2332 3481 2388 nullius
3521 2333 3577 2387 in
3626 2331 3803 2387 bonis

2147 2423 2306 2474 sunt.
2368 2419 2530 2491 Ideo]
2552 2425 2747 2476 autem
2801 2438 3004 2478 muros
3052 2425 3290 2478 sanctos
3337 2421 3613 2488 dicimus,
3661 2420 3805 2492 quia

2147 2525 2318 2580 poma
2348 2508 2559 2580 capitis
2598 2510 2920 2566 constituta
2964 2514 3055 2568 est
3087 2511 3146 2566 in
3196 2527 3315 2582 eos,
3349 2510 3450 2583 qui
3482 2509 3702 2582 aliquid
3739 2509 3802 2564 in

2149 2615 2352 2654 muros
2379 2598 2751 2670 deliquerint.

2149 2705 2285 2763 CAP.
2320 2707 2442 2763 194.
2477 2738 2542 2747 -
2573 2709 2646 2762 De
2668 2709 2799 2782 jure
2839 2707 3050 2778 divino,
3099 2714 3154 2764 et
3194 2710 3330 2780 jure
3360 2707 3618 2765 humano.
3662 2709 3804 2782 Aug.

2495 2783 2652 2835 tract.
2687 2781 2722 2834 6
2750 2782 2808 2835 in
2835 2783 3019 2852 primo
3041 2797 3164 2853 cap.
3193 2783 3443 2838 Joannis.

2221 2887 2379 2955 (Dist.
2427 2887 2480 2952 8,
2526 2903 2576 2942 c.
2617 2891 2736 2957 Quo
2765 2888 2927 2959 iure).
2978 2890 3101 2953 Quo
3137 2889 3273 2958 jure
3324 2887 3587 2942 defendis
3634 2886 3810 2943 villas

2150 2975 2405 3034 ecclesias
2426 2977 2453 3032 ?
2483 2977 2702 3045 divino,
2731 2994 2804 3033 an
2827 2977 3087 3034 humano
3109 2977 3137 3032 ‘l
3167 2977 3582 3047 Respondeant
3608 2992 3621 3032 :
3646 2976 3813 3032 Divi-

2152 3081 2291 3120 num
2316 3067 2420 3136 jus
2449 3065 2506 3120 in
2540 3067 2859 3139 Scripturis
2889 3068 3195 3133 habemus,
3221 3066 3550 3121 humanum
3584 3065 3641 3120 in
3666 3065 3816 3139 legi-

2150 3155 2260 3209 bus
2292 3171 2516 3226 regum.
2542 3155 2704 3212 Unde
2737 3157 2986 3229 quisque
3019 3156 3283 3230 possidet
3313 3155 3466 3227 quod
3506 3155 3814 3228 possidet?

2150 3260 2342 3299 nonne
2363 3245 2500 3315 jure
2528 3245 2788 3302 humano
2811 3246 2838 3300 ‘l
2867 3247 3163 3317 Namjure
3189 3244 3388 3300 divino
3424 3261 3438 3300 :
3472 3246 3694 3300 Domini
3722 3251 3808 3301 est

2149 3335 2318 3399 terra,
2349 3338 2402 3389 et
2426 3335 2714 3406 plenitudo
2744 3337 2861 3408 ejus
2892 3337 3064 3407 (Psal.
3089 3340 3273 3404 χχιιι).
3306 3335 3596 3406 Pauperes
3625 3338 3681 3390 et
3711 3335 3811 3390 di-

2149 3422 2298 3480 vites
2327 3423 2614 3480 Dominus
2645 3425 2715 3480 de
2746 3442 2864 3480 uno
2895 3425 3038 3482 limo
3088 3423 3223 3479 fecit
3254 3427 3419 3491 (Gen.
3452 3424 3540 3494 ιι),
3571 3427 3630 3478 et
3659 3439 3809 3495 pau-

2154 3529 2320 3582 peres
2350 3517 2407 3569 ct
2433 3514 2643 3570 divites
2673 3531 2792 3570 una
2821 3518 2974 3570 terra
3005 3516 3335 3585 supportat.
3362 3511 3503 3568 Jure
3533 3527 3670 3584 ergo
3695 3511 3811 3567 hu-

2155 3619 2328 3658 mano
2361 3603 2594 3676 dicitur,
2627 3604 2748 3661 haec
2776 3604 2918 3660 villa
2961 3620 3089 3659 mea
3115 3608 3228 3669 est,
3262 3601 3382 3657 hec
3431 3601 3643 3657 domus
3677 3617 3816 3658 mea

2153 3697 2261 3761 est,
2297 3693 2391 3749 hic
2422 3709 2624 3751 servus
2656 3711 2824 3750 meus
2868 3697 2975 3750 est.
3027 3693 3169 3749 Jura
3197 3707 3334 3764 ergo
3365 3689 3645 3758 humana,
3669 3689 3816 3760 jura

2154 3783 2601 3856 imperatorum.
2632 3783 2857 3851 Quare!
2909 3781 3053 3848 Quia
3081 3782 3373 3855 ipsajura
3414 3779 3676 3836 humana
3710 3797 3819 3853 per

2152 3873 2558 3945 imperatores,
2591 3878 2648 3929 et
2678 3889 2844 3945 reges
2867 3871 3062 3930 saeculi
3096 3871 3254 3927 Deus
3275 3869 3580 3926 distribuit
3607 3868 3818 3941 generi

2152 3961 2428 4018 humano.
2461 3964 2593 4018 Post
2636 3965 2845 4034 aliquot
2872 3978 3082 4019 versus.
3137 3959 3298 4016 Tolle
3323 3961 3462 4028 jura
3491 3958 3814 4029 imperato-

2153 4053 2398 4118 rum,’et
2427 4054 2562 4128 quis
2593 4054 2772 4109 audet
2801 4053 2989 4108 dicere
3023 4069 3036 4108 :
3069 4054 3192 4106 Mea
3213 4053 3302 4105 est
3325 4047 3461 4103 villa
3491 4046 3613 4117 illa,
3639 4062 3814 4103 meus

2152 4146 2243 4198 est
2273 4143 2381 4198 iste
2414 4157 2637 4212 servus,
2672 4147 2775 4198 aut
2803 4143 3015 4198 domus
3047 4141 3166 4196 hinc
3198 4155 3325 4194 mea
3355 4136 3494 4194 est?
3522 4135 3578 4190 Si
3610 4139 3813 4191 autem

2154 4236 2537 4287 utteneantur
2559 4232 2673 4287 ista
2690 4230 3118 4288 abbominibus
3141 4244 3344 4300 regum
3362 4227 3499 4298 jura
3521 4225 3813 4293 fecerunt,

2150 4319 2330 4375 vultis
2361 4321 2670 4377 recitemus
2715 4320 2894 4393 leges,
2947 4324 3013 4374 ut
3058 4315 3414 4390 gaudeatis?
3463 4315 3536 4370 Ac
3565 4329 3817 4369 rursum.

2156 4409 2648 4482 Leganturlleges,
2666 4409 2761 4465 ubi
2794 4409 3105 4464 manifeste
3127 4407 3528 4478 praeceperunt
3554 4402 3816 4474 impera-

393 4488 680 4556 habuerit,
715 4489 814 4560 qui
846 4489 897 4545 ei
929 4490 1289 4561 deputentur
1319 4491 1576 4562 exjussu
1613 4487 2042 4561 religiosissimi
2075 4477 2120 4541 D
2155 4477 2333 4566 ιοιῖεε,
2363 4477 2462 4555 eo,
2493 4477 2594 4572 (Ιῖιί
2634 4477 2872 4572 ῥτοριει-
2897 4477 3165 4553 Ecclesia,
3211 4493 3509 4550 catholica
3541 4508 3816 4548 comm“-

390 4577 649 4650 episcopi
673 4577 1046 4651 civitatis,vel
1081 4577 1408 4636 beatissimi
1436 4578 1802 4652 patriarchae.
1829 4577 1885 4634 Si
1911 4577 2042 4649 quis

388 4671 584 4722 autem
617 4667 898 4724 adversus
929 4685 997 4724 ea
1025 4668 1245 4740 fecerit,
1279 4669 1492 4724 domus
1524 4669 1714 4740 ipsius
1745 4667 1866 4723 ﬁsci
1893 4665 2043 4737 juri-

387 4755 504 4810 bus
534 4756 860 4813 addicatur.

395 4842 536 4899 CAP.
570 4845 692 4901 192.
718 4877 788 4887 —
822 4847 886 4904 Ut
914 4847 1101 4903 nullus
1131 4847 1417 4903 ecclesiam
1447 4849 1535 4902 rel
1573 4847 1874 4902 oratorium
1903 4844 2042 4901 (rdi-

453 4915 623 4985 ficare
677 4918 903 4986 audeat,
949 4921 1087 4991 nisi
1135 4921 1299 4990 prius
1354 4920 1629 4991 allocutus
1706 4921 2039 4991 episcopum,

455 5004 754 5061 expensam
799 4990 1107 5060 prie/inim,
1139 5006 1264 5061 qua:
1293 4990 1363 5048 ad
1411 4990 1742 5060 luminaria,
1771 5001 1822 5046 et
1859 4997 2041 5044 custo-

455 5059 611 5116 diam
641 5059 898 5129 oratorii,
921 5065 970 5118 et
995 5059 1322 5118 alimoniam
1352 5079 1538 5119 eorum
1561 5065 1661 5134 qui
1680 5059 1764 5119 ibi
1781 5063 2044 5118 servituri

454 5137 603 5203 sunt,
636 5135 898 5206 sufﬁciat.
937 5134 1285 5202 Constitutio,
1315 5151 1434 5207 cap.
1472 5137 1522 5190 1.

455 5221 682 5291 (Justin.
715 5225 934 5296 imper..
963 5239 1087 5279 nov.
1119 5240 1222 5278 sua
1249 5225 1522 5280 constitut.
1554 5225 1665 5293 67).
1699 5222 1909 5280 Nullus
1942 5240 2042 5277 au-

385 5311 522 5368 deat
550 5312 838 5370 ediﬁcare
881 5311 1188 5370 ecclesiam
1238 5313 1327 5370 vel
1373 5313 1691 5370 oratorium
1724 5317 2037 5382 antequam

386 5400 642 5459 civitatis
671 5403 982 5477 episcopus
1009 5403 1224 5471 veniat,
1256 5409 1314 5460 et
1343 5408 1480 5461 vota
1501 5403 1719 5460 faciens
1741 5401 2040 5457 sanctissi-

388 5504 546 5546 mam
578 5510 811 5551 crucem
842 5493 1099 5550 inﬁxerit
1119 5492 1351 5566 publice
1373 5494 1429 5548 in
1456 5493 1659 5549 eodem
1689 5491 1815 5546 loco
1837 5506 2038 5562 procc-

389 5577 556 5650 dens,
586 5589 642 5638 et
671 5601 791 5642 rem
827 5583 1104 5642 omnibus
1138 5583 1511 5640 manifestam
1544 5583 1764 5638 faciens
1798 5597 1810 5636 :
1848 5596 2036 5636 unus-

2155 4589 2388 4645 nionem
2439 4593 2732 4662 usurpant
2788 4587 2902 4644 sibi
2961 4602 3174 4642 nomen
3229 4583 3661 4650 Christianum,
3701 4592 3813 4638 nec

2153 4679 2352 4735 volunt
2408 4679 2464 4733 in
2517 4695 2660 4750 pace
2709 4677 2897 4734 colere
2947 4677 3106 4747 pacis
3155 4679 3477 4742 auctorem,
3539 4676 3603 4726 ut
3659 4671 3814 4727 nihil

2154 4769 2392 4824 nomine
2437 4767 2702 4826 Ecclesia;
2752 4771 3007 4823 audeant
3058 4764 3379 4838 possidere.
3433 4761 3544 4818 Sed
3590 4760 3813 4830 dicitis,

2155 4859 2294 4931 quid
2329 4859 2495 4915 nobis
2527 4862 2583 4914 et
2603 4856 2942 4931 imperatori
2966 4857 2994 4910 ‘l
3021 4855 3133 4911 Sed
3157 4855 3244 4926 (ut
3267 4855 3387 4924 jam
3413 4849 3554 4922 dixi)
3579 4849 3652 4905 de
3673 4849 3814 4919 jure

2153 4947 2413 5004 humano
2444 4948 2654 5018 agitur,
2688 4952 2746 5003 et
2784 4955 2978 5003 tamen
3029 4943 3342 5016 Apostolus
3391 4939 3576 4996 voluit
3605 4937 3813 4993 serviri

2151 5037 2402 5111 legibus,
2433 5036 2617 5093 voluit
2648 5035 2922 5092 honorari
2956 5050 3144 5106 reges,
3169 5036 3226 5088 et
3255 5031 3401 5088 dixit
3427 5044 3620 5101 regem
3655 5043 3814 5082 reve-

2151 5129 2360 5185 remini
2397 5129 2443 5200 (l
2471 5131 2626 5183 Petr.
2659 5128 2744 5198 ιι).
2776 5125 2978 5182 Dicere
3012 5123 3153 5191 noli,
3204 5121 3343 5194 quid
3378 5118 3525 5174 mihi
3553 5121 3609 5174 et
3639 5115 3815 5189 regi?

2150 5221 2294 5284 Quid
2356 5218 2463 5273 tibi
2523 5232 2661 5289 ergo
2708 5219 2766 5272 et
2813 5213 3223 5288 possessioni?
3275 5211 3381 5267 Per
3415 5211 3553 5282 jura
3601 5222 3812 5278 regum

2152 5309 2529 5381 possidentur
2578 5306 3006 5378 possessiones.
3057 5302 3288 5360 Dixisti.
3341 5299 3491 5368 Quid
3550 5294 3698 5352 mibi
3757 5303 3816 5350 et

2150 5399 2271 5470 regi
2295 5397 2323 5452 τ
2351 5395 2481 5453 Noli
2531 5395 2721 5452 dicere
2768 5393 3172 5469 possessiones
3202 5397 3358 5458 tuas,
3390 5387 3529 5460 quia
3575 5385 3647 5442 ad
3679 5383 3816 5456 ipsa

2142 5489 2281 5559 jura
2307 5485 2654 5543 renuntiasti
2685 5485 2968 5558 humana,
3001 5485 3218 5557 quibus
3239 5477 3643 5556 possessiones
3671 5490 3811 5548 pos-

2150 5579 2436 5634 sidentur.
