  <div class='ocr_page' id='page_1' title='image "/cluster/home/n/w/nwhite01/storage/ocr_20150623/161/hvd.32044054760194/168.png"; bbox 0 0 3978 6060; ppageno 0'>
   <div class='ocr_carea' id='block_1_1' title="bbox 247 295 360 347">
    <p class='ocr_par' dir='ltr' id='par_1_1' title="bbox 247 295 360 347">
     <span class='ocr_line' id='line_1_1' title="bbox 247 295 360 347; baseline -0.009 0"><span class='ocrx_word' id='word_1_1' title='bbox 247 295 360 347; x_wconf 68' lang='grc'><strong>245</strong></span> 
     </span>
    </p>
   </div>
   <div class='ocr_carea' id='block_1_2' title="bbox 1219 289 2717 353">
    <p class='ocr_par' dir='ltr' id='par_1_2' title="bbox 1219 289 2717 353">
     <span class='ocr_line' id='line_1_2' title="bbox 1219 289 2717 353; baseline -0.004 -6"><span class='ocrx_word' id='word_1_2' title='bbox 1219 297 1530 349; x_wconf 80' lang='lat' dir='ltr'><strong>DECRETI</strong></span> <span class='ocrx_word' id='word_1_3' title='bbox 1568 294 1754 347; x_wconf 84' lang='lat' dir='ltr'><strong>PARS</strong></span> <span class='ocrx_word' id='word_1_4' title='bbox 1788 294 1886 345; x_wconf 88' lang='lat' dir='ltr'><strong>IlI.</strong></span> <span class='ocrx_word' id='word_1_5' title='bbox 1921 320 1989 333; x_wconf 78' lang='lat'><strong><em>—</em></strong></span> <span class='ocrx_word' id='word_1_6' title='bbox 2023 291 2119 344; x_wconf 81' lang='lat' dir='ltr'><strong>DE</strong></span> <span class='ocrx_word' id='word_1_7' title='bbox 2157 289 2521 353; x_wconf 81' lang='lat' dir='ltr'><strong>ECCLESIA,</strong></span> <span class='ocrx_word' id='word_1_8' title='bbox 2564 292 2717 344; x_wconf 81' lang='lat' dir='ltr'><strong>ETC.</strong></span> 
     </span>
    </p>
   </div>
   <div class='ocr_carea' id='block_1_3' title="bbox 3561 295 3669 349">
    <p class='ocr_par' dir='ltr' id='par_1_3' title="bbox 3561 295 3669 349">
     <span class='ocr_line' id='line_1_3' title="bbox 3561 295 3669 349; baseline 0.009 -1"><span class='ocrx_word' id='word_1_9' title='bbox 3561 295 3669 349; x_wconf 78' lang='grc'>246</span> 
     </span>
    </p>
   </div>
   <div class='ocr_carea' id='block_1_4' title="bbox 245 412 3665 491">
    <p class='ocr_par' dir='ltr' id='par_1_4' title="bbox 245 412 3665 491">
     <span class='ocr_line' id='line_1_4' title="bbox 245 412 3665 491; baseline -0 -16"><span class='ocrx_word' id='word_1_10' title='bbox 245 419 386 476; x_wconf 80' lang='lat' dir='ltr'><strong>CAP.</strong></span> <span class='ocrx_word' id='word_1_11' title='bbox 424 419 622 475; x_wconf 79' lang='lat'><strong>195.—-</strong></span> <span class='ocrx_word' id='word_1_12' title='bbox 655 422 720 474; x_wconf 82' lang='lat' dir='ltr'><strong>Et</strong></span> <span class='ocrx_word' id='word_1_13' title='bbox 753 426 948 475; x_wconf 85' lang='lat' dir='ltr'><strong>cuncta</strong></span> <span class='ocrx_word' id='word_1_14' title='bbox 980 434 1099 491; x_wconf 71' lang='lat' dir='ltr'><strong>qua:</strong></span> <span class='ocrx_word' id='word_1_15' title='bbox 1128 420 1236 475; x_wconf 91' lang='lat' dir='ltr'><strong>Deo</strong></span> <span class='ocrx_word' id='word_1_16' title='bbox 1263 420 1573 490; x_wconf 84' lang='lat' dir='ltr'><strong>oﬂeruntur</strong></span> <span class='ocrx_word' id='word_1_17' title='bbox 1600 417 1911 491; x_wconf 68' lang='lat' dir='ltr'><strong>consecrata</strong></span> <span class='ocrx_word' id='word_1_18' title='bbox 1940 414 1991 481; x_wconf 76' lang='grc' dir='ltr'><strong>Α</strong></span> <span class='ocrx_word' id='word_1_19' title='bbox 2026 412 2222 480; x_wconf 89' lang='lat' dir='ltr'><strong>homo,</strong></span> <span class='ocrx_word' id='word_1_20' title='bbox 2251 429 2381 469; x_wconf 91' lang='lat' dir='ltr'><strong>mea</strong></span> <span class='ocrx_word' id='word_1_21' title='bbox 2410 417 2500 469; x_wconf 91' lang='lat' dir='ltr'><strong>est</strong></span> <span class='ocrx_word' id='word_1_22' title='bbox 2526 417 2681 470; x_wconf 86' lang='lat' dir='ltr'><strong>terra</strong></span> <span class='ocrx_word' id='word_1_23' title='bbox 2709 429 2886 485; x_wconf 90' lang='lat' dir='ltr'><strong>quam</strong></span> <span class='ocrx_word' id='word_1_24' title='bbox 2919 412 3080 482; x_wconf 87' lang='lat' dir='ltr'><strong>colis,</strong></span> <span class='ocrx_word' id='word_1_25' title='bbox 3104 430 3235 471; x_wconf 87' lang='lat' dir='ltr'><strong>mea</strong></span> <span class='ocrx_word' id='word_1_26' title='bbox 3264 420 3403 473; x_wconf 88' lang='lat' dir='ltr'><strong>sunt</strong></span> <span class='ocrx_word' id='word_1_27' title='bbox 3432 433 3665 475; x_wconf 84' lang='lat' dir='ltr'><strong>summa</strong></span> 
     </span>
    </p>
   </div>
   <div class='ocr_carea' id='block_1_5' title="bbox 386 489 1764 561">
    <p class='ocr_par' dir='ltr' id='par_1_5' title="bbox 386 489 1764 561">
     <span class='ocr_line' id='line_1_5' title="bbox 386 489 1764 561; baseline -0.003 -15"><span class='ocrx_word' id='word_1_28' title='bbox 386 493 715 549; x_wconf 71' lang='lat' dir='ltr'><strong>habeantur.</strong></span> <span class='ocrx_word' id='word_1_29' title='bbox 748 492 832 546; x_wconf 78' lang='lat' dir='ltr'><strong>Ea:</strong></span> <span class='ocrx_word' id='word_1_30' title='bbox 859 489 1245 548; x_wconf 76' lang='lat' dir='ltr'><strong>Aurelianensi</strong></span> <span class='ocrx_word' id='word_1_31' title='bbox 1268 489 1523 558; x_wconf 81' lang='lat' dir='ltr'><strong>cencilio,</strong></span> <span class='ocrx_word' id='word_1_32' title='bbox 1556 506 1676 561; x_wconf 86' lang='lat' dir='ltr'><strong>cap.</strong></span> <span class='ocrx_word' id='word_1_33' title='bbox 1707 489 1764 542; x_wconf 90' lang='lat'><strong>7.</strong></span> 
     </span>
    </p>
   </div>
   <div class='ocr_carea' id='block_1_6' title="bbox 324 578 1902 653">
    <p class='ocr_par' dir='ltr' id='par_1_6' title="bbox 324 578 1902 653">
     <span class='ocr_line' id='line_1_6' title="bbox 324 578 1902 653; baseline -0.004 -16"><span class='ocrx_word' id='word_1_34' title='bbox 324 581 533 637; x_wconf 84' lang='lat' dir='ltr'><strong>Omnia</strong></span> <span class='ocrx_word' id='word_1_35' title='bbox 556 598 684 653; x_wconf 67' lang='lat' dir='ltr'><strong>quae</strong></span> <span class='ocrx_word' id='word_1_36' title='bbox 706 581 824 638; x_wconf 92' lang='lat' dir='ltr'><strong>Deo</strong></span> <span class='ocrx_word' id='word_1_37' title='bbox 848 581 1175 638; x_wconf 82' lang='lat' dir='ltr'><strong>oti&#39;eruntur</strong></span> <span class='ocrx_word' id='word_1_38' title='bbox 1199 586 1537 637; x_wconf 82' lang='lat' dir='ltr'><strong>consecrata</strong></span> <span class='ocrx_word' id='word_1_39' title='bbox 1556 578 1902 643; x_wconf 79' lang='lat' dir='ltr'><strong>habeantur,</strong></span> 
     </span>
    </p>
   </div>
   <div class='ocr_carea' id='block_1_7' title="bbox 245 665 1906 739">
    <p class='ocr_par' dir='ltr' id='par_1_7' title="bbox 245 665 1906 739">
     <span class='ocr_line' id='line_1_7' title="bbox 245 665 1906 739; baseline -0.002 -14"><span class='ocrx_word' id='word_1_40' title='bbox 245 671 310 726; x_wconf 90' lang='lat' dir='ltr'><strong>in</strong></span> <span class='ocrx_word' id='word_1_41' title='bbox 348 670 557 739; x_wconf 91' lang='lat' dir='ltr'><strong>vineis,</strong></span> <span class='ocrx_word' id='word_1_42' title='bbox 591 672 782 739; x_wconf 91' lang='lat' dir='ltr'><strong>terris,</strong></span> <span class='ocrx_word' id='word_1_43' title='bbox 834 671 1020 738; x_wconf 90' lang='lat' dir='ltr'><strong>silvis,</strong></span> <span class='ocrx_word' id='word_1_44' title='bbox 1073 671 1484 737; x_wconf 89' lang='lat' dir='ltr'><strong>ustensilibus,</strong></span> <span class='ocrx_word' id='word_1_45' title='bbox 1514 665 1906 736; x_wconf 78' lang='lat' dir='ltr'><strong>vestimentis,</strong></span> 
     </span>
    </p>
   </div>
   <div class='ocr_carea' id='block_1_8' title="bbox 243 754 1904 834">
    <p class='ocr_par' dir='ltr' id='par_1_8' title="bbox 243 754 1904 834">
     <span class='ocr_line' id='line_1_8' title="bbox 243 754 1904 834; baseline -0.003 -18"><span class='ocrx_word' id='word_1_46' title='bbox 243 761 561 831; x_wconf 83' lang='lat' dir='ltr'><strong>pecoribus</strong></span> <span class='ocrx_word' id='word_1_47' title='bbox 590 767 648 816; x_wconf 88' lang='lat' dir='ltr'><strong>et</strong></span> <span class='ocrx_word' id='word_1_48' title='bbox 678 761 921 834; x_wconf 83' lang='lat' dir='ltr'><strong>reliquis</strong></span> <span class='ocrx_word' id='word_1_49' title='bbox 954 760 1453 833; x_wconf 83' lang='lat' dir='ltr'><strong>possessionibus,</strong></span> <span class='ocrx_word' id='word_1_50' title='bbox 1483 763 1541 815; x_wconf 91' lang='lat' dir='ltr'><strong>et</strong></span> <span class='ocrx_word' id='word_1_51' title='bbox 1571 774 1697 830; x_wconf 61' lang='lat' dir='ltr'><strong>qua:</strong></span> <span class='ocrx_word' id='word_1_52' title='bbox 1726 754 1904 811; x_wconf 90' lang='lat' dir='ltr'><strong>eccle-</strong></span> 
     </span>
    </p>
   </div>
   <div class='ocr_carea' id='block_1_9' title="bbox 243 848 1897 924">
    <p class='ocr_par' dir='ltr' id='par_1_9' title="bbox 243 848 1897 924">
     <span class='ocr_line' id='line_1_9' title="bbox 243 848 1897 924; baseline -0.002 -20"><span class='ocrx_word' id='word_1_53' title='bbox 243 849 378 916; x_wconf 84' lang='lat' dir='ltr'><strong>siis,</strong></span> <span class='ocrx_word' id='word_1_54' title='bbox 411 848 538 905; x_wconf 84' lang='lat' dir='ltr'><strong>sine</strong></span> <span class='ocrx_word' id='word_1_55' title='bbox 570 850 749 906; x_wconf 92' lang='lat' dir='ltr'><strong>dubio</strong></span> <span class='ocrx_word' id='word_1_56' title='bbox 775 850 1035 920; x_wconf 87' lang='lat' dir='ltr'><strong>Christo,</strong></span> <span class='ocrx_word' id='word_1_57' title='bbox 1086 849 1187 924; x_wconf 88' lang='lat' dir='ltr'><strong>qui</strong></span> <span class='ocrx_word' id='word_1_58' title='bbox 1235 866 1489 923; x_wconf 91' lang='lat' dir='ltr'><strong>sponsus</strong></span> <span class='ocrx_word' id='word_1_59' title='bbox 1538 851 1627 904; x_wconf 91' lang='lat' dir='ltr'><strong>est</strong></span> <span class='ocrx_word' id='word_1_60' title='bbox 1673 862 1897 912; x_wconf 90' lang='lat' dir='ltr'><strong>earum,</strong></span> 
     </span>
    </p>
   </div>
   <div class='ocr_carea' id='block_1_10' title="bbox 241 939 594 996">
    <p class='ocr_par' dir='ltr' id='par_1_10' title="bbox 241 939 594 996">
     <span class='ocr_line' id='line_1_10' title="bbox 241 939 594 996; baseline 0.008 -3"><span class='ocrx_word' id='word_1_61' title='bbox 241 939 594 996; x_wconf 76' lang='lat' dir='ltr'><strong>offeruntur.</strong></span> 
     </span>
    </p>
   </div>
   <div class='ocr_carea' id='block_1_11' title="bbox 236 1028 1899 1102">
    <p class='ocr_par' dir='ltr' id='par_1_11' title="bbox 236 1028 1899 1102">
     <span class='ocr_line' id='line_1_11' title="bbox 236 1028 1899 1102; baseline -0.001 -19"><span class='ocrx_word' id='word_1_62' title='bbox 236 1032 373 1085; x_wconf 69' lang='lat' dir='ltr'><strong>CAP.</strong></span> <span class='ocrx_word' id='word_1_63' title='bbox 407 1029 529 1085; x_wconf 83' lang='lat'><strong>196.</strong></span> <span class='ocrx_word' id='word_1_64' title='bbox 563 1060 632 1070; x_wconf 91' lang='lat'><strong>-—</strong></span> <span class='ocrx_word' id='word_1_65' title='bbox 666 1030 730 1087; x_wconf 90' lang='lat' dir='ltr'><strong>Ut</strong></span> <span class='ocrx_word' id='word_1_66' title='bbox 756 1028 974 1086; x_wconf 88' lang='lat' dir='ltr'><strong>decima</strong></span> <span class='ocrx_word' id='word_1_67' title='bbox 1018 1030 1175 1086; x_wconf 84' lang='lat' dir='ltr'><strong>nullo</strong></span> <span class='ocrx_word' id='word_1_68' title='bbox 1221 1028 1379 1086; x_wconf 89' lang='lat' dir='ltr'><strong>modo</strong></span> <span class='ocrx_word' id='word_1_69' title='bbox 1421 1028 1765 1102; x_wconf 73' lang='lat' dir='ltr'><strong>negligatur.</strong></span> <span class='ocrx_word' id='word_1_70' title='bbox 1815 1028 1899 1082; x_wconf 68' lang='lat' dir='ltr'><strong>Ex</strong></span> 
     </span>
    </p>
   </div>
   <div class='ocr_carea' id='block_1_12' title="bbox 593 1102 1545 1175">
    <p class='ocr_par' dir='ltr' id='par_1_12' title="bbox 593 1102 1545 1175">
     <span class='ocr_line' id='line_1_12' title="bbox 593 1102 1545 1175; baseline 0 -18"><span class='ocrx_word' id='word_1_71' title='bbox 593 1103 830 1158; x_wconf 82' lang='lat' dir='ltr'><strong>concilio</strong></span> <span class='ocrx_word' id='word_1_72' title='bbox 856 1104 1309 1175; x_wconf 83' lang='lat' dir='ltr'><strong>Rothomagensi,</strong></span> <span class='ocrx_word' id='word_1_73' title='bbox 1341 1118 1459 1173; x_wconf 82' lang='lat' dir='ltr'><strong>cap.</strong></span> <span class='ocrx_word' id='word_1_74' title='bbox 1493 1102 1545 1157; x_wconf 91' lang='lat'><strong>3.</strong></span> 
     </span>
    </p>
   </div>
   <div class='ocr_carea' id='block_1_13' title="bbox 314 1188 1893 1264">
    <p class='ocr_par' dir='ltr' id='par_1_13' title="bbox 314 1188 1893 1264">
     <span class='ocr_line' id='line_1_13' title="bbox 314 1188 1893 1264; baseline -0.001 -19"><span class='ocrx_word' id='word_1_75' title='bbox 314 1191 427 1263; x_wconf 86' lang='lat'><strong>(16,</strong></span> <span class='ocrx_word' id='word_1_76' title='bbox 477 1209 529 1264; x_wconf 89' lang='lat' dir='ltr'><strong>q.</strong></span> <span class='ocrx_word' id='word_1_77' title='bbox 590 1193 646 1263; x_wconf 86' lang='lat'><strong>7,</strong></span> <span class='ocrx_word' id='word_1_78' title='bbox 698 1208 746 1249; x_wconf 90' lang='lat' dir='ltr'><strong>c.</strong></span> <span class='ocrx_word' id='word_1_79' title='bbox 799 1192 996 1249; x_wconf 83' lang='lat' dir='ltr'><strong>Omnes</strong></span> <span class='ocrx_word' id='word_1_80' title='bbox 1051 1193 1321 1264; x_wconf 67' lang='lat' dir='ltr'><strong>decimae.)</strong></span> <span class='ocrx_word' id='word_1_81' title='bbox 1379 1192 1596 1247; x_wconf 84' lang='lat' dir='ltr'><strong>Omnes</strong></span> <span class='ocrx_word' id='word_1_82' title='bbox 1653 1188 1893 1245; x_wconf 55' lang='lat' dir='ltr'><strong>decima</strong></span> 
     </span>
    </p>
   </div>
   <div class='ocr_carea' id='block_1_14' title="bbox 236 1282 1891 1356">
    <p class='ocr_par' dir='ltr' id='par_1_14' title="bbox 236 1282 1891 1356">
     <span class='ocr_line' id='line_1_14' title="bbox 236 1282 1891 1356; baseline -0.002 -18"><span class='ocrx_word' id='word_1_83' title='bbox 236 1286 416 1338; x_wconf 62' lang='lat' dir='ltr'><strong>terra</strong></span> <span class='ocrx_word' id='word_1_84' title='bbox 475 1283 597 1339; x_wconf 86' lang='lat' dir='ltr'><strong>sive</strong></span> <span class='ocrx_word' id='word_1_85' title='bbox 648 1284 720 1340; x_wconf 89' lang='lat' dir='ltr'><strong>de</strong></span> <span class='ocrx_word' id='word_1_86' title='bbox 765 1284 1057 1355; x_wconf 81' lang='lat' dir='ltr'><strong>frugibus,</strong></span> <span class='ocrx_word' id='word_1_87' title='bbox 1109 1285 1228 1340; x_wconf 87' lang='lat' dir='ltr'><strong>sive</strong></span> <span class='ocrx_word' id='word_1_88' title='bbox 1277 1285 1346 1339; x_wconf 91' lang='lat' dir='ltr'><strong>de</strong></span> <span class='ocrx_word' id='word_1_89' title='bbox 1378 1282 1568 1356; x_wconf 84' lang='lat' dir='ltr'><strong>pomis</strong></span> <span class='ocrx_word' id='word_1_90' title='bbox 1613 1282 1891 1337; x_wconf 90' lang='lat' dir='ltr'><strong>arborum</strong></span> 
     </span>
    </p>
   </div>
   <div class='ocr_carea' id='block_1_15' title="bbox 234 1372 1889 1444">
    <p class='ocr_par' dir='ltr' id='par_1_15' title="bbox 234 1372 1889 1444">
     <span class='ocr_line' id='line_1_15' title="bbox 234 1372 1889 1444; baseline -0.001 -17"><span class='ocrx_word' id='word_1_91' title='bbox 234 1372 479 1427; x_wconf 90' lang='lat' dir='ltr'><strong>Domini</strong></span> <span class='ocrx_word' id='word_1_92' title='bbox 510 1377 671 1444; x_wconf 88' lang='lat' dir='ltr'><strong>sunt,</strong></span> <span class='ocrx_word' id='word_1_93' title='bbox 703 1377 760 1430; x_wconf 90' lang='lat' dir='ltr'><strong>et</strong></span> <span class='ocrx_word' id='word_1_94' title='bbox 786 1373 872 1427; x_wconf 90' lang='lat' dir='ltr'><strong>illi</strong></span> <span class='ocrx_word' id='word_1_95' title='bbox 904 1374 1371 1431; x_wconf 82' lang='lat' dir='ltr'><strong>sanctiﬁcantur.</strong></span> <span class='ocrx_word' id='word_1_96' title='bbox 1401 1374 1599 1442; x_wconf 87' lang='lat' dir='ltr'><strong>Boves,</strong></span> <span class='ocrx_word' id='word_1_97' title='bbox 1631 1376 1688 1427; x_wconf 90' lang='lat' dir='ltr'><strong>et</strong></span> <span class='ocrx_word' id='word_1_98' title='bbox 1734 1385 1889 1437; x_wconf 90' lang='lat' dir='ltr'><strong>oves,</strong></span> 
     </span>
    </p>
   </div>
   <div class='ocr_carea' id='block_1_16' title="bbox 232 1458 1889 1537">
    <p class='ocr_par' dir='ltr' id='par_1_16' title="bbox 232 1458 1889 1537">
     <span class='ocr_line' id='line_1_16' title="bbox 232 1458 1889 1537; baseline -0.002 -20"><span class='ocrx_word' id='word_1_99' title='bbox 232 1465 298 1517; x_wconf 89' lang='lat' dir='ltr'><strong>et</strong></span> <span class='ocrx_word' id='word_1_100' title='bbox 313 1478 505 1533; x_wconf 70' lang='lat' dir='ltr'><strong>capra:</strong></span> <span class='ocrx_word' id='word_1_101' title='bbox 527 1479 653 1535; x_wconf 71' lang='lat' dir='ltr'><strong>quas</strong></span> <span class='ocrx_word' id='word_1_102' title='bbox 676 1464 785 1519; x_wconf 90' lang='lat' dir='ltr'><strong>sub</strong></span> <span class='ocrx_word' id='word_1_103' title='bbox 808 1463 1063 1535; x_wconf 84' lang='lat' dir='ltr'><strong>pastoris</strong></span> <span class='ocrx_word' id='word_1_104' title='bbox 1082 1462 1245 1537; x_wconf 85' lang='lat' dir='ltr'><strong>virga</strong></span> <span class='ocrx_word' id='word_1_105' title='bbox 1266 1458 1889 1533; x_wconf 87' lang='lat' dir='ltr'><strong>transeunt,quidquid</strong></span> 
     </span>
    </p>
   </div>
   <div class='ocr_carea' id='block_1_17' title="bbox 234 1549 1888 1621">
    <p class='ocr_par' dir='ltr' id='par_1_17' title="bbox 234 1549 1888 1621">
     <span class='ocr_line' id='line_1_17' title="bbox 234 1549 1888 1621; baseline -0.002 -14"><span class='ocrx_word' id='word_1_106' title='bbox 234 1552 539 1608; x_wconf 90' lang='lat' dir='ltr'><strong>decimum</strong></span> <span class='ocrx_word' id='word_1_107' title='bbox 598 1553 841 1621; x_wconf 84' lang='lat' dir='ltr'><strong>venerit,</strong></span> <span class='ocrx_word' id='word_1_108' title='bbox 893 1553 1358 1609; x_wconf 81' lang='lat' dir='ltr'><strong>sanctiﬁcabitur</strong></span> <span class='ocrx_word' id='word_1_109' title='bbox 1426 1552 1694 1609; x_wconf 91' lang='lat' dir='ltr'><strong>Domino.</strong></span> <span class='ocrx_word' id='word_1_110' title='bbox 1763 1549 1888 1604; x_wconf 91' lang='lat' dir='ltr'><strong>Non</strong></span> 
     </span>
    </p>
   </div>
   <div class='ocr_carea' id='block_1_18' title="bbox 236 1638 1887 1717">
    <p class='ocr_par' dir='ltr' id='par_1_18' title="bbox 236 1638 1887 1717">
     <span class='ocr_line' id='line_1_18' title="bbox 236 1638 1887 1717; baseline -0.002 -19"><span class='ocrx_word' id='word_1_111' title='bbox 236 1642 495 1714; x_wconf 82' lang='lat' dir='ltr'><strong>eligetur</strong></span> <span class='ocrx_word' id='word_1_112' title='bbox 524 1659 715 1716; x_wconf 91' lang='lat' dir='ltr'><strong>neque</strong></span> <span class='ocrx_word' id='word_1_113' title='bbox 744 1644 965 1700; x_wconf 89' lang='lat' dir='ltr'><strong>bonum</strong></span> <span class='ocrx_word' id='word_1_114' title='bbox 1012 1660 1203 1717; x_wconf 90' lang='lat' dir='ltr'><strong>neque</strong></span> <span class='ocrx_word' id='word_1_115' title='bbox 1252 1643 1498 1713; x_wconf 88' lang='lat' dir='ltr'><strong>malum,</strong></span> <span class='ocrx_word' id='word_1_116' title='bbox 1550 1658 1655 1697; x_wconf 90' lang='lat' dir='ltr'><strong>nec</strong></span> <span class='ocrx_word' id='word_1_117' title='bbox 1701 1638 1887 1695; x_wconf 87' lang='lat' dir='ltr'><strong>altero</strong></span> 
     </span>
    </p>
   </div>
   <div class='ocr_carea' id='block_1_19' title="bbox 234 1734 1882 1809">
    <p class='ocr_par' dir='ltr' id='par_1_19' title="bbox 234 1734 1882 1809">
     <span class='ocr_line' id='line_1_19' title="bbox 234 1734 1882 1809; baseline -0.002 -19"><span class='ocrx_word' id='word_1_118' title='bbox 234 1735 721 1793; x_wconf 79' lang='lat' dir='ltr'><strong>commutabitur.</strong></span> <span class='ocrx_word' id='word_1_119' title='bbox 750 1736 806 1792; x_wconf 92' lang='lat' dir='ltr'><strong>Si</strong></span> <span class='ocrx_word' id='word_1_120' title='bbox 838 1736 974 1809; x_wconf 90' lang='lat' dir='ltr'><strong>quis</strong></span> <span class='ocrx_word' id='word_1_121' title='bbox 1005 1737 1340 1805; x_wconf 80' lang='lat' dir='ltr'><strong>mutaverit,</strong></span> <span class='ocrx_word' id='word_1_122' title='bbox 1374 1739 1431 1792; x_wconf 90' lang='lat' dir='ltr'><strong>et</strong></span> <span class='ocrx_word' id='word_1_123' title='bbox 1460 1734 1616 1807; x_wconf 91' lang='lat' dir='ltr'><strong>quod</strong></span> <span class='ocrx_word' id='word_1_124' title='bbox 1668 1734 1882 1800; x_wconf 83' lang='lat' dir='ltr'><strong>mutat,</strong></span> 
     </span>
    </p>
   </div>
   <div class='ocr_carea' id='block_1_20' title="bbox 234 1796 1961 1896">
    <p class='ocr_par' dir='ltr' id='par_1_20' title="bbox 234 1796 1961 1896">
     <span class='ocr_line' id='line_1_20' title="bbox 234 1796 1961 1896; baseline -0.003 -15"><span class='ocrx_word' id='word_1_125' title='bbox 234 1829 294 1881; x_wconf 87' lang='lat' dir='ltr'><strong>et</strong></span> <span class='ocrx_word' id='word_1_126' title='bbox 324 1826 480 1896; x_wconf 90' lang='lat' dir='ltr'><strong>quod</strong></span> <span class='ocrx_word' id='word_1_127' title='bbox 515 1830 809 1882; x_wconf 90' lang='lat' dir='ltr'><strong>mutatum</strong></span> <span class='ocrx_word' id='word_1_128' title='bbox 843 1796 955 1895; x_wconf 79' lang='lat' dir='ltr'><strong>est,</strong></span> <span class='ocrx_word' id='word_1_129' title='bbox 989 1796 1778 1887; x_wconf 41' lang='lat' dir='ltr'><strong>sanetificabiturbomiuo,</strong></span> <span class='ocrx_word' id='word_1_130' title='bbox 1828 1796 1885 1877; x_wconf 86' lang='lat' dir='ltr'><strong>et</strong></span> <span class='ocrx_word' id='word_1_131' title='bbox 1912 1796 1961 1862; x_wconf 82' lang='lat' dir='ltr'><strong>B</strong></span> 
     </span>
    </p>
   </div>
   <div class='ocr_carea' id='block_1_21' title="bbox 230 1913 1886 1990">
    <p class='ocr_par' dir='ltr' id='par_1_21' title="bbox 230 1913 1886 1990">
     <span class='ocr_line' id='line_1_21' title="bbox 230 1913 1886 1990; baseline -0.002 -20"><span class='ocrx_word' id='word_1_132' title='bbox 230 1931 351 1971; x_wconf 89' lang='lat' dir='ltr'><strong>non</strong></span> <span class='ocrx_word' id='word_1_133' title='bbox 377 1916 717 1972; x_wconf 83' lang='lat' dir='ltr'><strong>redimetur.</strong></span> <span class='ocrx_word' id='word_1_134' title='bbox 734 1917 845 1974; x_wconf 87' lang='lat' dir='ltr'><strong>Sed</strong></span> <span class='ocrx_word' id='word_1_135' title='bbox 874 1917 1014 1990; x_wconf 88' lang='lat' dir='ltr'><strong>quia</strong></span> <span class='ocrx_word' id='word_1_136' title='bbox 1033 1916 1203 1973; x_wconf 89' lang='lat' dir='ltr'><strong>multi</strong></span> <span class='ocrx_word' id='word_1_137' title='bbox 1227 1916 1606 1973; x_wconf 89' lang='lat' dir='ltr'><strong>inveniuntur</strong></span> <span class='ocrx_word' id='word_1_138' title='bbox 1626 1913 1886 1969; x_wconf 90' lang='lat' dir='ltr'><strong>decimas</strong></span> 
     </span>
    </p>
   </div>
   <div class='ocr_carea' id='block_1_22' title="bbox 230 2002 1886 2072">
    <p class='ocr_par' dir='ltr' id='par_1_22' title="bbox 230 2002 1886 2072">
     <span class='ocr_line' id='line_1_22' title="bbox 230 2002 1886 2072; baseline -0.002 -13"><span class='ocrx_word' id='word_1_139' title='bbox 230 2004 376 2059; x_wconf 88' lang='lat' dir='ltr'><strong>dare</strong></span> <span class='ocrx_word' id='word_1_140' title='bbox 412 2004 695 2072; x_wconf 86' lang='lat' dir='ltr'><strong>nolentes,</strong></span> <span class='ocrx_word' id='word_1_141' title='bbox 723 2006 1045 2063; x_wconf 83' lang='lat' dir='ltr'><strong>statuimus</strong></span> <span class='ocrx_word' id='word_1_142' title='bbox 1074 2010 1139 2063; x_wconf 88' lang='lat' dir='ltr'><strong>ut</strong></span> <span class='ocrx_word' id='word_1_143' title='bbox 1168 2006 1493 2063; x_wconf 91' lang='lat' dir='ltr'><strong>secundum</strong></span> <span class='ocrx_word' id='word_1_144' title='bbox 1530 2002 1757 2059; x_wconf 89' lang='lat' dir='ltr'><strong>Domini</strong></span> <span class='ocrx_word' id='word_1_145' title='bbox 1779 2018 1886 2057; x_wconf 91' lang='lat' dir='ltr'><strong>no-</strong></span> 
     </span>
    </p>
   </div>
   <div class='ocr_carea' id='block_1_23' title="bbox 228 2094 1888 2168">
    <p class='ocr_par' dir='ltr' id='par_1_23' title="bbox 228 2094 1888 2168">
     <span class='ocr_line' id='line_1_23' title="bbox 228 2094 1888 2168; baseline -0.001 -20"><span class='ocrx_word' id='word_1_146' title='bbox 228 2095 342 2149; x_wconf 88' lang='lat' dir='ltr'><strong>stri</strong></span> <span class='ocrx_word' id='word_1_147' title='bbox 375 2100 729 2168; x_wconf 69' lang='lat' dir='ltr'><strong>preceptum</strong></span> <span class='ocrx_word' id='word_1_148' title='bbox 762 2098 1194 2153; x_wconf 88' lang='lat' dir='ltr'><strong>admoneantur</strong></span> <span class='ocrx_word' id='word_1_149' title='bbox 1224 2096 1427 2163; x_wconf 91' lang='lat' dir='ltr'><strong>semel,</strong></span> <span class='ocrx_word' id='word_1_150' title='bbox 1459 2098 1515 2151; x_wconf 89' lang='lat' dir='ltr'><strong>et</strong></span> <span class='ocrx_word' id='word_1_151' title='bbox 1546 2094 1888 2159; x_wconf 90' lang='lat' dir='ltr'><strong>secundo,et</strong></span> 
     </span>
    </p>
   </div>
   <div class='ocr_carea' id='block_1_24' title="bbox 232 2181 1889 2255">
    <p class='ocr_par' dir='ltr' id='par_1_24' title="bbox 232 2181 1889 2255">
     <span class='ocr_line' id='line_1_24' title="bbox 232 2181 1889 2255; baseline -0.001 -16"><span class='ocrx_word' id='word_1_152' title='bbox 232 2185 433 2253; x_wconf 87' lang='lat' dir='ltr'><strong>tertio,</strong></span> <span class='ocrx_word' id='word_1_153' title='bbox 466 2186 516 2242; x_wconf 90' lang='lat' dir='ltr'><strong>si</strong></span> <span class='ocrx_word' id='word_1_154' title='bbox 547 2203 662 2243; x_wconf 92' lang='lat' dir='ltr'><strong>non</strong></span> <span class='ocrx_word' id='word_1_155' title='bbox 694 2186 1157 2255; x_wconf 89' lang='lat' dir='ltr'><strong>emendaverint,</strong></span> <span class='ocrx_word' id='word_1_156' title='bbox 1191 2184 1584 2241; x_wconf 86' lang='lat' dir='ltr'><strong>anathematis</strong></span> <span class='ocrx_word' id='word_1_157' title='bbox 1635 2181 1889 2239; x_wconf 88' lang='lat' dir='ltr'><strong>vinculis</strong></span> 
     </span>
    </p>
   </div>
   <div class='ocr_carea' id='block_1_25' title="bbox 231 2275 1887 2350">
    <p class='ocr_par' dir='ltr' id='par_1_25' title="bbox 231 2275 1887 2350">
     <span class='ocr_line' id='line_1_25' title="bbox 231 2275 1887 2350; baseline -0.002 -19"><span class='ocrx_word' id='word_1_158' title='bbox 231 2276 744 2349; x_wconf 88' lang='lat' dir='ltr'><strong>constringantur,</strong></span> <span class='ocrx_word' id='word_1_159' title='bbox 780 2292 971 2350; x_wconf 91' lang='lat' dir='ltr'><strong>neque</strong></span> <span class='ocrx_word' id='word_1_160' title='bbox 1002 2277 1074 2334; x_wconf 90' lang='lat' dir='ltr'><strong>ad</strong></span> <span class='ocrx_word' id='word_1_161' title='bbox 1108 2275 1569 2333; x_wconf 80' lang='lat' dir='ltr'><strong>satisfactionem</strong></span> <span class='ocrx_word' id='word_1_162' title='bbox 1602 2277 1661 2330; x_wconf 90' lang='lat' dir='ltr'><strong>et</strong></span> <span class='ocrx_word' id='word_1_163' title='bbox 1688 2288 1887 2330; x_wconf 90' lang='lat' dir='ltr'><strong>emen-</strong></span> 
     </span>
    </p>
   </div>
   <div class='ocr_carea' id='block_1_26' title="bbox 229 2365 906 2441">
    <p class='ocr_par' dir='ltr' id='par_1_26' title="bbox 229 2365 906 2441">
     <span class='ocr_line' id='line_1_26' title="bbox 229 2365 906 2441; baseline 0.006 -21"><span class='ocrx_word' id='word_1_164' title='bbox 229 2365 535 2423; x_wconf 88' lang='lat' dir='ltr'><strong>dationem</strong></span> <span class='ocrx_word' id='word_1_165' title='bbox 564 2383 906 2441; x_wconf 84' lang='lat' dir='ltr'><strong>congruam.</strong></span> 
     </span>
    </p>
   </div>
   <div class='ocr_carea' id='block_1_27' title="bbox 230 2454 1885 2585">
    <p class='ocr_par' dir='ltr' id='par_1_27' title="bbox 230 2454 1885 2585">
     <span class='ocr_line' id='line_1_27' title="bbox 230 2454 1885 2585; baseline -0.002 -74"><span class='ocrx_word' id='word_1_166' title='bbox 230 2459 366 2511; x_wconf 78' lang='lat' dir='ltr'><strong>CAP.</strong></span> <span class='ocrx_word' id='word_1_167' title='bbox 406 2456 527 2514; x_wconf 86' lang='lat'><strong>197.</strong></span> <span class='ocrx_word' id='word_1_168' title='bbox 574 2490 641 2501; x_wconf 95' lang='lat'>—</span> <span class='ocrx_word' id='word_1_169' title='bbox 688 2464 766 2516; x_wconf 89' lang='lat' dir='ltr'><strong>De</strong></span> <span class='ocrx_word' id='word_1_170' title='bbox 812 2457 1021 2515; x_wconf 89' lang='lat' dir='ltr'><strong>eodem.</strong></span> <span class='ocrx_word' id='word_1_171' title='bbox 1209 2454 1450 2513; x_wconf 86' lang='lat' dir='ltr'><strong>concilio</strong></span> <span class='ocrx_word' id='word_1_172' title='bbox 1497 2454 1885 2524; x_wconf 78' lang='lat' dir='ltr'><strong>Moguntiensi,</strong></span> 
     </span>
     <span class='ocr_line' id='line_1_28' title="bbox 942 2546 1184 2585; baseline 0 0"><span class='ocrx_word' id='word_1_173' title='bbox 942 2546 1061 2585; x_wconf 81' lang='lat' dir='ltr'><strong>can.</strong></span> <span class='ocrx_word' id='word_1_174' title='bbox 1171 2573 1184 2585; x_wconf 93' lang='lat'><strong>.</strong></span> 
     </span>
    </p>
   </div>
   <div class='ocr_carea' id='block_1_28' title="bbox 942 2546 1184 2602">
    <p class='ocr_par' dir='ltr' id='par_1_28' title="bbox 942 2546 1184 2602">
     <span class='ocr_line' id='line_1_29' title="bbox 942 2546 1184 2602; baseline 0.004 -16"><span class='ocrx_word' id='word_1_175' title='bbox 942 2546 1061 2602; x_wconf 93' lang='lat' dir='ltr'><strong>cap.</strong></span> <span class='ocrx_word' id='word_1_176' title='bbox 1094 2546 1184 2587; x_wconf 72' lang='grc' dir='ltr'><strong>δδ.</strong></span> 
     </span>
    </p>
   </div>
   <div class='ocr_carea' id='block_1_29' title="bbox 307 2618 1885 2692">
    <p class='ocr_par' dir='ltr' id='par_1_29' title="bbox 307 2618 1885 2692">
     <span class='ocr_line' id='line_1_30' title="bbox 307 2618 1885 2692; baseline -0.005 -17"><span class='ocrx_word' id='word_1_177' title='bbox 307 2618 418 2691; x_wconf 78' lang='lat'><strong>(16,</strong></span> <span class='ocrx_word' id='word_1_178' title='bbox 439 2622 624 2692; x_wconf 87' lang='lat' dir='ltr'><strong>q.2,c.</strong></span> <span class='ocrx_word' id='word_1_179' title='bbox 655 2619 1065 2691; x_wconf 77' lang='lat' dir='ltr'><strong>Admonemus.)</strong></span> <span class='ocrx_word' id='word_1_180' title='bbox 1095 2620 1502 2675; x_wconf 82' lang='lat' dir='ltr'><strong>Admonemus</strong></span> <span class='ocrx_word' id='word_1_181' title='bbox 1533 2620 1709 2687; x_wconf 89' lang='lat' dir='ltr'><strong>atque</strong></span> <span class='ocrx_word' id='word_1_182' title='bbox 1740 2629 1885 2685; x_wconf 75' lang='lat' dir='ltr'><strong>pras-</strong></span> 
     </span>
    </p>
   </div>
   <div class='ocr_carea' id='block_1_30' title="bbox 230 2703 1890 2780">
    <p class='ocr_par' dir='ltr' id='par_1_30' title="bbox 230 2703 1890 2780">
     <span class='ocr_line' id='line_1_31' title="bbox 230 2703 1890 2780; baseline -0.005 -14"><span class='ocrx_word' id='word_1_183' title='bbox 230 2709 491 2780; x_wconf 89' lang='lat' dir='ltr'><strong>cipimus</strong></span> <span class='ocrx_word' id='word_1_184' title='bbox 525 2714 592 2765; x_wconf 87' lang='lat' dir='ltr'><strong>ut</strong></span> <span class='ocrx_word' id='word_1_185' title='bbox 623 2710 881 2766; x_wconf 86' lang='lat' dir='ltr'><strong>decimas</strong></span> <span class='ocrx_word' id='word_1_186' title='bbox 915 2712 1027 2765; x_wconf 88' lang='lat' dir='ltr'><strong>Deo</strong></span> <span class='ocrx_word' id='word_1_187' title='bbox 1060 2708 1301 2765; x_wconf 90' lang='lat' dir='ltr'><strong>omnino</strong></span> <span class='ocrx_word' id='word_1_188' title='bbox 1322 2710 1460 2763; x_wconf 84' lang='lat' dir='ltr'><strong>dare</strong></span> <span class='ocrx_word' id='word_1_189' title='bbox 1491 2724 1602 2763; x_wconf 88' lang='lat' dir='ltr'><strong>non</strong></span> <span class='ocrx_word' id='word_1_190' title='bbox 1636 2703 1890 2776; x_wconf 88' lang='lat' dir='ltr'><strong>negliga-</strong></span> 
     </span>
    </p>
   </div>
   <div class='ocr_carea' id='block_1_31' title="bbox 230 2794 1884 2872">
    <p class='ocr_par' dir='ltr' id='par_1_31' title="bbox 230 2794 1884 2872">
     <span class='ocr_line' id='line_1_32' title="bbox 230 2794 1884 2872; baseline -0.004 -18"><span class='ocrx_word' id='word_1_191' title='bbox 230 2803 511 2871; x_wconf 90' lang='lat' dir='ltr'><strong>tur,quas</strong></span> <span class='ocrx_word' id='word_1_192' title='bbox 542 2800 696 2855; x_wconf 89' lang='lat' dir='ltr'><strong>Deus</strong></span> <span class='ocrx_word' id='word_1_193' title='bbox 729 2800 855 2872; x_wconf 89' lang='lat' dir='ltr'><strong>ipse</strong></span> <span class='ocrx_word' id='word_1_194' title='bbox 885 2799 1013 2855; x_wconf 89' lang='lat' dir='ltr'><strong>dari</strong></span> <span class='ocrx_word' id='word_1_195' title='bbox 1043 2799 1364 2869; x_wconf 85' lang='lat' dir='ltr'><strong>constituit,</strong></span> <span class='ocrx_word' id='word_1_196' title='bbox 1388 2796 1525 2869; x_wconf 85' lang='lat' dir='ltr'><strong>quia</strong></span> <span class='ocrx_word' id='word_1_197' title='bbox 1553 2794 1884 2851; x_wconf 88' lang='lat' dir='ltr'><strong>timendum</strong></span> 
     </span>
    </p>
   </div>
   <div class='ocr_carea' id='block_1_32' title="bbox 229 2883 1885 2961">
    <p class='ocr_par' dir='ltr' id='par_1_32' title="bbox 229 2883 1885 2961">
     <span class='ocr_line' id='line_1_33' title="bbox 229 2883 1885 2961; baseline -0.005 -17"><span class='ocrx_word' id='word_1_198' title='bbox 229 2893 421 2944; x_wconf 87' lang='lat' dir='ltr'><strong>estut</strong></span> <span class='ocrx_word' id='word_1_199' title='bbox 451 2889 723 2961; x_wconf 88' lang='lat' dir='ltr'><strong>quisquis</strong></span> <span class='ocrx_word' id='word_1_200' title='bbox 753 2889 869 2944; x_wconf 92' lang='lat' dir='ltr'><strong>Deo</strong></span> <span class='ocrx_word' id='word_1_201' title='bbox 910 2888 1174 2944; x_wconf 89' lang='lat' dir='ltr'><strong>debitum</strong></span> <span class='ocrx_word' id='word_1_202' title='bbox 1223 2903 1398 2943; x_wconf 90' lang='lat' dir='ltr'><strong>suum</strong></span> <span class='ocrx_word' id='word_1_203' title='bbox 1449 2883 1760 2954; x_wconf 84' lang='lat' dir='ltr'><strong>abstrahit,</strong></span> <span class='ocrx_word' id='word_1_204' title='bbox 1812 2896 1885 2936; x_wconf 90' lang='lat' dir='ltr'><strong>ne</strong></span> 
     </span>
    </p>
   </div>
   <div class='ocr_carea' id='block_1_33' title="bbox 229 2975 1885 3052">
    <p class='ocr_par' dir='ltr' id='par_1_33' title="bbox 229 2975 1885 3052">
     <span class='ocr_line' id='line_1_34' title="bbox 229 2975 1885 3052; baseline -0.004 -19"><span class='ocrx_word' id='word_1_205' title='bbox 229 2979 381 3035; x_wconf 90' lang='lat' dir='ltr'><strong>forte</strong></span> <span class='ocrx_word' id='word_1_206' title='bbox 410 2978 564 3034; x_wconf 87' lang='lat' dir='ltr'><strong>Deus</strong></span> <span class='ocrx_word' id='word_1_207' title='bbox 591 2994 695 3052; x_wconf 88' lang='lat' dir='ltr'><strong>per</strong></span> <span class='ocrx_word' id='word_1_208' title='bbox 726 2983 1030 3050; x_wconf 89' lang='lat' dir='ltr'><strong>peccatum</strong></span> <span class='ocrx_word' id='word_1_209' title='bbox 1064 2995 1239 3034; x_wconf 90' lang='lat' dir='ltr'><strong>suum</strong></span> <span class='ocrx_word' id='word_1_210' title='bbox 1270 2977 1500 3033; x_wconf 78' lang='lat' dir='ltr'><strong>auferat</strong></span> <span class='ocrx_word' id='word_1_211' title='bbox 1528 2975 1581 3031; x_wconf 90' lang='lat' dir='ltr'><strong>ei</strong></span> <span class='ocrx_word' id='word_1_212' title='bbox 1610 2989 1885 3029; x_wconf 89' lang='lat' dir='ltr'><strong>necessa-</strong></span> 
     </span>
    </p>
   </div>
   <div class='ocr_carea' id='block_1_34' title="bbox 226 3085 477 3124">
    <p class='ocr_par' dir='ltr' id='par_1_34' title="bbox 226 3085 477 3124">
     <span class='ocr_line' id='line_1_35' title="bbox 226 3085 477 3124; baseline -0.004 -1"><span class='ocrx_word' id='word_1_213' title='bbox 226 3086 320 3123; x_wconf 72' lang='grc' dir='ltr'><strong>Γιε.</strong></span> <span class='ocrx_word' id='word_1_214' title='bbox 349 3085 477 3124; x_wconf 91' lang='lat' dir='ltr'><strong>sua.</strong></span> 
     </span>
    </p>
   </div>
   <div class='ocr_carea' id='block_1_35' title="bbox 229 3152 1958 3239">
    <p class='ocr_par' dir='ltr' id='par_1_35' title="bbox 229 3152 1958 3239">
     <span class='ocr_line' id='line_1_36' title="bbox 229 3152 1958 3239; baseline -0.004 -25"><span class='ocrx_word' id='word_1_215' title='bbox 229 3160 367 3214; x_wconf 80' lang='lat' dir='ltr'><strong>CAP.</strong></span> <span class='ocrx_word' id='word_1_216' title='bbox 408 3158 527 3239; x_wconf 78' lang='lat'><strong>198.</strong></span> <span class='ocrx_word' id='word_1_217' title='bbox 569 3189 642 3239; x_wconf 85' lang='lat'><strong>_-—</strong></span> <span class='ocrx_word' id='word_1_218' title='bbox 674 3157 822 3239; x_wconf 77' lang='lat' dir='ltr'><strong>Quod</strong></span> <span class='ocrx_word' id='word_1_219' title='bbox 869 3158 1105 3239; x_wconf 80' lang='lat' dir='ltr'><strong>episcopi</strong></span> <span class='ocrx_word' id='word_1_220' title='bbox 1150 3160 1202 3212; x_wconf 82' lang='lat' dir='ltr'><strong>et</strong></span> <span class='ocrx_word' id='word_1_221' title='bbox 1249 3156 1470 3212; x_wconf 80' lang='lat' dir='ltr'><strong>abbates</strong></span> <span class='ocrx_word' id='word_1_222' title='bbox 1524 3153 1770 3239; x_wconf 68' lang='lat' dir='ltr'><strong>decimas</strong></span> <span class='ocrx_word' id='word_1_223' title='bbox 1816 3152 1886 3208; x_wconf 84' lang='lat' dir='ltr'><strong>de</strong></span> <span class='ocrx_word' id='word_1_224' title='bbox 1914 3176 1958 3239; x_wconf 67' lang='grc' dir='ltr'><strong>ρ</strong></span> 
     </span>
    </p>
   </div>
   <div class='ocr_carea' id='block_1_36' title="bbox 303 3226 1885 3301">
    <p class='ocr_par' dir='ltr' id='par_1_36' title="bbox 303 3226 1885 3301">
     <span class='ocr_line' id='line_1_37' title="bbox 303 3226 1885 3301; baseline -0.004 -17"><span class='ocrx_word' id='word_1_225' title='bbox 303 3232 481 3299; x_wconf 87' lang='lat' dir='ltr'><strong>agris,</strong></span> <span class='ocrx_word' id='word_1_226' title='bbox 533 3232 582 3284; x_wconf 91' lang='lat' dir='ltr'><strong>et</strong></span> <span class='ocrx_word' id='word_1_227' title='bbox 629 3231 805 3285; x_wconf 84' lang='lat' dir='ltr'><strong>vineis</strong></span> <span class='ocrx_word' id='word_1_228' title='bbox 850 3226 968 3301; x_wconf 72' lang='lat' dir='ltr'><strong>qua:</strong></span> <span class='ocrx_word' id='word_1_229' title='bbox 1014 3226 1085 3284; x_wconf 83' lang='lat' dir='ltr'><strong>ad</strong></span> <span class='ocrx_word' id='word_1_230' title='bbox 1128 3245 1289 3283; x_wconf 83' lang='lat' dir='ltr'><strong>usum</strong></span> <span class='ocrx_word' id='word_1_231' title='bbox 1336 3244 1499 3301; x_wconf 81' lang='lat' dir='ltr'><strong>suum</strong></span> <span class='ocrx_word' id='word_1_232' title='bbox 1524 3226 1618 3301; x_wconf 78' lang='lat' dir='ltr'><strong>vel</strong></span> <span class='ocrx_word' id='word_1_233' title='bbox 1645 3228 1885 3301; x_wconf 82' lang='lat' dir='ltr'><strong>fratrum</strong></span> 
     </span>
    </p>
   </div>
   <div class='ocr_carea' id='block_1_37' title="bbox 299 3298 1881 3373">
    <p class='ocr_par' dir='ltr' id='par_1_37' title="bbox 299 3298 1881 3373">
     <span class='ocr_line' id='line_1_38' title="bbox 299 3298 1881 3373; baseline -0.003 -17"><span class='ocrx_word' id='word_1_234' title='bbox 299 3298 636 3373; x_wconf 77' lang='lat' dir='ltr'><strong>stipendium</strong></span> <span class='ocrx_word' id='word_1_235' title='bbox 657 3298 877 3369; x_wconf 67' lang='lat' dir='ltr'><strong>habent,</strong></span> <span class='ocrx_word' id='word_1_236' title='bbox 906 3303 975 3357; x_wconf 86' lang='lat' dir='ltr'><strong>ad</strong></span> <span class='ocrx_word' id='word_1_237' title='bbox 993 3301 1365 3373; x_wconf 83' lang='lat' dir='ltr'><strong>parochianas</strong></span> <span class='ocrx_word' id='word_1_238' title='bbox 1391 3300 1646 3354; x_wconf 73' lang='lat' dir='ltr'><strong>ecclesias</strong></span> <span class='ocrx_word' id='word_1_239' title='bbox 1674 3298 1881 3373; x_wconf 78' lang='lat' dir='ltr'><strong>persol-</strong></span> 
     </span>
    </p>
   </div>
   <div class='ocr_carea' id='block_1_38' title="bbox 302 3370 1791 3441">
    <p class='ocr_par' dir='ltr' id='par_1_38' title="bbox 302 3370 1791 3441">
     <span class='ocr_line' id='line_1_39' title="bbox 302 3370 1791 3441; baseline -0.004 -12"><span class='ocrx_word' id='word_1_240' title='bbox 302 3370 431 3429; x_wconf 78' lang='lat' dir='ltr'><strong>vere</strong></span> <span class='ocrx_word' id='word_1_241' title='bbox 460 3373 711 3430; x_wconf 80' lang='lat' dir='ltr'><strong>debeant.</strong></span> <span class='ocrx_word' id='word_1_242' title='bbox 741 3376 822 3429; x_wconf 76' lang='lat' dir='ltr'><em>Ex</em></span> <span class='ocrx_word' id='word_1_243' title='bbox 849 3370 1003 3430; x_wconf 51' lang='lat' dir='ltr'><strong>conc;</strong></span> <span class='ocrx_word' id='word_1_244' title='bbox 1035 3371 1421 3429; x_wconf 83' lang='lat' dir='ltr'><strong>Cabillonensi</strong></span> <span class='ocrx_word' id='word_1_245' title='bbox 1448 3388 1513 3440; x_wconf 83' lang='grc' dir='ltr'><strong>ιι,</strong></span> <span class='ocrx_word' id='word_1_246' title='bbox 1542 3386 1670 3441; x_wconf 89' lang='lat' dir='ltr'><strong>cap.</strong></span> <span class='ocrx_word' id='word_1_247' title='bbox 1704 3370 1791 3424; x_wconf 89' lang='grc'><strong>19.</strong></span> 
     </span>
    </p>
   </div>
   <div class='ocr_carea' id='block_1_39' title="bbox 302 3464 1883 3536">
    <p class='ocr_par' dir='ltr' id='par_1_39' title="bbox 302 3464 1883 3536">
     <span class='ocr_line' id='line_1_40' title="bbox 302 3464 1883 3536; baseline -0.002 -17"><span class='ocrx_word' id='word_1_248' title='bbox 302 3466 416 3533; x_wconf 83' lang='grc'>(16,</span> <span class='ocrx_word' id='word_1_249' title='bbox 451 3466 590 3536; x_wconf 81' lang='lat' dir='ltr'><strong>q.1,</strong></span> <span class='ocrx_word' id='word_1_250' title='bbox 621 3482 667 3519; x_wconf 90' lang='lat' dir='ltr'><strong>c.</strong></span> <span class='ocrx_word' id='word_1_251' title='bbox 716 3466 905 3534; x_wconf 80' lang='lat' dir='ltr'><strong>Quesli</strong></span> <span class='ocrx_word' id='word_1_252' title='bbox 949 3465 1122 3535; x_wconf 86' lang='lat' dir='ltr'><strong>sunt.)</strong></span> <span class='ocrx_word' id='word_1_253' title='bbox 1172 3464 1371 3527; x_wconf 86' lang='lat' dir='ltr'><strong>Questi</strong></span> <span class='ocrx_word' id='word_1_254' title='bbox 1420 3466 1559 3518; x_wconf 88' lang='lat' dir='ltr'><strong>sunt</strong></span> <span class='ocrx_word' id='word_1_255' title='bbox 1608 3465 1883 3532; x_wconf 69' lang='lat' dir='ltr'><strong>praeterea</strong></span> 
     </span>
    </p>
   </div>
   <div class='ocr_carea' id='block_1_40' title="bbox 222 3550 1882 3626">
    <p class='ocr_par' dir='ltr' id='par_1_40' title="bbox 222 3550 1882 3626">
     <span class='ocr_line' id='line_1_41' title="bbox 222 3550 1882 3626; baseline -0.002 -18"><span class='ocrx_word' id='word_1_256' title='bbox 222 3553 469 3625; x_wconf 91' lang='lat' dir='ltr'><strong>quidam</strong></span> <span class='ocrx_word' id='word_1_257' title='bbox 503 3553 688 3609; x_wconf 75' lang='lat' dir='ltr'><strong>sancti</strong></span> <span class='ocrx_word' id='word_1_258' title='bbox 723 3555 877 3626; x_wconf 92' lang='lat' dir='ltr'><strong>quod</strong></span> <span class='ocrx_word' id='word_1_259' title='bbox 912 3558 1111 3610; x_wconf 88' lang='lat' dir='ltr'><strong>essent</strong></span> <span class='ocrx_word' id='word_1_260' title='bbox 1140 3553 1317 3624; x_wconf 86' lang='lat' dir='ltr'><strong>aliqui</strong></span> <span class='ocrx_word' id='word_1_261' title='bbox 1354 3550 1609 3623; x_wconf 88' lang='lat' dir='ltr'><strong>episcopi</strong></span> <span class='ocrx_word' id='word_1_262' title='bbox 1634 3555 1690 3605; x_wconf 87' lang='lat' dir='ltr'><strong>et</strong></span> <span class='ocrx_word' id='word_1_263' title='bbox 1709 3551 1882 3605; x_wconf 88' lang='lat' dir='ltr'><strong>abba-</strong></span> 
     </span>
    </p>
   </div>
   <div class='ocr_carea' id='block_1_41' title="bbox 218 3638 1879 3715">
    <p class='ocr_par' dir='ltr' id='par_1_41' title="bbox 218 3638 1879 3715">
     <span class='ocr_line' id='line_1_42' title="bbox 218 3638 1879 3715; baseline -0.002 -18"><span class='ocrx_word' id='word_1_264' title='bbox 218 3644 445 3715; x_wconf 87' lang='lat' dir='ltr'><strong>tes,qui</strong></span> <span class='ocrx_word' id='word_1_265' title='bbox 476 3642 735 3698; x_wconf 86' lang='lat' dir='ltr'><strong>decimas</strong></span> <span class='ocrx_word' id='word_1_266' title='bbox 766 3660 881 3698; x_wconf 89' lang='lat' dir='ltr'><strong>non</strong></span> <span class='ocrx_word' id='word_1_267' title='bbox 918 3642 1177 3698; x_wconf 88' lang='lat' dir='ltr'><strong>sinerent</strong></span> <span class='ocrx_word' id='word_1_268' title='bbox 1208 3640 1332 3696; x_wconf 88' lang='lat' dir='ltr'><strong>dari</strong></span> <span class='ocrx_word' id='word_1_269' title='bbox 1366 3642 1433 3695; x_wconf 89' lang='lat' dir='ltr'><strong>ad</strong></span> <span class='ocrx_word' id='word_1_270' title='bbox 1468 3639 1746 3696; x_wconf 88' lang='lat' dir='ltr'><strong>ecclesias</strong></span> <span class='ocrx_word' id='word_1_271' title='bbox 1777 3638 1879 3693; x_wconf 90' lang='lat' dir='ltr'><strong>ubi</strong></span> 
     </span>
    </p>
   </div>
   <div class='ocr_carea' id='block_1_42' title="bbox 221 3727 1879 3788">
    <p class='ocr_par' dir='ltr' id='par_1_42' title="bbox 221 3727 1879 3788">
     <span class='ocr_line' id='line_1_43' title="bbox 221 3727 1879 3788; baseline -0.004 -1"><span class='ocrx_word' id='word_1_272' title='bbox 221 3732 463 3787; x_wconf 89' lang='lat' dir='ltr'><strong>illorum</strong></span> <span class='ocrx_word' id='word_1_273' title='bbox 496 3732 685 3788; x_wconf 90' lang='lat' dir='ltr'><strong>coloni</strong></span> <span class='ocrx_word' id='word_1_274' title='bbox 721 3732 963 3787; x_wconf 87' lang='lat' dir='ltr'><strong>missam</strong></span> <span class='ocrx_word' id='word_1_275' title='bbox 1006 3731 1277 3786; x_wconf 89' lang='lat' dir='ltr'><strong>audiunt.</strong></span> <span class='ocrx_word' id='word_1_276' title='bbox 1334 3729 1577 3783; x_wconf 87' lang='lat' dir='ltr'><strong>Proinde</strong></span> <span class='ocrx_word' id='word_1_277' title='bbox 1626 3727 1879 3782; x_wconf 85' lang='lat' dir='ltr'><strong>decrevit</strong></span> 
     </span>
    </p>
   </div>
   <div class='ocr_carea' id='block_1_43' title="bbox 221 3814 1877 3891">
    <p class='ocr_par' dir='ltr' id='par_1_43' title="bbox 221 3814 1877 3891">
     <span class='ocr_line' id='line_1_44' title="bbox 221 3814 1877 3891; baseline -0.004 -14"><span class='ocrx_word' id='word_1_278' title='bbox 221 3839 392 3878; x_wconf 88' lang='lat' dir='ltr'><strong>sacer</strong></span> <span class='ocrx_word' id='word_1_279' title='bbox 421 3822 532 3878; x_wconf 89' lang='lat' dir='ltr'><strong>istc</strong></span> <span class='ocrx_word' id='word_1_280' title='bbox 563 3826 888 3878; x_wconf 90' lang='lat' dir='ltr'><strong>conventus</strong></span> <span class='ocrx_word' id='word_1_281' title='bbox 913 3823 977 3875; x_wconf 87' lang='lat' dir='ltr'><strong>ut</strong></span> <span class='ocrx_word' id='word_1_282' title='bbox 998 3819 1258 3891; x_wconf 80' lang='lat' dir='ltr'><strong>episcopi</strong></span> <span class='ocrx_word' id='word_1_283' title='bbox 1284 3822 1339 3872; x_wconf 90' lang='lat' dir='ltr'><strong>et</strong></span> <span class='ocrx_word' id='word_1_284' title='bbox 1364 3818 1604 3872; x_wconf 82' lang='lat' dir='ltr'><strong>abbates</strong></span> <span class='ocrx_word' id='word_1_285' title='bbox 1628 3816 1697 3871; x_wconf 90' lang='lat' dir='ltr'><strong>de</strong></span> <span class='ocrx_word' id='word_1_286' title='bbox 1720 3814 1877 3887; x_wconf 85' lang='lat' dir='ltr'><strong>agris</strong></span> 
     </span>
    </p>
   </div>
   <div class='ocr_carea' id='block_1_44' title="bbox 220 3905 1873 3980">
    <p class='ocr_par' dir='ltr' id='par_1_44' title="bbox 220 3905 1873 3980">
     <span class='ocr_line' id='line_1_45' title="bbox 220 3905 1873 3980; baseline -0.005 -14"><span class='ocrx_word' id='word_1_287' title='bbox 220 3918 279 3967; x_wconf 88' lang='lat' dir='ltr'><strong>et</strong></span> <span class='ocrx_word' id='word_1_288' title='bbox 310 3912 381 3966; x_wconf 90' lang='lat' dir='ltr'><strong>de</strong></span> <span class='ocrx_word' id='word_1_289' title='bbox 408 3910 613 3974; x_wconf 88' lang='lat' dir='ltr'><strong>vineis,</strong></span> <span class='ocrx_word' id='word_1_290' title='bbox 650 3928 774 3980; x_wconf 72' lang='lat' dir='ltr'><strong>qua:</strong></span> <span class='ocrx_word' id='word_1_291' title='bbox 806 3911 877 3964; x_wconf 91' lang='lat' dir='ltr'><strong>ad</strong></span> <span class='ocrx_word' id='word_1_292' title='bbox 911 3926 1087 3964; x_wconf 89' lang='lat' dir='ltr'><strong>suum</strong></span> <span class='ocrx_word' id='word_1_293' title='bbox 1116 3908 1203 3964; x_wconf 90' lang='lat' dir='ltr'><strong>vel</strong></span> <span class='ocrx_word' id='word_1_294' title='bbox 1239 3908 1483 3961; x_wconf 83' lang='lat' dir='ltr'><strong>fratrum</strong></span> <span class='ocrx_word' id='word_1_295' title='bbox 1513 3905 1873 3977; x_wconf 89' lang='lat' dir='ltr'><strong>stipendium</strong></span> 
     </span>
    </p>
   </div>
   <div class='ocr_carea' id='block_1_45' title="bbox 220 3993 1873 4067">
    <p class='ocr_par' dir='ltr' id='par_1_45' title="bbox 220 3993 1873 4067">
     <span class='ocr_line' id='line_1_46' title="bbox 220 3993 1873 4067; baseline -0.004 -12"><span class='ocrx_word' id='word_1_296' title='bbox 220 4000 728 4067; x_wconf 88' lang='lat' dir='ltr'><strong>babent,decimas</strong></span> <span class='ocrx_word' id='word_1_297' title='bbox 747 3998 816 4054; x_wconf 91' lang='lat' dir='ltr'><strong>ad</strong></span> <span class='ocrx_word' id='word_1_298' title='bbox 834 3997 1112 4053; x_wconf 86' lang='lat' dir='ltr'><strong>ecclesias</strong></span> <span class='ocrx_word' id='word_1_299' title='bbox 1130 3996 1339 4051; x_wconf 84' lang='lat' dir='ltr'><strong>deferri</strong></span> <span class='ocrx_word' id='word_1_300' title='bbox 1361 3995 1592 4051; x_wconf 84' lang='lat' dir='ltr'><strong>faciant.</strong></span> <span class='ocrx_word' id='word_1_301' title='bbox 1618 3993 1873 4048; x_wconf 62' lang='lat' dir='ltr'><strong>Familia:</strong></span> 
     </span>
    </p>
   </div>
   <div class='ocr_carea' id='block_1_46' title="bbox 222 4084 1873 4150">
    <p class='ocr_par' dir='ltr' id='par_1_46' title="bbox 222 4084 1873 4150">
     <span class='ocr_line' id='line_1_47' title="bbox 222 4084 1873 4150; baseline -0.004 -6"><span class='ocrx_word' id='word_1_302' title='bbox 222 4106 362 4146; x_wconf 88' lang='lat' dir='ltr'><strong>vero</strong></span> <span class='ocrx_word' id='word_1_303' title='bbox 422 4088 638 4144; x_wconf 87' lang='lat' dir='ltr'><strong>ibidem</strong></span> <span class='ocrx_word' id='word_1_304' title='bbox 702 4088 961 4143; x_wconf 89' lang='lat' dir='ltr'><strong>decimas</strong></span> <span class='ocrx_word' id='word_1_305' title='bbox 1021 4104 1159 4141; x_wconf 89' lang='lat' dir='ltr'><strong>suas</strong></span> <span class='ocrx_word' id='word_1_306' title='bbox 1211 4087 1417 4150; x_wconf 87' lang='lat' dir='ltr'><strong>ferant,</strong></span> <span class='ocrx_word' id='word_1_307' title='bbox 1471 4084 1571 4140; x_wconf 91' lang='lat' dir='ltr'><strong>ubi</strong></span> <span class='ocrx_word' id='word_1_308' title='bbox 1619 4084 1873 4139; x_wconf 87' lang='lat' dir='ltr'><strong>infantes</strong></span> 
     </span>
    </p>
   </div>
   <div class='ocr_carea' id='block_1_47' title="bbox 218 4173 1869 4251">
    <p class='ocr_par' dir='ltr' id='par_1_47' title="bbox 218 4173 1869 4251">
     <span class='ocr_line' id='line_1_48' title="bbox 218 4173 1869 4251; baseline -0.005 -15"><span class='ocrx_word' id='word_1_309' title='bbox 218 4195 423 4237; x_wconf 90' lang='lat' dir='ltr'><strong>eorum</strong></span> <span class='ocrx_word' id='word_1_310' title='bbox 454 4178 912 4251; x_wconf 88' lang='lat' dir='ltr'><strong>baptizantur,et</strong></span> <span class='ocrx_word' id='word_1_311' title='bbox 942 4176 1041 4232; x_wconf 92' lang='lat' dir='ltr'><strong>ubi</strong></span> <span class='ocrx_word' id='word_1_312' title='bbox 1073 4193 1176 4248; x_wconf 92' lang='lat' dir='ltr'><strong>per</strong></span> <span class='ocrx_word' id='word_1_313' title='bbox 1204 4180 1396 4232; x_wconf 89' lang='lat' dir='ltr'><strong>totum</strong></span> <span class='ocrx_word' id='word_1_314' title='bbox 1427 4174 1563 4230; x_wconf 90' lang='lat' dir='ltr'><strong>anni</strong></span> <span class='ocrx_word' id='word_1_315' title='bbox 1584 4173 1869 4229; x_wconf 90' lang='lat' dir='ltr'><strong>circulum</strong></span> 
     </span>
    </p>
   </div>
   <div class='ocr_carea' id='block_1_48' title="bbox 222 4268 738 4325">
    <p class='ocr_par' dir='ltr' id='par_1_48' title="bbox 222 4268 738 4325">
     <span class='ocr_line' id='line_1_49' title="bbox 222 4268 738 4325; baseline -0.008 0"><span class='ocrx_word' id='word_1_316' title='bbox 222 4270 443 4325; x_wconf 88' lang='lat' dir='ltr'><strong>missas</strong></span> <span class='ocrx_word' id='word_1_317' title='bbox 472 4268 738 4323; x_wconf 91' lang='lat' dir='ltr'><strong>audiunt.</strong></span> 
     </span>
    </p>
   </div>
   <div class='ocr_carea' id='block_1_49' title="bbox 224 4353 1874 4419">
    <p class='ocr_par' dir='ltr' id='par_1_49' title="bbox 224 4353 1874 4419">
     <span class='ocr_line' id='line_1_50' title="bbox 224 4353 1874 4419; baseline -0.004 -6"><span class='ocrx_word' id='word_1_318' title='bbox 224 4358 363 4413; x_wconf 75' lang='grc' dir='ltr'><strong>Ολρ.</strong></span> <span class='ocrx_word' id='word_1_319' title='bbox 402 4358 521 4413; x_wconf 88' lang='lat'><strong>199.</strong></span> <span class='ocrx_word' id='word_1_320' title='bbox 556 4387 624 4397; x_wconf 91' lang='lat'><strong><em>—</em></strong></span> <span class='ocrx_word' id='word_1_321' title='bbox 656 4357 900 4412; x_wconf 87' lang='lat' dir='ltr'><strong>Decimas</strong></span> <span class='ocrx_word' id='word_1_322' title='bbox 931 4356 1035 4412; x_wconf 91' lang='lat' dir='ltr'><strong>Deo</strong></span> <span class='ocrx_word' id='word_1_323' title='bbox 1064 4359 1114 4411; x_wconf 90' lang='lat' dir='ltr'><strong>et</strong></span> <span class='ocrx_word' id='word_1_324' title='bbox 1144 4353 1513 4410; x_wconf 79' lang='lat' dir='ltr'><strong>sacerdotibus</strong></span> <span class='ocrx_word' id='word_1_325' title='bbox 1549 4353 1776 4419; x_wconf 83' lang='lat' dir='ltr'><strong>dandas,</strong></span> <span class='ocrx_word' id='word_1_326' title='bbox 1823 4358 1874 4408; x_wconf 88' lang='lat' dir='ltr'><strong>et</strong></span> 
     </span>
    </p>
   </div>
   <div class='ocr_carea' id='block_1_50' title="bbox 295 4426 1875 4501">
    <p class='ocr_par' dir='ltr' id='par_1_50' title="bbox 295 4426 1875 4501">
     <span class='ocr_line' id='line_1_51' title="bbox 295 4426 1875 4501; baseline -0.004 -15"><span class='ocrx_word' id='word_1_327' title='bbox 295 4430 542 4501; x_wconf 79' lang='lat' dir='ltr'><strong>exemplo</strong></span> <span class='ocrx_word' id='word_1_328' title='bbox 568 4437 792 4501; x_wconf 78' lang='lat' dir='ltr'><strong>patrum</strong></span> <span class='ocrx_word' id='word_1_329' title='bbox 822 4429 1114 4493; x_wconf 82' lang='lat' dir='ltr'><strong>Abraham,</strong></span> <span class='ocrx_word' id='word_1_330' title='bbox 1146 4436 1198 4483; x_wconf 82' lang='lat' dir='ltr'><strong>et</strong></span> <span class='ocrx_word' id='word_1_331' title='bbox 1226 4426 1413 4501; x_wconf 73' lang='lat' dir='ltr'><strong>Iacob,</strong></span> <span class='ocrx_word' id='word_1_332' title='bbox 1445 4430 1504 4501; x_wconf 80' lang='lat' dir='ltr'><strong>et</strong></span> <span class='ocrx_word' id='word_1_333' title='bbox 1542 4426 1875 4501; x_wconf 63' lang='lat' dir='ltr'><strong>auctoritate</strong></span> 
     </span>
    </p>
   </div>
   <div class='ocr_carea' id='block_1_51' title="bbox 294 4498 1871 4584">
    <p class='ocr_par' dir='ltr' id='par_1_51' title="bbox 294 4498 1871 4584">
     <span class='ocr_line' id='line_1_52' title="bbox 294 4498 1871 4584; baseline -0.003 -27"><span class='ocrx_word' id='word_1_334' title='bbox 294 4498 504 4584; x_wconf 55' lang='lat' dir='ltr'><strong>veteris</strong></span> <span class='ocrx_word' id='word_1_335' title='bbox 522 4498 579 4556; x_wconf 84' lang='lat' dir='ltr'><strong>et</strong></span> <span class='ocrx_word' id='word_1_336' title='bbox 604 4515 762 4584; x_wconf 62' lang='lat' dir='ltr'><strong>nepa?</strong></span> <span class='ocrx_word' id='word_1_337' title='bbox 791 4501 1002 4584; x_wconf 58' lang='lat' dir='ltr'><strong>legis,“</strong></span> <span class='ocrx_word' id='word_1_338' title='bbox 1017 4498 1361 4584; x_wconf 45' lang='lat' dir='ltr'><strong>multimoda</strong></span> <span class='ocrx_word' id='word_1_339' title='bbox 1392 4499 1717 4555; x_wconf 63' lang='lat' dir='ltr'><strong>rationeEx</strong></span> <span class='ocrx_word' id='word_1_340' title='bbox 1738 4514 1871 4554; x_wconf 85' lang='lat' dir='ltr'><strong>con-</strong></span> 
     </span>
    </p>
   </div>
   <div class='ocr_carea' id='block_1_52' title="bbox 293 4571 1069 4643">
    <p class='ocr_par' dir='ltr' id='par_1_52' title="bbox 293 4571 1069 4643">
     <span class='ocr_line' id='line_1_53' title="bbox 293 4571 1069 4643; baseline -0.001 -15"><span class='ocrx_word' id='word_1_341' title='bbox 293 4574 427 4629; x_wconf 85' lang='lat' dir='ltr'><strong>cilio</strong></span> <span class='ocrx_word' id='word_1_342' title='bbox 457 4573 837 4643; x_wconf 79' lang='lat' dir='ltr'><strong>Moguntiensi,</strong></span> <span class='ocrx_word' id='word_1_343' title='bbox 870 4589 989 4643; x_wconf 90' lang='lat' dir='ltr'><strong>cap.</strong></span> <span class='ocrx_word' id='word_1_344' title='bbox 1015 4571 1069 4627; x_wconf 92' lang='lat'><strong>8.</strong></span> 
     </span>
    </p>
   </div>
   <div class='ocr_carea' id='block_1_53' title="bbox 299 4659 1874 4734">
    <p class='ocr_par' dir='ltr' id='par_1_53' title="bbox 299 4659 1874 4734">
     <span class='ocr_line' id='line_1_54' title="bbox 299 4659 1874 4734; baseline -0.001 -18"><span class='ocrx_word' id='word_1_345' title='bbox 299 4664 411 4734; x_wconf 86' lang='lat'><strong>(16,</strong></span> <span class='ocrx_word' id='word_1_346' title='bbox 446 4678 498 4734; x_wconf 89' lang='lat' dir='ltr'><strong>q.</strong></span> <span class='ocrx_word' id='word_1_347' title='bbox 529 4663 585 4729; x_wconf 89' lang='lat'><strong>7,</strong></span> <span class='ocrx_word' id='word_1_348' title='bbox 616 4679 662 4718; x_wconf 91' lang='lat' dir='ltr'><strong>c.</strong></span> <span class='ocrx_word' id='word_1_349' title='bbox 696 4661 993 4731; x_wconf 84' lang='lat' dir='ltr'><strong>Decimas.)</strong></span> <span class='ocrx_word' id='word_1_350' title='bbox 1025 4659 1289 4715; x_wconf 89' lang='lat' dir='ltr'><strong>Decimas</strong></span> <span class='ocrx_word' id='word_1_351' title='bbox 1323 4665 1435 4715; x_wconf 90' lang='lat' dir='ltr'><strong>Deo</strong></span> <span class='ocrx_word' id='word_1_352' title='bbox 1465 4666 1521 4716; x_wconf 90' lang='lat' dir='ltr'><strong>et</strong></span> <span class='ocrx_word' id='word_1_353' title='bbox 1550 4660 1874 4716; x_wconf 82' lang='lat' dir='ltr'><strong>sacerdoti-</strong></span> 
     </span>
    </p>
   </div>
   <div class='ocr_carea' id='block_1_54' title="bbox 221 4748 1873 4821">
    <p class='ocr_par' dir='ltr' id='par_1_54' title="bbox 221 4748 1873 4821">
     <span class='ocr_line' id='line_1_55' title="bbox 221 4748 1873 4821; baseline -0.001 -15"><span class='ocrx_word' id='word_1_354' title='bbox 221 4752 335 4807; x_wconf 89' lang='lat' dir='ltr'><strong>bus</strong></span> <span class='ocrx_word' id='word_1_355' title='bbox 364 4751 465 4807; x_wconf 91' lang='lat' dir='ltr'><strong>Dei</strong></span> <span class='ocrx_word' id='word_1_356' title='bbox 511 4751 739 4807; x_wconf 87' lang='lat' dir='ltr'><strong>dandas</strong></span> <span class='ocrx_word' id='word_1_357' title='bbox 788 4749 1081 4805; x_wconf 79' lang='lat' dir='ltr'><strong>Abraham</strong></span> <span class='ocrx_word' id='word_1_358' title='bbox 1120 4749 1287 4804; x_wconf 80' lang='lat' dir='ltr'><strong>factis</strong></span> <span class='ocrx_word' id='word_1_359' title='bbox 1335 4748 1512 4805; x_wconf 87' lang='lat' dir='ltr'><strong>Jacob</strong></span> <span class='ocrx_word' id='word_1_360' title='bbox 1562 4749 1873 4821; x_wconf 88' lang='lat' dir='ltr'><strong>promissis</strong></span> 
     </span>
    </p>
   </div>
   <div class='ocr_carea' id='block_1_55' title="bbox 223 4837 1875 4907">
    <p class='ocr_par' dir='ltr' id='par_1_55' title="bbox 223 4837 1875 4907">
     <span class='ocr_line' id='line_1_56' title="bbox 223 4837 1875 4907; baseline 0 -12"><span class='ocrx_word' id='word_1_361' title='bbox 223 4840 510 4896; x_wconf 85' lang='lat' dir='ltr'><strong>insinuat.</strong></span> <span class='ocrx_word' id='word_1_362' title='bbox 577 4840 791 4896; x_wconf 86' lang='lat' dir='ltr'><strong>Deinde</strong></span> <span class='ocrx_word' id='word_1_363' title='bbox 836 4837 929 4893; x_wconf 81' lang='lat' dir='ltr'><strong>lex</strong></span> <span class='ocrx_word' id='word_1_364' title='bbox 976 4838 1201 4907; x_wconf 88' lang='lat' dir='ltr'><strong>statuit,</strong></span> <span class='ocrx_word' id='word_1_365' title='bbox 1252 4843 1310 4894; x_wconf 90' lang='lat' dir='ltr'><strong>et</strong></span> <span class='ocrx_word' id='word_1_366' title='bbox 1355 4854 1559 4893; x_wconf 89' lang='lat' dir='ltr'><strong>omnes</strong></span> <span class='ocrx_word' id='word_1_367' title='bbox 1607 4840 1875 4895; x_wconf 88' lang='lat' dir='ltr'><strong>doctores</strong></span> 
     </span>
    </p>
   </div>
   <div class='ocr_carea' id='block_1_56' title="bbox 221 4925 1877 4997">
    <p class='ocr_par' dir='ltr' id='par_1_56' title="bbox 221 4925 1877 4997">
     <span class='ocr_line' id='line_1_57' title="bbox 221 4925 1877 4997; baseline -0.002 -12"><span class='ocrx_word' id='word_1_368' title='bbox 221 4929 412 4986; x_wconf 84' lang='lat' dir='ltr'><strong>sancti</strong></span> <span class='ocrx_word' id='word_1_369' title='bbox 446 4929 930 4984; x_wconf 89' lang='lat' dir='ltr'><strong>commemorant.</strong></span> <span class='ocrx_word' id='word_1_370' title='bbox 960 4926 1026 4980; x_wconf 88' lang='lat' dir='ltr'><strong>Et</strong></span> <span class='ocrx_word' id='word_1_371' title='bbox 1055 4925 1312 4997; x_wconf 85' lang='lat' dir='ltr'><strong>profecto</strong></span> <span class='ocrx_word' id='word_1_372' title='bbox 1341 4925 1587 4996; x_wconf 90' lang='lat' dir='ltr'><strong>dignum</strong></span> <span class='ocrx_word' id='word_1_373' title='bbox 1636 4930 1761 4981; x_wconf 90' lang='lat' dir='ltr'><strong>erat</strong></span> <span class='ocrx_word' id='word_1_374' title='bbox 1811 4932 1877 4982; x_wconf 86' lang='lat' dir='ltr'><strong>ut</strong></span> 
     </span>
    </p>
   </div>
   <div class='ocr_carea' id='block_1_57' title="bbox 222 5015 1878 5087">
    <p class='ocr_par' dir='ltr' id='par_1_57' title="bbox 222 5015 1878 5087">
     <span class='ocr_line' id='line_1_58' title="bbox 222 5015 1878 5087; baseline -0.002 -12"><span class='ocrx_word' id='word_1_375' title='bbox 222 5018 504 5075; x_wconf 73' lang='lat' dir='ltr'><strong>Israelitas</strong></span> <span class='ocrx_word' id='word_1_376' title='bbox 536 5017 797 5072; x_wconf 88' lang='lat' dir='ltr'><strong>decimas</strong></span> <span class='ocrx_word' id='word_1_377' title='bbox 830 5030 1104 5087; x_wconf 90' lang='lat' dir='ltr'><strong>pecorum</strong></span> <span class='ocrx_word' id='word_1_378' title='bbox 1134 5019 1193 5071; x_wconf 90' lang='lat' dir='ltr'><strong>et</strong></span> <span class='ocrx_word' id='word_1_379' title='bbox 1225 5016 1459 5087; x_wconf 86' lang='lat' dir='ltr'><strong>frugum</strong></span> <span class='ocrx_word' id='word_1_380' title='bbox 1501 5015 1768 5070; x_wconf 91' lang='lat' dir='ltr'><strong>omnium</strong></span> <span class='ocrx_word' id='word_1_381' title='bbox 1819 5020 1878 5071; x_wconf 86' lang='lat' dir='ltr'><strong>et</strong></span> 
     </span>
    </p>
   </div>
   <div class='ocr_carea' id='block_1_58' title="bbox 224 5104 1879 5180">
    <p class='ocr_par' dir='ltr' id='par_1_58' title="bbox 224 5104 1879 5180">
     <span class='ocr_line' id='line_1_59' title="bbox 224 5104 1879 5180; baseline -0.001 -17"><span class='ocrx_word' id='word_1_382' title='bbox 224 5106 611 5180; x_wconf 90' lang='lat' dir='ltr'><strong>pecuniarum</strong></span> <span class='ocrx_word' id='word_1_383' title='bbox 647 5105 889 5160; x_wconf 90' lang='lat' dir='ltr'><strong>Domino</strong></span> <span class='ocrx_word' id='word_1_384' title='bbox 922 5105 1149 5174; x_wconf 90' lang='lat' dir='ltr'><strong>darent,</strong></span> <span class='ocrx_word' id='word_1_385' title='bbox 1183 5105 1283 5176; x_wconf 90' lang='lat' dir='ltr'><strong>qui</strong></span> <span class='ocrx_word' id='word_1_386' title='bbox 1316 5121 1415 5160; x_wconf 89' lang='lat' dir='ltr'><strong>eos</strong></span> <span class='ocrx_word' id='word_1_387' title='bbox 1446 5104 1795 5161; x_wconf 87' lang='lat' dir='ltr'><strong>liberaverat</strong></span> <span class='ocrx_word' id='word_1_388' title='bbox 1841 5123 1879 5161; x_wconf 84' lang='lat' dir='ltr'><strong>a</strong></span> 
     </span>
    </p>
   </div>
   <div class='ocr_carea' id='block_1_59' title="bbox 221 5194 1877 5267">
    <p class='ocr_par' dir='ltr' id='par_1_59' title="bbox 221 5194 1877 5267">
     <span class='ocr_line' id='line_1_60' title="bbox 221 5194 1877 5267; baseline 0 -16"><span class='ocrx_word' id='word_1_389' title='bbox 221 5198 427 5251; x_wconf 88' lang='lat' dir='ltr'><strong>decem</strong></span> <span class='ocrx_word' id='word_1_390' title='bbox 460 5194 645 5266; x_wconf 85' lang='lat' dir='ltr'><strong>plagis</strong></span> <span class='ocrx_word' id='word_1_391' title='bbox 678 5194 895 5266; x_wconf 91' lang='lat' dir='ltr'><strong>quibus</strong></span> <span class='ocrx_word' id='word_1_392' title='bbox 925 5195 1211 5265; x_wconf 86' lang='lat' dir='ltr'><strong>percussit</strong></span> <span class='ocrx_word' id='word_1_393' title='bbox 1240 5195 1558 5267; x_wconf 67' lang='lat' dir='ltr'><strong>Egyptios,</strong></span> <span class='ocrx_word' id='word_1_394' title='bbox 1585 5200 1643 5250; x_wconf 90' lang='lat' dir='ltr'><strong>et</strong></span> <span class='ocrx_word' id='word_1_395' title='bbox 1672 5196 1733 5249; x_wconf 94' lang='lat' dir='ltr'><strong>in</strong></span> <span class='ocrx_word' id='word_1_396' title='bbox 1766 5212 1877 5251; x_wconf 88' lang='lat' dir='ltr'><strong>no-</strong></span> 
     </span>
    </p>
   </div>
   <div class='ocr_carea' id='block_1_60' title="bbox 220 5282 1874 5357">
    <p class='ocr_par' dir='ltr' id='par_1_60' title="bbox 220 5282 1874 5357">
     <span class='ocr_line' id='line_1_61' title="bbox 220 5282 1874 5357; baseline -0.001 -17"><span class='ocrx_word' id='word_1_397' title='bbox 220 5285 471 5341; x_wconf 88' lang='lat' dir='ltr'><strong>vissima</strong></span> <span class='ocrx_word' id='word_1_398' title='bbox 502 5282 673 5356; x_wconf 86' lang='lat' dir='ltr'><strong>plaga</strong></span> <span class='ocrx_word' id='word_1_399' title='bbox 703 5283 1090 5355; x_wconf 87' lang='lat' dir='ltr'><strong>primogenita</strong></span> <span class='ocrx_word' id='word_1_400' title='bbox 1119 5289 1465 5340; x_wconf 90' lang='lat' dir='ltr'><strong>cunctorum</strong></span> <span class='ocrx_word' id='word_1_401' title='bbox 1499 5284 1874 5357; x_wconf 85' lang='lat' dir='ltr'><strong>disperdidit,</strong></span> 
     </span>
    </p>
   </div>
   <div class='ocr_carea' id='block_1_61' title="bbox 215 5372 1877 5448">
    <p class='ocr_par' dir='ltr' id='par_1_61' title="bbox 215 5372 1877 5448">
     <span class='ocr_line' id='line_1_62' title="bbox 215 5372 1877 5448; baseline 0.001 -19"><span class='ocrx_word' id='word_1_402' title='bbox 215 5374 588 5448; x_wconf 88' lang='lat' dir='ltr'><strong>gratiamque</strong></span> <span class='ocrx_word' id='word_1_403' title='bbox 619 5372 743 5428; x_wconf 91' lang='lat' dir='ltr'><strong>suis</strong></span> <span class='ocrx_word' id='word_1_404' title='bbox 776 5372 1070 5444; x_wconf 61' lang='lat' dir='ltr'><strong>prastitit,</strong></span> <span class='ocrx_word' id='word_1_405' title='bbox 1123 5378 1187 5427; x_wconf 92' lang='lat' dir='ltr'><strong>ut</strong></span> <span class='ocrx_word' id='word_1_406' title='bbox 1217 5373 1553 5446; x_wconf 88' lang='lat' dir='ltr'><strong>impetratis</strong></span> <span class='ocrx_word' id='word_1_407' title='bbox 1606 5374 1877 5446; x_wconf 88' lang='lat' dir='ltr'><strong>pecuniis</strong></span> 
     </span>
    </p>
   </div>
   <div class='ocr_carea' id='block_1_62' title="bbox 218 5461 1877 5537">
    <p class='ocr_par' dir='ltr' id='par_1_62' title="bbox 218 5461 1877 5537">
     <span class='ocr_line' id='line_1_63' title="bbox 218 5461 1877 5537; baseline 0.001 -17"><span class='ocrx_word' id='word_1_408' title='bbox 218 5463 544 5537; x_wconf 74' lang='lat' dir='ltr'><strong>spoliarent</strong></span> <span class='ocrx_word' id='word_1_409' title='bbox 559 5462 981 5535; x_wconf 68' lang='lat' dir='ltr'><strong>.EgyptumDe</strong></span> <span class='ocrx_word' id='word_1_410' title='bbox 996 5461 1210 5533; x_wconf 90' lang='lat' dir='ltr'><strong>quibus</strong></span> <span class='ocrx_word' id='word_1_411' title='bbox 1224 5464 1489 5531; x_wconf 88' lang='lat' dir='ltr'><strong>decimis,</strong></span> <span class='ocrx_word' id='word_1_412' title='bbox 1505 5465 1877 5537; x_wconf 85' lang='lat' dir='ltr'><strong>Augustinus</strong></span> 
     </span>
    </p>
   </div>
   <div class='ocr_carea' id='block_1_63' title="bbox 220 5550 1875 5626">
    <p class='ocr_par' dir='ltr' id='par_1_63' title="bbox 220 5550 1875 5626">
     <span class='ocr_line' id='line_1_64' title="bbox 220 5550 1875 5626; baseline 0.001 -18"><span class='ocrx_word' id='word_1_413' title='bbox 220 5550 429 5609; x_wconf 84' lang='lat' dir='ltr'><strong>doctor</strong></span> <span class='ocrx_word' id='word_1_414' title='bbox 459 5551 811 5608; x_wconf 87' lang='lat' dir='ltr'><strong>venerabilis</strong></span> <span class='ocrx_word' id='word_1_415' title='bbox 840 5550 983 5607; x_wconf 89' lang='lat' dir='ltr'><strong>dicit</strong></span> <span class='ocrx_word' id='word_1_416' title='bbox 1015 5567 1029 5606; x_wconf 90' lang='lat'><strong>:</strong></span> <span class='ocrx_word' id='word_1_417' title='bbox 1062 5551 1309 5607; x_wconf 85' lang='lat' dir='ltr'><strong>Decimae</strong></span> <span class='ocrx_word' id='word_1_418' title='bbox 1339 5570 1408 5610; x_wconf 85' lang='lat' dir='ltr'><strong>ex</strong></span> <span class='ocrx_word' id='word_1_419' title='bbox 1435 5555 1628 5610; x_wconf 89' lang='lat' dir='ltr'><strong>debito</strong></span> <span class='ocrx_word' id='word_1_420' title='bbox 1678 5553 1875 5626; x_wconf 85' lang='lat' dir='ltr'><strong>requi-</strong></span> 
     </span>
    </p>
   </div>
   <div class='ocr_carea' id='block_1_64' title="bbox 221 5639 1877 5715">
    <p class='ocr_par' dir='ltr' id='par_1_64' title="bbox 221 5639 1877 5715">
     <span class='ocr_line' id='line_1_65' title="bbox 221 5639 1877 5715; baseline 0.001 -17"><span class='ocrx_word' id='word_1_421' title='bbox 221 5650 458 5698; x_wconf 86' lang='lat' dir='ltr'><strong>runtur.</strong></span> <span class='ocrx_word' id='word_1_422' title='bbox 491 5640 641 5706; x_wconf 83' lang='lat' dir='ltr'><strong>Quid</strong></span> <span class='ocrx_word' id='word_1_423' title='bbox 673 5639 723 5697; x_wconf 89' lang='lat' dir='ltr'><strong>si</strong></span> <span class='ocrx_word' id='word_1_424' title='bbox 768 5641 987 5697; x_wconf 86' lang='lat' dir='ltr'><strong>diceret</strong></span> <span class='ocrx_word' id='word_1_425' title='bbox 1033 5639 1183 5697; x_wconf 85' lang='lat' dir='ltr'><strong>Deus</strong></span> <span class='ocrx_word' id='word_1_426' title='bbox 1236 5658 1248 5696; x_wconf 90' lang='lat'><strong>:</strong></span> <span class='ocrx_word' id='word_1_427' title='bbox 1301 5640 1521 5715; x_wconf 82' lang='lat' dir='ltr'><strong>Nempe</strong></span> <span class='ocrx_word' id='word_1_428' title='bbox 1570 5661 1736 5699; x_wconf 82' lang='lat' dir='ltr'><strong>meus</strong></span> <span class='ocrx_word' id='word_1_429' title='bbox 1784 5653 1877 5701; x_wconf 81' lang='lat' dir='ltr'><strong>est</strong></span> 
     </span>
    </p>
   </div>
   <div class='ocr_carea' id='block_1_65' title="bbox 2019 502 3662 577">
    <p class='ocr_par' dir='ltr' id='par_1_65' title="bbox 2019 502 3662 577">
     <span class='ocr_line' id='line_1_66' title="bbox 2019 502 3662 577; baseline 0.004 -20"><span class='ocrx_word' id='word_1_430' title='bbox 2019 518 2145 573; x_wconf 83' lang='lat' dir='ltr'><strong>quas</strong></span> <span class='ocrx_word' id='word_1_431' title='bbox 2179 504 2430 575; x_wconf 88' lang='lat' dir='ltr'><strong>spargis,</strong></span> <span class='ocrx_word' id='word_1_432' title='bbox 2466 520 2592 559; x_wconf 89' lang='lat' dir='ltr'><strong>mea</strong></span> <span class='ocrx_word' id='word_1_433' title='bbox 2624 502 2905 559; x_wconf 89' lang='lat' dir='ltr'><strong>animalia</strong></span> <span class='ocrx_word' id='word_1_434' title='bbox 2932 520 3059 576; x_wconf 68' lang='lat' dir='ltr'><strong>qua:</strong></span> <span class='ocrx_word' id='word_1_435' title='bbox 3093 504 3325 577; x_wconf 86' lang='lat' dir='ltr'><strong>fatigas,</strong></span> <span class='ocrx_word' id='word_1_436' title='bbox 3359 523 3526 563; x_wconf 89' lang='lat' dir='ltr'><strong>meus</strong></span> <span class='ocrx_word' id='word_1_437' title='bbox 3572 513 3662 563; x_wconf 89' lang='lat' dir='ltr'><strong>est</strong></span> 
     </span>
    </p>
   </div>
   <div class='ocr_carea' id='block_1_66' title="bbox 2016 592 3663 667">
    <p class='ocr_par' dir='ltr' id='par_1_66' title="bbox 2016 592 3663 667">
     <span class='ocr_line' id='line_1_67' title="bbox 2016 592 3663 667; baseline 0.004 -20"><span class='ocrx_word' id='word_1_438' title='bbox 2016 592 2159 648; x_wconf 89' lang='lat' dir='ltr'><strong>solis</strong></span> <span class='ocrx_word' id='word_1_439' title='bbox 2191 593 2383 660; x_wconf 88' lang='lat' dir='ltr'><strong>calor;</strong></span> <span class='ocrx_word' id='word_1_440' title='bbox 2421 598 2477 649; x_wconf 88' lang='lat' dir='ltr'><strong>et</strong></span> <span class='ocrx_word' id='word_1_441' title='bbox 2506 610 2637 649; x_wconf 90' lang='lat' dir='ltr'><strong>cum</strong></span> <span class='ocrx_word' id='word_1_442' title='bbox 2672 594 2870 651; x_wconf 88' lang='lat' dir='ltr'><strong>omnia</strong></span> <span class='ocrx_word' id='word_1_443' title='bbox 2900 610 3031 650; x_wconf 89' lang='lat' dir='ltr'><strong>mea</strong></span> <span class='ocrx_word' id='word_1_444' title='bbox 3059 594 3199 665; x_wconf 89' lang='lat' dir='ltr'><strong>sint,</strong></span> <span class='ocrx_word' id='word_1_445' title='bbox 3224 600 3283 651; x_wconf 92' lang='lat' dir='ltr'><strong>tu</strong></span> <span class='ocrx_word' id='word_1_446' title='bbox 3319 597 3419 667; x_wconf 90' lang='lat' dir='ltr'><strong>qui</strong></span> <span class='ocrx_word' id='word_1_447' title='bbox 3464 597 3663 654; x_wconf 89' lang='lat' dir='ltr'><strong>minus</strong></span> 
     </span>
    </p>
   </div>
   <div class='ocr_carea' id='block_1_67' title="bbox 2015 683 3661 755">
    <p class='ocr_par' dir='ltr' id='par_1_67' title="bbox 2015 683 3661 755">
     <span class='ocr_line' id='line_1_68' title="bbox 2015 683 3661 755; baseline 0.003 -17"><span class='ocrx_word' id='word_1_448' title='bbox 2015 683 2447 755; x_wconf 88' lang='lat' dir='ltr'><strong>accommodas,</strong></span> <span class='ocrx_word' id='word_1_449' title='bbox 2484 683 2666 739; x_wconf 90' lang='lat' dir='ltr'><strong>solam</strong></span> <span class='ocrx_word' id='word_1_450' title='bbox 2700 683 2988 741; x_wconf 87' lang='lat' dir='ltr'><strong>decimam</strong></span> <span class='ocrx_word' id='word_1_451' title='bbox 3019 683 3111 740; x_wconf 88' lang='lat' dir='ltr'><strong>vix</strong></span> <span class='ocrx_word' id='word_1_452' title='bbox 3162 686 3509 753; x_wconf 86' lang='lat' dir='ltr'><strong>merebaris,</strong></span> <span class='ocrx_word' id='word_1_453' title='bbox 3559 688 3661 743; x_wconf 90' lang='lat' dir='ltr'><strong>sed</strong></span> 
     </span>
    </p>
   </div>
   <div class='ocr_carea' id='block_1_68' title="bbox 2013 772 3661 843">
    <p class='ocr_par' dir='ltr' id='par_1_68' title="bbox 2013 772 3661 843">
     <span class='ocr_line' id='line_1_69' title="bbox 2013 772 3661 843; baseline 0.002 -16"><span class='ocrx_word' id='word_1_454' title='bbox 2013 788 2243 830; x_wconf 90' lang='lat' dir='ltr'><strong>reservo</strong></span> <span class='ocrx_word' id='word_1_455' title='bbox 2301 772 2407 828; x_wconf 89' lang='lat' dir='ltr'><strong>tibi</strong></span> <span class='ocrx_word' id='word_1_456' title='bbox 2466 790 2693 843; x_wconf 90' lang='lat' dir='ltr'><strong>novem,</strong></span> <span class='ocrx_word' id='word_1_457' title='bbox 2746 775 2822 830; x_wconf 90' lang='lat' dir='ltr'><strong>da</strong></span> <span class='ocrx_word' id='word_1_458' title='bbox 2870 774 3011 830; x_wconf 89' lang='lat' dir='ltr'><strong>mihi</strong></span> <span class='ocrx_word' id='word_1_459' title='bbox 3071 774 3385 830; x_wconf 89' lang='lat' dir='ltr'><strong>decimam.</strong></span> <span class='ocrx_word' id='word_1_460' title='bbox 3435 774 3496 830; x_wconf 92' lang='lat' dir='ltr'><strong>Si</strong></span> <span class='ocrx_word' id='word_1_461' title='bbox 3545 791 3661 830; x_wconf 90' lang='lat' dir='ltr'><strong>non</strong></span> 
     </span>
    </p>
   </div>
   <div class='ocr_carea' id='block_1_69' title="bbox 2011 862 3662 921">
    <p class='ocr_par' dir='ltr' id='par_1_69' title="bbox 2011 862 3662 921">
     <span class='ocr_line' id='line_1_70' title="bbox 2011 862 3662 921; baseline 0.001 -4"><span class='ocrx_word' id='word_1_462' title='bbox 2011 862 2241 918; x_wconf 90' lang='lat' dir='ltr'><strong>dederis</strong></span> <span class='ocrx_word' id='word_1_463' title='bbox 2273 862 2418 918; x_wconf 90' lang='lat' dir='ltr'><strong>mihi</strong></span> <span class='ocrx_word' id='word_1_464' title='bbox 2450 863 2736 919; x_wconf 89' lang='lat' dir='ltr'><strong>decimam</strong></span> <span class='ocrx_word' id='word_1_465' title='bbox 2771 864 3032 920; x_wconf 87' lang='lat' dir='ltr'><strong>auferam</strong></span> <span class='ocrx_word' id='word_1_466' title='bbox 3057 880 3289 921; x_wconf 88' lang='lat' dir='ltr'><strong>novem.</strong></span> <span class='ocrx_word' id='word_1_467' title='bbox 3322 863 3383 919; x_wconf 91' lang='lat' dir='ltr'><strong>Si</strong></span> <span class='ocrx_word' id='word_1_468' title='bbox 3432 862 3662 919; x_wconf 88' lang='lat' dir='ltr'><strong>dederis</strong></span> 
     </span>
    </p>
   </div>
   <div class='ocr_carea' id='block_1_70' title="bbox 2010 952 3659 1025">
    <p class='ocr_par' dir='ltr' id='par_1_70' title="bbox 2010 952 3659 1025">
     <span class='ocr_line' id='line_1_71' title="bbox 2010 952 3659 1025; baseline 0.001 -18"><span class='ocrx_word' id='word_1_469' title='bbox 2010 952 2156 1009; x_wconf 90' lang='lat' dir='ltr'><strong>mihi</strong></span> <span class='ocrx_word' id='word_1_470' title='bbox 2188 952 2497 1025; x_wconf 90' lang='lat' dir='ltr'><strong>decimam,</strong></span> <span class='ocrx_word' id='word_1_471' title='bbox 2533 952 2938 1025; x_wconf 91' lang='lat' dir='ltr'><strong>multiplicabo</strong></span> <span class='ocrx_word' id='word_1_472' title='bbox 2990 970 3217 1011; x_wconf 90' lang='lat' dir='ltr'><strong>novem.</strong></span> <span class='ocrx_word' id='word_1_473' title='bbox 3267 954 3411 1010; x_wconf 89' lang='lat' dir='ltr'><strong>Cum</strong></span> <span class='ocrx_word' id='word_1_474' title='bbox 3458 952 3659 1025; x_wconf 87' lang='lat' dir='ltr'><strong>itaque</strong></span> 
     </span>
    </p>
   </div>
   <div class='ocr_carea' id='block_1_71' title="bbox 2004 1042 3660 1115">
    <p class='ocr_par' dir='ltr' id='par_1_71' title="bbox 2004 1042 3660 1115">
     <span class='ocr_line' id='line_1_72' title="bbox 2004 1042 3660 1115; baseline -0.001 -18"><span class='ocrx_word' id='word_1_475' title='bbox 2004 1042 2289 1099; x_wconf 88' lang='lat' dir='ltr'><strong>Judaicus</strong></span> <span class='ocrx_word' id='word_1_476' title='bbox 2312 1042 2566 1115; x_wconf 90' lang='lat' dir='ltr'><strong>populus</strong></span> <span class='ocrx_word' id='word_1_477' title='bbox 2588 1048 2941 1115; x_wconf 68' lang='lat' dir='ltr'><strong>praeceptum</strong></span> <span class='ocrx_word' id='word_1_478' title='bbox 2963 1043 3321 1100; x_wconf 83' lang='lat' dir='ltr'><strong>decimarum</strong></span> <span class='ocrx_word' id='word_1_479' title='bbox 3344 1046 3507 1098; x_wconf 88' lang='lat' dir='ltr'><strong>tanta</strong></span> <span class='ocrx_word' id='word_1_480' title='bbox 3530 1042 3660 1097; x_wconf 90' lang='lat' dir='ltr'><strong>dili-</strong></span> 
     </span>
    </p>
   </div>
   <div class='ocr_carea' id='block_1_72' title="bbox 2005 1132 3652 1205">
    <p class='ocr_par' dir='ltr' id='par_1_72' title="bbox 2005 1132 3652 1205">
     <span class='ocr_line' id='line_1_73' title="bbox 2005 1132 3652 1205; baseline 0.001 -18"><span class='ocrx_word' id='word_1_481' title='bbox 2005 1133 2203 1203; x_wconf 86' lang='lat' dir='ltr'><strong>gentia</strong></span> <span class='ocrx_word' id='word_1_482' title='bbox 2231 1134 2660 1201; x_wconf 88' lang='lat' dir='ltr'><strong>observaret,ut</strong></span> <span class='ocrx_word' id='word_1_483' title='bbox 2690 1134 2759 1189; x_wconf 92' lang='lat' dir='ltr'><strong>de</strong></span> <span class='ocrx_word' id='word_1_484' title='bbox 2791 1134 3123 1205; x_wconf 91' lang='lat' dir='ltr'><strong>quibusque</strong></span> <span class='ocrx_word' id='word_1_485' title='bbox 3154 1132 3423 1188; x_wconf 90' lang='lat' dir='ltr'><strong>minimis</strong></span> <span class='ocrx_word' id='word_1_486' title='bbox 3454 1132 3652 1199; x_wconf 91' lang='lat' dir='ltr'><strong>rebus,</strong></span> 
     </span>
    </p>
   </div>
   <div class='ocr_carea' id='block_1_73' title="bbox 2005 1220 3653 1294">
    <p class='ocr_par' dir='ltr' id='par_1_73' title="bbox 2005 1220 3653 1294">
     <span class='ocr_line' id='line_1_74' title="bbox 2005 1220 3653 1294; baseline 0.001 -18"><span class='ocrx_word' id='word_1_487' title='bbox 2005 1225 2137 1277; x_wconf 90' lang='lat' dir='ltr'><strong>ruta</strong></span> <span class='ocrx_word' id='word_1_488' title='bbox 2167 1227 2223 1277; x_wconf 90' lang='lat' dir='ltr'><strong>et</strong></span> <span class='ocrx_word' id='word_1_489' title='bbox 2252 1222 2492 1294; x_wconf 90' lang='lat' dir='ltr'><strong>cimino,</strong></span> <span class='ocrx_word' id='word_1_490' title='bbox 2523 1227 2588 1277; x_wconf 85' lang='lat' dir='ltr'><strong>ut</strong></span> <span class='ocrx_word' id='word_1_491' title='bbox 2617 1223 2743 1294; x_wconf 92' lang='lat' dir='ltr'><strong>ipse</strong></span> <span class='ocrx_word' id='word_1_492' title='bbox 2773 1222 3058 1277; x_wconf 92' lang='lat' dir='ltr'><strong>Dominus</strong></span> <span class='ocrx_word' id='word_1_493' title='bbox 3088 1224 3342 1278; x_wconf 87' lang='lat' dir='ltr'><strong>testatur</strong></span> <span class='ocrx_word' id='word_1_494' title='bbox 3392 1220 3653 1277; x_wconf 89' lang='lat' dir='ltr'><strong>decimas</strong></span> 
     </span>
    </p>
   </div>
   <div class='ocr_carea' id='block_1_74' title="bbox 2004 1308 3652 1383">
    <p class='ocr_par' dir='ltr' id='par_1_74' title="bbox 2004 1308 3652 1383">
     <span class='ocr_line' id='line_1_75' title="bbox 2004 1308 3652 1383; baseline 0 -18"><span class='ocrx_word' id='word_1_495' title='bbox 2004 1311 2186 1380; x_wconf 87' lang='lat' dir='ltr'><strong>daret,</strong></span> <span class='ocrx_word' id='word_1_496' title='bbox 2220 1328 2324 1366; x_wconf 90' lang='lat' dir='ltr'><strong>cur</strong></span> <span class='ocrx_word' id='word_1_497' title='bbox 2347 1329 2459 1367; x_wconf 78' lang='lat' dir='ltr'><strong>non</strong></span> <span class='ocrx_word' id='word_1_498' title='bbox 2488 1311 2692 1382; x_wconf 86' lang='lat' dir='ltr'><strong>majori</strong></span> <span class='ocrx_word' id='word_1_499' title='bbox 2720 1312 2914 1367; x_wconf 90' lang='lat' dir='ltr'><strong>studio</strong></span> <span class='ocrx_word' id='word_1_500' title='bbox 2938 1310 3105 1383; x_wconf 92' lang='lat' dir='ltr'><strong>plebs</strong></span> <span class='ocrx_word' id='word_1_501' title='bbox 3124 1308 3458 1382; x_wconf 89' lang='lat' dir='ltr'><strong>evangelica</strong></span> <span class='ocrx_word' id='word_1_502' title='bbox 3486 1325 3652 1365; x_wconf 82' lang='lat' dir='ltr'><strong>eam-</strong></span> 
     </span>
    </p>
   </div>
   <div class='ocr_carea' id='block_1_75' title="bbox 2002 1399 3651 1472">
    <p class='ocr_par' dir='ltr' id='par_1_75' title="bbox 2002 1399 3651 1472">
     <span class='ocr_line' id='line_1_76' title="bbox 2002 1399 3651 1472; baseline 0.002 -18"><span class='ocrx_word' id='word_1_503' title='bbox 2002 1400 2134 1455; x_wconf 90' lang='lat' dir='ltr'><strong>dem</strong></span> <span class='ocrx_word' id='word_1_504' title='bbox 2168 1399 2410 1472; x_wconf 88' lang='lat' dir='ltr'><strong>impleat</strong></span> <span class='ocrx_word' id='word_1_505' title='bbox 2432 1400 2785 1471; x_wconf 89' lang='lat' dir='ltr'><strong>jussionem,</strong></span> <span class='ocrx_word' id='word_1_506' title='bbox 2819 1403 2876 1455; x_wconf 90' lang='lat' dir='ltr'><strong>et</strong></span> <span class='ocrx_word' id='word_1_507' title='bbox 2904 1399 2999 1455; x_wconf 90' lang='lat' dir='ltr'><strong>cui</strong></span> <span class='ocrx_word' id='word_1_508' title='bbox 3031 1400 3223 1471; x_wconf 89' lang='lat' dir='ltr'><strong>major</strong></span> <span class='ocrx_word' id='word_1_509' title='bbox 3247 1403 3338 1456; x_wconf 91' lang='lat' dir='ltr'><strong>est</strong></span> <span class='ocrx_word' id='word_1_510' title='bbox 3366 1415 3651 1457; x_wconf 88' lang='lat' dir='ltr'><strong>numerus</strong></span> 
     </span>
    </p>
   </div>
   <div class='ocr_carea' id='block_1_76' title="bbox 2001 1488 3650 1559">
    <p class='ocr_par' dir='ltr' id='par_1_76' title="bbox 2001 1488 3650 1559">
     <span class='ocr_line' id='line_1_77' title="bbox 2001 1488 3650 1559; baseline -0.002 -13"><span class='ocrx_word' id='word_1_511' title='bbox 2001 1492 2396 1559; x_wconf 87' lang='lat' dir='ltr'><strong>sacerdotum,</strong></span> <span class='ocrx_word' id='word_1_512' title='bbox 2429 1494 2485 1545; x_wconf 89' lang='lat' dir='ltr'><strong>et</strong></span> <span class='ocrx_word' id='word_1_513' title='bbox 2530 1490 2812 1546; x_wconf 89' lang='lat' dir='ltr'><strong>sincerior</strong></span> <span class='ocrx_word' id='word_1_514' title='bbox 2858 1488 3052 1545; x_wconf 90' lang='lat' dir='ltr'><strong>cultus</strong></span> <span class='ocrx_word' id='word_1_515' title='bbox 3105 1488 3650 1545; x_wconf 85' lang='lat' dir='ltr'><strong>sacramentorum?</strong></span> 
     </span>
    </p>
   </div>
   <div class='ocr_carea' id='block_1_77' title="bbox 2000 1578 3646 1653">
    <p class='ocr_par' dir='ltr' id='par_1_77' title="bbox 2000 1578 3646 1653">
     <span class='ocr_line' id='line_1_78' title="bbox 2000 1578 3646 1653; baseline -0.002 -17"><span class='ocrx_word' id='word_1_516' title='bbox 2000 1579 2137 1636; x_wconf 87' lang='lat' dir='ltr'><strong>Ideo</strong></span> <span class='ocrx_word' id='word_1_517' title='bbox 2169 1596 2304 1653; x_wconf 88' lang='lat' dir='ltr'><strong>ergo</strong></span> <span class='ocrx_word' id='word_1_518' title='bbox 2339 1580 2543 1637; x_wconf 67' lang='lat' dir='ltr'><strong>dandas</strong></span> <span class='ocrx_word' id='word_1_519' title='bbox 2576 1584 2735 1650; x_wconf 89' lang='lat' dir='ltr'><strong>sunt,</strong></span> <span class='ocrx_word' id='word_1_520' title='bbox 2763 1584 2828 1635; x_wconf 92' lang='lat' dir='ltr'><strong>ut</strong></span> <span class='ocrx_word' id='word_1_521' title='bbox 2858 1578 2967 1636; x_wconf 89' lang='lat' dir='ltr'><strong>hac</strong></span> <span class='ocrx_word' id='word_1_522' title='bbox 3007 1578 3310 1636; x_wconf 81' lang='lat' dir='ltr'><strong>devotione</strong></span> <span class='ocrx_word' id='word_1_523' title='bbox 3358 1578 3646 1635; x_wconf 89' lang='lat' dir='ltr'><strong>Dominus</strong></span> 
     </span>
    </p>
   </div>
   <div class='ocr_carea' id='block_1_78' title="bbox 1998 1668 3647 1744">
    <p class='ocr_par' dir='ltr' id='par_1_78' title="bbox 1998 1668 3647 1744">
     <span class='ocr_line' id='line_1_79' title="bbox 1998 1668 3647 1744; baseline -0.001 -19"><span class='ocrx_word' id='word_1_524' title='bbox 1998 1670 2509 1744; x_wconf 85' lang='lat' dir='ltr'><strong>placatus,largius</strong></span> <span class='ocrx_word' id='word_1_525' title='bbox 2539 1674 2775 1743; x_wconf 64' lang='lat' dir='ltr'><strong>prestet</strong></span> <span class='ocrx_word' id='word_1_526' title='bbox 2802 1686 2929 1742; x_wconf 69' lang='lat' dir='ltr'><strong>quae</strong></span> <span class='ocrx_word' id='word_1_527' title='bbox 2962 1669 3295 1726; x_wconf 86' lang='lat' dir='ltr'><strong>necessaria</strong></span> <span class='ocrx_word' id='word_1_528' title='bbox 3323 1668 3647 1739; x_wconf 88' lang='lat' dir='ltr'><strong>sunt,sicut</strong></span> 
     </span>
    </p>
   </div>
   <div class='ocr_carea' id='block_1_79' title="bbox 1998 1757 3643 1834">
    <p class='ocr_par' dir='ltr' id='par_1_79' title="bbox 1998 1757 3643 1834">
     <span class='ocr_line' id='line_1_80' title="bbox 1998 1757 3643 1834; baseline -0.003 -17"><span class='ocrx_word' id='word_1_529' title='bbox 1998 1761 2270 1834; x_wconf 90' lang='lat' dir='ltr'><strong>superius</strong></span> <span class='ocrx_word' id='word_1_530' title='bbox 2299 1762 2687 1818; x_wconf 89' lang='lat' dir='ltr'><strong>ostendimus.</strong></span> <span class='ocrx_word' id='word_1_531' title='bbox 2720 1762 2791 1817; x_wconf 87' lang='lat' dir='ltr'><strong>Et</strong></span> <span class='ocrx_word' id='word_1_532' title='bbox 2821 1764 2887 1816; x_wconf 86' lang='lat' dir='ltr'><strong>ut</strong></span> <span class='ocrx_word' id='word_1_533' title='bbox 2914 1760 3247 1816; x_wconf 89' lang='lat' dir='ltr'><strong>sacerdotes</strong></span> <span class='ocrx_word' id='word_1_534' title='bbox 3277 1775 3343 1815; x_wconf 88' lang='lat' dir='ltr'><strong>ac</strong></span> <span class='ocrx_word' id='word_1_535' title='bbox 3384 1757 3643 1813; x_wconf 84' lang='lat' dir='ltr'><strong>ministr-</strong></span> 
     </span>
    </p>
   </div>
   <div class='ocr_carea' id='block_1_80' title="bbox 1994 1849 3639 1923">
    <p class='ocr_par' dir='ltr' id='par_1_80' title="bbox 1994 1849 3639 1923">
     <span class='ocr_line' id='line_1_81' title="bbox 1994 1849 3639 1923; baseline 0 -17"><span class='ocrx_word' id='word_1_536' title='bbox 1994 1850 2250 1907; x_wconf 78' lang='lat' dir='ltr'><strong>ecclesize</strong></span> <span class='ocrx_word' id='word_1_537' title='bbox 2273 1868 2412 1908; x_wconf 89' lang='lat' dir='ltr'><strong>cura</strong></span> <span class='ocrx_word' id='word_1_538' title='bbox 2437 1856 2493 1907; x_wconf 89' lang='lat' dir='ltr'><strong>et</strong></span> <span class='ocrx_word' id='word_1_539' title='bbox 2515 1849 2909 1907; x_wconf 87' lang='lat' dir='ltr'><strong>sollicitudine</strong></span> <span class='ocrx_word' id='word_1_540' title='bbox 2934 1850 3352 1906; x_wconf 88' lang='lat' dir='ltr'><strong>necessitatum</strong></span> <span class='ocrx_word' id='word_1_541' title='bbox 3374 1852 3639 1923; x_wconf 79' lang='lat' dir='ltr'><strong>corporei</strong></span> 
     </span>
    </p>
   </div>
   <div class='ocr_carea' id='block_1_81' title="bbox 1992 1939 3641 2013">
    <p class='ocr_par' dir='ltr' id='par_1_81' title="bbox 1992 1939 3641 2013">
     <span class='ocr_line' id='line_1_82' title="bbox 1992 1939 3641 2013; baseline 0 -17"><span class='ocrx_word' id='word_1_542' title='bbox 1992 1941 2160 2012; x_wconf 91' lang='lat' dir='ltr'><strong>lium,</strong></span> <span class='ocrx_word' id='word_1_543' title='bbox 2194 1940 2320 1996; x_wconf 92' lang='lat' dir='ltr'><strong>sine</strong></span> <span class='ocrx_word' id='word_1_544' title='bbox 2368 1940 2584 2013; x_wconf 90' lang='lat' dir='ltr'><strong>quibus</strong></span> <span class='ocrx_word' id='word_1_545' title='bbox 2629 1940 2749 1995; x_wconf 62' lang='lat' dir='ltr'><strong>haec</strong></span> <span class='ocrx_word' id='word_1_546' title='bbox 2796 1940 2917 1996; x_wconf 88' lang='lat' dir='ltr'><strong>vita</strong></span> <span class='ocrx_word' id='word_1_547' title='bbox 2960 1939 3210 2012; x_wconf 90' lang='lat' dir='ltr'><strong>transigi</strong></span> <span class='ocrx_word' id='word_1_548' title='bbox 3261 1956 3376 1996; x_wconf 92' lang='lat' dir='ltr'><strong>non</strong></span> <span class='ocrx_word' id='word_1_549' title='bbox 3427 1945 3641 2013; x_wconf 83' lang='lat' dir='ltr'><strong>potest,</strong></span> 
     </span>
    </p>
   </div>
   <div class='ocr_carea' id='block_1_82' title="bbox 1996 2029 3638 2097">
    <p class='ocr_par' dir='ltr' id='par_1_82' title="bbox 1996 2029 3638 2097">
     <span class='ocr_line' id='line_1_83' title="bbox 1996 2029 3638 2097; baseline 0 -12"><span class='ocrx_word' id='word_1_550' title='bbox 1996 2030 2255 2097; x_wconf 88' lang='lat' dir='ltr'><strong>relevati,</strong></span> <span class='ocrx_word' id='word_1_551' title='bbox 2287 2030 2590 2086; x_wconf 90' lang='lat' dir='ltr'><strong>liberiores</strong></span> <span class='ocrx_word' id='word_1_552' title='bbox 2625 2030 2772 2086; x_wconf 84' lang='lat' dir='ltr'><strong>fiant</strong></span> <span class='ocrx_word' id='word_1_553' title='bbox 2819 2030 2887 2085; x_wconf 88' lang='lat' dir='ltr'><strong>ad</strong></span> <span class='ocrx_word' id='word_1_554' title='bbox 2943 2029 3381 2086; x_wconf 87' lang='lat' dir='ltr'><strong>meditationem</strong></span> <span class='ocrx_word' id='word_1_555' title='bbox 3432 2030 3638 2085; x_wconf 67' lang='lat' dir='ltr'><strong>divinas</strong></span> 
     </span>
    </p>
   </div>
   <div class='ocr_carea' id='block_1_83' title="bbox 1993 2118 3645 2193">
    <p class='ocr_par' dir='ltr' id='par_1_83' title="bbox 1993 2118 3645 2193">
     <span class='ocr_line' id='line_1_84' title="bbox 1993 2118 3645 2193; baseline 0 -17"><span class='ocrx_word' id='word_1_556' title='bbox 1993 2118 3645 2193; x_wconf 82' lang='lat' dir='ltr'><strong>legis,etdoctrinasadministrationem,atquespiritualis</strong></span> 
     </span>
    </p>
   </div>
   <div class='ocr_carea' id='block_1_84' title="bbox 1997 2208 3644 2282">
    <p class='ocr_par' dir='ltr' id='par_1_84' title="bbox 1997 2208 3644 2282">
     <span class='ocr_line' id='line_1_85' title="bbox 1997 2208 3644 2282; baseline -0.001 -16"><span class='ocrx_word' id='word_1_557' title='bbox 1997 2209 2219 2267; x_wconf 91' lang='lat' dir='ltr'><strong>servitii</strong></span> <span class='ocrx_word' id='word_1_558' title='bbox 2240 2209 2634 2265; x_wconf 90' lang='lat' dir='ltr'><strong>voluntariam</strong></span> <span class='ocrx_word' id='word_1_559' title='bbox 2660 2208 3073 2282; x_wconf 88' lang='lat' dir='ltr'><strong>expletionem.</strong></span> <span class='ocrx_word' id='word_1_560' title='bbox 3099 2209 3165 2263; x_wconf 88' lang='lat' dir='ltr'><strong>Et</strong></span> <span class='ocrx_word' id='word_1_561' title='bbox 3190 2212 3257 2264; x_wconf 92' lang='lat' dir='ltr'><strong>ut</strong></span> <span class='ocrx_word' id='word_1_562' title='bbox 3287 2225 3507 2266; x_wconf 90' lang='lat' dir='ltr'><strong>munus</strong></span> <span class='ocrx_word' id='word_1_563' title='bbox 3540 2226 3644 2281; x_wconf 91' lang='lat' dir='ltr'><strong>po-</strong></span> 
     </span>
    </p>
   </div>
   <div class='ocr_carea' id='block_1_85' title="bbox 1997 2297 3647 2373">
    <p class='ocr_par' dir='ltr' id='par_1_85' title="bbox 1997 2297 3647 2373">
     <span class='ocr_line' id='line_1_86' title="bbox 1997 2297 3647 2373; baseline -0.002 -17"><span class='ocrx_word' id='word_1_564' title='bbox 1997 2299 2121 2373; x_wconf 91' lang='lat' dir='ltr'><strong>puli</strong></span> <span class='ocrx_word' id='word_1_565' title='bbox 2142 2299 2202 2355; x_wconf 92' lang='lat' dir='ltr'><strong>in</strong></span> <span class='ocrx_word' id='word_1_566' title='bbox 2228 2300 2572 2372; x_wconf 88' lang='lat' dir='ltr'><strong>quotidiana</strong></span> <span class='ocrx_word' id='word_1_567' title='bbox 2591 2298 2889 2354; x_wconf 89' lang='lat' dir='ltr'><strong>oblatione</strong></span> <span class='ocrx_word' id='word_1_568' title='bbox 2911 2297 3157 2353; x_wconf 90' lang='lat' dir='ltr'><strong>Domino</strong></span> <span class='ocrx_word' id='word_1_569' title='bbox 3178 2297 3647 2368; x_wconf 88' lang='lat' dir='ltr'><strong>immoletur,nec</strong></span> 
     </span>
    </p>
   </div>
   <div class='ocr_carea' id='block_1_86' title="bbox 1998 2386 3645 2459">
    <p class='ocr_par' dir='ltr' id='par_1_86' title="bbox 1998 2386 3645 2459">
     <span class='ocr_line' id='line_1_87' title="bbox 1998 2386 3645 2459; baseline -0.002 -13"><span class='ocrx_word' id='word_1_570' title='bbox 1998 2407 2115 2446; x_wconf 90' lang='lat' dir='ltr'><strong>non</strong></span> <span class='ocrx_word' id='word_1_571' title='bbox 2138 2392 2361 2444; x_wconf 88' lang='lat' dir='ltr'><strong>statuta</strong></span> <span class='ocrx_word' id='word_1_572' title='bbox 2383 2386 2663 2444; x_wconf 89' lang='lat' dir='ltr'><strong>canonica</strong></span> <span class='ocrx_word' id='word_1_573' title='bbox 2685 2387 2740 2442; x_wconf 91' lang='lat' dir='ltr'><strong>in</strong></span> <span class='ocrx_word' id='word_1_574' title='bbox 2766 2386 3257 2442; x_wconf 86' lang='lat' dir='ltr'><strong>sustentationem</strong></span> <span class='ocrx_word' id='word_1_575' title='bbox 3297 2402 3645 2459; x_wconf 88' lang='lat' dir='ltr'><strong>pauperum,</strong></span> 
     </span>
    </p>
   </div>
   <div class='ocr_carea' id='block_1_87' title="bbox 1997 2476 3654 2548">
    <p class='ocr_par' dir='ltr' id='par_1_87' title="bbox 1997 2476 3654 2548">
     <span class='ocr_line' id='line_1_88' title="bbox 1997 2476 3654 2548; baseline -0.003 -12"><span class='ocrx_word' id='word_1_576' title='bbox 1997 2485 2055 2536; x_wconf 86' lang='lat' dir='ltr'><strong>et</strong></span> <span class='ocrx_word' id='word_1_577' title='bbox 2086 2478 2570 2535; x_wconf 88' lang='lat' dir='ltr'><strong>restaurationem</strong></span> <span class='ocrx_word' id='word_1_578' title='bbox 2605 2476 2985 2532; x_wconf 84' lang='lat' dir='ltr'><strong>ecclesiarum</strong></span> <span class='ocrx_word' id='word_1_579' title='bbox 3019 2476 3346 2548; x_wconf 83' lang='lat' dir='ltr'><strong>proficiant.</strong></span> <span class='ocrx_word' id='word_1_580' title='bbox 3391 2476 3654 2540; x_wconf 86' lang='lat' dir='ltr'><strong>Quatuor</strong></span> 
     </span>
    </p>
   </div>
   <div class='ocr_carea' id='block_1_88' title="bbox 1998 2564 3648 2640">
    <p class='ocr_par' dir='ltr' id='par_1_88' title="bbox 1998 2564 3648 2640">
     <span class='ocr_line' id='line_1_89' title="bbox 1998 2564 3648 2640; baseline -0.002 -14"><span class='ocrx_word' id='word_1_581' title='bbox 1998 2569 2153 2627; x_wconf 91' lang='lat' dir='ltr'><strong>enim</strong></span> <span class='ocrx_word' id='word_1_582' title='bbox 2186 2572 2379 2640; x_wconf 89' lang='lat' dir='ltr'><strong>partes</strong></span> <span class='ocrx_word' id='word_1_583' title='bbox 2403 2568 2574 2638; x_wconf 84' lang='lat' dir='ltr'><strong>juxta</strong></span> <span class='ocrx_word' id='word_1_584' title='bbox 2604 2582 2858 2622; x_wconf 89' lang='lat' dir='ltr'><strong>canones</strong></span> <span class='ocrx_word' id='word_1_585' title='bbox 2888 2565 3104 2620; x_wconf 90' lang='lat' dir='ltr'><strong>debent</strong></span> <span class='ocrx_word' id='word_1_586' title='bbox 3134 2564 3255 2620; x_wconf 82' lang='lat' dir='ltr'><strong>fieri</strong></span> <span class='ocrx_word' id='word_1_587' title='bbox 3286 2565 3356 2621; x_wconf 90' lang='lat' dir='ltr'><strong>de</strong></span> <span class='ocrx_word' id='word_1_588' title='bbox 3386 2565 3648 2622; x_wconf 83' lang='lat' dir='ltr'><strong>fidelium</strong></span> 
     </span>
    </p>
   </div>
   <div class='ocr_carea' id='block_1_89' title="bbox 1996 2653 3642 2727">
    <p class='ocr_par' dir='ltr' id='par_1_89' title="bbox 1996 2653 3642 2727">
     <span class='ocr_line' id='line_1_90' title="bbox 1996 2653 3642 2727; baseline -0.004 -10"><span class='ocrx_word' id='word_1_589' title='bbox 1996 2659 2397 2718; x_wconf 90' lang='lat' dir='ltr'><strong>oblationibus</strong></span> <span class='ocrx_word' id='word_1_590' title='bbox 2429 2661 2494 2713; x_wconf 90' lang='lat' dir='ltr'><strong>ut</strong></span> <span class='ocrx_word' id='word_1_591' title='bbox 2523 2674 2641 2712; x_wconf 89' lang='lat' dir='ltr'><strong>una</strong></span> <span class='ocrx_word' id='word_1_592' title='bbox 2671 2656 2749 2711; x_wconf 90' lang='lat' dir='ltr'><strong>sit</strong></span> <span class='ocrx_word' id='word_1_593' title='bbox 2772 2653 3245 2727; x_wconf 88' lang='lat' dir='ltr'><strong>episcopi,altera</strong></span> <span class='ocrx_word' id='word_1_594' title='bbox 3275 2653 3642 2723; x_wconf 91' lang='lat' dir='ltr'><strong>clericorum,</strong></span> 
     </span>
    </p>
   </div>
   <div class='ocr_carea' id='block_1_90' title="bbox 1997 2742 3641 2822">
    <p class='ocr_par' dir='ltr' id='par_1_90' title="bbox 1997 2742 3641 2822">
     <span class='ocr_line' id='line_1_91' title="bbox 1997 2742 3641 2822; baseline -0.004 -14"><span class='ocrx_word' id='word_1_595' title='bbox 1997 2751 2169 2808; x_wconf 91' lang='lat' dir='ltr'><strong>tertia</strong></span> <span class='ocrx_word' id='word_1_596' title='bbox 2200 2763 2552 2822; x_wconf 90' lang='lat' dir='ltr'><strong>pauperum,</strong></span> <span class='ocrx_word' id='word_1_597' title='bbox 2579 2748 2787 2818; x_wconf 91' lang='lat' dir='ltr'><strong>quarta</strong></span> <span class='ocrx_word' id='word_1_598' title='bbox 2817 2742 3229 2801; x_wconf 88' lang='lat' dir='ltr'><strong>restaurationi</strong></span> <span class='ocrx_word' id='word_1_599' title='bbox 3261 2742 3641 2802; x_wconf 89' lang='lat' dir='ltr'><strong>ecclesiarum</strong></span> 
     </span>
    </p>
   </div>
   <div class='ocr_carea' id='block_1_91' title="bbox 1994 2844 2275 2898">
    <p class='ocr_par' dir='ltr' id='par_1_91' title="bbox 1994 2844 2275 2898">
     <span class='ocr_line' id='line_1_92' title="bbox 1994 2844 2275 2898; baseline -0.014 0"><span class='ocrx_word' id='word_1_600' title='bbox 1994 2844 2275 2898; x_wconf 90' lang='lat' dir='ltr'><strong>servetur.</strong></span> 
     </span>
    </p>
   </div>
   <div class='ocr_carea' id='block_1_92' title="bbox 1993 2950 3642 3014">
    <p class='ocr_par' dir='ltr' id='par_1_92' title="bbox 1993 2950 3642 3014">
     <span class='ocr_line' id='line_1_93' title="bbox 1993 2950 3642 3014; baseline -0.002 -1"><span class='ocrx_word' id='word_1_601' title='bbox 1993 2961 2128 3014; x_wconf 79' lang='lat' dir='ltr'><strong>CAP.</strong></span> <span class='ocrx_word' id='word_1_602' title='bbox 2160 2956 2287 3011; x_wconf 87' lang='lat'><strong>200.</strong></span> <span class='ocrx_word' id='word_1_603' title='bbox 2322 2985 2389 2996; x_wconf 94' lang='lat'><strong>—</strong></span> <span class='ocrx_word' id='word_1_604' title='bbox 2420 2955 2555 3009; x_wconf 82' lang='lat' dir='ltr'><strong>Item</strong></span> <span class='ocrx_word' id='word_1_605' title='bbox 2583 2951 2648 3007; x_wconf 87' lang='lat' dir='ltr'><strong>de</strong></span> <span class='ocrx_word' id='word_1_606' title='bbox 2675 2950 2922 3006; x_wconf 78' lang='lat' dir='ltr'><strong>decimis.</strong></span> <span class='ocrx_word' id='word_1_607' title='bbox 2959 2951 3042 3006; x_wconf 76' lang='lat' dir='ltr'><strong>Ex</strong></span> <span class='ocrx_word' id='word_1_608' title='bbox 3069 2950 3302 3007; x_wconf 84' lang='lat' dir='ltr'><strong>concilio</strong></span> <span class='ocrx_word' id='word_1_609' title='bbox 3348 2950 3642 3010; x_wconf 80' lang='lat' dir='ltr'><strong>Medioma-</strong></span> 
     </span>
    </p>
   </div>
   <div class='ocr_carea' id='block_1_93' title="bbox 2190 3023 3451 3097">
    <p class='ocr_par' dir='ltr' id='par_1_93' title="bbox 2190 3023 3451 3097">
     <span class='ocr_line' id='line_1_94' title="bbox 2190 3023 3451 3097; baseline -0.005 -13"><span class='ocrx_word' id='word_1_610' title='bbox 2190 3027 2367 3093; x_wconf 81' lang='lat' dir='ltr'><strong>tricis,</strong></span> <span class='ocrx_word' id='word_1_611' title='bbox 2400 3042 2522 3097; x_wconf 88' lang='lat' dir='ltr'><strong>cap.</strong></span> <span class='ocrx_word' id='word_1_612' title='bbox 2556 3025 2609 3080; x_wconf 89' lang='lat'><strong>3.</strong></span> <span class='ocrx_word' id='word_1_613' title='bbox 2645 3025 3004 3094; x_wconf 79' lang='lat' dir='ltr'><strong>(Maguntien.</strong></span> <span class='ocrx_word' id='word_1_614' title='bbox 3038 3038 3188 3079; x_wconf 90' lang='lat' dir='ltr'><strong>conc.</strong></span> <span class='ocrx_word' id='word_1_615' title='bbox 3220 3039 3340 3096; x_wconf 90' lang='lat' dir='ltr'><strong>cap.</strong></span> <span class='ocrx_word' id='word_1_616' title='bbox 3370 3023 3451 3095; x_wconf 88' lang='lat'><strong>3.)</strong></span> 
     </span>
    </p>
   </div>
   <div class='ocr_carea' id='block_1_94' title="bbox 2066 3119 3643 3196">
    <p class='ocr_par' dir='ltr' id='par_1_94' title="bbox 2066 3119 3643 3196">
     <span class='ocr_line' id='line_1_95' title="bbox 2066 3119 3643 3196; baseline -0.003 -16"><span class='ocrx_word' id='word_1_617' title='bbox 2066 3125 2184 3195; x_wconf 85' lang='lat'><strong>(16,</strong></span> <span class='ocrx_word' id='word_1_618' title='bbox 2215 3143 2269 3196; x_wconf 86' lang='lat' dir='ltr'><strong>q.</strong></span> <span class='ocrx_word' id='word_1_619' title='bbox 2316 3125 2374 3192; x_wconf 90' lang='lat'><strong>7,</strong></span> <span class='ocrx_word' id='word_1_620' title='bbox 2424 3139 2471 3178; x_wconf 90' lang='lat' dir='ltr'><strong>c.</strong></span> <span class='ocrx_word' id='word_1_621' title='bbox 2521 3121 2826 3192; x_wconf 81' lang='lat' dir='ltr'><strong>Decimus.)</strong></span> <span class='ocrx_word' id='word_1_622' title='bbox 2876 3120 3145 3177; x_wconf 91' lang='lat' dir='ltr'><strong>Decimas</strong></span> <span class='ocrx_word' id='word_1_623' title='bbox 3191 3137 3339 3191; x_wconf 89' lang='lat' dir='ltr'><strong>quas</strong></span> <span class='ocrx_word' id='word_1_624' title='bbox 3389 3119 3643 3193; x_wconf 90' lang='lat' dir='ltr'><strong>populus</strong></span> 
     </span>
    </p>
   </div>
   <div class='ocr_carea' id='block_1_95' title="bbox 1994 3209 3645 3285">
    <p class='ocr_par' dir='ltr' id='par_1_95' title="bbox 1994 3209 3645 3285">
     <span class='ocr_line' id='line_1_96' title="bbox 1994 3209 3645 3285; baseline -0.004 -13"><span class='ocrx_word' id='word_1_625' title='bbox 1994 3216 2133 3272; x_wconf 83' lang='lat' dir='ltr'><strong>dare</strong></span> <span class='ocrx_word' id='word_1_626' title='bbox 2164 3232 2281 3271; x_wconf 92' lang='lat' dir='ltr'><strong>non</strong></span> <span class='ocrx_word' id='word_1_627' title='bbox 2313 3211 2577 3285; x_wconf 82' lang='lat' dir='ltr'><strong>vult,nisi</strong></span> <span class='ocrx_word' id='word_1_628' title='bbox 2606 3210 2864 3281; x_wconf 89' lang='lat' dir='ltr'><strong>quolibet</strong></span> <span class='ocrx_word' id='word_1_629' title='bbox 2893 3210 3236 3278; x_wconf 86' lang='lat' dir='ltr'><strong>munere,ab</strong></span> <span class='ocrx_word' id='word_1_630' title='bbox 3258 3226 3326 3265; x_wconf 92' lang='lat' dir='ltr'><strong>eo</strong></span> <span class='ocrx_word' id='word_1_631' title='bbox 3356 3209 3645 3267; x_wconf 89' lang='lat' dir='ltr'><strong>rediman-</strong></span> 
     </span>
    </p>
   </div>
   <div class='ocr_carea' id='block_1_96' title="bbox 1994 3297 3380 3375">
    <p class='ocr_par' dir='ltr' id='par_1_96' title="bbox 1994 3297 3380 3375">
     <span class='ocr_line' id='line_1_97' title="bbox 1994 3297 3380 3375; baseline -0.006 -14"><span class='ocrx_word' id='word_1_632' title='bbox 1994 3312 2113 3371; x_wconf 87' lang='lat' dir='ltr'><strong>tur,</strong></span> <span class='ocrx_word' id='word_1_633' title='bbox 2146 3305 2220 3360; x_wconf 89' lang='lat' dir='ltr'><strong>ab</strong></span> <span class='ocrx_word' id='word_1_634' title='bbox 2250 3302 2544 3375; x_wconf 90' lang='lat' dir='ltr'><strong>episcopis</strong></span> <span class='ocrx_word' id='word_1_635' title='bbox 2573 3299 3006 3372; x_wconf 87' lang='lat' dir='ltr'><strong>prohibendum</strong></span> <span class='ocrx_word' id='word_1_636' title='bbox 3037 3303 3128 3357; x_wconf 91' lang='lat' dir='ltr'><strong>est</strong></span> <span class='ocrx_word' id='word_1_637' title='bbox 3158 3315 3231 3355; x_wconf 91' lang='lat' dir='ltr'><strong>ne</strong></span> <span class='ocrx_word' id='word_1_638' title='bbox 3259 3297 3380 3355; x_wconf 84' lang='lat' dir='ltr'><strong>ﬁat.</strong></span> 
     </span>
    </p>
   </div>
   <div class='ocr_carea' id='block_1_97' title="bbox 1994 3405 3642 3478">
    <p class='ocr_par' dir='ltr' id='par_1_97' title="bbox 1994 3405 3642 3478">
     <span class='ocr_line' id='line_1_98' title="bbox 1994 3405 3642 3478; baseline -0.004 -9"><span class='ocrx_word' id='word_1_639' title='bbox 1994 3412 2129 3469; x_wconf 79' lang='lat' dir='ltr'><strong>CAP.</strong></span> <span class='ocrx_word' id='word_1_640' title='bbox 2182 3411 2309 3465; x_wconf 86' lang='lat'><strong>201.</strong></span> <span class='ocrx_word' id='word_1_641' title='bbox 2361 3440 2432 3449; x_wconf 97' lang='lat'><strong>—</strong></span> <span class='ocrx_word' id='word_1_642' title='bbox 2478 3407 2629 3476; x_wconf 85' lang='lat' dir='ltr'><strong>Quod</strong></span> <span class='ocrx_word' id='word_1_643' title='bbox 2659 3415 2840 3478; x_wconf 85' lang='lat' dir='ltr'><strong>partes</strong></span> <span class='ocrx_word' id='word_1_644' title='bbox 2869 3407 2935 3462; x_wconf 89' lang='lat' dir='ltr'><strong>de</strong></span> <span class='ocrx_word' id='word_1_645' title='bbox 2962 3406 3191 3462; x_wconf 85' lang='lat' dir='ltr'><strong>decimis</strong></span> <span class='ocrx_word' id='word_1_646' title='bbox 3218 3405 3344 3474; x_wconf 77' lang='lat' dir='ltr'><strong>ﬁeri</strong></span> <span class='ocrx_word' id='word_1_647' title='bbox 3393 3405 3642 3477; x_wconf 81' lang='lat' dir='ltr'><strong>debeant,</strong></span> 
     </span>
    </p>
   </div>
   <div class='ocr_carea' id='block_1_98' title="bbox 2063 3478 3645 3555">
    <p class='ocr_par' dir='ltr' id='par_1_98' title="bbox 2063 3478 3645 3555">
     <span class='ocr_line' id='line_1_99' title="bbox 2063 3478 3645 3555; baseline -0.005 -15"><span class='ocrx_word' id='word_1_648' title='bbox 2063 3493 2115 3540; x_wconf 90' lang='lat' dir='ltr'><strong>et</strong></span> <span class='ocrx_word' id='word_1_649' title='bbox 2140 3486 2307 3555; x_wconf 85' lang='lat' dir='ltr'><strong>quota</strong></span> <span class='ocrx_word' id='word_1_650' title='bbox 2335 3497 2465 3553; x_wconf 88' lang='lat' dir='ltr'><strong>pars</strong></span> <span class='ocrx_word' id='word_1_651' title='bbox 2494 3479 2564 3535; x_wconf 89' lang='lat' dir='ltr'><strong>ad</strong></span> <span class='ocrx_word' id='word_1_652' title='bbox 2586 3496 2747 3555; x_wconf 84' lang='lat' dir='ltr'><strong>usum</strong></span> <span class='ocrx_word' id='word_1_653' title='bbox 2763 3480 3037 3552; x_wconf 86' lang='lat' dir='ltr'><strong>pertineat</strong></span> <span class='ocrx_word' id='word_1_654' title='bbox 3062 3479 3417 3549; x_wconf 78' lang='lat' dir='ltr'><strong>episcopi.Ea:</strong></span> <span class='ocrx_word' id='word_1_655' title='bbox 3435 3478 3645 3551; x_wconf 74' lang='lat' dir='ltr'><strong>Agrip~</strong></span> 
     </span>
    </p>
   </div>
   <div class='ocr_carea' id='block_1_99' title="bbox 2060 3554 2723 3628">
    <p class='ocr_par' dir='ltr' id='par_1_99' title="bbox 2060 3554 2723 3628">
     <span class='ocr_line' id='line_1_100' title="bbox 2060 3554 2723 3628; baseline -0.006 -17"><span class='ocrx_word' id='word_1_656' title='bbox 2060 3554 2281 3628; x_wconf 85' lang='lat' dir='ltr'><strong>pinensi</strong></span> <span class='ocrx_word' id='word_1_657' title='bbox 2309 3570 2483 3619; x_wconf 89' lang='lat' dir='ltr'><strong>conc.,</strong></span> <span class='ocrx_word' id='word_1_658' title='bbox 2515 3568 2636 3623; x_wconf 85' lang='lat' dir='ltr'><strong>cap.</strong></span> <span class='ocrx_word' id='word_1_659' title='bbox 2667 3554 2723 3607; x_wconf 83' lang='lat'><strong>6.</strong></span> 
     </span>
    </p>
   </div>
   <div class='ocr_carea' id='block_1_100' title="bbox 2061 3638 3640 3714">
    <p class='ocr_par' dir='ltr' id='par_1_100' title="bbox 2061 3638 3640 3714">
     <span class='ocr_line' id='line_1_101' title="bbox 2061 3638 3640 3714; baseline -0.003 -14"><span class='ocrx_word' id='word_1_660' title='bbox 2061 3649 2205 3701; x_wconf 89' lang='lat' dir='ltr'><strong>Item</strong></span> <span class='ocrx_word' id='word_1_661' title='bbox 2239 3643 2393 3714; x_wconf 87' lang='lat' dir='ltr'><strong>quod</strong></span> <span class='ocrx_word' id='word_1_662' title='bbox 2427 3641 2653 3696; x_wconf 87' lang='lat' dir='ltr'><strong>decima</strong></span> <span class='ocrx_word' id='word_1_663' title='bbox 2684 3657 2810 3712; x_wconf 71' lang='lat' dir='ltr'><strong>quae</strong></span> <span class='ocrx_word' id='word_1_664' title='bbox 2835 3656 2867 3694; x_wconf 89' lang='lat' dir='ltr'><strong>a</strong></span> <span class='ocrx_word' id='word_1_665' title='bbox 2887 3638 3160 3695; x_wconf 76' lang='lat' dir='ltr'><strong>fidelibus</strong></span> <span class='ocrx_word' id='word_1_666' title='bbox 3187 3639 3489 3705; x_wconf 88' lang='lat' dir='ltr'><strong>datur,Dei</strong></span> <span class='ocrx_word' id='word_1_667' title='bbox 3511 3655 3640 3696; x_wconf 88' lang='lat' dir='ltr'><strong>cen-</strong></span> 
     </span>
    </p>
   </div>
   <div class='ocr_carea' id='block_1_101' title="bbox 1989 3728 3634 3803">
    <p class='ocr_par' dir='ltr' id='par_1_101' title="bbox 1989 3728 3634 3803">
     <span class='ocr_line' id='line_1_102' title="bbox 1989 3728 3634 3803; baseline -0.003 -12"><span class='ocrx_word' id='word_1_668' title='bbox 1989 3751 2095 3791; x_wconf 90' lang='lat' dir='ltr'><strong>sus</strong></span> <span class='ocrx_word' id='word_1_669' title='bbox 2126 3731 2525 3803; x_wconf 88' lang='lat' dir='ltr'><strong>nuncupanda</strong></span> <span class='ocrx_word' id='word_1_670' title='bbox 2553 3733 2660 3799; x_wconf 89' lang='lat' dir='ltr'><strong>est,</strong></span> <span class='ocrx_word' id='word_1_671' title='bbox 2695 3733 2752 3784; x_wconf 89' lang='lat' dir='ltr'><strong>et</strong></span> <span class='ocrx_word' id='word_1_672' title='bbox 2780 3729 2896 3785; x_wconf 85' lang='lat' dir='ltr'><strong>Deo</strong></span> <span class='ocrx_word' id='word_1_673' title='bbox 2927 3746 2997 3785; x_wconf 82' lang='lat' dir='ltr'><strong>ex</strong></span> <span class='ocrx_word' id='word_1_674' title='bbox 3042 3728 3270 3801; x_wconf 89' lang='lat' dir='ltr'><strong>integro</strong></span> <span class='ocrx_word' id='word_1_675' title='bbox 3320 3729 3634 3787; x_wconf 85' lang='lat' dir='ltr'><strong>reddenda.</strong></span> 
     </span>
    </p>
   </div>
   <div class='ocr_carea' id='block_1_102' title="bbox 1987 3817 3632 3895">
    <p class='ocr_par' dir='ltr' id='par_1_102' title="bbox 1987 3817 3632 3895">
     <span class='ocr_line' id='line_1_103' title="bbox 1987 3817 3632 3895; baseline -0.003 -15"><span class='ocrx_word' id='word_1_676' title='bbox 1987 3823 2167 3895; x_wconf 87' lang='lat' dir='ltr'><strong>Cujus</strong></span> <span class='ocrx_word' id='word_1_677' title='bbox 2199 3820 2371 3877; x_wconf 89' lang='lat' dir='ltr'><strong>tertia</strong></span> <span class='ocrx_word' id='word_1_678' title='bbox 2402 3837 2538 3894; x_wconf 88' lang='lat' dir='ltr'><strong>pars</strong></span> <span class='ocrx_word' id='word_1_679' title='bbox 2569 3820 2898 3877; x_wconf 91' lang='lat' dir='ltr'><strong>secundum</strong></span> <span class='ocrx_word' id='word_1_680' title='bbox 2927 3834 3211 3874; x_wconf 86' lang='lat' dir='ltr'><strong>canonem</strong></span> <span class='ocrx_word' id='word_1_681' title='bbox 3261 3817 3632 3887; x_wconf 90' lang='lat' dir='ltr'><strong>Toletanum,</strong></span> 
     </span>
    </p>
   </div>
   <div class='ocr_carea' id='block_1_103' title="bbox 1986 3908 3637 3985">
    <p class='ocr_par' dir='ltr' id='par_1_103' title="bbox 1986 3908 3637 3985">
     <span class='ocr_line' id='line_1_104' title="bbox 1986 3908 3637 3985; baseline -0.004 -15"><span class='ocrx_word' id='word_1_682' title='bbox 1986 3913 2397 3985; x_wconf 83' lang='lat' dir='ltr'><strong>episcOporum</strong></span> <span class='ocrx_word' id='word_1_683' title='bbox 2429 3926 2560 3966; x_wconf 83' lang='lat' dir='ltr'><strong>esse</strong></span> <span class='ocrx_word' id='word_1_684' title='bbox 2589 3908 2906 3966; x_wconf 91' lang='lat' dir='ltr'><strong>debet.Nos</strong></span> <span class='ocrx_word' id='word_1_685' title='bbox 2935 3924 3071 3965; x_wconf 90' lang='lat' dir='ltr'><strong>vero</strong></span> <span class='ocrx_word' id='word_1_686' title='bbox 3103 3908 3209 3964; x_wconf 87' lang='lat' dir='ltr'><strong>hoc</strong></span> <span class='ocrx_word' id='word_1_687' title='bbox 3236 3912 3520 3981; x_wconf 88' lang='lat' dir='ltr'><strong>potestate</strong></span> <span class='ocrx_word' id='word_1_688' title='bbox 3551 3909 3637 3964; x_wconf 89' lang='lat' dir='ltr'><strong>uti</strong></span> 
     </span>
    </p>
   </div>
   <div class='ocr_carea' id='block_1_104' title="bbox 1987 3998 3635 4072">
    <p class='ocr_par' dir='ltr' id='par_1_104' title="bbox 1987 3998 3635 4072">
     <span class='ocr_line' id='line_1_105' title="bbox 1987 3998 3635 4072; baseline -0.005 -12"><span class='ocrx_word' id='word_1_689' title='bbox 1987 4003 2287 4072; x_wconf 90' lang='lat' dir='ltr'><strong>nolumus,</strong></span> <span class='ocrx_word' id='word_1_690' title='bbox 2319 4000 2419 4057; x_wconf 90' lang='lat' dir='ltr'><strong>sed</strong></span> <span class='ocrx_word' id='word_1_691' title='bbox 2454 4003 2683 4056; x_wconf 85' lang='lat' dir='ltr'><strong>tantum</strong></span> <span class='ocrx_word' id='word_1_692' title='bbox 2716 3998 2968 4071; x_wconf 89' lang='lat' dir='ltr'><strong>singulis</strong></span> <span class='ocrx_word' id='word_1_693' title='bbox 2998 3998 3170 4054; x_wconf 89' lang='lat' dir='ltr'><strong>annis</strong></span> <span class='ocrx_word' id='word_1_694' title='bbox 3202 4002 3470 4070; x_wconf 91' lang='lat' dir='ltr'><strong>quartam</strong></span> <span class='ocrx_word' id='word_1_695' title='bbox 3505 4015 3635 4068; x_wconf 90' lang='lat' dir='ltr'><strong>par-</strong></span> 
     </span>
    </p>
   </div>
   <div class='ocr_carea' id='block_1_105' title="bbox 1985 4087 3640 4164">
    <p class='ocr_par' dir='ltr' id='par_1_105' title="bbox 1985 4087 3640 4164">
     <span class='ocr_line' id='line_1_106' title="bbox 1985 4087 3640 4164; baseline -0.004 -14"><span class='ocrx_word' id='word_1_696' title='bbox 1985 4097 2104 4150; x_wconf 87' lang='lat' dir='ltr'><strong>tem</strong></span> <span class='ocrx_word' id='word_1_697' title='bbox 2131 4094 2301 4164; x_wconf 80' lang='lat' dir='ltr'><strong>juxta</strong></span> <span class='ocrx_word' id='word_1_698' title='bbox 2330 4107 2505 4146; x_wconf 87' lang='lat' dir='ltr'><strong>usum</strong></span> <span class='ocrx_word' id='word_1_699' title='bbox 2538 4090 2933 4145; x_wconf 85' lang='lat' dir='ltr'><strong>Romanorum</strong></span> <span class='ocrx_word' id='word_1_700' title='bbox 2968 4088 3329 4159; x_wconf 83' lang='lat' dir='ltr'><strong>pontiﬁcum,</strong></span> <span class='ocrx_word' id='word_1_701' title='bbox 3361 4090 3418 4143; x_wconf 91' lang='lat' dir='ltr'><strong>et</strong></span> <span class='ocrx_word' id='word_1_702' title='bbox 3443 4087 3640 4143; x_wconf 88' lang='lat' dir='ltr'><strong>obser-</strong></span> 
     </span>
    </p>
   </div>
   <div class='ocr_carea' id='block_1_106' title="bbox 1984 4174 3641 4239">
    <p class='ocr_par' dir='ltr' id='par_1_106' title="bbox 1984 4174 3641 4239">
     <span class='ocr_line' id='line_1_107' title="bbox 1984 4174 3641 4239; baseline -0.006 0"><span class='ocrx_word' id='word_1_703' title='bbox 1984 4182 2246 4239; x_wconf 89' lang='lat' dir='ltr'><strong>vantiam</strong></span> <span class='ocrx_word' id='word_1_704' title='bbox 2280 4183 2498 4236; x_wconf 76' lang='lat' dir='ltr'><strong>sanctae</strong></span> <span class='ocrx_word' id='word_1_705' title='bbox 2530 4179 2806 4235; x_wconf 68' lang='lat' dir='ltr'><strong>Romanis</strong></span> <span class='ocrx_word' id='word_1_706' title='bbox 2854 4175 3111 4233; x_wconf 81' lang='lat' dir='ltr'><strong>ecclesias</strong></span> <span class='ocrx_word' id='word_1_707' title='bbox 3161 4177 3232 4230; x_wconf 90' lang='lat' dir='ltr'><strong>de</strong></span> <span class='ocrx_word' id='word_1_708' title='bbox 3281 4175 3484 4230; x_wconf 88' lang='lat' dir='ltr'><strong>eadem</strong></span> <span class='ocrx_word' id='word_1_709' title='bbox 3536 4174 3641 4230; x_wconf 89' lang='lat' dir='ltr'><strong>ha-</strong></span> 
     </span>
    </p>
   </div>
   <div class='ocr_carea' id='block_1_107' title="bbox 1984 4263 3639 4339">
    <p class='ocr_par' dir='ltr' id='par_1_107' title="bbox 1984 4263 3639 4339">
     <span class='ocr_line' id='line_1_108' title="bbox 1984 4263 3639 4339; baseline -0.005 -11"><span class='ocrx_word' id='word_1_710' title='bbox 1984 4273 2123 4328; x_wconf 90' lang='lat' dir='ltr'><strong>bere</strong></span> <span class='ocrx_word' id='word_1_711' title='bbox 2150 4269 2445 4327; x_wconf 89' lang='lat' dir='ltr'><strong>volumus.</strong></span> <span class='ocrx_word' id='word_1_712' title='bbox 2477 4268 2641 4333; x_wconf 89' lang='lat' dir='ltr'><strong>Quod</strong></span> <span class='ocrx_word' id='word_1_713' title='bbox 2674 4268 2725 4323; x_wconf 91' lang='lat' dir='ltr'><strong>si</strong></span> <span class='ocrx_word' id='word_1_714' title='bbox 2756 4266 2890 4339; x_wconf 89' lang='lat' dir='ltr'><strong>quis</strong></span> <span class='ocrx_word' id='word_1_715' title='bbox 2922 4264 3330 4322; x_wconf 87' lang='lat' dir='ltr'><strong>contentiosus</strong></span> <span class='ocrx_word' id='word_1_716' title='bbox 3362 4263 3501 4319; x_wconf 90' lang='lat' dir='ltr'><strong>inde</strong></span> <span class='ocrx_word' id='word_1_717' title='bbox 3550 4279 3639 4320; x_wconf 89' lang='lat' dir='ltr'><strong>re-</strong></span> 
     </span>
    </p>
   </div>
   <div class='ocr_carea' id='block_1_108' title="bbox 1986 4353 3639 4434">
    <p class='ocr_par' dir='ltr' id='par_1_108' title="bbox 1986 4353 3639 4434">
     <span class='ocr_line' id='line_1_109' title="bbox 1986 4353 3639 4434; baseline -0.005 -17"><span class='ocrx_word' id='word_1_718' title='bbox 1986 4364 2188 4434; x_wconf 87' lang='lat' dir='ltr'><strong>pertus</strong></span> <span class='ocrx_word' id='word_1_719' title='bbox 2219 4358 2412 4430; x_wconf 88' lang='lat' dir='ltr'><strong>fuerit,</strong></span> <span class='ocrx_word' id='word_1_720' title='bbox 2446 4358 2565 4413; x_wconf 91' lang='lat' dir='ltr'><strong>sive</strong></span> <span class='ocrx_word' id='word_1_721' title='bbox 2594 4355 2843 4413; x_wconf 90' lang='lat' dir='ltr'><strong>clericus</strong></span> <span class='ocrx_word' id='word_1_722' title='bbox 2874 4355 2994 4411; x_wconf 90' lang='lat' dir='ltr'><strong>sive</strong></span> <span class='ocrx_word' id='word_1_723' title='bbox 3023 4353 3122 4410; x_wconf 89' lang='lat' dir='ltr'><strong>ille</strong></span> <span class='ocrx_word' id='word_1_724' title='bbox 3154 4353 3341 4410; x_wconf 89' lang='lat' dir='ltr'><strong>laicus</strong></span> <span class='ocrx_word' id='word_1_725' title='bbox 3374 4353 3639 4420; x_wconf 88' lang='lat' dir='ltr'><strong>sit,com-</strong></span> 
     </span>
    </p>
   </div>
   <div class='ocr_carea' id='block_1_109' title="bbox 1987 4442 3640 4520">
    <p class='ocr_par' dir='ltr' id='par_1_109' title="bbox 1987 4442 3640 4520">
     <span class='ocr_line' id='line_1_110' title="bbox 1987 4442 3640 4520; baseline -0.006 -13"><span class='ocrx_word' id='word_1_726' title='bbox 1987 4449 2266 4507; x_wconf 89' lang='lat' dir='ltr'><strong>munione</strong></span> <span class='ocrx_word' id='word_1_727' title='bbox 2296 4447 2646 4520; x_wconf 86' lang='lat' dir='ltr'><strong>privabitur,</strong></span> <span class='ocrx_word' id='word_1_728' title='bbox 2691 4450 2748 4503; x_wconf 88' lang='lat' dir='ltr'><strong>et</strong></span> <span class='ocrx_word' id='word_1_729' title='bbox 2796 4444 3062 4520; x_wconf 79' lang='lat' dir='ltr'><strong>synodali</strong></span> <span class='ocrx_word' id='word_1_730' title='bbox 3111 4460 3363 4502; x_wconf 90' lang='lat' dir='ltr'><strong>censura</strong></span> <span class='ocrx_word' id='word_1_731' title='bbox 3401 4442 3640 4515; x_wconf 90' lang='lat' dir='ltr'><strong>judica-</strong></span> 
     </span>
    </p>
   </div>
   <div class='ocr_carea' id='block_1_110' title="bbox 1900 4542 2163 4613">
    <p class='ocr_par' dir='ltr' id='par_1_110' title="bbox 1900 4542 2163 4613">
     <span class='ocr_line' id='line_1_111' title="bbox 1900 4542 2163 4613; baseline -0.015 -14"><span class='ocrx_word' id='word_1_732' title='bbox 1900 4546 1948 4613; x_wconf 86' lang='lat' dir='ltr'><strong>D</strong></span> <span class='ocrx_word' id='word_1_733' title='bbox 1981 4542 2163 4599; x_wconf 90' lang='lat' dir='ltr'><strong>bitur.</strong></span> 
     </span>
    </p>
   </div>
   <div class='ocr_carea' id='block_1_111' title="bbox 1986 4650 3635 4725">
    <p class='ocr_par' dir='ltr' id='par_1_111' title="bbox 1986 4650 3635 4725">
     <span class='ocr_line' id='line_1_112' title="bbox 1986 4650 3635 4725; baseline -0.007 -10"><span class='ocrx_word' id='word_1_734' title='bbox 1986 4664 2118 4715; x_wconf 80' lang='lat' dir='ltr'><strong>CAP.</strong></span> <span class='ocrx_word' id='word_1_735' title='bbox 2150 4659 2351 4714; x_wconf 78' lang='lat'><strong>202.--</strong></span> <span class='ocrx_word' id='word_1_736' title='bbox 2382 4654 2530 4723; x_wconf 84' lang='lat' dir='ltr'><strong>Quod</strong></span> <span class='ocrx_word' id='word_1_737' title='bbox 2558 4669 2625 4709; x_wconf 87' lang='lat' dir='ltr'><strong>ea</strong></span> <span class='ocrx_word' id='word_1_738' title='bbox 2656 4666 2781 4725; x_wconf 63' lang='lat' dir='ltr'><strong>qum</strong></span> <span class='ocrx_word' id='word_1_739' title='bbox 2807 4651 2885 4707; x_wconf 86' lang='lat' dir='ltr'><strong>ad</strong></span> <span class='ocrx_word' id='word_1_740' title='bbox 2914 4651 3198 4725; x_wconf 83' lang='lat' dir='ltr'><strong>ecclesiam</strong></span> <span class='ocrx_word' id='word_1_741' title='bbox 3227 4650 3548 4725; x_wconf 71' lang='lat' dir='ltr'><strong>offeruntur</strong></span> <span class='ocrx_word' id='word_1_742' title='bbox 3578 4650 3635 4704; x_wconf 90' lang='lat' dir='ltr'><strong>in</strong></span> 
     </span>
    </p>
   </div>
   <div class='ocr_carea' id='block_1_112' title="bbox 2061 4723 3640 4799">
    <p class='ocr_par' dir='ltr' id='par_1_112' title="bbox 2061 4723 3640 4799">
     <span class='ocr_line' id='line_1_113' title="bbox 2061 4723 3640 4799; baseline -0.007 -13"><span class='ocrx_word' id='word_1_743' title='bbox 2061 4733 2245 4799; x_wconf 79' lang='lat' dir='ltr'><strong>terris,</strong></span> <span class='ocrx_word' id='word_1_744' title='bbox 2281 4730 2475 4793; x_wconf 85' lang='lat' dir='ltr'><strong>vineis,</strong></span> <span class='ocrx_word' id='word_1_745' title='bbox 2506 4723 2825 4795; x_wconf 80' lang='lat' dir='ltr'><strong>mancipiis,</strong></span> <span class='ocrx_word' id='word_1_746' title='bbox 2841 4723 3185 4799; x_wconf 72' lang='lat' dir='ltr'><strong>peeuliis,ud</strong></span> <span class='ocrx_word' id='word_1_747' title='bbox 3214 4723 3640 4799; x_wconf 61' lang='lat' dir='ltr'><strong>dispositionem</strong></span> 
     </span>
    </p>
   </div>
   <div class='ocr_carea' id='block_1_113' title="bbox 2058 4795 3637 4873">
    <p class='ocr_par' dir='ltr' id='par_1_113' title="bbox 2058 4795 3637 4873">
     <span class='ocr_line' id='line_1_114' title="bbox 2058 4795 3637 4873; baseline -0.006 -15"><span class='ocrx_word' id='word_1_748' title='bbox 2058 4795 2304 4873; x_wconf 79' lang='lat' dir='ltr'><strong>episcopi</strong></span> <span class='ocrx_word' id='word_1_749' title='bbox 2325 4802 2666 4873; x_wconf 81' lang='lat' dir='ltr'><strong>pertineant;</strong></span> <span class='ocrx_word' id='word_1_750' title='bbox 2692 4813 2811 4867; x_wconf 72' lang='lat' dir='ltr'><strong>quae</strong></span> <span class='ocrx_word' id='word_1_751' title='bbox 2838 4810 2963 4873; x_wconf 64' lang='lat' dir='ltr'><strong>uero</strong></span> <span class='ocrx_word' id='word_1_752' title='bbox 2993 4795 3062 4849; x_wconf 93' lang='lat' dir='ltr'><strong>ad</strong></span> <span class='ocrx_word' id='word_1_753' title='bbox 3091 4796 3268 4873; x_wconf 70' lang='lat' dir='ltr'><strong>altare</strong></span> <span class='ocrx_word' id='word_1_754' title='bbox 3296 4795 3637 4873; x_wconf 63' lang='lat' dir='ltr'><strong>offeruntur,</strong></span> 
     </span>
    </p>
   </div>
   <div class='ocr_carea' id='block_1_114' title="bbox 2098 4868 3641 4945">
    <p class='ocr_par' dir='ltr' id='par_1_114' title="bbox 2098 4868 3641 4945">
     <span class='ocr_line' id='line_1_115' title="bbox 2098 4868 3641 4945; baseline -0.007 -16"><span class='ocrx_word' id='word_1_755' title='bbox 2098 4892 2183 4929; x_wconf 70' lang='lat' dir='ltr'><strong>um</strong></span> <span class='ocrx_word' id='word_1_756' title='bbox 2202 4868 2390 4945; x_wconf 77' lang='lat' dir='ltr'><strong>partes</strong></span> <span class='ocrx_word' id='word_1_757' title='bbox 2437 4872 2761 4945; x_wconf 62' lang='lat' dir='ltr'><strong>clericorum</strong></span> <span class='ocrx_word' id='word_1_758' title='bbox 2794 4870 2952 4945; x_wconf 84' lang='lat' dir='ltr'><strong>_si_nt_,</strong></span> <span class='ocrx_word' id='word_1_759' title='bbox 3003 4869 3166 4923; x_wconf 80' lang='lat' dir='ltr'><strong>tertia</strong></span> <span class='ocrx_word' id='word_1_760' title='bbox 3211 4884 3346 4945; x_wconf 77' lang='lat' dir='ltr'><strong>pars</strong></span> <span class='ocrx_word' id='word_1_761' title='bbox 3374 4868 3641 4945; x_wconf 79' lang='lat' dir='ltr'><strong>episcopis</strong></span> 
     </span>
    </p>
   </div>
   <div class='ocr_carea' id='block_1_115' title="bbox 2065 4940 3645 5016">
    <p class='ocr_par' dir='ltr' id='par_1_115' title="bbox 2065 4940 3645 5016">
     <span class='ocr_line' id='line_1_116' title="bbox 2065 4940 3645 5016; baseline -0.003 -17"><span class='ocrx_word' id='word_1_762' title='bbox 2065 4940 2302 5016; x_wconf 76' lang='lat' dir='ltr'><strong>ﬁdeliter</strong></span> <span class='ocrx_word' id='word_1_763' title='bbox 2327 4944 2634 5015; x_wconf 82' lang='lat' dir='ltr'><strong>deferatur.</strong></span> <span class='ocrx_word' id='word_1_764' title='bbox 2674 4941 2759 4996; x_wconf 75' lang='lat' dir='ltr'><strong>Ea:</strong></span> <span class='ocrx_word' id='word_1_765' title='bbox 2791 4941 3038 4996; x_wconf 83' lang='lat' dir='ltr'><strong>Toletano</strong></span> <span class='ocrx_word' id='word_1_766' title='bbox 3065 4941 3319 4997; x_wconf 81' lang='lat' dir='ltr'><strong>concilio.</strong></span> <span class='ocrx_word' id='word_1_767' title='bbox 3367 4940 3645 5008; x_wconf 83' lang='lat' dir='ltr'><strong>(Aurelia-</strong></span> 
     </span>
    </p>
   </div>
   <div class='ocr_carea' id='block_1_116' title="bbox 2062 5015 2539 5086">
    <p class='ocr_par' dir='ltr' id='par_1_116' title="bbox 2062 5015 2539 5086">
     <span class='ocr_line' id='line_1_117' title="bbox 2062 5015 2539 5086; baseline -0.008 -14"><span class='ocrx_word' id='word_1_768' title='bbox 2062 5034 2235 5073; x_wconf 80' lang='lat' dir='ltr'><strong>nense</strong></span> <span class='ocrx_word' id='word_1_769' title='bbox 2265 5033 2306 5086; x_wconf 83' lang='lat'><strong>1,</strong></span> <span class='ocrx_word' id='word_1_770' title='bbox 2337 5033 2384 5071; x_wconf 92' lang='lat' dir='ltr'><strong>c.</strong></span> <span class='ocrx_word' id='word_1_771' title='bbox 2432 5015 2539 5085; x_wconf 87' lang='lat'><strong>17.)</strong></span> 
     </span>
    </p>
   </div>
   <div class='ocr_carea' id='block_1_117' title="bbox 2063 5098 3649 5178">
    <p class='ocr_par' dir='ltr' id='par_1_117' title="bbox 2063 5098 3649 5178">
     <span class='ocr_line' id='line_1_118' title="bbox 2063 5098 3649 5178; baseline -0.004 -18"><span class='ocrx_word' id='word_1_772' title='bbox 2063 5106 2173 5177; x_wconf 86' lang='grc'>(10,</span> <span class='ocrx_word' id='word_1_773' title='bbox 2207 5123 2259 5178; x_wconf 89' lang='lat' dir='ltr'><strong>q.</strong></span> <span class='ocrx_word' id='word_1_774' title='bbox 2298 5108 2347 5170; x_wconf 87' lang='lat'><strong>1,</strong></span> <span class='ocrx_word' id='word_1_775' title='bbox 2379 5120 2424 5159; x_wconf 92' lang='lat' dir='ltr'><strong>c.</strong></span> <span class='ocrx_word' id='word_1_776' title='bbox 2459 5105 2533 5158; x_wconf 89' lang='lat' dir='ltr'><strong>Dc</strong></span> <span class='ocrx_word' id='word_1_777' title='bbox 2563 5100 2694 5173; x_wconf 80' lang='lat' dir='ltr'><strong>his.)</strong></span> <span class='ocrx_word' id='word_1_778' title='bbox 2727 5100 2806 5156; x_wconf 92' lang='lat' dir='ltr'><strong>De</strong></span> <span class='ocrx_word' id='word_1_779' title='bbox 2838 5099 2931 5155; x_wconf 90' lang='lat' dir='ltr'><strong>his</strong></span> <span class='ocrx_word' id='word_1_780' title='bbox 2963 5117 3088 5171; x_wconf 80' lang='lat' dir='ltr'><strong>quae</strong></span> <span class='ocrx_word' id='word_1_781' title='bbox 3136 5100 3205 5154; x_wconf 90' lang='lat' dir='ltr'><strong>ad</strong></span> <span class='ocrx_word' id='word_1_782' title='bbox 3257 5098 3564 5155; x_wconf 87' lang='lat' dir='ltr'><strong>ecclesiam</strong></span> <span class='ocrx_word' id='word_1_783' title='bbox 3615 5116 3649 5154; x_wconf 91' lang='lat' dir='ltr'><strong>a</strong></span> 
     </span>
    </p>
   </div>
   <div class='ocr_carea' id='block_1_118' title="bbox 1992 5188 3651 5266">
    <p class='ocr_par' dir='ltr' id='par_1_118' title="bbox 1992 5188 3651 5266">
     <span class='ocr_line' id='line_1_119' title="bbox 1992 5188 3651 5266; baseline -0.005 -15"><span class='ocrx_word' id='word_1_784' title='bbox 1992 5195 2365 5266; x_wconf 86' lang='lat' dir='ltr'><strong>parochianis</strong></span> <span class='ocrx_word' id='word_1_785' title='bbox 2398 5193 2748 5259; x_wconf 75' lang='lat' dir='ltr'><strong>offeruntur,</strong></span> <span class='ocrx_word' id='word_1_786' title='bbox 2781 5190 2842 5245; x_wconf 90' lang='lat' dir='ltr'><strong>in</strong></span> <span class='ocrx_word' id='word_1_787' title='bbox 2878 5190 3067 5256; x_wconf 88' lang='lat' dir='ltr'><strong>terris,</strong></span> <span class='ocrx_word' id='word_1_788' title='bbox 3101 5188 3158 5244; x_wconf 91' lang='lat' dir='ltr'><strong>in</strong></span> <span class='ocrx_word' id='word_1_789' title='bbox 3191 5188 3400 5256; x_wconf 90' lang='lat' dir='ltr'><strong>vineis,</strong></span> <span class='ocrx_word' id='word_1_790' title='bbox 3426 5188 3651 5244; x_wconf 88' lang='lat' dir='ltr'><strong>manci-</strong></span> 
     </span>
    </p>
   </div>
   <div class='ocr_carea' id='block_1_119' title="bbox 1992 5278 3646 5357">
    <p class='ocr_par' dir='ltr' id='par_1_119' title="bbox 1992 5278 3646 5357">
     <span class='ocr_line' id='line_1_120' title="bbox 1992 5278 3646 5357; baseline -0.005 -19"><span class='ocrx_word' id='word_1_791' title='bbox 1992 5284 2130 5357; x_wconf 90' lang='lat' dir='ltr'><strong>piis,</strong></span> <span class='ocrx_word' id='word_1_792' title='bbox 2164 5283 2430 5357; x_wconf 90' lang='lat' dir='ltr'><strong>peeuliis,</strong></span> <span class='ocrx_word' id='word_1_793' title='bbox 2466 5281 2847 5353; x_wconf 89' lang='lat' dir='ltr'><strong>antiquorum</strong></span> <span class='ocrx_word' id='word_1_794' title='bbox 2882 5296 3174 5335; x_wconf 89' lang='lat' dir='ltr'><strong>canonum</strong></span> <span class='ocrx_word' id='word_1_795' title='bbox 3208 5278 3479 5335; x_wconf 89' lang='lat' dir='ltr'><strong>instituta</strong></span> <span class='ocrx_word' id='word_1_796' title='bbox 3524 5293 3646 5331; x_wconf 90' lang='lat' dir='ltr'><strong>ser-</strong></span> 
     </span>
    </p>
   </div>
   <div class='ocr_carea' id='block_1_120' title="bbox 1990 5364 3650 5443">
    <p class='ocr_par' dir='ltr' id='par_1_120' title="bbox 1990 5364 3650 5443">
     <span class='ocr_line' id='line_1_121' title="bbox 1990 5364 3650 5443; baseline -0.004 -14"><span class='ocrx_word' id='word_1_797' title='bbox 1990 5378 2222 5441; x_wconf 90' lang='lat' dir='ltr'><strong>ventur,</strong></span> <span class='ocrx_word' id='word_1_798' title='bbox 2250 5371 2595 5429; x_wconf 88' lang='lat' dir='ltr'><strong>utomniain</strong></span> <span class='ocrx_word' id='word_1_799' title='bbox 2615 5369 3178 5443; x_wconf 87' lang='lat' dir='ltr'><strong>episcOpipotestate</strong></span> <span class='ocrx_word' id='word_1_800' title='bbox 3192 5368 3535 5424; x_wconf 86' lang='lat' dir='ltr'><strong>consistant.</strong></span> <span class='ocrx_word' id='word_1_801' title='bbox 3568 5364 3650 5423; x_wconf 88' lang='lat' dir='ltr'><strong>De</strong></span> 
     </span>
    </p>
   </div>
   <div class='ocr_carea' id='block_1_121' title="bbox 1992 5455 3645 5536">
    <p class='ocr_par' dir='ltr' id='par_1_121' title="bbox 1992 5455 3645 5536">
     <span class='ocr_line' id='line_1_122' title="bbox 1992 5455 3645 5536; baseline -0.005 -17"><span class='ocrx_word' id='word_1_802' title='bbox 1992 5463 2088 5520; x_wconf 90' lang='lat' dir='ltr'><strong>his</strong></span> <span class='ocrx_word' id='word_1_803' title='bbox 2109 5468 2302 5521; x_wconf 90' lang='lat' dir='ltr'><strong>autem</strong></span> <span class='ocrx_word' id='word_1_804' title='bbox 2326 5480 2454 5536; x_wconf 70' lang='lat' dir='ltr'><strong>quae</strong></span> <span class='ocrx_word' id='word_1_805' title='bbox 2473 5461 2758 5519; x_wconf 89' lang='lat' dir='ltr'><strong>altaribus</strong></span> <span class='ocrx_word' id='word_1_806' title='bbox 2779 5460 3125 5526; x_wconf 78' lang='lat' dir='ltr'><strong>offeruntur,</strong></span> <span class='ocrx_word' id='word_1_807' title='bbox 3150 5456 3322 5513; x_wconf 87' lang='lat' dir='ltr'><strong>tertia</strong></span> <span class='ocrx_word' id='word_1_808' title='bbox 3346 5473 3481 5526; x_wconf 86' lang='lat' dir='ltr'><strong>pars</strong></span> <span class='ocrx_word' id='word_1_809' title='bbox 3502 5455 3645 5511; x_wconf 84' lang='lat' dir='ltr'><strong>lide-</strong></span> 
     </span>
    </p>
   </div>
   <div class='ocr_carea' id='block_1_122' title="bbox 1991 5546 3648 5627">
    <p class='ocr_par' dir='ltr' id='par_1_122' title="bbox 1991 5546 3648 5627">
     <span class='ocr_line' id='line_1_123' title="bbox 1991 5546 3648 5627; baseline -0.006 -16"><span class='ocrx_word' id='word_1_810' title='bbox 1991 5554 2127 5613; x_wconf 90' lang='lat' dir='ltr'><strong>liter</strong></span> <span class='ocrx_word' id='word_1_811' title='bbox 2154 5555 2446 5627; x_wconf 91' lang='lat' dir='ltr'><strong>episcopis</strong></span> <span class='ocrx_word' id='word_1_812' title='bbox 2475 5555 2792 5618; x_wconf 87' lang='lat' dir='ltr'><strong>deferatur,</strong></span> <span class='ocrx_word' id='word_1_813' title='bbox 2826 5552 2954 5607; x_wconf 72' lang='lat' dir='ltr'><strong>duas</strong></span> <span class='ocrx_word' id='word_1_814' title='bbox 2987 5549 3247 5615; x_wconf 84' lang='lat' dir='ltr'><strong>clericis;</strong></span> <span class='ocrx_word' id='word_1_815' title='bbox 3280 5546 3519 5603; x_wconf 66' lang='lat' dir='ltr'><strong>decimae</strong></span> <span class='ocrx_word' id='word_1_816' title='bbox 3551 5564 3648 5601; x_wconf 83' lang='lat' dir='ltr'><strong>au-</strong></span> 
     </span>
    </p>
   </div>
   <div class='ocr_carea' id='block_1_123' title="bbox 1988 5637 3646 5716">
    <p class='ocr_par' dir='ltr' id='par_1_123' title="bbox 1988 5637 3646 5716">
     <span class='ocr_line' id='line_1_124' title="bbox 1988 5637 3646 5716; baseline -0.006 -14"><span class='ocrx_word' id='word_1_817' title='bbox 1988 5656 2111 5702; x_wconf 82' lang='lat' dir='ltr'><strong>tem</strong></span> <span class='ocrx_word' id='word_1_818' title='bbox 2145 5648 2468 5701; x_wconf 81' lang='lat' dir='ltr'><strong>secundum</strong></span> <span class='ocrx_word' id='word_1_819' title='bbox 2497 5646 2785 5716; x_wconf 80' lang='lat' dir='ltr'><strong>quosdam</strong></span> <span class='ocrx_word' id='word_1_820' title='bbox 2813 5640 3065 5711; x_wconf 79' lang='lat' dir='ltr'><strong>singulis</strong></span> <span class='ocrx_word' id='word_1_821' title='bbox 3096 5637 3266 5692; x_wconf 86' lang='lat' dir='ltr'><strong>annis</strong></span> <span class='ocrx_word' id='word_1_822' title='bbox 3290 5640 3459 5693; x_wconf 88' lang='lat' dir='ltr'><strong>tertia</strong></span> <span class='ocrx_word' id='word_1_823' title='bbox 3488 5655 3646 5709; x_wconf 84' lang='lat' dir='ltr'><strong>pars,</strong></span> 
     </span>
    </p>
   </div>
  </div>
