3978 6060
246 193 370 246 253

1213 191 1522 245 DECRETI
1562 192 1747 246 PARS
1783 191 1881 245 IIl.
1916 218 1983 229 —-
2019 193 2115 246 DE
2154 195 2517 265 ECCLESIA,
2562 198 2715 252 ETC.

3562 193 3669 247 254

252 314 504 387 deplum
537 312 861 385 accipiatur
889 327 958 372 ex
980 313 1155 369 rebus
1177 312 1521 380 ecclesiae,in
1546 331 1652 369 suo
1678 317 1911 369 tantum
1944 316 1999 383 Α
2028 317 2378 373 commercio
2405 318 2621 374 iterum
2651 318 2711 374 in
2742 317 3112 375 saecularium
3146 317 3482 375 servitutem
3513 317 3667 373 redi-

254 407 368 476 qui
410 405 696 460 dederunt
728 402 982 471 nomine,
1031 404 1079 458 si
1114 420 1206 459 res
1238 403 1503 474 proprias
1536 408 1593 458 et
1622 403 1924 459 ecclesias-

255 496 417 550 ticas
452 511 560 549 usu
596 492 920 547 fructuario
951 496 1146 548 tenere
1175 492 1486 562 voluerint,
1522 493 1571 547 si
1603 497 1794 548 autem
1826 510 1918 547 res

260 584 542 655 proprias
565 582 635 637 ad
661 597 920 653 praesens
940 580 1184 651 dimisit,
1211 598 1279 636 ex
1302 581 1476 636 rebus
1507 580 1919 637 ecclesiasticis

262 672 522 744 triplum
556 671 877 726 fructuario
900 687 1006 725 usu
1044 672 1100 725 in
1133 675 1483 726 suotantum
1516 670 1650 742 quis
1684 670 1921 725 nomine

263 765 476 817 sumat
506 760 645 833 quia
678 759 761 815 sic
791 776 891 814 eas
924 775 1217 831 quemque
1267 764 1519 815 tractare
1568 764 1817 832 oportet,
1859 763 1924 813 ut

262 850 602 905 alienarum
657 849 1123 921 dispensatorem
1159 850 1451 915 convenit,
1503 866 1618 905 non
1659 849 1920 921 propria-

262 957 407 995 rum
444 938 802 1011 largitorem.

263 1052 407 1102 CAP.
440 1047 570 1102 229.
601 1076 670 1086 --
700 1046 847 1101 Idem
876 1045 949 1101 de
976 1045 1162 1100 eadem
1195 1062 1274 1101 re.
1325 1047 1411 1101 Ex
1451 1045 1637 1102 eodem
1674 1046 1922 1117 concilio,

978 1132 1097 1188 cap.
1135 1118 1222 1172 12.

347 1210 396 1263 Α
430 1206 592 1262 nulla
624 1209 908 1278 potestate
945 1206 1080 1278 quis
1111 1210 1356 1279 cogatur
1383 1206 1570 1263 facere
1599 1207 1925 1279 precariam

270 1297 349 1353 de
382 1297 559 1353 rebus
590 1296 706 1351 Deo
736 1303 790 1351 et
821 1295 1043 1351 sanctis
1065 1296 1194 1367 ejus
1234 1296 1463 1367 dicatis,
1498 1313 1629 1352 cum
1677 1297 1823 1352 ratio
1872 1300 1929 1351 et

272 1404 434 1443 usus
466 1386 726 1442 obtineat
754 1384 1072 1455 neminem,
1105 1385 1198 1441 cui
1239 1402 1354 1441 non
1384 1385 1509 1441 vult
1538 1391 1741 1441 contra
1769 1385 1927 1440 utili-

268 1480 460 1531 tatem
493 1479 549 1532 et
578 1472 864 1530 rationem
897 1474 1224 1546 praestitum
1258 1475 1329 1531 de
1360 1475 1595 1547 proprio
1627 1475 1813 1530 facere
1835 1475 1925 1530 be-

272 1566 579 1622 neficium.

351 1655 489 1712 CAP.
522 1656 648 1711 230.
676 1689 746 1699 —
776 1660 849 1715 De
879 1658 1075 1714 eadem
1124 1673 1201 1712 re.
1254 1657 1338 1710 Ea:
1385 1655 1573 1711 eodem
1600 1655 1854 1719 concilio,

1029 1745 1152 1799 cap.
1198 1727 1286 1782 13.

351 1817 467 1888 (10,
499 1833 551 1889 q.
583 1820 637 1887 2,
661 1835 705 1874 c.
736 1818 1067 1890 Precariae.)
1096 1817 1170 1874 Ut
1189 1816 1465 1890 precariae
1495 1817 1566 1872 de
1598 1815 1927 1889 quinquen-

269 1907 375 1961 nio
408 1907 467 1962 in
501 1908 939 1980 quinquenium
986 1908 1313 1965 secundum
1345 1906 1649 1980 antiquam
1682 1920 1928 1962 consue-

270 1995 545 2051 tudinem
578 2002 636 2051 et
667 1997 1078 2053 auctoritatem
1111 1999 1483 2052 renoventur.

271 2102 410 2159 CAr.
439 2103 567 2158 231.
596 2134 666 2144 —
694 2105 769 2159 De
802 2104 1103 2160 donatione
1120 2104 1205 2159 vel
1242 2103 1559 2159 venditione
1578 2101 1659 2158 vel
1680 2116 1928 2157 commu-

351 2177 571 2301 latiorée)
610 2178 698 2231 rei
744 2177 1157 2233 ecclesiastica}.
1217 2177 1301 2230 Ea:
1342 2175 1576 2231 concilio
1633 2173 1926 2242 Carth.1v,

351 2262 469 2301 can.
540 2284 592 2301 υ.

350 2262 469 2318 cap.
504 2262 592 2302 3's.

353 2336 465 2402 (12,
492 2353 543 2407 q.
564 2336 621 2403 2,
642 2353 690 2392 c.
722 2337 854 2392 Sine
882 2336 1248 2408 exceptione.)
1284 2335 1454 2390 Irrita
1484 2334 1595 2390 erit
1625 2333 1924 2405 episcopo-

278 2440 413 2479 rum
449 2426 703 2492 donatio,
737 2425 823 2481 vel
855 2426 1136 2491 venditio,
1168 2425 1255 2479 vel
1292 2424 1673 2479 commutatio
1707 2423 1783 2476 rei
1835 2439 1926 2476 cc-

276 2514 621 2570 clesiastica:
646 2515 869 2588 absque
892 2514 1346 2583 collaudatione,
1391 2517 1448 2569 et
1495 2510 1927 2582 subscriptione

277 2604 652 2659 clericorum.

276 2693 416 2748 CAP.
450 2693 577 2748 232.
612 2724 679 2733 —
722 2698 800 2747 De
872 2692 1390 2747 commutationibus
1434 2690 1929 2745 ecclesiasticarum

634 2781 841 2820 rerum.
877 2766 958 2819 Ex
987 2765 1298 2820 Belvacensl
1316 2764 1571 2819 concilio.

354 2854 553 2925 (Extra
606 2854 672 2909 de
709 2870 900 2909 rerum
930 2861 1189 2926 permut.,
1222 2870 1270 2908 c.
1321 2854 1383 2910 Ut
1426 2853 1928 2919 commutationes.)

279 2942 356 2998 Ut
386 2944 882 2999 commutationes
930 2960 1124 2999 rerum
1177 2942 1713 2998 ecclesiasticarum
1761 2940 1931 2996 valde

282 3036 623 3098 caveantur,
657 3037 713 3087 et
742 3032 1153 3099 subtilissime,
1188 3032 1235 3087 si
1268 3030 1465 3102 aliquo
1490 3031 1661 3085 modo
1688 3029 1808 3085 fieri
1836 3030 1928 3085 de-

277 3120 444 3190 bent,
499 3120 910 3192 inspiciantur.
961 3123 1094 3186 Qua:
1140 3125 1334 3175 autem
1383 3119 1716 3175 inconsulte
1766 3120 1926 3173 factae

281 3214 426 3265 sunt
449 3209 619 3275 juxta
647 3210 947 3266 decretum
973 3210 1318 3265 canonicum
1368 3208 1566 3263 Hilarii
1599 3225 1758 3280 papae
1783 3225 1930 3279 quas

281 3298 489 3355 illicite
546 3300 820 3355 decessor
877 3300 1192 3372 episcopus
1249 3298 1532 3367 amiserit,
1563 3296 1651 3351 vel
1683 3298 1753 3352 ab
1800 3296 1929 3352 aliis

282 3386 487 3443 illicite
517 3388 847 3445 commissa:
894 3393 1054 3458 sunt,
1103 3390 1175 3444 ab
1206 3405 1272 3444 eo
1320 3387 1421 3458 qui
1467 3402 1772 3442 successor
1817 3390 1927 3454 est,

280 3477 693 3533 emendentur.

280 3565 419 3620 CAP.
451 3565 579 3620 233.
611 3597 681 3607 —
710 3568 783 3622 Dc
811 3567 1001 3623 eadem
1052 3582 1132 3622 re.
1154 3567 1261 3691 415.2:
1316 3566 1617 3622 Maticensi
1668 3566 1924 3638 concilio,

999 3655 1120 3691 can.
1193 3679 1206 3691 .

999 3655 1120 3711 cap.
1154 3655 1206 3692 4.

351 3729 398 3779 Α
432 3731 635 3783 sancta
676 3728 895 3799 synodo
938 3727 1236 3783 decretum
1261 3729 1371 3793 est,
1398 3730 1455 3781 et
1479 3725 1801 3798 imperialis
1823 3743 1925 3782 au-

278 3815 524 3871 ctoritas
568 3816 902 3879 denuntiat,
955 3833 1028 3871 ne
1077 3816 1567 3871 commutationes
1611 3832 1805 3871 rerum
1836 3816 1925 3872 vel

278 3904 711 3975 mancipiorum
731 3902 1258 3961 ecclesiasticorum
1284 3903 1558 3976 quaelibet
1579 3922 1827 3975 persona
1849 3905 1926 3961 si-

279 4008 351 4047 ne
370 3991 608 4048 licentia
631 4000 686 4049 et
709 4010 999 4050 consensu
1024 3993 1347 4065 religionis,
1373 3998 1691 4065 praesumat
1714 3994 1921 4063 facere,

276 4098 413 4153 CAP.
446 4099 571 4154 234.
604 4131 672 4140 -—-
699 4101 775 4154 De
795 4102 1228 4157 commutatione
1246 4100 1736 4155 ecclesiasticarum
1759 4117 1923 4156 man-

345 4173 638 4245 cipiorum.
672 4173 753 4227 Ex
776 4174 1007 4228 concilio
1039 4174 1192 4245 apud
1226 4171 1569 4227 Carisiacum
1618 4172 1711 4243 [αι.
1744 4171 1923 4229 Silva-

350 4244 633 4314 nectum],
666 4260 784 4315 cap.
819 4247 872 4300 2.

344 4330 426 4386 Ne
453 4332 745 4404 mancipia
767 4332 1158 4388 ecclesiastica
1182 4333 1494 4405 quisquam
1515 4330 1627 4386 nisi
1650 4333 1719 4386 ad
1744 4331 1921 4387 liber-

1958 1690 2005 1755 B

2028 409 2262 477 gantur,
2298 424 2428 463 cum
2463 409 2781 464 auctoritas
2831 408 3113 464 canonica
3150 424 3348 463 servos
3394 406 3669 479 fugitivos

2028 497 2437 552 tantummodo
2469 498 2717 553 distrahi
2750 496 3077 569 permittat?
3106 501 3163 552 et
3196 496 3325 552 ideo
3348 512 3552 551 omnes
3579 511 3668 551 re-

2029 587 2217 639 ctores
2248 585 2623 642 ecclesiarum
2680 603 3055 658 summopere
3086 589 3326 641 caveant
3374 602 3445 639 ne
3495 585 3671 641 unius

2031 671 2437 746 eleeomosyna
2466 675 2711 732 alterius
2746 680 3053 748 peccatum
3102 676 3200 729 fiat
3244 678 3301 730 et
3348 674 3669 730 absurdum

2032 766 2121 816 est
2151 768 2216 817 ut
2248 781 2312 819 ex
2366 764 2761 821 ecclesiastica
2802 765 3088 836 dignitate
3136 781 3342 821 servus
3392 764 3675 819 decedens

2034 850 2306 907 humana:
2337 854 2626 910 obnoxius
2657 854 2734 910 sit.
2763 853 3050 910 servituti.

2034 958 2182 1032 CAP.
2202 959 2332 1032 236.
2360 990 2429 999 ο-
2458 961 2533 1015 De
2562 961 2911 1029 regularibus
2934 961 3232 1031 praeceptis
3279 976 3442 1032 super
3485 976 3675 1032 preces

2106 1030 2209 1084 riis
2229 1031 2614 1087 ecclesiasticis
2632 1049 2742 1088 non
2758 1030 3140 1088 admittendis.
3169 1034 3255 1087 Ea:
3282 1030 3515 1087 concilio
3531 1031 3676 1103 apud

2103 1106 2361 1157 sanetum
2391 1104 2730 1171 Medardum,
2765 1120 2883 1175 cap.
2920 1106 3005 1159 11.

2107 1206 2397 1279 Praecepta
2445 1210 2660 1281 regalia
2712 1226 2892 1282 super
2956 1209 3201 1283 precarii
3263 1207 3675 1265 ecclesiasticis

2036 1294 2161 1350 fieri
2194 1313 2299 1352 nec
2330 1299 2476 1354 ratio
2509 1300 2669 1370 sinit,
2705 1316 2811 1355 nec
2866 1299 3181 1355 auctoritas
3214 1297 3475 1370 quolibet
3504 1299 3676 1353 modo

2037 1385 2344 1455 permittit,
2375 1388 2655 1459 quoniam
2679 1392 2968 1460 praecepta
2996 1389 3056 1442 in
3099 1388 3235 1458 jure
3281 1385 3676 1443 ecclesiastico

2037 1475 2271 1530 firmare
2295 1474 2966 1547 indignumjudicatur:
3001 1493 3238 1532 necesse
3279 1481 3369 1532 est
3399 1484 3459 1531 ut
3491 1477 3673 1546 maje-

2036 1568 2159 1619 stas
2192 1565 2351 1637 regia
2380 1565 2615 1621 nonnisi
2650 1566 2723 1621 ab
2744 1565 3139 1621 ecclesiastico
3171 1569 3393 1621 rectore
3423 1569 3674 1637 petatur,

2036 1653 2091 1708 id
2127 1658 2217 1709 est
2248 1659 2311 1709 ut
2340 1659 2539 1710 custos
2566 1655 2822 1711 ecclesiae
2845 1655 3229 1712 solertissime
3256 1661 3456 1711 caveat
3484 1672 3555 1711 ne
3585 1656 3677 1710 sui

2038 1742 2258 1798 ordinis
2291 1743 2701 1800 ecclesiasticae
2744 1745 3225 1800 commutationis
3282 1746 3430 1799 forte
3479 1744 3681 1800 imme-

2038 1849 2187 1901 mor,
2220 1837 2419 1889 contra
2450 1834 2854 1890 auctoritatem
2904 1839 3258 1907 praeceptum
3316 1836 3543 1906 regium
3578 1850 3681 1905 pro

2038 1938 2391 1994 quacunque
2423 1924 2817 1979 assentatione
2847 1924 2971 1979 fieri
3004 1928 3181 1995 petat.
3217 1924 3379 1988 Quod
3411 1928 3468 1979 et
3513 1924 3562 1978 si
3595 1924 3679 1978 fe-

2037 2011 2180 2067 cerit
2212 2028 2327 2067 non
2356 2012 2650 2068 audiatur.
2701 2013 2759 2067 Si
2788 2018 2983 2069 autem
3019 2018 3076 2069 et
3121 2012 3463 2082 obtineruit,
3496 2013 3679 2086 regali

2037 2101 2409 2168 discretione,
2460 2100 2777 2174 episcopali
2809 2102 3033 2173 judicio
3082 2102 3236 2157 idem
3284 2101 3677 2172 rescindatur,

2036 2196 2093 2246 et
2124 2191 2336 2263 petitor
2365 2192 2624 2263 injustus
2657 2208 2758 2263 pro
2818 2192 3098 2264 principis
3152 2191 3375 2262 injusta
3423 2208 3490 2246 su
3507 2207 3674 2263 gges-

2035 2280 2194 2335 tione
2224 2280 2399 2351 digne
2431 2280 2804 2351 corripiatur.

2034 2400 2165 2452 CAP.
2201 2396 2327 2450 237.
2362 2427 2429 2469 ε
2461 2398 2534 2451 De
2563 2398 2807 2467 episcopo
2829 2398 2924 2469 qui
2946 2398 3282 2467 mancipium
3303 2399 3673 2453 ecclesizema-

2079 2469 2312 2522 numilti
2329 2468 2628 2523 desiderat.
2648 2470 2729 2523 Ea:
2744 2470 2975 2525 concilio
3003 2470 3346 2535 Toletanorv,
3377 2486 3499 2541 cap.
3532 2471 3620 2524 67.

2107 2582 2218 2652 (12,
2246 2600 2295 2655 q.
2315 2586 2369 2651 2,
2393 2601 2439 2636 ιι.
2463 2584 2760 2655 Episcopus
2789 2584 2929 2656 qui.)
2968 2584 3291 2657 Episcopus
3322 2584 3418 2655 qui
3451 2586 3678 2640 manci-

2036 2670 2199 2743 pium
2226 2671 2379 2742 juris
2411 2672 2670 2729 ecclesiis
2693 2690 2806 2729 non
2829 2678 3052 2729 retento
3074 2672 3467 2729 ecclesiastico
3481 2677 3678 2745 patro-

2037 2759 2190 2815 cinio
2222 2761 2559 2817 manumitti
2592 2762 2907 2831 desiderat,
2936 2764 3084 2819 duos
3112 2763 3307 2818 meriti
3333 2763 3593 2834 ejusdem
3626 2768 3679 2818 et

2038 2847 2271 2920 peculii,
2306 2865 2498 2905 coram
2530 2849 2777 2905 concilio
2800 2850 3055 2906 ecclesiae
3082 2849 3173 2905 cui
3195 2849 3556 2921 prazeminet,
3576 2864 3678 2920 per

2039 2937 2558 2994 commutationem
2578 2939 3085 2996 subscribentibus
3107 2938 3508 2994 sacerdotibus
3540 2938 3676 2993 offe-

2041 3032 2150 3092 rat,
2185 3031 2247 3083 ut
2269 3032 2395 3083 rata
2416 3029 2652 3099 etjusta
2674 3029 3004 3085 inveniatur
3025 3029 3287 3084 definitio
3311 3030 3673 3083 commutan-

2042 3116 2139 3172 tis.
2162 3116 2324 3171 Tunc
2345 3117 2498 3173 enim
2523 3118 2767 3173 liberam
2789 3117 3316 3174 manumissionem
3333 3116 3459 3172 sine
3481 3121 3645 3189 patro
3661 3148 3679 3159 -

2039 3205 2193 3262 cinio
2225 3207 2474 3262 condere
2506 3209 2735 3278 poterit,
2766 3208 3001 3280 quando
3031 3224 3163 3263 eum
3200 3222 3374 3278 quem
3422 3205 3676 3261 libertati

2036 3295 2264 3351 tradere
2286 3295 2564 3367 disponit,
2581 3296 2838 3367 jamjuri
2858 3296 3090 3368 proprio
3104 3294 3435 3366 acquisivit.
3460 3296 3676 3363 Hujus-

2038 3384 2195 3439 modi
2226 3389 2421 3440 autem
2454 3384 2659 3441 liberto
2692 3384 2972 3442 adversus
2993 3385 3298 3441 ecclesiam
3327 3385 3498 3455 cujus
3522 3384 3677 3454 juris

2036 3473 2701 3539 exstitit,accusandivel
2727 3472 3673 3547 testificandidenegeturlicentia.

2035 3563 2198 3628 Quod
2224 3563 2274 3617 si
2306 3565 2767 3636 praesumpserit,
2800 3564 2990 3637 placet
3029 3569 3094 3620 ut
3118 3569 3311 3620 stante
3353 3567 3676 3620 commuta-

2033 3652 2191 3708 tione
2220 3651 2280 3707 in
2305 3652 2646 3709 servitutem
2671 3654 2965 3726 propriam
2996 3654 3251 3710 ecclesim
3284 3658 3599 3711 revocetur.

2032 3773 2159 3826 CAP.
2191 3769 2319 3823 238.
2352 3800 2421 3808 ——
2455 3770 2519 3826 Ut
2565 3769 2930 3826 sacerdotibus
2978 3772 3073 3841 qui
3114 3785 3199 3825 res
3255 3786 3383 3824 suas
3432 3772 3671 3825 ecclesiae

2104 3841 2447 3911 relinquunt,
2467 3850 2565 3897 aut
2585 3843 2777 3914 aliqua
2808 3842 3022 3909 praedia
3054 3843 3135 3898 vel
3161 3843 3413 3914 familias
3433 3844 3671 3898 ecclesia'

2101 3915 2462 3985 conquirunt,
2521 3913 2688 3970 liceat
2739 3915 2950 3985 aliquos
3005 3916 3052 3968 si
3102 3914 3285 3982 placet
3329 3913 3394 3985 de
3443 3916 3669 3985 familia

2101 3984 2345 4053 ejusdem
2400 3986 2643 4043 ecclesia:
2698 3984 3105 4041 manumittere.
3164 3988 3246 4040 Ea:
3290 3984 3473 4040 eodem
3518 4002 3666 4042 conc.

2100 4072 2227 4129 cap.
2260 4059 2350 4112 68.

2099 4157 2399 4210 Consensu
2435 4156 2613 4211 totius
2641 4154 2867 4212 concilii
2893 4154 3154 4210 definivit
3176 4156 3241 4209 ut
3262 4153 3667 4210 sacerdotibus

2029 4242 2130 4314 qui
2161 4247 2262 4298 aut
2292 4259 2385 4299 res
2411 4260 2550 4299 suas
2579 4243 2827 4299 ecclesiae
2862 4243 3219 4316 relinquunt,
3252 4246 3353 4298 aut
3385 4241 3531 4298 nihil
3562 4242 3670 4299 ha-

2028 4331 2233 4387 bentes
2262 4332 2458 4404 aliqua
2493 4337 2687 4389 tamen
2722 4333 2941 4406 prmdia
2971 4338 3073 4389 aut
3105 4331 3359 4388 familias
3408 4331 3671 4388 ecclesiis

274 4424 453 4475 tatem
477 4427 820 4492 commutet,
850 4426 914 4477 ut
934 4423 1205 4478 videlicet
1229 4420 1523 4493 mancipia
1562 4438 1689 4493 quae
1710 4438 1811 4493 pro
1835 4438 1920 4476 ec-
1952 4429 1998 4493 1)
2030 4420 2152 4476 suis
2174 4422 2552 4493 conquirunt,
2576 4421 2747 4478 liceat
2777 4422 3004 4494 aliquos
3032 4423 3103 4477 de
3129 4420 3371 4477 familiis
3403 4422 3669 4492 ejusdem

273 4508 604 4565 clesiastico
636 4511 872 4566 homine
903 4512 1220 4577 dabuntur,
1255 4511 1313 4566 in
1344 4510 1599 4566 ecclesiae
1641 4511 1920 4566 servitute

276 4604 682 4669 permaneant,
703 4604 758 4655 ct
790 4599 1226 4656 ecclesiasticus
1248 4600 1423 4654 homo
1456 4600 1555 4671 qui
1588 4604 1918 4656 commuta-

276 4692 388 4756 tur,
411 4694 689 4759 perpetua
714 4689 984 4745 libertate
1017 4691 1265 4745 fruatur.
1287 4690 1449 4752 Quod
1481 4694 1537 4744 et
1558 4690 1712 4744 enim
1736 4689 1918 4746 semel

275 4774 519 4832 Domino
551 4784 957 4834 consecratum
989 4784 1098 4845 est,
1132 4780 1201 4835 ad
1255 4778 1547 4833 humanos
1596 4795 1741 4833 usus
1789 4779 1918 4848 jam

272 4867 575 4922 transferri
606 4885 720 4923 non
744 4874 953 4941 potest.
988 4870 1080 4924 Ait
1110 4868 1263 4924 enim
1296 4866 1422 4923 lex:
1447 4867 1647 4938 Siquis
1670 4869 1919 4923 mutave-

272 4958 373 5020 rit,
439 4961 494 5011 et
551 4958 692 5028 quod
743 4963 1020 5015 mutatum
1068 4962 1144 5016 est
1190 4957 1634 5028 sanctiﬁcabilur
1692 4957 1918 5013 Domino

273 5046 465 5112 (Leuit.
500 5048 696 5117 xxvn).

272 5153 403 5208 CAP.
437 5153 563 5210 235.
596 5186 667 5197 —
694 5156 769 5212 De
797 5156 1007 5213 eodem.
1050 5160 1141 5213 Ex
1170 5157 1353 5213 eodem
1382 5155 1638 5223 concilio,
1687 5172 1808 5227 cap.
1861 5156 1912 5210 3.

342 5262 413 5333 (2,
436 5280 489 5335 9.
512 5263 565 5331 2,
600 5264 983 5336 c.1niustum).
1013 5264 1301 5337 Injustum
1323 5264 1624 5320 videturet
1644 5261 1913 5336 impium,

274 5354 335 5406 ut
356 5351 655 5423 mancipia
675 5368 801 5424 qua
825 5352 1027 5409 fideles
1052 5352 1159 5408 viri
1187 5370 1288 5409 seu
1314 5353 1545 5409 feminae
1586 5371 1688 5426 pro
1729 5369 1914 5408 reme-

272 5441 361 5495 dio
392 5441 604 5495 animae
638 5458 755 5497 suae
787 5442 902 5499 Deo
959 5447 1017 5499 et
1068 5443 1290 5500 sanctis
1322 5445 1450 5514 ejus
1474 5447 1912 5510 consecrarunt,

274 5532 679 5602 cujuscunque
701 5533 964 5589 muneris
998 5533 1292 5604 mancipio
1314 5532 1404 5588 vel
1434 5532 1916 5589 commutationis

2029 4509 2290 4566 ecclesice
2322 4512 2763 4579 manumittere,
2809 4512 2982 4583 juxta
3040 4511 3121 4567 rei
3154 4510 3378 4567 collatas
3430 4511 3670 4566 modum

2028 4614 2203 4670 quem
2239 4600 2466 4673 antiqui
2498 4618 2751 4657 canones
2781 4602 3183 4672 decreverunt,
3214 4600 3295 4656 ita
3325 4604 3389 4655 ut
3419 4616 3551 4656 cum
3580 4616 3673 4671 pe-

2028 4688 2182 4745 culio
2212 4695 2269 4745 et
2302 4690 2643 4761 posteritate
2673 4708 2780 4747 sua
2811 4691 2859 4747 si
2892 4691 3134 4764 ingenui
3168 4694 3309 4747 sunt
3340 4691 3449 4746 sub
3474 4696 3670 4762 patro-

2027 4778 2180 4834 cinio
2212 4780 2468 4835 ecclesue
2519 4784 2815 4851 maneant,
2875 4781 3166 4837 utilitates
3218 4780 3514 4851 injunetas
3556 4777 3670 4834 sibi

2022 4867 2189 4937 juxta
2219 4870 2373 4940 quod
2405 4872 2721 4943 potuerint,
2755 4875 3197 4943 prosequentes.

2027 4985 2155 5040 CAP.
2188 4986 2313 5042 239.
2347 5016 2413 5027 --
2447 4988 2509 5043 Ut
2538 4988 2849 5059 presbyteri
2877 5003 2989 5044 rem
3020 4988 3267 5045 ecclesiae
3295 4986 3529 5043 vendere
3557 5003 3671 5042 non

2093 5066 2457 5129 praesumant.
2496 5062 2581 5115 Ea:
2613 5060 3006 5132 Cartaginensi
3024 5059 3262 5117 concilio
3296 5077 3352 5128 v,
3385 5076 3510 5130 cap.
3545 5060 3597 5115 4.
3702 5072 3705 5075 ⁷

2098 5173 2191 5245 (12
2219 5192 2268 5246 q.
2302 5178 2358 5243 2,
2389 5192 2436 5231 ε.
2468 5177 2734 5247 Placuit.)
2783 5177 2925 5234 Item
2972 5178 3193 5251 placuit
3239 5181 3305 5232 ut
3345 5172 3668 5249 presbyteri

2028 5280 2144 5320 non
2173 5266 2427 5321 vendant
2458 5282 2577 5321 rem
2606 5266 2864 5324 ecclesia:
2897 5268 2996 5325 ubi
3032 5272 3171 5323 sunt
3222 5265 3527 5322 constituti
3563 5280 3668 5317 ne-

2025 5354 2350 5411 scientibus
2368 5356 2661 5429 episcopis
2678 5357 2823 5427 suis,
2849 5359 3140 5431 quomodo
3162 5361 3218 5411 et
3238 5352 3527 5426 episcOpis
3553 5369 3664 5408 non

2026 5441 2197 5499 liceat
2218 5445 2464 5501 vendere
2483 5447 2698 5519 prmdia
2718 5447 2977 5503 ecclesiae
2999 5446 3303 5519 ignorante
3316 5440 3565 5498 concilio
3582 5442 3667 5498 vel

2025 5533 2381 5606 presbyteris
2404 5536 2682 5593 suis.Non
2706 5537 2943 5593 habenti
2966 5552 3100 5608 ergo
3124 5533 3668 5601 necessitatem,nec
