3970 6058
340 186 448 241 255

1424 192 1494 242 D.
1534 185 1777 242 lVONlS
1812 182 2308 240 CARNOTENSIS
2345 186 2668 241 BPISOOPI

3644 182 3762 236 256

340 326 614 383 episcopo
644 309 819 366 liceat
847 325 969 366 rem
1002 311 1208 366 matris
1237 310 1493 367 ecclesia
1525 310 1829 380 ignorante
1847 325 1984 364 con-
2016 309 2070 377 Α
2101 325 2405 380 nunquam
2429 309 2752 377 discedant,
2783 324 2887 364 nec
2918 308 3232 380 posteritas
3255 305 3492 378 quidem
3518 322 3755 372 eorum,

343 398 476 454 cilio
509 399 592 455 vel
627 399 1011 473 presbyteris,
1047 403 1170 456 suis
1201 399 1391 456 titulis
1423 415 1726 470 usurpare.

345 506 477 564 CAP.
510 509 636 563 240.
676 539 736 548 -
769 509 842 563 De
870 507 1064 564 eadem
1102 524 1178 562 re.
1200 508 1660 631 11-2;.123racarensi
1685 506 1916 564 concilio
1949 523 1988 573 ι,

1042 596 1164 631 can.
1272 619 1285 631 .

1042 596 1164 634 can.
1200 596 1221 631 1
1243 596 1285 633 l.

416 667 575 734 (Disl.
604 668 692 734 50,
726 683 772 722 c.
803 667 864 722 Si
891 668 1014 738 quis
1042 597 1342 738 cgfésgéi.)
1392 667 1450 722 Si
1503 669 1638 740 quis
1686 668 1990 740 presbyter

345 760 446 810 aut
469 756 751 811 diaconus
772 755 1040 810 inventus
1062 755 1319 810 fueritde
1339 756 1685 812 ministeriis
1707 755 1984 826 ecclesia,

341 846 646 915 ignorante
667 844 942 910 concilio,
967 842 1188 915 aliquid
1212 845 1570 911 vendidisse,
1595 846 1729 916 quia
1752 844 1988 900 sacrile-

338 933 500 1005 gium
533 934 844 1002 commisit,
879 931 1097 1003 placuit
1129 950 1263 989 eum
1297 935 1354 988 in
1407 934 1772 990 ordinatione
1802 932 1986 989 eccle-

337 1021 434 1076 sia
460 1038 576 1076 non
608 1019 805 1075 haberi
833 1039 846 1087 ;
885 1020 942 1074 in
970 1021 1198 1091 judicio
1231 1028 1426 1078 tamen
1477 1022 1737 1096 episcopi
1786 1022 1984 1077 dimit-

336 1109 579 1164 tendum
604 1108 726 1164 sive
758 1108 971 1180 dignus
1005 1112 1062 1165 in
1097 1127 1204 1166 suo
1236 1112 1415 1184 recipi
1447 1114 1658 1185 gradu.

336 1214 468 1270 CAP.
500 1215 629 1291 2-H.
661 1247 730 1256 —
765 1215 911 1291 Qaid
941 1218 1223 1291 agendum
1239 1220 1322 1291 sil
1357 1219 1422 1274 de
1450 1221 1702 1290 episcopo
1751 1222 1852 1291 qui
1896 1237 1986 1277 res

422 1288 661 1342 ecclesia
682 1289 1008 1343 vendiderit.
1044 1291 1124 1344 Ea:
1153 1290 1338 1346 eodem
1367 1288 1616 1359 concilio,
1635 1288 1774 1362 cap:
1804 1293 1894 1348 31.

407 1377 484 1446 (2,
507 1394 561 1448 q.
585 1377 640 1447 3,
666 1393 712 1432 c.
744 1377 1003 1448 Placuit.)
1037 1378 1383 1451 Quicunque
1433 1381 1742 1452 presbyter
1760 1382 1832 1436 de
1856 1383 1986 1452 jure

334 1464 491 1520 tituli
521 1465 610 1520 sui
642 1464 905 1536 quolibet
931 1467 1103 1520 modo
1135 1473 1688 1540 aurum,argentum
1713 1469 1797 1524 vel
1825 1487 1956 1541 gem
1975 1499 1992 1514 -

337 1558 688 1619 mas,vestes
711 1570 948 1626 quoque
967 1555 1018 1610 si
1041 1560 1202 1621 sunt,
1222 1556 1308 1611 vel
1333 1557 1379 1611 si
1407 1559 1762 1614 accesserint
1791 1559 1990 1631 aliqua

2103 397 2253 454 sicut
2274 399 2496 470 priores
2515 415 2768 454 canones
2791 399 3194 453 decreverunt.
3217 397 3282 450 Et
3306 413 3376 450 ne
3403 397 3546 451 forte
3569 395 3751 451 liber-

2099 490 2189 542 tas
2219 503 2422 542 eorum
2444 487 2503 541 in
2526 487 2720 542 futura
2742 485 2901 558 prole
2920 503 3031 542 non
3058 485 3528 558 pateat,ipsaque
3552 491 3757 558 poste-

2099 575 2242 632 ritas
2278 576 2528 632 naturali
2564 575 2925 647 ingenuitate
2970 575 3243 630 obnitens
3282 590 3412 631 sese
3454 575 3526 630 ab
3558 573 3754 630 eccle-

2098 666 2197 722 sia
2220 671 2434 720 sancta
2456 667 2780 737 patronicio
2811 682 2922 720 non
2957 665 3284 730 subtrahat,
3311 680 3548 719 necesse
3577 669 3755 720 estut

2097 758 2214 809 tam
2253 755 2427 809 iidem
2452 754 2666 822 liberti,
2697 771 2875 826 quam
2908 755 2980 810 ab
3011 754 3094 809 eis
3120 753 3408 826 progeniti
3435 753 3750 824 professio-

2096 859 2229 899 nem
2261 843 2533 916 episcopo
2557 861 2664 900 suo
2689 843 2931 909 faciant,
2963 860 3066 914 per
3098 859 3276 914 quam
3308 857 3370 898 se
3422 847 3480 897 et
3525 841 3751 898 familia

2095 932 2350 989 ecclesia
2375 932 2592 988 liberos
2623 949 2753 988 esse
2787 933 3042 987 fatentur
3073 931 3319 1003 ejusque
3351 930 3746 1004 patrocinium

2094 1039 2209 1078 non
2235 1021 2694 1094 relinquant,sed
2712 1023 2882 1093 juxta
2901 1021 3177 1078 virtutem
3201 1037 3370 1076 suam
3393 1019 3748 1092 obsequium

2091 1111 2142 1166 ei
2174 1111 2263 1167 vel
2295 1111 2688 1168 obedientiam
2731 1111 3046 1183 prabeant.

2094 1201 2227 1256 CAP.
2260 1201 2385 1256 246.
2418 1231 2488 1240 —
2525 1204 2603 1256 De
2633 1201 2851 1255 libertis
2883 1201 2980 1271 qui
3009 1216 3043 1254 a
3085 1199 3501 1271 quibuscunque
3531 1215 3742 1254 manu-

2377 1273 2539 1328 missi
2565 1275 2713 1327 sunt.
2734 1274 2819 1326 Ea:
2847 1272 2963 1327 eod.
2995 1287 3172 1341 conc.,
3204 1288 3325 1342 cap.
3357 1272 3448 1326 7t.

2167 1361 2324 1430 (Dist.
2357 1362 2446 1430 87,
2479 1378 2526 1416 c.
2553 1361 2802 1432 Liberti.)
2828 1360 3041 1416 Liberti
3081 1378 3112 1415 a
3135 1361 3587 1432 quibuscunque
3618 1377 3743 1414 ma-

2097 1449 2349 1505 numissi
2374 1455 2720 1520 sunt,atque
2732 1448 2990 1505 ecclesia
3011 1449 3332 1520 patrocinio
3346 1448 3746 1504 commendati

2095 1538 2539 1603 existunt,sicut
2557 1537 2767 1609 regula
2786 1537 3407 1609 antiquorumPatrum
3432 1537 3752 1592 constitue-

333 1641 574 1698 mubniu
603 1643 674 1698 ad
707 1648 1052 1699 ornamenta
1084 1643 1306 1716 aliquid
1354 1646 1412 1701 iu
1447 1651 1795 1718 perpetuum
1844 1626 1988 1704 ufie-
2022 1673 2066 1737 Β
2098 1633 2256 1698 runt,
2281 1627 2630 1728 sacerdotali
2655 1627 3050 1737 defensione:
3080 1627 3398 1726 cujuslibet
3428 1626 3751 1725 insolentia

334 1747 474 1786 nare
496 1731 808 1787 tentaverit
839 1731 1110 1801 donator,
1143 1732 1427 1791 alienalor
1456 1751 1524 1793 ac
1553 1737 1848 1808 venditor,
1878 1736 1981 1793 ho-

334 1819 496 1877 noris
525 1819 617 1876 sui
649 1820 972 1877 amissione
1007 1820 1307 1880 multetur.

408 1931 539 1983 CAP.
571 1928 698 1983 252.
733 1959 799 1969 —
830 1929 906 1983 De
927 1927 1112 1984 eadem
1135 1945 1217 1985 re.
1244 1931 1328 1986 Ex
1354 1931 1470 1987 eod.
1495 1933 1983 2004 eonellio,cap.lli.

411 2017 522 2089 (10,
548 2020 668 2090 q.2,
691 2033 741 2074 c.
765 2018 827 2074 Si
848 2021 1015 2091 quis.)
1045 2020 1100 2073 Si
1128 2021 1258 2092 quis
1279 2022 1591 2095 episc0pus
1614 2023 1776 2080 nulla
1804 2024 1988 2082 eccle-

339 2105 593 2162 siastica
613 2107 856 2164 rationis
878 2109 1227 2166 necessitate
1241 2111 1670 2184 compulsus,in
1691 2130 1798 2168 suo
1811 2113 1984 2182 clero,

339 2199 442 2252 aut
464 2196 564 2250 ubi
588 2196 734 2253 forte
760 2214 874 2253 non
899 2203 989 2254 est
1015 2200 1340 2272 presbyter,
1362 2201 1432 2255 de
1472 2202 1647 2258 rebus
1678 2200 1986 2258 ecclesias-

334 2284 470 2340 ticis
502 2284 718 2358 aliquid
763 2287 1202 2359 praesumpserit
1233 2290 1501 2359 vendere,
1537 2307 1628 2346 res
1653 2289 1782 2363 ipsa
1804 2290 1987 2347 eccle-

336 2375 436 2429 sia
466 2373 713 2447 propria
745 2380 1074 2432 restaurare
1105 2381 1370 2450 cogatur,
1403 2382 1461 2434 et
1491 2379 1548 2434 in
1587 2379 1815 2450 judicio
1863 2380 1986 2452 epi-

337 2480 650 2536 scoporum
684 2464 991 2536 dejiciatur
1019 2465 1279 2534 auditus,
1325 2472 1504 2541 atque
1549 2468 1688 2524 furti
1720 2473 1776 2526 et
1805 2468 1989 2526 latro-

334 2554 472 2610 cinii
505 2570 662 2623 reus,
697 2571 804 2610 suo
832 2555 1092 2627 privetur
1133 2555 1375 2614 honore.

336 2664 474 2717 CAP.
506 2662 631 2734 243.
669 2693 734 2704 -
769 2662 920 2731 Quod
970 2665 1258 2734 quantitas
1297 2665 1382 2721 rei
1430 2666 1818 2724 ecclesiastica
1844 2669 1989 2723 sicut

413 2733 923 2808 remediumrvenia
950 2733 1577 2808 lribuilconferenti,ila
1599 2738 1861 2794 damnum
1882 2741 1990 2795 rite

409 2814 685 2876 preparet
708 2805 918 2874 fraudi.
955 2807 1036 2861 Ea:
1065 2808 1226 2862 Tolet.
1260 2805 1411 2864 conc.
1447 2826 1568 2881 cap.
1602 2811 1691 2866 33.

415 2892 621 2948 Omnis
652 2891 851 2964 itaque
892 2892 973 2948 rei
1022 2893 1432 2951 ecclesiastica
1483 2898 1804 2969 quantitas,
1839 2897 1990 2952 sicut

347 2981 672 3036 remedium
696 2981 878 3037 venia
902 2982 1104 3038 tribuit
1125 3000 1227 3039 con
1241 2985 1445 3040 ferenti
1459 2985 1560 3048 ,ita
1579 2987 1861 3044 damnum
1877 2987 1984 3042 rite

343 3073 634 3141 praparat
651 3069 994 3126 fraudatori.
1019 3071 1090 3126 Et
1116 3071 1246 3128 ideo
1277 3073 1478 3130 nullus
1500 3078 1872 3132 sacerdotum
1892 3077 1981 3132 vel

339 3157 748 3214 ministrorum
773 3175 842 3215 ex
862 3159 1038 3215 rebus
1059 3159 1337 3229 ecclesia,
1371 3179 1498 3234 qua
1529 3164 1587 3218 in
1620 3164 1982 3236 quibuscun-

344 3263 456 3320 que
483 3247 627 3304 locis
659 3265 693 3304 a
727 3247 1003 3304 fidelibus
1035 3248 1389 3322 largiuntur,
1413 3251 1634 3324 aliquid
1659 3253 1903 3320 auferat,
1927 3259 1985 3310 et

335 3336 459 3408 juri
483 3354 590 3393 suo
607 3343 712 3393 aut
733 3338 1019 3393 cathedra
1035 3340 1280 3411 propria
1297 3340 1508 3396 unitati
1536 3344 1981 3398 connectat.Ve-

335 3443 466 3482 rum
489 3431 552 3483 ut
573 3426 752 3497 hujus
775 3427 855 3482 rei
896 3426 1162 3483 soliditas
1188 3428 1379 3500 potior
1403 3429 1712 3497 habeatur,
1739 3433 1982 3503 propin-

337 3516 470 3586 quis
505 3517 635 3585 ejus
667 3517 767 3587 qui
817 3521 1272 3572 construxerunt
1302 3517 1388 3573 vel
1421 3519 1754 3575 ditaverunt
1800 3522 1980 3577 eccle-

335 3603 485 3660 siam
519 3602 745 3659 licitum
779 3603 857 3659 sit
885 3604 1037 3661 hanc
1066 3606 1232 3661 bona
1263 3606 1610 3664 intentionis
1641 3609 1851 3666 habere
1889 3629 1982 3668 so-

333 3691 589 3758 lertiam,
619 3697 683 3748 ut
713 3693 763 3749 si
795 3694 1159 3750 sacerdotem
1184 3694 1273 3749 vel
1296 3695 1638 3754 ministrum
1661 3697 1881 3771 aliquid
1916 3718 1985 3756 ex

338 3783 518 3838 rebus
539 3781 771 3838 collatis
801 3782 1174 3854 praviderint
1197 3785 1564 3856 defraudare,
1599 3792 1700 3843 aut
1720 3805 1983 3846 commo-

341 3869 587 3926 nitionis
615 3871 857 3927 honesta
888 3873 1273 3927 conventione
1297 3881 1692 3945 compescant,
1725 3883 1828 3933 aut
1847 3879 1988 3933 talia

341 3959 616 4032 episcopo
644 3964 745 4015 aut
767 3960 952 4032 judici
978 3961 1321 4032 corrigenda
1353 3961 1716 4020 denuntient.
1741 3967 1903 4033 Quod
1935 3968 1985 4023 si

338 4046 479 4103 talia
501 4049 812 4120 episcOpus
835 4065 1006 4120 agere
1026 4052 1230 4113 tentat,
1251 4050 1700 4121 metropolitano
1716 4054 1844 4125 ejus
1865 4054 1988 4111 hac

339 4137 642 4194 insinuare
667 4155 737 4194 ne
759 4137 1052 4193 ditferant.
1079 4138 1228 4210 Ipsis
1251 4142 1445 4194 tamen
1469 4140 1800 4198 haredibus
1822 4144 1878 4198 in
1907 4145 1988 4200 ei-

342 4226 508 4282 sdem
533 4229 709 4283 rebus
739 4245 853 4282 non
888 4227 1059 4283 liceat
1083 4229 1253 4299 quasi
1289 4227 1444 4299 juris
1485 4231 1702 4302 proprii
1727 4236 1990 4304 potesta-

342 4319 460 4369 tem
487 4316 776 4386 praferre,
818 4333 932 4372 non
973 4318 1264 4388 rapinam,
1313 4335 1428 4374 non
1454 4320 1716 4376 fraudem
1749 4321 1984 4393 inferre,

2099 1722 2503 1790 protegantur.
2536 1716 2658 1771 sive
2688 1716 2746 1771 in
2780 1720 2934 1771 statu
2968 1715 3262 1771 libertatis
3288 1731 3514 1782 eorum,
3549 1731 3649 1770 seu
3684 1714 3747 1769 in

2091 1806 2318 1878 peculio
2347 1807 2500 1877 quod
2536 1805 2754 1860 habere
2788 1809 3134 1860 noscuntur.

2093 1895 2223 1951 CAP.
2254 1895 2382 1949 247.
2415 1925 2483 1935 —
2512 1896 2587 1950 De
2613 1895 2970 1949 manumissis
3003 1896 3058 1948 in
3092 1895 3337 1950 ecclesia.
3365 1895 3444 1950 Ea.
3477 1893 3747 1948 Arausico

2644 1967 2880 2022 concilio
2913 1983 2952 2034 ι,
2982 1983 3103 2038 cap.
3131 1967 3187 2021 7.

2169 2058 2230 2110 In
2261 2054 2506 2111 ecclesia
2539 2054 2960 2122 manumissos,
3008 2054 3094 2110 vel
3156 2071 3257 2127 per
3313 2058 3742 2111 testamentum

2097 2146 2354 2201 ecclesia
2379 2145 2840 2212 commendatos,
2875 2145 2925 2200 si
2981 2144 3114 2216 quis
3162 2144 3220 2198 in
3262 2143 3621 2213 servitulem,
3652 2143 3748 2198 vel

2097 2236 2154 2291 in
2187 2234 2563 2306 obsequium,
2597 2233 2683 2289 vel
2715 2235 2786 2288 ad
2819 2232 3180 2288 colonariam
3212 2233 3608 2288 conditionem
3629 2231 3750 2287 im-

2096 2324 2349 2397 primere
2390 2323 2706 2395 [revocare]
2739 2323 3074 2392 tentaverit,
3106 2321 3612 2377 animadversione
3642 2337 3739 2376 ec-

2095 2412 2429 2468 clesiastica
2463 2412 2847 2468 coercebitur.

2095 2502 2230 2558 CAP.
2263 2502 2388 2556 248.
2421 2531 2490 2542 —-
2529 2501 2603 2556 De
2651 2500 2912 2626 4ugitivis
2971 2499 3352 2586 ecclesiasticis
3407 2501 3603 2556 servis.
3660 2499 3749 2554 Ex

2686 2574 2900 2626 oletano
2929 2570 3189 2626 concilio.

2686 2574 2900 2628 'oletano
2929 2570 3189 2628 concilio.

2170 2661 2467 2732 Fugitivos
2490 2659 2663 2717 etiam
2693 2677 2892 2717 servos
2915 2659 3579 2727 ecclesiasticos,domos
3601 2675 3746 2714 suas

2095 2754 2197 2806 aut
2220 2748 2474 2806 familias
2523 2749 2876 2816 deserentes,
2915 2748 3015 2821 qui
3046 2749 3224 2805 etiam
3252 2748 3302 2804 si
3335 2748 3583 2804 revocati
3615 2748 3746 2804 fue-

2097 2840 2236 2907 rint,
2267 2839 2455 2895 teneri
2483 2855 2596 2894 non
2632 2839 2865 2911 possint
2894 2837 3072 2894 simili
3097 2838 3340 2906 ratione,
3365 2838 3436 2893 ab
3467 2836 3744 2909 episcopo

2095 2929 2142 2985 si
2168 2928 2432 2999 voluerit,
2466 2932 2563 2984 aut
2595 2929 2643 2983 si
2678 2927 2760 2982 illi
2794 2928 2875 2982 ita
2905 2927 3247 2997 meruerint,
3275 2925 3699 2983 distrahantur.

2094 3018 2224 3074 CAP.
2257 3019 2379 3072 249.
2414 3048 2482 3058 --
2508 3018 2584 3072 De
2610 3018 2879 3087 episwpis
2909 3019 3005 3088 qui
3031 3018 3176 3072 nihil
3204 3017 3438 3088 ecclesia
3475 3031 3586 3070 sua
3605 3030 3744 3070 con-

2162 3091 2370 3160 ferunt,
2403 3097 2457 3144 et
2484 3105 2553 3144 ex
2571 3091 2808 3163 [amilia
2829 3087 3073 3163 ecclesia
3107 3090 3308 3144 liberos
3325 3087 3510 3163 facere
3523 3103 3746 3160 praesu—

2163 3169 2336 3216 munt.
2375 3163 2456 3215 Ex
2482 3161 2601 3216 end.
2632 3161 2889 3215 concilio.

2163 3249 2431 3321 Episcopi
2460 3249 2560 3320 qui
2586 3248 2731 3304 nihil
2759 3266 2827 3304 ex
2849 3251 3087 3322 proprio
3116 3265 3223 3304 suo
3247 3247 3501 3304 ecclesia
3524 3246 3746 3304 Christi

2093 3340 2420 3404 conterunt,
2451 3337 2666 3393 liberos
2703 3354 2770 3394 ex
2793 3338 3035 3394 familiis
3063 3338 3341 3408 ecclesia,
3369 3338 3440 3393 ad
3476 3336 3746 3392 condem-

2092 3427 2390 3483 nationem
2429 3444 2598 3482 suam
2655 3427 2842 3482 facere
2889 3444 3005 3483 non
3058 3429 3439 3499 prasumant.
3483 3425 3742 3496 Impium

2093 3521 2184 3572 est
2211 3517 2393 3582 enim,
2426 3521 2489 3571 ut
2519 3517 2620 3588 qui
2649 3533 2740 3572 res
2769 3533 2910 3572 suas
2934 3516 3194 3572 ecclesia
3215 3514 3431 3570 Christi
3454 3531 3567 3569 non
3603 3529 3747 3568 con-

2093 3604 2316 3676 tulerit,
2349 3605 2628 3660 damnum
2661 3605 2921 3660 ecclesia
2962 3604 3193 3660 inferat.
3247 3602 3416 3659 Tales
3450 3602 3630 3675 igitur
3668 3601 3748 3656 li-

2095 3695 2292 3750 bertos
2319 3711 2591 3750 sucessor
2621 3694 2880 3766 episcopi
2911 3694 3134 3766 absque
3155 3693 3354 3766 aliqua
3375 3691 3749 3766 oppositione

2095 3785 2166 3839 ad
2193 3785 2291 3856 jus
2322 3783 2575 3840 ecclesia
2607 3783 2920 3840 revocabit.

2096 3873 2230 3930 CAP.
2263 3873 2387 3928 250.
2421 3904 2489 3913 —
2521 3872 2661 3942 Quid
2694 3875 2751 3928 in
2797 3874 3020 3928 ecclesia
3051 3873 3163 3943 legi
3209 3871 3415 3928 debeat.
3447 3873 3530 3927 Ex
3570 3875 3748 3927 Aure-

2579 3943 2824 4000 lianensi
2853 3961 3027 4016 conc.,
3061 3961 3183 4016 cap.
3215 3945 3269 3999 3.

2167 4031 2323 4088 Nihil
2353 4032 2513 4088 aliud
2539 4033 2594 4087 in
2622 4032 2870 4089 ecclesia
2898 4033 3151 4106 legatur,
3186 4036 3287 4088 aut
3319 4036 3608 4100 cantetur,
3635 4031 3752 4086 nisi

2099 4138 2224 4194 qua
2257 4121 2618 4178 auctoritatis
2649 4123 2857 4178 divina
2881 4128 3039 4193 sunt,
3075 4127 3132 4178 et
3183 4123 3419 4178 Patrum
3473 4121 3753 4176 orthodo-

2097 4229 2304 4268 xorum
2335 4211 2531 4268 sanxit
2561 4211 2903 4269 auctoritas.
2929 4213 3044 4268 Nec
3076 4211 3222 4268 lalsa
3252 4210 3596 4283 angelorum
3640 4227 3747 4265 no-

2103 4301 2264 4356 mina
2292 4301 2508 4369 colant,
2559 4303 2658 4358 sed
2710 4318 2779 4358 ea
2839 4307 3073 4358 tantum
3133 4319 3264 4373 qua
3293 4301 3655 4374 prophetica,
3689 4305 3750 4356 et

337 4401 429 4457 vel
461 4375 741 4472 iugerum,
763 4375 890 4460 ἠοη
921 4375 1266 4462 νίοιξηιίδηί
1304 4423 1723 4483 quamcunque
2023 4406 2070 4468 ι)
2102 4389 2436 4483 evangelica
2465 4391 2633 4447 docet
2663 4391 2989 4464 Scriptura,
3015 4392 3071 4447 id
3103 4396 3192 4447 est
3213 4375 3750 4461 Mic‘hael,Gahriel,

343 4491 582 4548 mere.Si
607 4491 742 4564 quis
765 4492 885 4547 hac
909 4494 1132 4549 monita
1151 4499 1440 4553 temerare
1462 4502 1994 4572 prasumpserit,et

342 4579 496 4636 male
527 4586 695 4652 rapta
721 4597 855 4638 cum
881 4583 1223 4640 confusione
1246 4586 1540 4655 restituet,
1566 4593 1624 4644 et
1652 4606 1992 4646 excommu-

343 4669 659 4726 nicationis
691 4687 899 4726 annua
933 4673 1286 4729 sententiam
1316 4677 1652 4734 sustinebit.

341 4760 480 4814 CAP.
512 4759 638 4838 24ft.
665 4789 737 4801 —
766 4761 841 4815 De
874 4760 1085 4838 libertis
1127 4764 1228 4833 qui
1276 4763 1369 4838 ab
1399 4765 1639 4821 ecclesia
1674 4767 1996 4838 patronicia

556 4830 940 4886 discesserunt.
974 4834 1056 4887 Ex
1084 4830 1234 4888 conc.
1274 4835 1390 4891 Tol.
1425 4854 1501 4901 1v,
1534 4830 1777 4909 cap.'70.

414 4918 527 4989 (12,
550 4933 602 4990 ᾳ.
636 4922 690 4986 2,
723 4936 770 4974 c.
812 4921 1060 4993 Liberti.)
1091 4921 1305 4977 Liberti
1337 4924 1594 4981 ecclesia
1619 4928 1716 4998 qui
1743 4946 1775 4983 a
1797 4932 1992 5002 patro-

340 5006 495 5063 cinio
525 5009 654 5078 ejus
685 5009 1059 5066 discedentes
1109 5011 1471 5081 quibuslibet
1503 5018 1767 5085 personis
1800 5018 1994 5072 adha-

345 5102 571 5165 serunt,
605 5097 655 5154 si
688 5098 976 5154 admoniti
1012 5099 1203 5155 redire
1253 5105 1736 5175 contempserint,
1785 5124 1995 5163 manu-

345 5186 551 5242 missio
599 5202 802 5242 eorum
855 5187 1022 5244 irrita
1076 5189 1196 5253 sit;
1245 5191 1385 5261 quia
1439 5208 1541 5264 per
1588 5194 1995 5252 inohedientia

341 5280 750 5347 contemptum
789 5275 1006 5348 ingrati
1038 5278 1271 5334 actione
1299 5284 1596 5337 tenentur.

345 5382 480 5438 CAP.
513 5385 640 5439 245.
674 5413 742 5424 -
771 5383 847 5438 De
894 5384 1106 5440 libertis
1154 5387 1414 5442 ecclesia.
1467 5388 1689 5444 Ibidem.
1737 5406 1856 5462 cap.
1902 5391 1992 5449 69.

420 5489 528 5557 (12,
562 5507 612 5561 q.
644 5493 700 5556 2,
732 5507 778 5546 c.
815 5491 1069 5563 Liberti.)
1113 5493 1325 5549 Liberti
1354 5493 1633 5562 ecclesia,
1671 5497 1810 5566 quia
1841 5515 1996 5553 nun-

348 5591 526 5647 quam
543 5581 791 5636 moritur
813 5599 1014 5638 eorum
1041 5589 1366 5651 matrona,a
1392 5587 1714 5657 patrocinio
1735 5588 1996 5658 ejusdem

2099 4478 2266 4551 Raph
2276 4478 2383 4535 uel.

2100 4569 2234 4625 CAP.
2267 4569 2395 4622 251.
2428 4600 2494 4610 —
2543 4569 3106 4627 Excommunicandos
3143 4585 3255 4627 esse
3301 4585 3388 4625 eos
3468 4569 3530 4624 ui
3578 4567 3752 4623 libros

2171 4642 2408 4696 famosos
2437 4642 2496 4695 in
2552 4643 2778 4696 ecclesia
2809 4643 3013 4696 leaunt.
3069 4644 3151 4696 Ex
3205 4658 3360 4696 conc.
3421 4585 3752 4696 gliberlino.

2170 4642 2408 4766 famogtés
2437 4642 2496 4695 in
2552 4643 2778 4698 ecclesia
2809 4643 3013 4714 legunt.
3069 4644 3151 4697 Ex
3205 4658 3360 4697 conc.
3421 4639 3755 4709 Eliberlino,

2170 4727 2290 4766 can.
2399 4755 2411 4766 .

2170 4727 2290 4782 cap.
2321 4727 2411 4767 ne.

2173 4799 2231 4856 Si
2265 4801 2361 4872 qui
2395 4802 2614 4857 inventi
2669 4803 2883 4858 fuerint
2911 4802 3094 4858 libros
3128 4803 3388 4859 famosos
3428 4805 3484 4856 et
3517 4801 3752 4874 ignotos

2105 4889 2161 4944 in
2193 4890 2437 4946 ecclesia
2466 4891 2658 4963 legere
2708 4891 2794 4946 vel
2845 4897 3103 4958 cantare,
3140 4891 3750 4948 excommunicentur.

2100 4979 2236 5035 CAP.
2269 4981 2397 5037 252.
2429 5013 2498 5021 —
2532 4983 2604 5037 De
2634 4981 2962 5037 mulieribus
2993 4997 3113 5053 qua
3141 4983 3284 5037 clam
3301 4982 3642 5054 concipiunt.
3667 4981 3754 5034 Ea:

2557 5054 2842 5108 Maticcnsi
2884 5070 3062 5120 cone.,
3092 5069 3216 5125 cap.
3239 5055 3296 5109 6.

2176 5143 2237 5196 In
2265 5141 2369 5196 hoc
2385 5146 2585 5197 sancto
2609 5141 2855 5197 concilio
2883 5142 3184 5198 decretum
3205 5146 3295 5199 est
3315 5146 3378 5198 ut
3422 5140 3751 5212 unusquis-

2106 5245 2218 5301 que
2245 5231 2552 5302 presbyter
2575 5229 2630 5284 in
2651 5247 2757 5285 sua
2781 5229 2948 5301 plebe
2985 5230 3216 5303 publice
3239 5231 3572 5296 annuntiat,
3600 5233 3662 5285 ut
3702 5228 3756 5284 si

2106 5319 2306 5391 aliqua
2328 5321 2546 5376 femina
2567 5320 2832 5376 clanculo
2856 5326 3134 5394 corrupta
3153 5321 3503 5394 conceperit,
3530 5336 3755 5392 nequa-

2105 5424 2283 5480 quam
2311 5409 2494 5466 filium
2515 5416 2615 5466 aut
2635 5411 2812 5466 tiliam
2833 5428 3002 5466 suam
3026 5411 3470 5482 interﬁciat;sed
3491 5427 3754 5483 quocun-

2105 5513 2220 5569 que
2243 5499 2518 5568 pravalet
2539 5500 2774 5572 ingenio
2819 5505 2954 5556 ante
2990 5501 3209 5572 januas
3231 5499 3486 5557 ecclesia
3518 5504 3757 5571 partum

2109 5587 2402 5659 deportari
2420 5589 2621 5660 ibique
2647 5588 2786 5662 poni
2809 5589 3004 5660 faciat,
3037 5598 3100 5646 ut
3129 5606 3328 5647 coram
3355 5589 3660 5647 sacerdote
3691 5586 3756 5645 in
