3978 6060
192 303 305 357 257

192 519 553 583 enutriatur,
586 520 642 569 et
677 512 777 569 tali
828 529 898 567 ex
949 527 1129 567 causa
1161 508 1464 564 homicidii
1510 511 1761 572 reatum,
1790 508 1850 557 et

192 609 353 681 quod
379 607 573 676 majus
595 609 683 659 est
705 600 1087 674 parricidium
1104 599 1328 654 evadat.
1352 598 1521 662 Nam,
1546 596 1644 665 qui
1661 592 1849 648 ﬁlium

193 704 299 755 aut
332 696 513 752 ﬁliam
547 691 845 759 interﬁcit,
881 689 1172 762 parricida
1222 686 1462 743 omnino
1503 683 1847 740 destinetur.

195 814 335 870 CAP.
368 813 498 867 253.
526 841 596 851 --
630 814 711 864 De
736 807 1048 879 infantibus
1080 807 1139 860 in
1179 804 1452 859 adulteria
1481 802 1657 863 natis,
1686 806 1739 854 et
1759 797 1853 879 “ad

194 887 484 943 ecclesiam
523 871 808 953 expositis:
843 881 927 934 Ex
970 879 1278 933 Arelatensi
1326 892 1364 929 ιι
1411 889 1727 943 conc.,cap.
1759 871 1850 924 32.

272 999 331 1056 Si
356 998 657 1071 expositus
686 998 821 1051 ante
862 991 1193 1061 ecclesiam,
1226 990 1635 1061 cujuscunque
1681 982 1857 1039 fuerit

201 1086 582 1146 miseratione
611 1084 912 1148 collectus,
944 1078 1387 1136 contestationis
1419 1080 1597 1150 ponat
1638 1074 1853 1145 episto-

198 1180 323 1235 lam
357 1194 372 1233 :
393 1182 459 1232 ut
478 1175 528 1232 si
553 1176 604 1231 is
627 1174 729 1247 qui
753 1171 1033 1229 collectus
1062 1174 1151 1225 est
1170 1168 1326 1223 intra
1348 1168 1545 1223 decem
1562 1165 1687 1219 dies
1705 1178 1857 1234 quae-

199 1268 375 1332 situs,
404 1265 639 1336 agnitus
670 1278 785 1317 non
819 1258 1014 1325 fuerit,
1047 1274 1289 1312 securus
1321 1257 1531 1311 habeat
1559 1253 1658 1324 qui
1682 1251 1856 1308 colle-

200 1357 307 1431 git.
342 1356 495 1411 Sane
526 1353 624 1424 qui
649 1355 779 1424 post
811 1348 1151 1421 priedictum
1202 1352 1432 1417 tempus
1467 1342 1858 1399 calumniator

200 1430 518 1511 exstiterit,
580 1445 643 1496 ut
694 1438 991 1495 homicida
1052 1434 1453 1492 ecclesiastica
1489 1430 1856 1487 districtione

200 1533 609 1599 damnabitur,
640 1530 794 1585 sicut
824 1528 1064 1583 Patrum
1105 1524 1301 1581 sanxit
1328 1521 1668 1578 auctoritas.

276 1659 415 1715 CAP.
446 1657 571 1713 254.
605 1687 671 1697 -
702 1656 776 1711 De
812 1653 997 1709 eadem
1037 1667 1115 1777 ν·ιέ
1151 1652 1233 1706 Ea:
1269 1649 1498 1706 Vasensi
1532 1645 1783 1709 concilio,

934 1740 1052 1777 cap.
1123 1764 1135 1776 .

934 1740 1052 1795 cap.
1080 1740 1135 1777 υ.

278 1847 362 1903 De
393 1844 673 1917 expositis
695 1840 833 1914 quia
846 1840 1053 1896 collata
1075 1838 1146 1894 ab
1168 1836 1444 1893 omnibus
1467 1833 1702 1907 querela
1725 1849 1855 1903 pro-

203 1936 409 2004 cessit,
442 1951 538 1989 eos
582 1949 697 1988 non
718 1933 845 2003 jam
898 1927 1313 1984 misericordia
1345 1927 1445 1981 sed
1478 1924 1726 1980 canibus
1766 1938 1855 1976 ex-

205 2025 372 2100 poni,
403 2040 548 2095 quos
597 2020 869 2091 colligere
898 2016 1330 2074 calumniarum
1376 2018 1556 2084 metu,
1590 2010 1859 2084 quamvis

204 2115 423 2171 inﬂexa
473 2110 778 2184 praceptis
829 2106 1243 2163 misericordiae
1277 2121 1444 2160 mens
1478 2103 1739 2158 humana
1767 2101 1858 2155 de-

204 2207 438 2272 trectet,
470 2203 528 2256 id
560 2198 992 2257 observandum
1022 2199 1130 2264 est,
1165 2200 1229 2250 ut
1271 2193 1598 2250 secundum
1638 2195 1861 2245 statuta

206 2291 695 2350 ﬁdelissimorum
714 2289 1134 2359 Augustorum,
1157 2282 1676 2356 piissimorumque
1698 2278 1857 2351 prin-

206 2383 412 2454 cipum
445 2378 718 2451 quisquis
748 2374 1079 2447 expositum
1110 2371 1350 2442 colligit,
1381 2369 1687 2426 ecclesiam
1717 2384 1859 2424 con-

208 2474 480 2533 testatur,
536 2464 1025 2523 contestationem
1072 2461 1326 2533 colligat.
1359 2459 1753 2515 Nihilominus
1789 2461 1861 2514 de

207 2559 420 2615 altario
446 2555 747 2611 Dominico
769 2553 862 2608 die
888 2552 1155 2607 minister
1178 2549 1507 2618 annuntiat,
1534 2553 1597 2603 ut
1616 2546 1863 2603 ecclesia

209 2650 361 2705 sciat
373 2646 703 2719 expositum
729 2659 858 2699 esse
880 2641 1212 2709 collectum,
1228 2644 1293 2694 ut
1316 2639 1470 2694 intra
1491 2637 1615 2692 dies
1638 2637 1859 2708 decem,

211 2740 287 2795 ab
318 2735 701 2809 expositionis
732 2732 823 2787 die
872 2734 1203 2802 expositum
1243 2727 1503 2799 recipiat.
1541 2726 1599 2782 Si
1638 2725 1769 2797 quis
1801 2742 1861 2781 se

210 2825 545 2901 probaverit
575 2821 901 2894 agnovisse,
935 2819 1227 2874 collectori
1253 2818 1356 2888 pro
1376 2816 1635 2886 ipsorum
1660 2816 1861 2870 decem

210 2916 442 2973 dierum
476 2909 877 2969 misericordia
900 2912 1070 2981 prout
1092 2905 1364 2962 maluerit
1388 2905 1459 2960 ad
1483 2920 1740 2977 praesens
1763 2905 1862 2958 tri-

210 3005 381 3067 buat,
409 3007 509 3058 aut
538 3002 597 3057 in
630 3002 978 3073 perpetuum
1010 3012 1145 3051 cum
1177 2994 1278 3050 Dei
1300 2992 1513 3065 gratia,
1536 2992 1586 3047 si
1616 2991 1865 3048 voluerit

211 3093 535 3167 possideat.
564 3091 621 3145 Si
654 3089 789 3159 quis
813 3086 1210 3158 expositorum
1243 3085 1351 3138 hoc
1373 3083 1577 3137 ordine
1599 3081 1863 3137 collecto-

210 3198 348 3238 rum
380 3179 678 3252 repetitor,
695 3176 784 3232 vel
812 3172 1200 3230 calumniator
1229 3168 1539 3237 exstiterit,
1571 3167 1865 3223 homicida

208 3270 521 3329 habendus
550 3272 658 3324 est.

211 3406 353 3463 CAP.
384 3405 510 3460 255.
559 3433 626 3444 —
674 3400 734 3455 Si
779 3397 1081 3455 sacerdotes
1127 3391 1434 3449 oblationes
1482 3390 1749 3461 ﬁdelium,
1796 3387 1866 3463 ab

287 3478 519 3533 ecclesia
563 3476 855 3544 auferunt,
887 3474 951 3544 et»
986 3470 1045 3523 in
1068 3482 1199 3544 suos
1248 3481 1379 3544 usus
1417 3460 1757 3518 convertunt.
1788 3460 1869 3515 Ea:

284 3549 523 3606 concilio
555 3537 811 3603 Toletano
842 3542 972 3615 (Tol.
1008 3540 1105 3611 iv),
1137 3554 1255 3609 cap.
1289 3537 1379 3591 32.

288 3675 543 3732 Avaritia
590 3672 757 3727 radix
805 3672 883 3724 est
934 3670 1281 3721 cunctorum
1330 3661 1605 3716 malorum
1654 3657 1697 3729 (ι
1729 3659 1863 3712 Tim.

217 3778 320 3835 vi),
355 3764 528 3834 cujus
560 3761 691 3817 sitis
734 3758 913 3815 etiam
945 3753 1319 3810 sacerdotum
1366 3753 1592 3804 mentes
1622 3747 1864 3802 obtinet.

220 3854 390 3911 Multi
424 3852 580 3907 enim
606 3848 870 3905 ﬁdelium
899 3845 960 3899 in
987 3859 1185 3899 amore
1208 3838 1422 3896 Christi
1445 3842 1501 3893 et
1523 3841 1864 3908 martyrum,

212 3944 271 3999 in
291 3940 586 4015 parochiis
604 3938 1015 4010 episcoporum
1034 3929 1306 3986 basilicas
1329 3930 1699 3995 construunt,
1719 3922 1870 3979 obla-

214 4033 408 4088 tiones
436 4028 847 4091 conscribunt;
874 4022 1204 4078 sacerdotes
1228 4017 1350 4072 haec
1370 4016 1665 4081 auferunt,
1693 4017 1868 4084 atque

206 4122 269 4177 in
294 4138 443 4176 usus
468 4135 608 4175 suos
630 4117 997 4172 convertunt.
1025 4110 1161 4165 [nde
1184 4112 1272 4163 cst
1294 4105 1449 4178 quod
1489 4104 1740 4159 cultores
1773 4120 1865 4157 sa-

208 4226 444 4267 crorum
470 4207 772 4271 deﬁciunt,
796 4204 937 4258 dum
966 4196 1260 4269 stipendia
1292 4195 1566 4267 perdunt,
1596 4192 1732 4247 inde
1764 4193 1867 4246 ba-

208 4301 520 4357 silicarum
564 4292 888 4351 labentium
924 4289 1106 4345 ruinis
1158 4303 1272 4341 non
1324 4288 1687 4355 reparantur,
1730 4282 1870 4351 quia

210 4388 464 4445 avaritia
494 4381 842 4441 sacerdotali
870 4379 1069 4435 omnia
1107 4375 1474 4431 auferuntur.
1509 4372 1624 4443 (ω,
1656 4388 1706 4441 q.
1743 4371 1794 4436 1,
1819 4385 1865 4424 c.

214 4480 584 4535 Constitutum
618 4472 739 4542 est.)
771 4470 878 4524 Pro
909 4484 1026 4539 qua
1056 4482 1115 4520 re
1147 4462 1527 4519 constitutum
1553 4464 1641 4515 est
1666 4476 1697 4513 a
1722 4476 1867 4530 pra:-

212 4567 370 4623 senti
399 4562 647 4620 concilio
671 4560 974 4631 episcopos
999 4557 1078 4610 ita
1107 4554 1387 4608 diteceses
1410 4566 1545 4605 suas
1563 4564 1778 4619 regere,
1806 4552 1869 4602 ut

214 4655 370 4712 nihil
402 4671 472 4710 ex
501 4666 707 4707 earum
733 4649 865 4717 jure
897 4646 1255 4717 prmsumant
1285 4640 1535 4704 auferre,
1571 4638 1671 4693 sed
1697 4638 1869 4707 juxta

214 4746 483 4817 priorum
500 4738 887 4796 conciliorum
905 4731 1312 4787 auctoritatem
1335 4734 1453 4781 tam
1478 4726 1548 4780 de
1563 4724 1872 4780 oblationi-

218 4814 333 4889 bus
360 4846 538 4904 quam
563 4829 635 4883 de
651 4824 917 4889 decimis,
941 4827 997 4877 et
1018 4821 1088 4876 de
1108 4818 1347 4874 tributis
1370 4832 1436 4871 ac
1460 4814 1728 4885 frugibus
1755 4818 1870 4868 ter-

219 4901 848 4988 tiam'consequantur.
869 4910 1031 4977 Quod
1051 4908 1101 4963 si
1120 4905 1355 4978 amplus
1368 4902 1671 4974 quidpiam
1693 4902 1764 4955 ab
1789 4901 1873 4956 eis

224 5012 653 5085 pmsumptum
688 5002 883 5070 fuerit,
930 5014 1032 5070 per
1080 4995 1394 5053 concilium
1446 4994 1872 5058 restaurentur,

214 5080 658 5172 appellantibus
688 5091 835 5163 ipsis
868 5086 1291 5150 conditoribus,
1318 5086 1419 5138 aut
1456 5086 1609 5136 certe
1649 5080 1876 5151 propin-

214 5169 354 5261 quis
376 5200 605 5250 ecrum,
630 5183 675 5237 si
701 5184 829 5252 jam
854 5178 936 5233 illi
963 5194 996 5231 a
1016 5175 1228 5232 saeculo
1242 5173 1668 5227 discesserunt.
1692 5169 1804 5239 (10,
1822 5184 1873 5239 q.

223 5257 276 5347 ί,
299 5294 346 5332 c.
382 5272 692 5341 Noverint.)
714 5267 994 5326 Noverint
1015 5270 1209 5321 autem
1243 5261 1574 5318 conditores
1610 5257 1877 5314 basilica-

220 5345 357 5421 rum
370 5364 431 5417 in
446 5362 624 5417 rebus
637 5376 784 5431 quas
797 5356 1019 5413 eisdem
1036 5351 1293 5408 basilicis
1309 5349 1637 5414 conferunt,
1655 5345 1878 5402 nullam

222 5457 572 5528 potestatem
587 5450 823 5513 habere,
846 5446 946 5501 sed
968 5445 1141 5515 juxta
1154 5455 1445 5496 canonum
1463 5437 1758 5507 instituta,
1774 5436 1881 5491 sic-

226 5524 292 5599 ut
326 5540 665 5607 ecclesiam,
699 5537 778 5592 ita
800 5537 995 5591 dotem
1020 5534 1148 5603 ejus
1194 5530 1263 5586 ad
1296 5527 1720 5585 ordinationem
1753 5524 1882 5598 epi-

226 5633 394 5708 scopi
416 5632 738 5707 pertinere.

1161 295 1471 349 DECRETI
1510 292 1697 346 PARS
1734 292 1918 344 IlI.——
1946 287 2042 340 DE
2080 286 2443 358 ECCLESIA,
2483 290 2637 343 ETC.

191 430 521 487 crastinum
562 422 794 480 delatus
844 422 915 477 ab
948 419 1146 491 aliquo
1186 419 1341 475 ﬁdeli
1374 417 1753 489 suscipiatur.
1786 416 1845 469 et
1872 413 1927 481 Α
1956 409 2085 467 Car.
2116 411 2241 467 256.
2276 440 2345 455 -—
2383 412 2455 467 De

1887 1786 1934 1853 Β

3500 293 3608 348 258

2502 412 2762 494 quadarn-
2782 411 3146 494 audeamgnio
3202 422 3410 472 vexato.
3446 417 3604 489 Greg.

2336 500 2511 554 papa,
2545 500 2664 555 cap.
2701 484 2787 553 16,
2817 483 2915 539 lib.
2942 500 2977 537 ιι
3011 484 3223 555 Dialog.

2028 571 2109 625 Ex
2140 571 2343 626 eodem
2390 588 2628 643 quoque
2661 575 2916 643 tempore
2964 572 3207 642 quidam
3249 575 3607 646 Aquinensis

1959 659 2225 716 Ecclesiae
2256 660 2505 717 clericus
2535 661 2825 717 daemonio
2857 661 3192 731 vexabatur,
3227 664 3330 734 qui
3374 681 3408 721 a
3432 682 3610 722 vene-

1960 749 2131 805 rabili
2152 752 2273 805 viro
2286 750 2626 806 Constantio
2650 750 2915 821 ejusdem
2933 750 3204 806 Ecclesiae
3228 752 3493 810 antistite
3510 772 3614 827 per

1962 838 2149 893 multa
2167 838 2275 893 fuit
2295 843 2617 911 martyrum
2635 838 2760 893 loca
2778 838 3185 907 transmissus,
3212 846 3275 896 ut
3296 843 3494 898 sanari
3516 860 3612 915 po-

1962 929 2193 983 tuisset.
2229 928 2339 983 Sed
2365 927 2552 983 sancti
2577 927 2679 983 Dei
2712 931 3000 1000 martyres
3037 928 3421 986 nolueruntei
3449 933 3612 987 sani-

1962 1018 2098 1073 tatis
2129 1018 2347 1073 donum
2382 1017 2659 1083 tribuere,
2694 1021 2759 1071 ut
2785 1022 3005 1089 quanta
3035 1026 3187 1073 esset
3216 1017 3274 1073 in
3298 1021 3612 1077 Benedicto

1963 1105 2154 1178 gratia
2176 1107 2665 1161 demonstrarent.
2687 1105 2908 1160 Ductus
2928 1104 3128 1177 itaque
3145 1112 3235 1162 est
3255 1109 3322 1162 ad
3352 1109 3612 1180 omnipo-

1963 1196 2140 1251 tentis
2174 1195 2270 1251 Dei
2304 1194 2592 1250 famulum
2628 1192 3031 1262 Benedictum,
3067 1195 3165 1266 qui
3195 1196 3333 1251 Jesu
3380 1196 3613 1254 Christo

1965 1284 2208 1341 Domino
2224 1300 2423 1355 preces
2441 1284 2613 1352 fudit,
2630 1287 2683 1338 et
2699 1283 3013 1355 antiquum
3035 1282 3261 1339 hostem
3279 1286 3350 1341 de
3372 1286 3614 1342 obsesso

1968 1374 2200 1430 homine
2223 1374 2490 1445 protinus
2508 1371 2831 1444 expulitcui
2848 1375 3051 1427 sanato
3075 1373 3369 1445 praecepit,
3394 1373 3613 1430 dicens.

1967 1462 2135 1532 Vade,
2165 1466 2221 1519 et
2248 1462 2492 1536 posthac
2515 1477 2749 1517 carnem
2783 1476 2854 1517 ne
2884 1461 3178 1530 comedas,
3203 1466 3259 1517 et
3284 1462 3354 1517 ad
3379 1480 3615 1520 sacrum

1966 1553 2231 1609 ordinem
2256 1567 2556 1623 nunquam
2583 1550 2859 1606 accedere
2884 1566 3227 1621 praesumas.
3252 1552 3617 1625 Quacunque

1966 1646 2162 1699 autem
2186 1641 2277 1697 die
2295 1657 2529 1696 sacrum
2554 1639 2820 1696 ordinem
2836 1643 3123 1696 temerare
3146 1643 3615 1715 praesumpseris,

1966 1732 2162 1788 statim
2186 1730 2307 1801 juri
2337 1728 2552 1786 diaboli
2587 1730 2801 1784 iterum
2833 1729 3285 1801 mancipaberis.
3331 1731 3611 1788 Discessit

1965 1822 2162 1892 itaque
2188 1818 2433 1876 clericus
2457 1835 2661 1888 sanus,
2681 1835 2746 1874 ac
2768 1818 2922 1874 sicut
2947 1823 3160 1874 terrere
3183 1818 3331 1875 solet
3350 1821 3609 1877 animum

1966 1927 2137 1984 paena
2178 1925 2399 1978 recens,
2433 1925 2501 1963 ea
2526 1924 2652 1979 quas
2696 1906 2783 1962 vir
2815 1906 2916 1963 Dei
2955 1908 3479 1979 praecepitinterim
3511 1927 3615 1966 cu-

1968 1997 2228 2056 stodivit.
2277 2000 2422 2053 Cum
2471 2011 2608 2068 ergo
2654 1998 2784 2067 post
2832 2012 3018 2051 annos
3069 1995 3358 2067 plurimos
3407 2014 3613 2055 omnes

1968 2089 2190 2162 priores
2231 2085 2392 2141 illius
2425 2085 2493 2140 de
2525 2085 2633 2140 hac
2674 2083 2803 2140 luce
2837 2083 3214 2157 migrassent,
3246 2089 3303 2141 et
3352 2087 3617 2144 minores

1966 2194 2108 2235 suos
2131 2176 2368 2232 sibimet
2387 2173 2778 2246 superponiin
2802 2173 3306 2230 sacrisordinibus
3333 2182 3614 2244 cerneret,

1966 2268 2145 2324 verba
2176 2265 2279 2321 viri
2312 2264 2407 2320 Dei
2429 2263 2599 2336 quasi
2629 2279 2698 2319 ex
2728 2262 2901 2335 longo
2932 2268 3193 2335 tempore
3213 2263 3430 2321 oblitus
3454 2270 3615 2338 post-

1968 2358 2185 2430 posuit,
2214 2360 2391 2427 atque
2440 2354 2510 2408 ad
2544 2368 2780 2408 sacrum
2820 2352 3088 2408 ordinem
3134 2354 3400 2411 accessit.
3431 2356 3611 2421 Quem

1969 2463 2103 2503 mox
2132 2446 2183 2501 is
2214 2445 2314 2518 qui
2344 2441 2579 2515 reliquit
2599 2440 2869 2498 diabolus
2899 2441 3107 2511 tenuit,
3140 2458 3386 2515 eumque
3417 2461 3620 2502 vexare

1970 2550 2280 2608 quousque
2307 2532 2567 2586 animam
2599 2532 2729 2602 ejus
2756 2535 3071 2601 excuteret,
3100 2550 3217 2589 non
3240 2534 3511 2590 cessavit.

1969 2627 2103 2684 CAP.
2135 2624 2260 2704 257_.
2296 2652 2363 2704 :—
2393 2622 2464 2704 pe
2493 2621 2654 2704 rebus
2690 2619 2937 2704 ecclesia;
2963 2634 3089 2704 quae
3123 2624 3338 2704 mortuo
3369 2624 3617 2694 episcOpo

2040 2714 2073 2752 a
2102 2694 2431 2822 preﬁyteris
2459 2692 2691 2748 venditae
2718 2693 2947 2763 fuerint.
2972 2692 3055 2747 Ea:
3100 2692 3407 2765 Ancyrano
3437 2692 3612 2751 conc..

2041 2785 2161 2839 cap.
2270 2808 2283 2822 .

2044 2863 2121 2912 De
2150 2855 2243 2910 his
2266 2870 2393 2926 quas
2420 2852 2715 2926 pertinent
2744 2853 2814 2908 ad
2839 2850 3164 2922 ecclesiam,
3190 2869 3318 2924 quae
3345 2870 3478 2909 cum
3503 2871 3616 2910 non

1973 2948 2205 3002 adesset
2235 2943 2569 3014 episcopus,
2602 2941 2925 3013 presbyteri
2957 2940 3366 3011 vendiderunt,
3401 2941 3619 3014 placuit

1972 3034 2221 3091 rescisso
2252 3034 2554 3087 contractu
2588 3030 2658 3085 ad
2675 3030 2814 3100 jura
2834 3028 3230 3085 ecclesiastica
3256 3032 3532 3088 revocari.
3558 3034 3620 3088 In

1895 3153 1937 3221 ρ
1971 3123 2192 3221 judicio
2225 3124 2422 3221 autem
2444 3118 2556 3175 erit
2575 3118 2859 3219 episcopi,
2883 3119 2933 3174 si
2963 3118 3350 3175 constitutum
3370 3120 3622 3192 pretium

1976 3214 2184 3269 debeat
2203 3210 2403 3282 recipi,
2420 3224 2633 3275 necne,
2659 3208 2799 3280 quia
2820 3224 2971 3280 saepe
2993 3209 3281 3280 contingit
3295 3226 3486 3265 rerum
3508 3211 3624 3266 dis-

1974 3307 2295 3361 tractarum
2331 3301 2551 3357 reditus
2583 3299 2868 3371 ampliore
2898 3315 3135 3355 summa
3164 3316 3344 3372 quam
3376 3304 3613 3373 accepto

1974 3391 2160 3464 pretio
2193 3388 2377 3443 reddi.

1974 3482 2105 3538 CAP.
2140 3479 2265 3534 258.
2296 3509 2361 3559 -.—
2396 3477 2466 3559 _De
2494 3477 2681 3559 coqui
2707 3477 2919 3559 spernit
2947 3478 3183 3559 oblatam
3203 3478 3513 3559 presbyteri
3528 3480 3627 3551 qui

2056 3567 2285 3607 uxorem
2316 3549 2589 3604 habuerit.
2622 3550 2704 3602 Ea:
2734 3549 3038 3616 Gangrensi
3064 3549 3285 3615 conciti,
3318 3565 3440 3621 cap.
3473 3555 3534 3606 4.

2045 3640 2393 3708 Quicunque
2414 3636 2695 3690 discernit
2715 3653 2747 3691 a
2771 3635 3108 3708 presbytero
3131 3636 3231 3708 qui
3257 3654 3495 3694 uxorem
3525 3640 3628 3695 ha-

1972 3727 2189 3794 buerit,
2223 3726 2363 3796 quia
2392 3741 2508 3779 non
2549 3728 2809 3794 oporteat
2839 3740 2905 3778 eo
2936 3724 3309 3781 ministrante
3337 3728 3408 3782 de
3460 3727 3626 3784 obla-

1973 3819 2135 3874 tione
2164 3817 2484 3885 percipere,
2515 3813 2832 3867 anathema
2855 3817 2952 3867 sit.

1975 3911 2108 3962 ΟΑΡ.
2139 3903 2267 3959 259.
2302 3933 2366 3943 -
2399 3901 2548 3970 Quod
2576 3916 2687 3955 non
2730 3902 3129 3972 permittuntur
3160 3903 3513 3960 ecclesiastici
3559 3905 3630 3960 ad

2048 3978 2438 4033 haereticorum
2483 3975 2793 4029 caemeteria
2840 3974 3116 4030 accedere.
3173 3979 3257 4032 Ex
3304 3976 3632 4032 Laodicensi

2046 4047 2306 4111 concilio,
2336 4062 2456 4117 cap.
2496 4046 2550 4099 9.

2047 4137 2210 4202 Quod
2243 4152 2359 4190 non
2390 4133 2805 4205 permittantur
2833 4132 3213 4187 ecclesiastici
3240 4134 3311 4189 ad
3351 4136 3624 4189 cosmeta-

1977 4227 2064 4282 ria
2095 4224 2504 4281 haereticorum
2538 4220 2625 4276 vel
2667 4221 2738 4276 ad
2771 4236 2840 4275 ea
2868 4238 2996 4292 quae
3027 4221 3099 4276 ah
3130 4220 3215 4276 eis
3249 4222 3625 4293 appellantur

1978 4313 2280 4386 martyria,
2313 4309 2594 4366 orationis
2619 4325 2798 4364 causa
2828 4310 2913 4363 vel
2943 4308 3270 4365 sanationis
3302 4310 3576 4367 accedere
3607 4332 3622 4381 ;

1976 4404 2079 4460 sed
2095 4398 2499 4471 hujusmodisi
2515 4397 2716 4452 ﬁdeles
2733 4397 2970 4467 fuerint,
3003 4405 3160 4453 certo
3184 4402 3445 4471 tempore
3468 4416 3627 4455 com-

1902 4525 1944 4591 Β
1979 4491 2259 4547 munione
2274 4486 2507 4560 privari,
2535 4487 2884 4557 paenitentes
2907 4492 3103 4543 autem
3122 4492 3179 4543 et
3201 4488 3543 4545 conﬁtentes
3566 4506 3630 4546 se

1976 4578 2319 4651 deliquisse,
2353 4574 2625 4631 convenit
2655 4575 2894 4647 suscipi.

1977 4669 2112 4725 CAP.
2155 4666 2280 4719 260.
2311 4694 2379 4705 —
2406 4660 2554 4745 Quod
2573 4677 2685 4716 non
2713 4670 2953 4745 pporteat
2981 4662 3056 4717 ab
3085 4664 3363 4745 hgreticis
3387 4664 3631 4737 eulogias

2406 4735 2670 4804 accipere.
2702 4733 2784 4787 Ea
2809 4733 2926 4789 cod.
2949 4750 3070 4805 cap.
3104 4735 3193 4790 32.

2053 4826 2126 4899 (l,
2160 4844 2212 4899 q.
2258 4824 2310 4894 l,
2362 4840 2411 4882 c.
2456 4824 2571 4878 Non
2620 4826 2875 4893 oportet.)
2905 4823 3066 4887 Quod
3119 4840 3237 4879 non
3282 4829 3512 4897 oportet
3560 4825 3630 4881 ab

1980 4914 2271 4973 haereticis
2287 4911 2548 4984 eulogias
2572 4911 2857 4983 accipere,
2878 4928 3005 4983 qua:
3025 4916 3164 4968 sunt
3188 4913 3631 4971 maledictiones

1983 5004 2179 5078 potius
2212 5017 2389 5074 quam
2422 4999 2880 5056 benedictiones.

1984 5091 2265 5173 Car..26l.
2295 5119 2363 5173 ς-
2392 5088 2548 5173 Qupd
2577 5088 2766 5173 nullus
2796 5088 3151 5173 Cbristianus
3166 5091 3249 5173 ad
3266 5092 3631 5173 pseudomar-

2108 5167 2253 5235 tyres
2284 5162 2367 5215 ire
2395 5160 2604 5216 debeat.
2640 5165 2724 5216 Ex
2752 5161 2937 5217 eodem
2966 5163 3227 5234 concilio,
3264 5160 3385 5236 cap.
3417 5165 3507 5220 34.

2055 5251 2216 5316 Quod
2248 5266 2480 5306 omnem
2506 5249 2902 5306 Christianum
2930 5268 3045 5307 non
3066 5257 3331 5323 Oporteat
3360 5254 3630 5309 deserere

1987 5345 2271 5413 martyres
2298 5338 2533 5407 Christi,
2568 5342 2624 5395 et
2670 5340 2752 5395 ire
2784 5340 2855 5395 ad
2890 5341 3426 5415 pseudomartyres,
3456 5341 3512 5395 id
3543 5344 3633 5395 est

1987 5430 2415 5496 haereticorum,
2442 5432 2499 5484 et
2520 5427 2681 5501 ipsos
2712 5445 2859 5500 quos
2882 5435 3114 5487 constat
3135 5430 3438 5486 haereticos
3463 5429 3634 5486 exsti-

1987 5520 2132 5576 tisse
2156 5535 2169 5573 :
2209 5518 2265 5574 hi
2295 5533 2551 5589 namque
2569 5516 2803 5573 alienati
2826 5522 2965 5573 sunt
2996 5535 3029 5574 a
3058 5518 3321 5574 Domino.
3350 5517 3479 5577 Sint
3496 5535 3633 5592 ergo

1992 5608 2329 5678 anathema,
2352 5606 2453 5679 qui
2484 5607 2555 5665 ad
2587 5608 2730 5667 tales
2760 5606 3131 5665 accesserint.
