3978 6060
152 248 270 303 261

1133 254 1447 308 DECRETI
1484 254 1671 307 PARS
1708 254 1806 306 III.
1831 278 1898 291 —-
1927 253 2023 306 DE
2061 253 2427 320 ECCLESIA,
2470 257 2623 310 ETC.

3484 270 3591 325 262

159 370 241 425 ad
281 368 604 426 missarum
636 370 926 427 salemnia
955 370 1327 444 celebranda,
1361 372 1474 429 nisi
1505 372 1700 445 passio
1731 370 1832 429 ali-
1861 382 1917 448 Α
1945 373 2247 430 sacriﬁciis
2278 392 2456 448 super
2486 375 2670 435 altare
2699 385 3055 452 pronuntur,
3096 402 3337 460 corpora
3383 405 3589 450 eorum

154 476 283 531 qua
317 458 717 528 intervenerit,
749 460 913 516 nullo
945 463 1118 517 modo
1150 463 1365 519 audeat
1394 463 1531 519 data
1561 463 1825 519 oratione

155 548 485 615 discedere,
522 553 585 604 ut
607 550 679 605 ab
704 548 814 605 alio
838 566 1112 623 episcopo
1136 557 1238 608 aut
1260 569 1294 607 a
1315 553 1651 625 presbytero
1683 569 1825 625 sup-

154 637 442 710 pleantur
472 638 791 695 missarum
824 639 1242 708 solemnia,sed
1276 642 1378 713 qui
1409 641 1644 697 initium
1668 657 1829 697 sum-

159 728 313 799 psit,
345 727 621 800 suppleat
651 745 840 801 usque
870 730 944 785 ad
976 730 1178 793 finem,
1209 732 1350 803 quia
1380 732 1665 803 scriptum
1696 734 1822 786 est:

159 818 278 885 Qui
329 822 761 888 perseveraverit
812 835 983 891 usque
1010 822 1073 875 in
1096 819 1290 891 ﬁnem,
1338 822 1431 877 hic
1480 821 1666 876 salvus
1720 823 1828 877 erit

160 907 389 976 (Matth.
422 912 501 976 x).
536 907 597 963 Si
628 909 759 979 quis
788 925 923 964 vero
956 912 1399 982 praasumpserit
1430 914 1639 983 praeter
1668 911 1824 982 quod

155 996 481 1069 posuimus
512 1013 704 1069 agere,
739 1015 773 1054 a
801 1015 969 1054 sacro
1001 1016 1240 1072 corpore
1270 1005 1327 1055 et
1377 1001 1664 1072 sanguine
1710 1000 1826 1056 Do-

153 1087 311 1142 mini
344 1087 531 1143 nostri
560 1087 701 1143 Jesu
731 1088 948 1145 Christi
981 1089 1059 1143 sit
1088 1106 1438 1161 suspensus.

153 1196 312 1268 CAP._
324 1194 450 1249 272.
477 1225 543 1235 —
568 1194 632 1252 Ut
661 1194 858 1250 nullus
885 1197 1173 1268 episcopus
1204 1197 1284 1251 vel
1314 1197 1606 1267 presbyter
1636 1196 1706 1250 ad
1736 1212 1823 1251 ce-

236 1266 506 1322 lebranda
530 1268 841 1323 missarum
870 1266 1142 1323 solemnia
1171 1285 1296 1323 cum
1316 1266 1520 1324 baculo
1570 1271 1677 1333 ire,
1726 1275 1826 1322 aut

234 1341 421 1394 velato.
444 1341 632 1412 capite
665 1340 834 1395 altari
860 1342 959 1395 Dei
987 1342 1242 1397 assistere
1270 1348 1591 1412 praesumat.
1616 1342 1698 1395 Ea:
1727 1340 1825 1394 de-

233 1412 407 1466 cretis
434 1411 697 1482 ejusdem,
730 1429 849 1485 cap.
886 1414 970 1467 13.

236 1517 336 1587 (Dc
363 1534 537 1587 cons.,
566 1518 691 1575 dist.
728 1520 782 1589 1,
812 1536 857 1575 c.
891 1519 1135 1593 Nullus.)
1160 1519 1232 1575 Ut
1264 1519 1462 1575 nullus
1493 1519 1825 1591 episcopus,

156 1607 495 1679 presbyter,
530 1612 631 1663 aut
661 1608 945 1665 diaconus
989 1610 1061 1664 ad
1112 1608 1459 1665 celebranda
1507 1608 1825 1663 missarum

162 1694 461 1752 solemnia
492 1703 809 1768 praesumat
839 1715 973 1753 cum
1009 1698 1217 1754 baculo
1249 1699 1624 1766 introire,aut
1642 1696 1826 1753 velato

164 1785 365 1857 capite
396 1785 563 1841 altari
600 1787 699 1842 Dei
747 1787 1042 1857 assistere,
1092 1787 1369 1859 quoniam
1413 1792 1473 1843 et
1517 1785 1833 1858 Apostolus

170 1874 451 1945 prohibet
473 1874 630 1931 viros
654 1874 840 1932 velato
862 1876 1047 1949 capite
1069 1892 1233 1932 orare
1268 1877 1325 1932 in
1357 1875 1602 1933 ecclesia
1632 1878 1677 1947 (I
1705 1877 1828 1933 Cor.

168 1965 278 2037 xx),
314 1968 371 2021 et
400 1965 450 2022 si
480 1970 699 2023 temere
732 1967 1196 2039 praesumpserit,
1229 1967 1786 2024 excommunicetur.

182 2076 325 2147 ΟΑΡ.
376 2072 502 2147 273.
551 2104 621 2147 -τ
668 2073 745 2147 Ne
790 2091 1023 2147 corpora
1051 2080 1365 2130 sanctorum
1385 2077 1829 2147 transferantur,

243 2144 316 2198 de
379 2146 494 2271 lgor
549 2144 620 2201 ad
681 2144 897 2203 locum;
941 2147 1025 2203 Ex
1078 2148 1314 2204 concilio
1370 2164 1388 2202 Ι
1441 2146 1829 2217 Maguntiensi,

243 2232 368 2271 can.
479 2259 493 2271 .

241 2232 368 2287 cap.
403 2232 493 2273 Ol.

248 2304 534 2377 Deinceps
583 2322 715 2361 vero
747 2323 991 2378 corpora
1020 2312 1357 2364 sanctorum
1390 2308 1459 2363 de
1490 2307 1615 2363 loco
1644 2308 1717 2363 ad
1748 2307 1831 2362 lo-

172 2409 315 2448 cum
340 2394 538 2451 nullus
560 2397 845 2451 tranferre
870 2403 1211 2468 praesumat,
1244 2398 1371 2453 sine
1392 2397 1635 2453 concilio
1669 2396 1831 2468 prin-

171 2483 326 2554 cipis
356 2483 442 2539 vel
475 2485 884 2557 episcoporum
919 2492 1254 2559 sanctisque
1287 2488 1493 2560 synodi
1526 2486 1781 2543 licentia.

171 2589 315 2647 ΟΑΡ.
347 2592 474 2647 274.
508 2622 577 2633 -
608 2593 757 2668 Quos”
774 2597 1016 2668 mortuos
1040 2596 1098 2649 in
1124 2596 1355 2651 ecclesia
1384 2596 1617 2668 sepelire
1646 2596 1829 2653 liceat.

720 2667 801 2721 Ea:
826 2665 1037 2732 eodem,
1064 2684 1185 2738 cap.
1215 2668 1306 2722 52.

251 2751 468 2807 Nullus
503 2757 768 2808 mortuus
800 2755 954 2810 infra
983 2756 1291 2811 ecclesiam
1325 2755 1665 2828 sepeliatur,
1720 2754 1835 2811 nisi

178 2841 443 2913 episcopi
478 2847 578 2897 aut
608 2844 848 2899 abbates
880 2848 983 2899 aut
1013 2843 1173 2918 digni
1205 2845 1547 2918 presbyteri,
1578 2845 1667 2901 vel
1698 2846 1835 2901 ﬁde-

179 2929 266 2985 les
302 2929 456 2987 laici.

177 3036 318 3093 CAP.
352 3038 476 3110 275.
528 3068 598 3078 —
645 3038 794 3107 Quod
840 3055 1023 3096 omnes
1067 3040 1259 3110 ﬁdeles
1305 3042 1365 3096 in
1411 3041 1635 3096 ecclesia
1683 3037 1835 3094 nihil

250 3108 665 3235 agere3¢§ebeunt
694 3112 810 3166 nisi
838 3108 1117 3168 orare.Ex
1146 3129 1210 3168 ιιι
1245 3113 1549 3169 Turonensi
1576 3112 1809 3168 concilio

252 3196 377 3235 can.
487 3224 499 3235 .

252 3196 377 3250 cap.
412 3196 499 3237 se.

252 3270 597 3325 Sacerdotes
629 3271 845 3327 debent
874 3271 1074 3328 ﬁdeles
1106 3273 1440 3343 admonere,
1490 3276 1554 3329 ut
1603 3275 1837 3345 quando

182 3360 256 3414 ad
290 3358 601 3415 ecclesiam
631 3362 1003 3433 conveniunt,
1039 3362 1162 3417 sine
1194 3361 1442 3435 strepitu
1476 3379 1541 3417 ac
1580 3362 1838 3420 tumultu

181 3465 313 3503 eam
345 3450 783 3519 ingrediantur:
819 3450 879 3505 in
903 3468 1020 3523 qua
1051 3452 1228 3507 etiam
1264 3451 1523 3522 quandiu
1558 3450 1840 3506 orationis

184 3556 366 3594 causa
390 3545 1093 3613 morantur,nequaquam
1122 3542 1272 3597 inter
1294 3558 1356 3597 se
1390 3542 1685 3614 proferant
1715 3541 1840 3595 ina-

187 3645 292 3683 nes
315 3628 839 3698 confabulationes,
861 3632 960 3685 sed
987 3636 1247 3702 tempore
1272 3648 1384 3703 quo
1411 3631 1725 3686 missarum
1750 3647 1842 3685 so-

186 3717 410 3773 lemnia
433 3720 945 3779 celebrantur.non
980 3720 1172 3775 solum
1205 3721 1275 3775 ab
1309 3720 1514 3776 otiosis
1538 3726 1594 3775 et
1619 3718 1844 3775 inutili-

187 3808 300 3863 bus
334 3807 544 3877 verbis,
578 3825 777 3863 verum
811 3809 985 3864 etiam
1018 3814 1072 3864 et
1101 3827 1134 3865 a
1166 3809 1511 3882 perniciosis
1547 3808 1847 3882 cogitatio-

190 3898 367 3952 nibus
402 3897 667 3953 funditus
698 3898 1116 3954 abstinendum
1149 3904 1256 3955 est.

184 4008 325 4061 CAP.
356 4004 484 4059 276.
521 4004 671 4073 Quod
697 4004 897 4060 divina
928 4004 1228 4061 clementia
1257 4007 1388 4076 ﬁxis
1412 4006 1473 4061 in
1519 4015 1669 4061 terra
1696 4006 1845 4076 geni-

260 4077 359 4130 bus
388 4076 677 4149 exoranda
704 4076 795 4139 sit,
828 4078 945 4132 nisi
974 4078 1035 4133 in
1067 4079 1368 4149 majoribus
1387 4078 1843 4135 solemnitatibus.

260 4151 345 4203 Ba:
371 4146 555 4202 eodem
582 4164 707 4219 cap.
741 4149 828 4203 37.

259 4235 577 4292 Sciendum
609 4238 884 4309 estquod
917 4238 1168 4311 exceptis
1200 4239 1411 4295 diebus
1440 4238 1850 4306 Dominicis,et

190 4323 310 4380 illis
342 4324 841 4396 solemnitatibus,
876 4328 1093 4399 quibus
1144 4333 1349 4383 sancta
1395 4332 1450 4384 et
1501 4326 1849 4383 universalis

190 4412 439 4468 ecclesia
465 4415 537 4469 ob
561 4416 1028 4473 recordationem
1052 4417 1367 4472 Dominicaa
1383 4417 1849 4473 Resurrectionis

190 4502 338 4558 solet
361 4504 572 4559 stando
597 4521 782 4573 orare,
818 4506 947 4562 ﬁxis
970 4506 1029 4561 in
1058 4511 1213 4561 terra
1235 4508 1484 4577 genibus
1508 4506 1854 4579 suppliciter
1880 4515 1925 4580 Ι)

193 4591 568 4648 clementiam
603 4594 771 4649 nobis
794 4596 1156 4666 profuturam
1183 4600 1635 4669 nostrorumque
1656 4595 1848 4651 crimi-

196 4697 337 4735 num
372 4680 803 4753 indulgentiam
838 4685 1273 4754 deposcendum
1306 4688 1412 4739 est.
1448 4684 1631 4755 Cujus
1662 4685 1742 4741 rei
1788 4686 1847 4741 in

192 4769 502 4840 Evangelio
555 4772 681 4842 ipse
738 4774 1016 4828 Dominus
1075 4773 1244 4829 nobis
1302 4774 1464 4829 dedit
1516 4775 1847 4846 exemplum

192 4858 401 4929 (Matth.
435 4861 611 4932 xxvr).
647 4862 759 4917 Sed
788 4861 1149 4933 Stephanum
1185 4867 1501 4935 martyrem
1532 4865 1671 4932 (Act.
1723 4865 1844 4935 vn),

194 4951 252 5003 et
280 4948 617 5019 apostolum
648 4949 896 5006 Paulum
927 4952 1129 5007 eadem
1164 4952 1392 5021 fecisse,
1425 4951 1572 5007 liber
1604 4956 1848 5009 Actuum

192 5036 588 5107 apostolorum
624 5040 793 5095 testis
824 5045 915 5096 est
947 5042 1081 5109 (Act.
1114 5042 1319 5108 xx).Ex
1351 5041 1569 5113 quibus
1601 5040 1849 5114 intelligi

194 5125 389 5189 datur,
422 5133 692 5198 oportere
724 5128 1127 5186 Christianum
1159 5129 1464 5186 humiliter
1512 5131 1581 5185 ad
1635 5135 1847 5186 terram

196 5216 512 5286 prosterni,
547 5233 617 5271 ne
646 5218 795 5274 forte
825 5218 910 5274 illi
943 5219 1174 5275 dicatur
1204 5237 1217 5275 :
1254 5220 1393 5289 Quid
1423 5222 1852 5292 superbis,terra

196 5306 248 5358 et
270 5304 417 5360 cinis
447 5304 648 5375 (Eccle.
684 5307 761 5377 χ).

205 5410 336 5467 Car.
366 5410 494 5467 277.
524 5443 597 5453 -
627 5413 780 5481 Quod
808 5430 919 5470 non
951 5416 1116 5471 liceat
1149 5419 1378 5473 mortuis
1407 5419 1651 5476 osculum
1697 5418 1849 5476 dare.

606 5488 692 5541 Ba:
720 5502 870 5543 conc.
900 5488 1216 5559 Agathensi,
1249 5506 1368 5562 cap.
1395 5491 1449 5546 2.

274 5594 403 5646 Non
431 5589 605 5649 liceat
634 5596 881 5652 mortuis
912 5596 1180 5652 osculum
1204 5598 1475 5665 dare,nec
1499 5597 1692 5670 palliis
1724 5615 1853 5671 quae

1935 462 2252 533 involvere,
2282 464 2369 521 vel
2403 483 2582 538 super
2610 468 2891 528 feretrum
2925 490 3161 545 ponere.

1935 570 2070 627 CAP.
2101 570 2227 625 278.
2260 600 2329 613 —
2363 573 2677 648 Ubi/Meles
2723 580 2951 648 sepeliri
2996 582 3249 641 debeant.
3299 588 3381 642 Ea:
3427 604 3583 646 conc.

2436 646 2797 716 Triburiensi',
2828 666 2951 723 cap.
2988 654 3075 709 15.

2006 732 2206 787 Restat
2230 737 2466 804 propter
2494 735 2968 811 instantemque:
3002 759 3157 799 nunc
3190 748 3449 805 maxima
3496 767 3587 805 oc-

1934 821 2135 888 currit,
2171 822 2603 891 necessitatem,
2637 827 2975 901 ubicunque
3010 832 3258 891 facultas
3286 853 3482 894 rerum
3532 846 3590 895 et

1934 912 2342 982 opportunitas
2373 916 2707 984 temporum
2741 924 3037 990 suppetat,
3069 925 3433 994 sepulturam
3468 946 3589 985 mo-

1934 999 2212 1056 rientium
2244 1002 2398 1072 apud
2431 1002 2739 1061 ecclesiam
2772 1007 2871 1062 ubi
2903 1010 3161 1082 episcopi
3193 1015 3362 1071 sedes
3386 1023 3590 1088 est,ce-

1932 1089 2167 1146 lebrari.
2200 1091 2258 1145 Si
2291 1096 2486 1147 autem
2528 1099 2766 1166 propter
2811 1096 3038 1154 itineris
3087 1100 3584 1175 longinquitatem

1934 1184 2036 1234 aut
2065 1180 2428 1250 adjacentem
2460 1181 2712 1256 alicujus
2733 1185 3256 1259 inopportunitatis
3276 1193 3586 1250 difﬁculta-

1934 1272 2051 1324 tem
2084 1268 2449 1341 impossibile
2479 1273 3067 1348 videatur,exspectet
3096 1295 3229 1335 eum
3268 1288 3473 1338 terram
3504 1302 3589 1340 se-

1937 1358 2184 1428 pulturae
2216 1376 2357 1428 suis,
2392 1376 2507 1432 quo
2547 1364 2962 1421 canonicorum
3012 1373 3114 1423 aut
3163 1372 3584 1429 monachorum

1934 1445 2057 1502 sive
2078 1448 2615 1506 sanctimonialium
2639 1455 3012 1525 congregatio
3036 1466 3237 1514 sancta
3254 1476 3379 1516 com
3391 1462 3587 1517 muni-

1933 1540 2021 1591 ter
2038 1536 2230 1608 degat,
2267 1542 2544 1594 uteorum
2564 1542 3130 1616 orationibusjudici
3152 1564 3258 1604 suo
3286 1566 3587 1608 commen-

1936 1626 2109 1682 datus
2140 1634 2428 1695 occurrat,
2460 1634 2516 1685 et
2546 1630 2953 1689 remissionem
2988 1635 3357 1707 delictorum,
3407 1657 3587 1712 quam

1863 1757 1909 1822 Β
1940 1715 2167 1772 meritis
2198 1733 2315 1772 non
2347 1718 2591 1790 obtinet,
2626 1719 2861 1777 illorum
2894 1724 3417 1786 intercessionibus
3458 1748 3588 1803 per-

1942 1804 2138 1876 cipiat.
2163 1806 2327 1870 Quod
2348 1806 2395 1862 si
2416 1812 2475 1862 et
2496 1807 2605 1864 hoc
2625 1808 2893 1882 ineptum
2919 1817 2976 1869 et
2997 1815 3234 1872 difﬁcile
3265 1819 3591 1876 aestimetur

1942 1894 2042 1948 ubi
2069 1895 2357 1951 decimam
2380 1897 2745 1969 persolvebat
2764 1900 3274 1976 vivus,sepeliatur
3295 1914 3586 1967 mortuus.

1940 2001 2076 2057 CAP.
2108 2004 2232 2083 279.
2266 2034 2332 2083 τ-
2365 2006 2431 2061 Ut
2475 2006 2776 2083 sacerdotes
2819 2010 2892 2064 ad
2941 2016 3158 2083 tempus
3205 2017 3446 2073 orationi
3490 2034 3590 2073 va-

2009 2078 2149 2141 cent,
2181 2078 2476 2147 antequam
2504 2080 2830 2150 sacriﬁcent.
2864 2084 2958 2137 Ea:
3003 2078 3234 2141 decretis
3284 2089 3592 2145 Innocentii

2004 2162 2191 2218 papae,
2222 2164 2342 2219 cap.
2373 2150 2463 2205 36.

2015 2255 2228 2311 Paulus
2259 2257 2330 2312 ad
2361 2257 2694 2315 Corinthios
2743 2261 2950 2318 scribit
2996 2265 3199 2323 dicens
3250 2284 3263 2322 :
3314 2270 3591 2326 Abstinete

1940 2360 2030 2399 vos
2060 2346 2128 2400 ad
2158 2350 2386 2418 tempus,
2422 2352 2479 2403 ut
2507 2352 2707 2404 vacetis
2738 2354 2986 2407 orationi
3013 2354 3062 2425 (Ι
3108 2356 3228 2412 Cor.
3275 2358 3371 2431 γι).
3424 2360 3491 2415 Et
3538 2361 3589 2416 si

1942 2432 2050 2489 hoc
2082 2433 2247 2492 laicis
2279 2436 2560 2508 praecipit,
2594 2438 2777 2494 multo
2810 2442 2999 2512 magis
3050 2446 3404 2515 sacerdotes,
3457 2450 3589 2518 qui-

1943 2524 2053 2580 bus
2080 2528 2137 2580 et
2167 2525 2371 2580 orandi
2402 2531 2459 2581 et
2490 2527 2859 2584 sacriﬁcandi
2886 2532 3030 2604 juge
3078 2534 3430 2593 sacriﬁcium
3477 2544 3589 2609 est,

1943 2630 2174 2685 semper
2205 2614 2421 2670 debent
2450 2616 2521 2671 ab
2553 2616 2897 2687 hujusmodi
2928 2623 3222 2678 consortio
3270 2625 3587 2683 abstinere.

1943 2702 2051 2766 Qui
2110 2702 2547 2760 contaminatus
2597 2705 2771 2761 fuerit
2817 2708 3038 2765 carnali
3087 2714 3585 2785 concupiscentia,

1943 2808 2059 2863 quo
2088 2792 2330 2864 pudore,
2356 2793 2447 2850 vel
2478 2795 2807 2852 sacriﬁcare
2838 2797 3082 2854 forsitan
3117 2802 3445 2874 usurpabit,
3473 2803 3590 2877 [aut

1944 2898 2061 2953 qua
2089 2882 2470 2954 conscientia,
2501 2900 2686 2955 quove
2716 2886 2926 2944 merito
2957 2890 3219 2945 exaudiri
3268 2908 3329 2948 se
3379 2894 3585 2961 credit,

1943 2988 2075 3027 cum
2107 2971 2331 3028 dictum
2360 2973 2439 3029 sit
2471 2990 2484 3029 :
2515 2974 2713 3032 Omnia
2743 2978 2952 3033 munda
2981 2979 3225 3052 mundis,
3256 2984 3585 3056 coinquina-

1942 3062 2017 3116 tis
2042 3066 2231 3117 autem
2260 3070 2310 3119 et
2332 3063 2650 3135 inﬁdelibus
2676 3066 2825 3123 nihil
2853 3068 3120 3126 mundum
3150 3072 3271 3143 (Tit.
3304 3073 3370 3144 ι).

1814 3155 1830 3183 ³
1866 3138 1909 3206 C
1946 3172 2078 3223 CAP.
2110 3170 2237 3226 280.
2268 3200 2339 3213 —
2366 3172 2440 3228 De
2481 3174 2721 3231 ecclesiis
2766 3177 3177 3234 monachorum.
3228 3180 3311 3235 Ea:
3358 3180 3595 3236 concilio

2017 3243 2379 3322 Con/luenti}?
2407 3246 2613 3322 habito,
2645 3249 2740 3303 cui
2766 3250 3021 3322 interfuit
3050 3252 3313 3307 Henricus
3341 3254 3391 3307 et
3422 3252 3596 3310 Caro-

2019 3315 2102 3367 lus
2133 3329 2303 3382 reges.
2334 3332 2458 3386 cap.
2488 3319 2543 3372 6.

2020 3401 2256 3474 Hocque
2280 3408 2569 3463 statutum
2593 3412 3004 3482 est,quatenus
3027 3410 3283 3468 ecclesiis
3314 3428 3600 3484 quorum-

1950 3505 2182 3563 cunque
2205 3495 2717 3568 monachorum,in
2751 3499 3001 3572 singulis
3034 3501 3328 3574 parochiis
3359 3518 3602 3560 suorum

1951 3580 2381 3652 episcoporum,
2430 3590 2491 3640 ut
2534 3587 2699 3642 decet
2738 3588 3018 3645 divinitus
3068 3592 3400 3647 subdantur
3450 3593 3601 3665 regi-

1953 3669 2121 3737 mini,
2164 3671 2367 3743 eisque
2430 3674 2625 3731 debita
2673 3678 2959 3749 obsequia
3012 3680 3071 3735 in
3121 3682 3459 3738 exercendis
3509 3699 3604 3737 ec-

1954 3758 2295 3815 clesiasticze
2325 3776 2477 3817 cura:
2511 3765 2755 3835 negotiis
2806 3767 3055 3824 sollicite
3105 3769 3444 3841 exhibeant,
3491 3771 3603 3843 ipsi

1954 3848 2156 3920 procul
2189 3849 2368 3906 dubio
2402 3853 2671 3909 monachi
2704 3855 2997 3929 episcopis
3042 3857 3167 3915 suis
3216 3860 3277 3915 in
3329 3860 3605 3917 omnibus

1956 3935 2255 3995 obediant.

1955 4026 2088 4082 CAP.
2121 4027 2246 4084 281.
2282 4060 2348 4071 -
2386 4031 2652 4108 Deglaicis
2671 4036 2769 4107 qui
2798 4039 3053 4108 proprias
3081 4039 3340 4095 ecclesias
3388 4038 3607 4095 habent.

2441 4106 2525 4159 Ea:
2552 4105 2690 4160 eod.‘
2703 4105 2877 4173 conc,
2896 4105 3029 4178 'cap.
3060 4111 3114 4163 5.

2026 4186 2082 4241 Si
2118 4186 2251 4244 laici
2283 4190 2538 4262 capellas
2571 4194 2837 4265 proprias
2868 4195 3204 4263 habuerint,
3238 4215 3271 4253 a
3301 4197 3525 4254 ratione
3555 4202 3613 4255 et

1958 4277 2302 4334 auctoritate
2332 4279 2591 4336 alienum
2624 4282 2991 4354 habeatur,et
3020 4285 3134 4358 ipsi
3165 4286 3425 4343 decimas
3455 4288 3608 4343 acci-

1958 4365 2142 4437 piant,
2176 4370 2233 4422 et
2258 4366 2395 4423 inde
2424 4385 2599 4425 canes
2631 4375 2733 4425 aut
2761 4372 3081 4444 genitarias
3132 4392 3271 4431 suas
3322 4382 3599 4448 pascant;

1959 4454 2061 4510 sed
2092 4455 2287 4526 potius
2319 4458 2641 4531 presbyteri
2673 4461 3053 4519 ecclesiarum
3088 4480 3186 4520 eas
3219 4464 3531 4536 accipiant,
3555 4470 3615 4521 et

1957 4543 2093 4599 inde
2124 4546 2611 4603 restaurationem
2646 4550 2980 4621 exhibeant,
3008 4556 3064 4608 et
3107 4570 3210 4624 pro
3265 4558 3472 4610 sancta
3520 4569 3615 4610 ec-

1957 4631 2137 4688 clesia
2159 4649 2224 4688 ac
2249 4650 2351 4706 pro
2375 4639 2534 4692 statu
2556 4638 2720 4709 regni
2742 4639 2844 4695 Dei
2866 4639 3331 4698 misericordiam
3353 4643 3618 4701 studiose

1957 4722 2295 4795 implorent.

1958 4832 2091 4911 ΟΜΖ.
2118 4832 2250 4911 .282.
2283 4834 2456 4911 ——_De
2472 4834 2728 4911 pessulis
2756 4836 2953 4907 quibus
2980 4853 3141 4895 sacea
3169 4841 3436 4911 mysteria
3484 4857 3612 4896 con-

2029 4901 2330 4983 ﬁciuntur.
2354 4905 2438 4960 Ea:
2461 4901 2810 4983 ⁵Τφςὶὺιινίαςηὲί
2838 4926 2990 4966 conc.
3021 4928 3141 4983 cap.
3177 4901 3264 4981 18",
3296 4914 3395 4969 cui
3442 4914 3612 4969 inter-

2028 4975 2136 5043 fuit
2166 4992 2267 5030 rea:
2295 4976 2631 5048 Arnulphus.

2031 5064 2127 5135 (De
2154 5079 2325 5132 cons.,
2358 5066 2486 5122 dist.
2526 5071 2573 5136 1,
2604 5085 2651 5125 c.
2689 5069 2826 5125 Vasa
2855 5071 2916 5126 in
2948 5072 3193 5145 quibus.)
3213 5073 3366 5130 Vasa
3395 5073 3615 5146 quibus

1960 5158 2337 5208 sacrosancta
2357 5157 2749 5214 conﬁciuntur
2770 5161 3043 5233 mysteria
3071 5162 3281 5219 calices
3294 5169 3434 5219 sunt
3447 5167 3505 5219 et
3518 5180 3618 5236 pa-

1961 5244 2128 5297 tente.
2152 5242 2232 5297 De
2258 5244 2475 5315 quibus
2496 5247 2834 5305 Bonifacius
2862 5255 3088 5324 martyr
3111 5256 3168 5308 et
3186 5253 3498 5325 episcopus
3532 5252 3616 5306 in-

1962 5333 2364 5404 terrogatus,si
2398 5334 2600 5392 liceret
2630 5338 2688 5393 in
2721 5339 2976 5396 vasculis
3007 5340 3217 5413 ligneis
3246 5344 3616 5399 sacramenta

1962 5421 2269 5493 conﬁcere,
2294 5425 2632 5497 respondit:
2657 5427 2962 5492 Quondam
2995 5432 3330 5487 sacerdotes
3362 5427 3521 5484 aurei
3554 5428 3618 5485 li.

1962 5512 2128 5584 gneis
2146 5511 2427 5570 calicibus
2450 5516 2949 5589 utebantur,nunc
2970 5537 2999 5575 e
3021 5519 3310 5575 contrario
3332 5517 3509 5591 lignei
3524 5536 3613 5578 sa-

1962 5601 2226 5659 cerdotes
2241 5605 2433 5662 aureis
2449 5611 2698 5664 utuntur
2711 5608 3011 5665 calicibus.
3032 5608 3391 5682 Zepherinus
3412 5615 3612 5668 sextus
