  <div class='ocr_page' id='page_1' title='image "/cluster/home/n/w/nwhite01/storage/ocr_20150623/161/hvd.32044054760194/177.png"; bbox 0 0 3970 6058; ppageno 0'>
   <div class='ocr_carea' id='block_1_1' title="bbox 366 229 476 284">
    <p class='ocr_par' dir='ltr' id='par_1_1' title="bbox 366 229 476 284">
     <span class='ocr_line' id='line_1_1' title="bbox 366 229 476 284; baseline 0 -1"><span class='ocrx_word' id='word_1_1' title='bbox 366 229 476 284; x_wconf 86' lang='grc'><strong>263</strong></span> 
     </span>
    </p>
   </div>
   <div class='ocr_carea' id='block_1_2' title="bbox 1458 212 2696 276">
    <p class='ocr_par' dir='ltr' id='par_1_2' title="bbox 1458 212 2696 276">
     <span class='ocr_line' id='line_1_2' title="bbox 1458 212 2696 276; baseline -0.006 0"><span class='ocrx_word' id='word_1_2' title='bbox 1458 225 1527 276; x_wconf 91' lang='lat' dir='ltr'><strong>D.</strong></span> <span class='ocrx_word' id='word_1_3' title='bbox 1566 220 1812 274; x_wconf 82' lang='lat' dir='ltr'><strong>IVONIS</strong></span> <span class='ocrx_word' id='word_1_4' title='bbox 1847 214 2341 272; x_wconf 78' lang='lat' dir='ltr'><strong>CARNOTENSIS</strong></span> <span class='ocrx_word' id='word_1_5' title='bbox 2377 212 2696 270; x_wconf 78' lang='lat' dir='ltr'><strong>EPISOOPI</strong></span> 
     </span>
    </p>
   </div>
   <div class='ocr_carea' id='block_1_3' title="bbox 3683 218 3804 273">
    <p class='ocr_par' dir='ltr' id='par_1_3' title="bbox 3683 218 3804 273">
     <span class='ocr_line' id='line_1_3' title="bbox 3683 218 3804 273; baseline 0 0"><span class='ocrx_word' id='word_1_6' title='bbox 3683 218 3804 273; x_wconf 79' lang='grc'><strong>264</strong></span> 
     </span>
    </p>
   </div>
   <div class='ocr_carea' id='block_1_4' title="bbox 368 334 3806 421">
    <p class='ocr_par' dir='ltr' id='par_1_4' title="bbox 368 334 3806 421">
     <span class='ocr_line' id='line_1_4' title="bbox 368 334 3806 421; baseline -0.003 -12"><span class='ocrx_word' id='word_1_7' title='bbox 368 351 636 409; x_wconf 90' lang='lat' dir='ltr'><strong>decimus</strong></span> <span class='ocrx_word' id='word_1_8' title='bbox 668 349 969 406; x_wconf 79' lang='lat' dir='ltr'><strong>Romanus</strong></span> <span class='ocrx_word' id='word_1_9' title='bbox 1001 345 1312 419; x_wconf 81' lang='lat' dir='ltr'><strong>episcopus</strong></span> <span class='ocrx_word' id='word_1_10' title='bbox 1335 343 1561 417; x_wconf 90' lang='lat' dir='ltr'><strong>patenis</strong></span> <span class='ocrx_word' id='word_1_11' title='bbox 1582 341 1784 398; x_wconf 79' lang='lat' dir='ltr'><strong>vitreis</strong></span> <span class='ocrx_word' id='word_1_12' title='bbox 1805 339 2021 397; x_wconf 89' lang='lat' dir='ltr'><strong>missas</strong></span> <span class='ocrx_word' id='word_1_13' title='bbox 2051 340 2102 408; x_wconf 75' lang='grc' dir='ltr'><strong>Α</strong></span> <span class='ocrx_word' id='word_1_14' title='bbox 2133 340 2222 393; x_wconf 89' lang='lat' dir='ltr'><strong>ter</strong></span> <span class='ocrx_word' id='word_1_15' title='bbox 2250 336 2492 394; x_wconf 83' lang='lat' dir='ltr'><strong>clericos</strong></span> <span class='ocrx_word' id='word_1_16' title='bbox 2523 334 2812 409; x_wconf 80' lang='lat' dir='ltr'><strong>incipiant</strong></span> <span class='ocrx_word' id='word_1_17' title='bbox 2835 337 3242 409; x_wconf 84' lang='lat' dir='ltr'><strong>frequentare;</strong></span> <span class='ocrx_word' id='word_1_18' title='bbox 3276 338 3414 421; x_wconf 82' lang='lat' dir='ltr'><strong>quia</strong></span> <span class='ocrx_word' id='word_1_19' title='bbox 3437 338 3614 410; x_wconf 85' lang='lat' dir='ltr'><strong>juxta</strong></span> <span class='ocrx_word' id='word_1_20' title='bbox 3640 341 3806 413; x_wconf 82' lang='lat' dir='ltr'><strong>Apo-</strong></span> 
     </span>
    </p>
   </div>
   <div class='ocr_carea' id='block_1_5' title="bbox 368 431 2022 499">
    <p class='ocr_par' dir='ltr' id='par_1_5' title="bbox 368 431 2022 499">
     <span class='ocr_line' id='line_1_5' title="bbox 368 431 2022 499; baseline -0.01 0"><span class='ocrx_word' id='word_1_21' title='bbox 368 440 652 499; x_wconf 89' lang='lat' dir='ltr'><strong>celebrari</strong></span> <span class='ocrx_word' id='word_1_22' title='bbox 683 437 1011 496; x_wconf 77' lang='lat' dir='ltr'><strong>constituit.</strong></span> <span class='ocrx_word' id='word_1_23' title='bbox 1045 440 1206 491; x_wconf 91' lang='lat' dir='ltr'><strong>Tunc</strong></span> <span class='ocrx_word' id='word_1_24' title='bbox 1237 433 1446 489; x_wconf 91' lang='lat' dir='ltr'><strong>deinde</strong></span> <span class='ocrx_word' id='word_1_25' title='bbox 1474 431 1744 487; x_wconf 82' lang='lat' dir='ltr'><strong>Urbanus</strong></span> <span class='ocrx_word' id='word_1_26' title='bbox 1783 437 2022 487; x_wconf 88' lang='lat' dir='ltr'><strong>octavus</strong></span> 
     </span>
    </p>
   </div>
   <div class='ocr_carea' id='block_1_6' title="bbox 367 521 2012 602">
    <p class='ocr_par' dir='ltr' id='par_1_6' title="bbox 367 521 2012 602">
     <span class='ocr_line' id='line_1_6' title="bbox 367 521 2012 602; baseline -0.007 -16"><span class='ocrx_word' id='word_1_27' title='bbox 367 532 632 588; x_wconf 87' lang='lat' dir='ltr'><strong>decimus</strong></span> <span class='ocrx_word' id='word_1_28' title='bbox 653 545 804 602; x_wconf 87' lang='lat' dir='ltr'><strong>papa</strong></span> <span class='ocrx_word' id='word_1_29' title='bbox 823 526 1022 584; x_wconf 91' lang='lat' dir='ltr'><strong>omnia</strong></span> <span class='ocrx_word' id='word_1_30' title='bbox 1046 523 1372 580; x_wconf 88' lang='lat' dir='ltr'><strong>ministeria</strong></span> <span class='ocrx_word' id='word_1_31' title='bbox 1389 538 1556 578; x_wconf 88' lang='lat' dir='ltr'><strong>sacra</strong></span> <span class='ocrx_word' id='word_1_32' title='bbox 1568 521 1702 577; x_wconf 84' lang='lat' dir='ltr'><strong>fecit</strong></span> <span class='ocrx_word' id='word_1_33' title='bbox 1718 524 2012 592; x_wconf 88' lang='lat' dir='ltr'><strong>argentea.</strong></span> 
     </span>
    </p>
   </div>
   <div class='ocr_carea' id='block_1_7' title="bbox 367 609 2022 684">
    <p class='ocr_par' dir='ltr' id='par_1_7' title="bbox 367 609 2022 684">
     <span class='ocr_line' id='line_1_7' title="bbox 367 609 2022 684; baseline -0.009 -7"><span class='ocrx_word' id='word_1_34' title='bbox 367 624 428 677; x_wconf 84' lang='lat' dir='ltr'><strong>In</strong></span> <span class='ocrx_word' id='word_1_35' title='bbox 463 621 572 676; x_wconf 90' lang='lat' dir='ltr'><strong>hoc</strong></span> <span class='ocrx_word' id='word_1_36' title='bbox 604 619 786 684; x_wconf 87' lang='lat' dir='ltr'><strong>enim,</strong></span> <span class='ocrx_word' id='word_1_37' title='bbox 819 616 972 673; x_wconf 81' lang='lat' dir='ltr'><strong>sicut</strong></span> <span class='ocrx_word' id='word_1_38' title='bbox 1001 616 1058 669; x_wconf 91' lang='lat' dir='ltr'><strong>in</strong></span> <span class='ocrx_word' id='word_1_39' title='bbox 1100 611 1345 683; x_wconf 82' lang='lat' dir='ltr'><strong>reliquis</strong></span> <span class='ocrx_word' id='word_1_40' title='bbox 1392 609 1672 678; x_wconf 76' lang='lat' dir='ltr'><strong>cultibus,</strong></span> <span class='ocrx_word' id='word_1_41' title='bbox 1717 609 1906 681; x_wconf 89' lang='lat' dir='ltr'><strong>magis</strong></span> <span class='ocrx_word' id='word_1_42' title='bbox 1956 623 2022 662; x_wconf 91' lang='lat' dir='ltr'><strong>ac</strong></span> 
     </span>
    </p>
   </div>
   <div class='ocr_carea' id='block_1_8' title="bbox 368 696 2026 782">
    <p class='ocr_par' dir='ltr' id='par_1_8' title="bbox 368 696 2026 782">
     <span class='ocr_line' id='line_1_8' title="bbox 368 696 2026 782; baseline -0.01 -15"><span class='ocrx_word' id='word_1_43' title='bbox 368 712 560 782; x_wconf 84' lang='lat' dir='ltr'><strong>magis</strong></span> <span class='ocrx_word' id='word_1_44' title='bbox 583 725 686 780; x_wconf 90' lang='lat' dir='ltr'><strong>per</strong></span> <span class='ocrx_word' id='word_1_45' title='bbox 708 708 1140 762; x_wconf 82' lang='lat' dir='ltr'><strong>incrementum</strong></span> <span class='ocrx_word' id='word_1_46' title='bbox 1167 707 1504 771; x_wconf 83' lang='lat' dir='ltr'><strong>temporum</strong></span> <span class='ocrx_word' id='word_1_47' title='bbox 1532 701 1712 756; x_wconf 85' lang='lat' dir='ltr'><strong>decus</strong></span> <span class='ocrx_word' id='word_1_48' title='bbox 1740 696 2026 755; x_wconf 88' lang='lat' dir='ltr'><strong>succrevit</strong></span> 
     </span>
    </p>
   </div>
   <div class='ocr_carea' id='block_1_9' title="bbox 369 788 2021 861">
    <p class='ocr_par' dir='ltr' id='par_1_9' title="bbox 369 788 2021 861">
     <span class='ocr_line' id='line_1_9' title="bbox 369 788 2021 861; baseline -0.009 -5"><span class='ocrx_word' id='word_1_49' title='bbox 369 799 770 856; x_wconf 90' lang='lat' dir='ltr'><strong>ecclesiarum.</strong></span> <span class='ocrx_word' id='word_1_50' title='bbox 796 793 1024 851; x_wconf 86' lang='lat' dir='ltr'><strong>Nostris</strong></span> <span class='ocrx_word' id='word_1_51' title='bbox 1048 790 1206 846; x_wconf 89' lang='lat' dir='ltr'><strong>enim</strong></span> <span class='ocrx_word' id='word_1_52' title='bbox 1232 789 1596 861; x_wconf 79' lang='lat' dir='ltr'><strong>temporibus</strong></span> <span class='ocrx_word' id='word_1_53' title='bbox 1618 788 1717 858; x_wconf 91' lang='lat' dir='ltr'><strong>qui</strong></span> <span class='ocrx_word' id='word_1_54' title='bbox 1741 788 1888 843; x_wconf 85' lang='lat' dir='ltr'><strong>servi</strong></span> <span class='ocrx_word' id='word_1_55' title='bbox 1922 803 2021 857; x_wconf 90' lang='lat' dir='ltr'><strong>pa-</strong></span> 
     </span>
    </p>
   </div>
   <div class='ocr_carea' id='block_1_10' title="bbox 366 875 2021 946">
    <p class='ocr_par' dir='ltr' id='par_1_10' title="bbox 366 875 2021 946">
     <span class='ocr_line' id='line_1_10' title="bbox 366 875 2021 946; baseline -0.009 -2"><span class='ocrx_word' id='word_1_56' title='bbox 366 885 737 946; x_wconf 81' lang='lat' dir='ltr'><strong>trisfamilias</strong></span> <span class='ocrx_word' id='word_1_57' title='bbox 759 897 1069 946; x_wconf 89' lang='lat' dir='ltr'><strong>sumus,ne</strong></span> <span class='ocrx_word' id='word_1_58' title='bbox 1088 880 1269 935; x_wconf 88' lang='lat' dir='ltr'><strong>decus</strong></span> <span class='ocrx_word' id='word_1_59' title='bbox 1291 877 1500 934; x_wconf 83' lang='lat' dir='ltr'><strong>matris</strong></span> <span class='ocrx_word' id='word_1_60' title='bbox 1523 877 1791 932; x_wconf 70' lang='lat' dir='ltr'><strong>Ecclesia:</strong></span> <span class='ocrx_word' id='word_1_61' title='bbox 1819 875 2021 930; x_wconf 90' lang='lat' dir='ltr'><strong>immi-</strong></span> 
     </span>
    </p>
   </div>
   <div class='ocr_carea' id='block_1_11' title="bbox 367 963 2023 1040">
    <p class='ocr_par' dir='ltr' id='par_1_11' title="bbox 367 963 2023 1040">
     <span class='ocr_line' id='line_1_11' title="bbox 367 963 2023 1040; baseline -0.01 -7"><span class='ocrx_word' id='word_1_62' title='bbox 367 983 604 1040; x_wconf 87' lang='lat' dir='ltr'><strong>nuatur,</strong></span> <span class='ocrx_word' id='word_1_63' title='bbox 635 974 734 1028; x_wconf 91' lang='lat' dir='ltr'><strong>sed</strong></span> <span class='ocrx_word' id='word_1_64' title='bbox 770 970 956 1040; x_wconf 84' lang='lat' dir='ltr'><strong>magis</strong></span> <span class='ocrx_word' id='word_1_65' title='bbox 984 967 1342 1034; x_wconf 89' lang='lat' dir='ltr'><strong>cumuletur,</strong></span> <span class='ocrx_word' id='word_1_66' title='bbox 1376 970 1434 1021; x_wconf 92' lang='lat' dir='ltr'><strong>et</strong></span> <span class='ocrx_word' id='word_1_67' title='bbox 1464 963 1858 1036; x_wconf 76' lang='lat' dir='ltr'><strong>amplificatur</strong></span> <span class='ocrx_word' id='word_1_68' title='bbox 1901 972 2023 1018; x_wconf 82' lang='lat' dir='ltr'><strong>sta-</strong></span> 
     </span>
    </p>
   </div>
   <div class='ocr_carea' id='block_1_12' title="bbox 366 1056 2026 1131">
    <p class='ocr_par' dir='ltr' id='par_1_12' title="bbox 366 1056 2026 1131">
     <span class='ocr_line' id='line_1_12' title="bbox 366 1056 2026 1131; baseline -0.008 -10"><span class='ocrx_word' id='word_1_69' title='bbox 366 1066 590 1122; x_wconf 84' lang='lat' dir='ltr'><strong>tuimus</strong></span> <span class='ocrx_word' id='word_1_70' title='bbox 614 1066 678 1116; x_wconf 92' lang='lat' dir='ltr'><strong>ut</strong></span> <span class='ocrx_word' id='word_1_71' title='bbox 701 1061 981 1131; x_wconf 85' lang='lat' dir='ltr'><strong>deinceps</strong></span> <span class='ocrx_word' id='word_1_72' title='bbox 1002 1056 1206 1114; x_wconf 89' lang='lat' dir='ltr'><strong>nullus</strong></span> <span class='ocrx_word' id='word_1_73' title='bbox 1237 1056 1513 1112; x_wconf 82' lang='lat' dir='ltr'><strong>sacerdos</strong></span> <span class='ocrx_word' id='word_1_74' title='bbox 1543 1071 1775 1109; x_wconf 88' lang='lat' dir='ltr'><strong>sacrum</strong></span> <span class='ocrx_word' id='word_1_75' title='bbox 1812 1059 2026 1125; x_wconf 82' lang='lat' dir='ltr'><strong>myste-</strong></span> 
     </span>
    </p>
   </div>
   <div class='ocr_carea' id='block_1_13' title="bbox 368 1142 2022 1220">
    <p class='ocr_par' dir='ltr' id='par_1_13' title="bbox 368 1142 2022 1220">
     <span class='ocr_line' id='line_1_13' title="bbox 368 1142 2022 1220; baseline -0.007 -12"><span class='ocrx_word' id='word_1_76' title='bbox 368 1155 521 1209; x_wconf 85' lang='lat' dir='ltr'><strong>rium</strong></span> <span class='ocrx_word' id='word_1_77' title='bbox 568 1149 834 1220; x_wconf 88' lang='lat' dir='ltr'><strong>corporis</strong></span> <span class='ocrx_word' id='word_1_78' title='bbox 885 1152 944 1203; x_wconf 85' lang='lat' dir='ltr'><strong>et</strong></span> <span class='ocrx_word' id='word_1_79' title='bbox 993 1144 1309 1218; x_wconf 83' lang='lat' dir='ltr'><strong>sanguinis</strong></span> <span class='ocrx_word' id='word_1_80' title='bbox 1368 1143 1596 1199; x_wconf 87' lang='lat' dir='ltr'><strong>Domini</strong></span> <span class='ocrx_word' id='word_1_81' title='bbox 1649 1142 1831 1196; x_wconf 85' lang='lat' dir='ltr'><strong>nostri</strong></span> <span class='ocrx_word' id='word_1_82' title='bbox 1881 1142 2022 1198; x_wconf 90' lang='lat' dir='ltr'><strong>Jesu</strong></span> 
     </span>
    </p>
   </div>
   <div class='ocr_carea' id='block_1_14' title="bbox 366 1231 2025 1308">
    <p class='ocr_par' dir='ltr' id='par_1_14' title="bbox 366 1231 2025 1308">
     <span class='ocr_line' id='line_1_14' title="bbox 366 1231 2025 1308; baseline -0.007 -11"><span class='ocrx_word' id='word_1_83' title='bbox 366 1239 579 1298; x_wconf 84' lang='lat' dir='ltr'><strong>Christi</strong></span> <span class='ocrx_word' id='word_1_84' title='bbox 603 1241 659 1294; x_wconf 86' lang='lat' dir='ltr'><strong>in</strong></span> <span class='ocrx_word' id='word_1_85' title='bbox 685 1236 896 1308; x_wconf 88' lang='lat' dir='ltr'><strong>ligneis</strong></span> <span class='ocrx_word' id='word_1_86' title='bbox 915 1234 1179 1291; x_wconf 81' lang='lat' dir='ltr'><strong>vasculis</strong></span> <span class='ocrx_word' id='word_1_87' title='bbox 1201 1234 1323 1288; x_wconf 91' lang='lat' dir='ltr'><strong>ullo</strong></span> <span class='ocrx_word' id='word_1_88' title='bbox 1355 1233 1529 1288; x_wconf 91' lang='lat' dir='ltr'><strong>modo</strong></span> <span class='ocrx_word' id='word_1_89' title='bbox 1561 1231 1841 1288; x_wconf 85' lang='lat' dir='ltr'><strong>conﬁcere</strong></span> <span class='ocrx_word' id='word_1_90' title='bbox 1871 1246 2025 1303; x_wconf 70' lang='lat' dir='ltr'><strong>pra:-</strong></span> 
     </span>
    </p>
   </div>
   <div class='ocr_carea' id='block_1_15' title="bbox 369 1321 2022 1397">
    <p class='ocr_par' dir='ltr' id='par_1_15' title="bbox 369 1321 2022 1397">
     <span class='ocr_line' id='line_1_15' title="bbox 369 1321 2022 1397; baseline -0.008 -10"><span class='ocrx_word' id='word_1_91' title='bbox 369 1334 590 1392; x_wconf 88' lang='lat' dir='ltr'><strong>sumat,</strong></span> <span class='ocrx_word' id='word_1_92' title='bbox 610 1345 683 1382; x_wconf 93' lang='lat' dir='ltr'><strong>ne</strong></span> <span class='ocrx_word' id='word_1_93' title='bbox 715 1326 872 1382; x_wconf 89' lang='lat' dir='ltr'><strong>unde</strong></span> <span class='ocrx_word' id='word_1_94' title='bbox 901 1323 1120 1397; x_wconf 85' lang='lat' dir='ltr'><strong>placari</strong></span> <span class='ocrx_word' id='word_1_95' title='bbox 1151 1324 1342 1388; x_wconf 88' lang='lat' dir='ltr'><strong>debet,</strong></span> <span class='ocrx_word' id='word_1_96' title='bbox 1363 1322 1499 1378; x_wconf 90' lang='lat' dir='ltr'><strong>inde</strong></span> <span class='ocrx_word' id='word_1_97' title='bbox 1527 1322 1816 1376; x_wconf 87' lang='lat' dir='ltr'><strong>irascatur</strong></span> <span class='ocrx_word' id='word_1_98' title='bbox 1846 1321 2022 1374; x_wconf 92' lang='lat' dir='ltr'><strong>Deus.</strong></span> 
     </span>
    </p>
   </div>
   <div class='ocr_carea' id='block_1_16' title="bbox 369 1427 2023 1501">
    <p class='ocr_par' dir='ltr' id='par_1_16' title="bbox 369 1427 2023 1501">
     <span class='ocr_line' id='line_1_16' title="bbox 369 1427 2023 1501; baseline -0.007 -7"><span class='ocrx_word' id='word_1_99' title='bbox 369 1437 503 1495; x_wconf 77' lang='lat' dir='ltr'><strong>CAP.</strong></span> <span class='ocrx_word' id='word_1_100' title='bbox 553 1435 679 1490; x_wconf 87' lang='lat'><strong>283.</strong></span> <span class='ocrx_word' id='word_1_101' title='bbox 729 1464 798 1474; x_wconf 91' lang='lat'><strong>—</strong></span> <span class='ocrx_word' id='word_1_102' title='bbox 848 1437 926 1488; x_wconf 84' lang='lat' dir='ltr'><strong>De</strong></span> <span class='ocrx_word' id='word_1_103' title='bbox 954 1429 1183 1486; x_wconf 74' lang='lat' dir='ltr'><strong>ecclesia</strong></span> <span class='ocrx_word' id='word_1_104' title='bbox 1215 1445 1254 1484; x_wconf 82' lang='grc' dir='ltr'><strong><em>α</em></strong></span> <span class='ocrx_word' id='word_1_105' title='bbox 1278 1429 1536 1501; x_wconf 80' lang='lat' dir='ltr'><strong>pluribus</strong></span> <span class='ocrx_word' id='word_1_106' title='bbox 1566 1427 1875 1501; x_wconf 53' lang='lat' dir='ltr'><strong>heredibus</strong></span> <span class='ocrx_word' id='word_1_107' title='bbox 1897 1443 2023 1500; x_wconf 82' lang='lat' dir='ltr'><strong>pos-</strong></span> 
     </span>
    </p>
   </div>
   <div class='ocr_carea' id='block_1_17' title="bbox 738 1500 1652 1572">
    <p class='ocr_par' dir='ltr' id='par_1_17' title="bbox 738 1500 1652 1572">
     <span class='ocr_line' id='line_1_17' title="bbox 738 1500 1652 1572; baseline -0.005 -11"><span class='ocrx_word' id='word_1_108' title='bbox 738 1521 908 1561; x_wconf 87' lang='lat' dir='ltr'><strong>sessa.</strong></span> <span class='ocrx_word' id='word_1_109' title='bbox 939 1504 1022 1558; x_wconf 80' lang='lat' dir='ltr'><strong>Ea:</strong></span> <span class='ocrx_word' id='word_1_110' title='bbox 1048 1501 1168 1559; x_wconf 86' lang='lat' dir='ltr'><strong>eod.</strong></span> <span class='ocrx_word' id='word_1_111' title='bbox 1199 1500 1375 1568; x_wconf 63' lang='lat' dir='ltr'><strong>caua,</strong></span> <span class='ocrx_word' id='word_1_112' title='bbox 1407 1517 1527 1572; x_wconf 87' lang='lat' dir='ltr'><strong>cap.</strong></span> <span class='ocrx_word' id='word_1_113' title='bbox 1559 1500 1652 1556; x_wconf 89' lang='lat'><strong>32.</strong></span> 
     </span>
    </p>
   </div>
   <div class='ocr_carea' id='block_1_18' title="bbox 440 1586 2026 1667">
    <p class='ocr_par' dir='ltr' id='par_1_18' title="bbox 440 1586 2026 1667">
     <span class='ocr_line' id='line_1_18' title="bbox 440 1586 2026 1667; baseline -0.008 -13"><span class='ocrx_word' id='word_1_114' title='bbox 440 1600 812 1667; x_wconf 66' lang='lat' dir='ltr'><strong>Quacunque</strong></span> <span class='ocrx_word' id='word_1_115' title='bbox 844 1591 1094 1648; x_wconf 88' lang='lat' dir='ltr'><strong>ecclesia</strong></span> <span class='ocrx_word' id='word_1_116' title='bbox 1124 1608 1158 1646; x_wconf 91' lang='lat' dir='ltr'><strong>a</strong></span> <span class='ocrx_word' id='word_1_117' title='bbox 1183 1589 1592 1662; x_wconf 89' lang='lat' dir='ltr'><strong>compluribus</strong></span> <span class='ocrx_word' id='word_1_118' title='bbox 1624 1586 2026 1644; x_wconf 73' lang='lat' dir='ltr'><strong>cohaeredibus</strong></span> 
     </span>
    </p>
   </div>
   <div class='ocr_carea' id='block_1_19' title="bbox 369 1676 2022 1760">
    <p class='ocr_par' dir='ltr' id='par_1_19' title="bbox 369 1676 2022 1760">
     <span class='ocr_line' id='line_1_19' title="bbox 369 1676 2022 1760; baseline -0.01 -14"><span class='ocrx_word' id='word_1_119' title='bbox 369 1689 446 1746; x_wconf 85' lang='lat' dir='ltr'><strong>sit</strong></span> <span class='ocrx_word' id='word_1_120' title='bbox 477 1701 770 1760; x_wconf 85' lang='lat' dir='ltr'><strong>possessa,</strong></span> <span class='ocrx_word' id='word_1_121' title='bbox 793 1681 1066 1740; x_wconf 88' lang='lat' dir='ltr'><strong>concordi</strong></span> <span class='ocrx_word' id='word_1_122' title='bbox 1099 1678 1490 1736; x_wconf 82' lang='lat' dir='ltr'><strong>unanimitate</strong></span> <span class='ocrx_word' id='word_1_123' title='bbox 1524 1676 1782 1749; x_wconf 90' lang='lat' dir='ltr'><strong>undique</strong></span> <span class='ocrx_word' id='word_1_124' title='bbox 1813 1691 2022 1747; x_wconf 91' lang='lat' dir='ltr'><strong>procu-</strong></span> 
     </span>
    </p>
   </div>
   <div class='ocr_carea' id='block_1_20' title="bbox 2132 426 3798 502">
    <p class='ocr_par' dir='ltr' id='par_1_20' title="bbox 2132 426 3798 502">
     <span class='ocr_line' id='line_1_20' title="bbox 2132 426 3798 502; baseline 0.002 -19"><span class='ocrx_word' id='word_1_125' title='bbox 2132 426 2374 492; x_wconf 90' lang='lat' dir='ltr'><strong>stolum,</strong></span> <span class='ocrx_word' id='word_1_126' title='bbox 2407 443 2590 483; x_wconf 85' lang='lat' dir='ltr'><strong>servos</strong></span> <span class='ocrx_word' id='word_1_127' title='bbox 2625 428 2731 482; x_wconf 86' lang='lat' dir='ltr'><strong>Dei</strong></span> <span class='ocrx_word' id='word_1_128' title='bbox 2757 443 2865 483; x_wconf 80' lang='lat' dir='ltr'><strong>non</strong></span> <span class='ocrx_word' id='word_1_129' title='bbox 2896 431 3104 499; x_wconf 76' lang='lat' dir='ltr'><strong>oportet</strong></span> <span class='ocrx_word' id='word_1_130' title='bbox 3136 426 3367 498; x_wconf 75' lang='lat' dir='ltr'><strong>litigare</strong></span> <span class='ocrx_word' id='word_1_131' title='bbox 3397 429 3468 500; x_wconf 89' lang='lat' dir='ltr'><strong>(Il</strong></span> <span class='ocrx_word' id='word_1_132' title='bbox 3510 431 3648 487; x_wconf 87' lang='lat' dir='ltr'><strong>Tim.</strong></span> <span class='ocrx_word' id='word_1_133' title='bbox 3700 432 3798 502; x_wconf 85' lang='grc' dir='ltr'><strong>ιι).</strong></span> 
     </span>
    </p>
   </div>
   <div class='ocr_carea' id='block_1_21' title="bbox 2131 515 3796 590">
    <p class='ocr_par' dir='ltr' id='par_1_21' title="bbox 2131 515 3796 590">
     <span class='ocr_line' id='line_1_21' title="bbox 2131 515 3796 590; baseline 0.002 -17"><span class='ocrx_word' id='word_1_134' title='bbox 2131 517 2454 589; x_wconf 88' lang='lat' dir='ltr'><strong>Episcopus</strong></span> <span class='ocrx_word' id='word_1_135' title='bbox 2483 515 2651 572; x_wconf 90' lang='lat' dir='ltr'><strong>tollat</strong></span> <span class='ocrx_word' id='word_1_136' title='bbox 2674 515 2810 573; x_wconf 90' lang='lat' dir='ltr'><strong>inde</strong></span> <span class='ocrx_word' id='word_1_137' title='bbox 2836 516 3140 589; x_wconf 84' lang='lat' dir='ltr'><strong>reliquias,</strong></span> <span class='ocrx_word' id='word_1_138' title='bbox 3171 523 3230 574; x_wconf 88' lang='lat' dir='ltr'><strong>et</strong></span> <span class='ocrx_word' id='word_1_139' title='bbox 3268 517 3380 573; x_wconf 89' lang='lat' dir='ltr'><strong>sub</strong></span> <span class='ocrx_word' id='word_1_140' title='bbox 3413 534 3625 590; x_wconf 89' lang='lat' dir='ltr'><strong>magna</strong></span> <span class='ocrx_word' id='word_1_141' title='bbox 3644 536 3796 576; x_wconf 84' lang='lat' dir='ltr'><strong>cura</strong></span> 
     </span>
    </p>
   </div>
   <div class='ocr_carea' id='block_1_22' title="bbox 2130 599 3800 678">
    <p class='ocr_par' dir='ltr' id='par_1_22' title="bbox 2130 599 3800 678">
     <span class='ocr_line' id='line_1_22' title="bbox 2130 599 3800 678; baseline 0.001 -16"><span class='ocrx_word' id='word_1_142' title='bbox 2130 606 2450 662; x_wconf 86' lang='lat' dir='ltr'><strong>honoriﬁce</strong></span> <span class='ocrx_word' id='word_1_143' title='bbox 2506 604 2752 662; x_wconf 89' lang='lat' dir='ltr'><strong>collocet</strong></span> <span class='ocrx_word' id='word_1_144' title='bbox 2809 621 2931 673; x_wconf 89' lang='lat' dir='ltr'><strong>eas,</strong></span> <span class='ocrx_word' id='word_1_145' title='bbox 2987 611 3166 678; x_wconf 86' lang='lat' dir='ltr'><strong>atque</strong></span> <span class='ocrx_word' id='word_1_146' title='bbox 3214 599 3482 677; x_wconf 81' lang='lat' dir='ltr'><strong>ejusdem</strong></span> <span class='ocrx_word' id='word_1_147' title='bbox 3532 608 3800 665; x_wconf 65' lang='lat' dir='ltr'><strong>ecclesia</strong></span> 
     </span>
    </p>
   </div>
   <div class='ocr_carea' id='block_1_23' title="bbox 2133 685 3798 766">
    <p class='ocr_par' dir='ltr' id='par_1_23' title="bbox 2133 685 3798 766">
     <span class='ocr_line' id='line_1_23' title="bbox 2133 685 3798 766; baseline 0.001 -14"><span class='ocrx_word' id='word_1_148' title='bbox 2133 695 2371 752; x_wconf 90' lang='lat' dir='ltr'><strong>claudat</strong></span> <span class='ocrx_word' id='word_1_149' title='bbox 2394 685 2572 763; x_wconf 74' lang='lat' dir='ltr'><strong>ostia,</strong></span> <span class='ocrx_word' id='word_1_150' title='bbox 2591 699 2649 750; x_wconf 88' lang='lat' dir='ltr'><strong>et</strong></span> <span class='ocrx_word' id='word_1_151' title='bbox 2668 693 2778 749; x_wconf 88' lang='lat' dir='ltr'><strong>sub</strong></span> <span class='ocrx_word' id='word_1_152' title='bbox 2803 693 2998 765; x_wconf 87' lang='lat' dir='ltr'><strong>sigillo</strong></span> <span class='ocrx_word' id='word_1_153' title='bbox 3020 694 3330 766; x_wconf 84' lang='lat' dir='ltr'><strong>consignat</strong></span> <span class='ocrx_word' id='word_1_154' title='bbox 3350 711 3438 763; x_wconf 91' lang='lat' dir='ltr'><strong>ea,</strong></span> <span class='ocrx_word' id='word_1_155' title='bbox 3465 701 3524 751; x_wconf 90' lang='lat' dir='ltr'><strong>et</strong></span> <span class='ocrx_word' id='word_1_156' title='bbox 3553 713 3798 753; x_wconf 87' lang='lat' dir='ltr'><strong>sacrum</strong></span> 
     </span>
    </p>
   </div>
   <div class='ocr_carea' id='block_1_24' title="bbox 2131 782 3801 856">
    <p class='ocr_par' dir='ltr' id='par_1_24' title="bbox 2131 782 3801 856">
     <span class='ocr_line' id='line_1_24' title="bbox 2131 782 3801 856; baseline 0 -16"><span class='ocrx_word' id='word_1_157' title='bbox 2131 783 2478 856; x_wconf 83' lang='lat' dir='ltr'><strong>mysterium</strong></span> <span class='ocrx_word' id='word_1_158' title='bbox 2507 782 2705 838; x_wconf 89' lang='lat' dir='ltr'><strong>nullus</strong></span> <span class='ocrx_word' id='word_1_159' title='bbox 2729 782 3056 838; x_wconf 88' lang='lat' dir='ltr'><strong>celebretin</strong></span> <span class='ocrx_word' id='word_1_160' title='bbox 3079 790 3490 856; x_wconf 86' lang='lat' dir='ltr'><strong>ea,antequam</strong></span> <span class='ocrx_word' id='word_1_161' title='bbox 3513 785 3801 840; x_wconf 84' lang='lat' dir='ltr'><strong>concordi</strong></span> 
     </span>
    </p>
   </div>
   <div class='ocr_carea' id='block_1_25' title="bbox 2132 871 3788 946">
    <p class='ocr_par' dir='ltr' id='par_1_25' title="bbox 2132 871 3788 946">
     <span class='ocr_line' id='line_1_25' title="bbox 2132 871 3788 946; baseline 0.001 -18"><span class='ocrx_word' id='word_1_162' title='bbox 2132 872 2542 940; x_wconf 84' lang='lat' dir='ltr'><strong>unanimitate,</strong></span> <span class='ocrx_word' id='word_1_163' title='bbox 2589 888 2774 927; x_wconf 87' lang='lat' dir='ltr'><strong>unum</strong></span> <span class='ocrx_word' id='word_1_164' title='bbox 2832 887 3038 928; x_wconf 87' lang='lat' dir='ltr'><strong>omnes</strong></span> <span class='ocrx_word' id='word_1_165' title='bbox 3084 871 3300 940; x_wconf 71' lang='lat' dir='ltr'><strong>eligant</strong></span> <span class='ocrx_word' id='word_1_166' title='bbox 3346 874 3788 946; x_wconf 85' lang='lat' dir='ltr'><strong>presbyterum,</strong></span> 
     </span>
    </p>
   </div>
   <div class='ocr_carea' id='block_1_26' title="bbox 2134 959 3798 1034">
    <p class='ocr_par' dir='ltr' id='par_1_26' title="bbox 2134 959 3798 1034">
     <span class='ocr_line' id='line_1_26' title="bbox 2134 959 3798 1034; baseline 0.002 -18"><span class='ocrx_word' id='word_1_167' title='bbox 2134 960 2236 1033; x_wconf 90' lang='lat' dir='ltr'><strong>qui</strong></span> <span class='ocrx_word' id='word_1_168' title='bbox 2268 961 2514 1016; x_wconf 89' lang='lat' dir='ltr'><strong>idoneus</strong></span> <span class='ocrx_word' id='word_1_169' title='bbox 2545 961 2624 1018; x_wconf 89' lang='lat' dir='ltr'><strong>sit</strong></span> <span class='ocrx_word' id='word_1_170' title='bbox 2653 965 3091 1016; x_wconf 86' lang='lat' dir='ltr'><strong>sacrosanctum</strong></span> <span class='ocrx_word' id='word_1_171' title='bbox 3125 959 3320 1016; x_wconf 88' lang='lat' dir='ltr'><strong>locum</strong></span> <span class='ocrx_word' id='word_1_172' title='bbox 3353 977 3692 1034; x_wconf 86' lang='lat' dir='ltr'><strong>procurare,</strong></span> <span class='ocrx_word' id='word_1_173' title='bbox 3735 967 3798 1019; x_wconf 87' lang='lat' dir='ltr'><strong>et</strong></span> 
     </span>
    </p>
   </div>
   <div class='ocr_carea' id='block_1_27' title="bbox 2133 1048 3043 1122">
    <p class='ocr_par' dir='ltr' id='par_1_27' title="bbox 2133 1048 3043 1122">
     <span class='ocr_line' id='line_1_27' title="bbox 2133 1048 3043 1122; baseline -0.001 -16"><span class='ocrx_word' id='word_1_174' title='bbox 2133 1049 2350 1122; x_wconf 85' lang='lat' dir='ltr'><strong>pepulo</strong></span> <span class='ocrx_word' id='word_1_175' title='bbox 2383 1048 2481 1105; x_wconf 92' lang='lat' dir='ltr'><strong>Dei</strong></span> <span class='ocrx_word' id='word_1_176' title='bbox 2513 1048 2740 1106; x_wconf 85' lang='lat' dir='ltr'><strong>utiliter</strong></span> <span class='ocrx_word' id='word_1_177' title='bbox 2770 1064 3043 1121; x_wconf 67' lang='lat' dir='ltr'><strong>praeesse.</strong></span> 
     </span>
    </p>
   </div>
   <div class='ocr_carea' id='block_1_28' title="bbox 2133 1227 3804 1298">
    <p class='ocr_par' dir='ltr' id='par_1_28' title="bbox 2133 1227 3804 1298">
     <span class='ocr_line' id='line_1_28' title="bbox 2133 1227 3804 1298; baseline -0.001 -14"><span class='ocrx_word' id='word_1_178' title='bbox 2133 1232 2270 1284; x_wconf 77' lang='lat' dir='ltr'><strong>CAP.</strong></span> <span class='ocrx_word' id='word_1_179' title='bbox 2301 1229 2427 1283; x_wconf 84' lang='grc'><strong>284.</strong></span> <span class='ocrx_word' id='word_1_180' title='bbox 2453 1258 2524 1272; x_wconf 91' lang='lat'><strong>--</strong></span> <span class='ocrx_word' id='word_1_181' title='bbox 2553 1230 2618 1286; x_wconf 90' lang='lat' dir='ltr'><strong>Ut</strong></span> <span class='ocrx_word' id='word_1_182' title='bbox 2649 1227 2707 1283; x_wconf 85' lang='lat' dir='ltr'><strong>hi</strong></span> <span class='ocrx_word' id='word_1_183' title='bbox 2737 1228 2835 1296; x_wconf 83' lang='lat' dir='ltr'><strong>qui</strong></span> <span class='ocrx_word' id='word_1_184' title='bbox 2859 1241 2979 1284; x_wconf 68' lang='lat' dir='ltr'><strong>suae</strong></span> <span class='ocrx_word' id='word_1_185' title='bbox 3007 1227 3378 1298; x_wconf 84' lang='lat' dir='ltr'><strong>proprietatis</strong></span> <span class='ocrx_word' id='word_1_186' title='bbox 3417 1227 3538 1282; x_wconf 84' lang='lat' dir='ltr'><strong>loca</strong></span> <span class='ocrx_word' id='word_1_187' title='bbox 3582 1227 3804 1284; x_wconf 82' lang='lat' dir='ltr'><strong>alicubi</strong></span> 
     </span>
    </p>
   </div>
   <div class='ocr_carea' id='block_1_29' title="bbox 2204 1299 3805 1370">
    <p class='ocr_par' dir='ltr' id='par_1_29' title="bbox 2204 1299 3805 1370">
     <span class='ocr_line' id='line_1_29' title="bbox 2204 1299 3805 1370; baseline -0.001 -14"><span class='ocrx_word' id='word_1_188' title='bbox 2204 1300 2338 1356; x_wconf 83' lang='lat' dir='ltr'><strong>dare</strong></span> <span class='ocrx_word' id='word_1_189' title='bbox 2367 1299 2676 1368; x_wconf 77' lang='lat' dir='ltr'><strong>voluerint,</strong></span> <span class='ocrx_word' id='word_1_190' title='bbox 2724 1303 3047 1370; x_wconf 79' lang='lat' dir='ltr'><strong>coynoscant</strong></span> <span class='ocrx_word' id='word_1_191' title='bbox 3094 1299 3364 1354; x_wconf 75' lang='lat' dir='ltr'><strong>decimam</strong></span> <span class='ocrx_word' id='word_1_192' title='bbox 3392 1315 3690 1370; x_wconf 12' lang='lat' dir='ltr'><strong>inusquam</strong></span> <span class='ocrx_word' id='word_1_193' title='bbox 3737 1315 3805 1354; x_wconf 87' lang='lat' dir='ltr'><strong>se</strong></span> 
     </span>
    </p>
   </div>
   <div class='ocr_carea' id='block_1_30' title="bbox 2204 1369 3801 1516">
    <p class='ocr_par' dir='ltr' id='par_1_30' title="bbox 2204 1369 3801 1516">
     <span class='ocr_line' id='line_1_30' title="bbox 2206 1369 3801 1497; baseline -0.001 -70"><span class='ocrx_word' id='word_1_194' title='bbox 2206 1374 2425 1497; x_wconf 58' lang='lat' dir='ltr'><strong>tradege</strong></span> <span class='ocrx_word' id='word_1_195' title='bbox 2484 1387 2658 1443; x_wconf 90' lang='lat' dir='ltr'><strong>posse.</strong></span> <span class='ocrx_word' id='word_1_196' title='bbox 2718 1369 2804 1428; x_wconf 52' lang='lat' dir='ltr'><strong>Et</strong></span> <span class='ocrx_word' id='word_1_197' title='bbox 2857 1372 3092 1427; x_wconf 83' lang='lat' dir='ltr'><strong>concilio</strong></span> <span class='ocrx_word' id='word_1_198' title='bbox 3157 1370 3304 1442; x_wconf 87' lang='lat' dir='ltr'><strong>apud</strong></span> <span class='ocrx_word' id='word_1_199' title='bbox 3372 1369 3801 1443; x_wconf 78' lang='lat' dir='ltr'><strong>Conﬂuentiam</strong></span> 
     </span>
     <span class='ocr_line' id='line_1_31' title="bbox 2204 1459 2413 1516; baseline 0.005 -18"><span class='ocrx_word' id='word_1_200' title='bbox 2204 1459 2327 1516; x_wconf 87' lang='lat' dir='ltr'><strong>cap.</strong></span> <span class='ocrx_word' id='word_1_201' title='bbox 2400 1486 2413 1499; x_wconf 93' lang='lat'><strong>.</strong></span> 
     </span>
    </p>
   </div>
   <div class='ocr_carea' id='block_1_31' title="bbox 2205 1581 3800 1657">
    <p class='ocr_par' dir='ltr' id='par_1_31' title="bbox 2205 1581 3800 1657">
     <span class='ocr_line' id='line_1_32' title="bbox 2205 1581 3800 1657; baseline -0.001 -16"><span class='ocrx_word' id='word_1_202' title='bbox 2205 1586 2265 1642; x_wconf 90' lang='lat' dir='ltr'><strong>Si</strong></span> <span class='ocrx_word' id='word_1_203' title='bbox 2299 1585 2432 1657; x_wconf 86' lang='lat' dir='ltr'><strong>quis</strong></span> <span class='ocrx_word' id='word_1_204' title='bbox 2462 1601 2596 1641; x_wconf 89' lang='lat' dir='ltr'><strong>vero</strong></span> <span class='ocrx_word' id='word_1_205' title='bbox 2629 1584 2816 1640; x_wconf 81' lang='lat' dir='ltr'><strong>laicus</strong></span> <span class='ocrx_word' id='word_1_206' title='bbox 2863 1581 2952 1640; x_wconf 85' lang='lat' dir='ltr'><strong>vel</strong></span> <span class='ocrx_word' id='word_1_207' title='bbox 3004 1583 3275 1652; x_wconf 87' lang='lat' dir='ltr'><strong>clericus,</strong></span> <span class='ocrx_word' id='word_1_208' title='bbox 3326 1599 3430 1640; x_wconf 89' lang='lat' dir='ltr'><strong>seu</strong></span> <span class='ocrx_word' id='word_1_209' title='bbox 3478 1583 3800 1656; x_wconf 86' lang='lat' dir='ltr'><strong>utriusque</strong></span> 
     </span>
    </p>
   </div>
   <div class='ocr_carea' id='block_1_32' title="bbox 2132 1671 3798 1745">
    <p class='ocr_par' dir='ltr' id='par_1_32' title="bbox 2132 1671 3798 1745">
     <span class='ocr_line' id='line_1_33' title="bbox 2132 1671 3798 1745; baseline -0.001 -15"><span class='ocrx_word' id='word_1_210' title='bbox 2132 1692 2306 1731; x_wconf 86' lang='lat' dir='ltr'><strong>sexus</strong></span> <span class='ocrx_word' id='word_1_211' title='bbox 2341 1691 2587 1745; x_wconf 89' lang='lat' dir='ltr'><strong>persona</strong></span> <span class='ocrx_word' id='word_1_212' title='bbox 2617 1673 2992 1745; x_wconf 85' lang='lat' dir='ltr'><strong>proprietatis</strong></span> <span class='ocrx_word' id='word_1_213' title='bbox 3021 1690 3140 1728; x_wconf 72' lang='lat' dir='ltr'><strong>sua:</strong></span> <span class='ocrx_word' id='word_1_214' title='bbox 3172 1671 3414 1738; x_wconf 89' lang='lat' dir='ltr'><strong>loca,vel</strong></span> <span class='ocrx_word' id='word_1_215' title='bbox 3446 1689 3539 1728; x_wconf 89' lang='lat' dir='ltr'><strong>res</strong></span> <span class='ocrx_word' id='word_1_216' title='bbox 3569 1672 3798 1728; x_wconf 88' lang='lat' dir='ltr'><strong>alicubi</strong></span> 
     </span>
    </p>
   </div>
   <div class='ocr_carea' id='block_1_33' title="bbox 369 1722 3796 1847">
    <p class='ocr_par' dir='ltr' id='par_1_33' title="bbox 369 1722 3796 1847">
     <span class='ocr_line' id='line_1_34' title="bbox 371 1722 3796 1751; baseline -0.005 -5"><span class='ocrx_word' id='word_1_217' title='bbox 371 1722 446 1746; x_wconf 67' lang='lat' dir='ltr'><strong>an:</strong></span> <span class='ocrx_word' id='word_1_218' title='bbox 515 1722 770 1751; x_wconf 71' lang='grc' dir='ltr'><strong>υυυυῠουι,</strong></span> <span class='ocrx_word' id='word_1_219' title='bbox 793 1722 1066 1740; x_wconf 71' lang='grc' dir='ltr'><strong>υνμυυιυιι</strong></span> <span class='ocrx_word' id='word_1_220' title='bbox 1102 1722 1490 1736; x_wconf 59' lang='lat' dir='ltr'><strong>uua-unauana</strong></span> <span class='ocrx_word' id='word_1_221' title='bbox 1526 1722 1782 1749; x_wconf 61' lang='grc' dir='ltr'><strong>υ--ου--π-ιυιν</strong></span> <span class='ocrx_word' id='word_1_222' title='bbox 1813 1722 1992 1747; x_wconf 67' lang='lat' dir='ltr'><strong>r-vv—</strong></span> <span class='ocrx_word' id='word_1_223' title='bbox 2132 1722 2305 1731; x_wconf 78' lang='lat'><strong>----——</strong></span> <span class='ocrx_word' id='word_1_224' title='bbox 2341 1722 2587 1745; x_wconf 64' lang='lat' dir='ltr'><strong>rv---——</strong></span> <span class='ocrx_word' id='word_1_225' title='bbox 2617 1722 2990 1745; x_wconf 59' lang='grc' dir='ltr'><strong>τι-νι---νν-τη</strong></span> <span class='ocrx_word' id='word_1_226' title='bbox 3021 1722 3136 1728; x_wconf 61' lang='grc' dir='ltr'><strong>ην..</strong></span> <span class='ocrx_word' id='word_1_227' title='bbox 3172 1722 3414 1738; x_wconf 56' lang='grc' dir='ltr'><strong>-ν--ι---</strong></span> <span class='ocrx_word' id='word_1_228' title='bbox 3447 1722 3537 1728; x_wconf 69' lang='grc'><strong>---</strong></span> <span class='ocrx_word' id='word_1_229' title='bbox 3572 1722 3796 1728; x_wconf 65' lang='lat'><strong>_---__-</strong></span> 
     </span>
     <span class='ocr_line' id='line_1_35' title="bbox 369 1722 3796 1847; baseline -0.005 -13"><span class='ocrx_word' id='word_1_230' title='bbox 369 1722 551 1846; x_wconf 59' lang='lat' dir='ltr'><strong>retiii‘,</strong></span> <span class='ocrx_word' id='word_1_231' title='bbox 586 1792 658 1831; x_wconf 90' lang='lat' dir='ltr'><strong>ne</strong></span> <span class='ocrx_word' id='word_1_232' title='bbox 687 1777 923 1847; x_wconf 88' lang='lat' dir='ltr'><strong>propter</strong></span> <span class='ocrx_word' id='word_1_233' title='bbox 955 1771 1186 1843; x_wconf 89' lang='lat' dir='ltr'><strong>aliquas</strong></span> <span class='ocrx_word' id='word_1_234' title='bbox 1217 1767 1675 1840; x_wconf 89' lang='lat' dir='ltr'><strong>disceptationes</strong></span> <span class='ocrx_word' id='word_1_235' title='bbox 1716 1764 2019 1822; x_wconf 88' lang='lat' dir='ltr'><strong>servitium</strong></span> <span class='ocrx_word' id='word_1_236' title='bbox 2053 1722 2099 1788; x_wconf 82' lang='lat' dir='ltr'><strong>B</strong></span> <span class='ocrx_word' id='word_1_237' title='bbox 2130 1765 2347 1820; x_wconf 86' lang='lat' dir='ltr'><strong>donare</strong></span> <span class='ocrx_word' id='word_1_238' title='bbox 2367 1761 3208 1840; x_wconf 81' lang='lat' dir='ltr'><strong>delegaverit,decimationum</strong></span> <span class='ocrx_word' id='word_1_239' title='bbox 3236 1768 3578 1833; x_wconf 87' lang='lat' dir='ltr'><strong>proventum</strong></span> <span class='ocrx_word' id='word_1_240' title='bbox 3608 1761 3796 1833; x_wconf 90' lang='lat' dir='ltr'><strong>priori</strong></span> 
     </span>
    </p>
   </div>
   <div class='ocr_carea' id='block_1_34' title="bbox 368 1849 3794 1933">
    <p class='ocr_par' dir='ltr' id='par_1_34' title="bbox 368 1849 3794 1933">
     <span class='ocr_line' id='line_1_36' title="bbox 368 1849 3794 1933; baseline -0.005 -10"><span class='ocrx_word' id='word_1_241' title='bbox 368 1867 466 1924; x_wconf 91' lang='lat' dir='ltr'><strong>Dei</strong></span> <span class='ocrx_word' id='word_1_242' title='bbox 503 1867 826 1933; x_wconf 90' lang='lat' dir='ltr'><strong>minuatur,</strong></span> <span class='ocrx_word' id='word_1_243' title='bbox 859 1866 918 1916; x_wconf 91' lang='lat' dir='ltr'><strong>et</strong></span> <span class='ocrx_word' id='word_1_244' title='bbox 947 1877 1089 1916; x_wconf 92' lang='lat' dir='ltr'><strong>cura</strong></span> <span class='ocrx_word' id='word_1_245' title='bbox 1117 1857 1316 1931; x_wconf 88' lang='lat' dir='ltr'><strong>populi</strong></span> <span class='ocrx_word' id='word_1_246' title='bbox 1350 1855 1670 1928; x_wconf 78' lang='lat' dir='ltr'><strong>irreligioso</strong></span> <span class='ocrx_word' id='word_1_247' title='bbox 1704 1858 1930 1926; x_wconf 84' lang='lat' dir='ltr'><strong>agatur.</strong></span> <span class='ocrx_word' id='word_1_248' title='bbox 1963 1853 2021 1909; x_wconf 90' lang='lat' dir='ltr'><strong>Si</strong></span> <span class='ocrx_word' id='word_1_249' title='bbox 2129 1852 2386 1909; x_wconf 87' lang='lat' dir='ltr'><strong>ecclesiae</strong></span> <span class='ocrx_word' id='word_1_250' title='bbox 2410 1851 2671 1924; x_wconf 87' lang='lat' dir='ltr'><strong>legitime</strong></span> <span class='ocrx_word' id='word_1_251' title='bbox 2701 1851 3169 1922; x_wconf 88' lang='lat' dir='ltr'><strong>signatum,inde</strong></span> <span class='ocrx_word' id='word_1_252' title='bbox 3200 1849 3541 1906; x_wconf 80' lang='lat' dir='ltr'><strong>abstrahere</strong></span> <span class='ocrx_word' id='word_1_253' title='bbox 3562 1850 3794 1906; x_wconf 91' lang='lat' dir='ltr'><strong>nullam</strong></span> 
     </span>
    </p>
   </div>
   <div class='ocr_carea' id='block_1_35' title="bbox 371 1939 3798 2026">
    <p class='ocr_par' dir='ltr' id='par_1_35' title="bbox 371 1939 3798 2026">
     <span class='ocr_line' id='line_1_37' title="bbox 371 1939 3798 2026; baseline -0.005 -12"><span class='ocrx_word' id='word_1_254' title='bbox 371 1974 502 2015; x_wconf 86' lang='lat' dir='ltr'><strong>vero</strong></span> <span class='ocrx_word' id='word_1_255' title='bbox 534 1954 837 2026; x_wconf 86' lang='lat' dir='ltr'><strong>contingat</strong></span> <span class='ocrx_word' id='word_1_256' title='bbox 871 1967 970 2023; x_wconf 91' lang='lat' dir='ltr'><strong>pro</strong></span> <span class='ocrx_word' id='word_1_257' title='bbox 1002 1965 1070 2005; x_wconf 88' lang='lat' dir='ltr'><strong>ea</strong></span> <span class='ocrx_word' id='word_1_258' title='bbox 1113 1946 1560 2020; x_wconf 82' lang='lat' dir='ltr'><strong>comparticipes</strong></span> <span class='ocrx_word' id='word_1_259' title='bbox 1611 1945 1918 2012; x_wconf 86' lang='lat' dir='ltr'><strong>dissidere,</strong></span> <span class='ocrx_word' id='word_1_260' title='bbox 1967 1946 2025 1998; x_wconf 89' lang='lat' dir='ltr'><strong>et</strong></span> <span class='ocrx_word' id='word_1_261' title='bbox 2133 1941 2344 1998; x_wconf 83' lang='lat' dir='ltr'><strong>habent</strong></span> <span class='ocrx_word' id='word_1_262' title='bbox 2373 1944 2742 2013; x_wconf 87' lang='lat' dir='ltr'><strong>potestatem.</strong></span> <span class='ocrx_word' id='word_1_263' title='bbox 2776 1941 2936 2006; x_wconf 90' lang='lat' dir='ltr'><strong>Quod</strong></span> <span class='ocrx_word' id='word_1_264' title='bbox 2971 1939 3022 1996; x_wconf 92' lang='lat' dir='ltr'><strong>si</strong></span> <span class='ocrx_word' id='word_1_265' title='bbox 3057 1940 3246 1998; x_wconf 83' lang='lat' dir='ltr'><strong>facere</strong></span> <span class='ocrx_word' id='word_1_266' title='bbox 3278 1939 3608 2010; x_wconf 87' lang='lat' dir='ltr'><strong>tentaverit,</strong></span> <span class='ocrx_word' id='word_1_267' title='bbox 3657 1939 3798 1996; x_wconf 86' lang='lat' dir='ltr'><strong>talis</strong></span> 
     </span>
    </p>
   </div>
   <div class='ocr_carea' id='block_1_36' title="bbox 371 2030 3796 2114">
    <p class='ocr_par' dir='ltr' id='par_1_36' title="bbox 371 2030 3796 2114">
     <span class='ocr_line' id='line_1_38' title="bbox 371 2030 3796 2114; baseline -0.005 -12"><span class='ocrx_word' id='word_1_268' title='bbox 371 2046 482 2102; x_wconf 88' lang='lat' dir='ltr'><strong>sub</strong></span> <span class='ocrx_word' id='word_1_269' title='bbox 512 2042 670 2100; x_wconf 89' lang='lat' dir='ltr'><strong>nullo</strong></span> <span class='ocrx_word' id='word_1_270' title='bbox 704 2040 1042 2114; x_wconf 81' lang='lat' dir='ltr'><strong>presbytero</strong></span> <span class='ocrx_word' id='word_1_271' title='bbox 1075 2053 1204 2094; x_wconf 88' lang='lat' dir='ltr'><strong>eam</strong></span> <span class='ocrx_word' id='word_1_272' title='bbox 1235 2051 1576 2109; x_wconf 89' lang='lat' dir='ltr'><strong>procurare,</strong></span> <span class='ocrx_word' id='word_1_273' title='bbox 1609 2038 1666 2090; x_wconf 92' lang='lat' dir='ltr'><strong>et</strong></span> <span class='ocrx_word' id='word_1_274' title='bbox 1715 2038 2024 2104; x_wconf 87' lang='lat' dir='ltr'><strong>propterea</strong></span> <span class='ocrx_word' id='word_1_275' title='bbox 2134 2031 2367 2087; x_wconf 90' lang='lat' dir='ltr'><strong>traditio</strong></span> <span class='ocrx_word' id='word_1_276' title='bbox 2398 2031 2563 2086; x_wconf 90' lang='lat' dir='ltr'><strong>irrita</strong></span> <span class='ocrx_word' id='word_1_277' title='bbox 2591 2047 2830 2103; x_wconf 87' lang='lat' dir='ltr'><strong>prorsus</strong></span> <span class='ocrx_word' id='word_1_278' title='bbox 2859 2030 3127 2097; x_wconf 85' lang='lat' dir='ltr'><strong>ducatur,</strong></span> <span class='ocrx_word' id='word_1_279' title='bbox 3162 2035 3215 2086; x_wconf 90' lang='lat' dir='ltr'><strong>et</strong></span> <span class='ocrx_word' id='word_1_280' title='bbox 3249 2031 3376 2102; x_wconf 88' lang='lat' dir='ltr'><strong>ipse</strong></span> <span class='ocrx_word' id='word_1_281' title='bbox 3405 2030 3476 2087; x_wconf 90' lang='lat' dir='ltr'><strong>ad</strong></span> <span class='ocrx_word' id='word_1_282' title='bbox 3508 2030 3796 2087; x_wconf 90' lang='lat' dir='ltr'><strong>emenda-</strong></span> 
     </span>
    </p>
   </div>
   <div class='ocr_carea' id='block_1_37' title="bbox 365 2117 3447 2206">
    <p class='ocr_par' dir='ltr' id='par_1_37' title="bbox 365 2117 3447 2206">
     <span class='ocr_line' id='line_1_39' title="bbox 365 2117 3447 2206; baseline -0.005 -17"><span class='ocrx_word' id='word_1_283' title='bbox 365 2131 584 2206; x_wconf 86' lang='lat' dir='ltr'><strong>jurgia,</strong></span> <span class='ocrx_word' id='word_1_284' title='bbox 615 2135 671 2187; x_wconf 90' lang='lat' dir='ltr'><strong>et</strong></span> <span class='ocrx_word' id='word_1_285' title='bbox 700 2126 1123 2194; x_wconf 89' lang='lat' dir='ltr'><strong>contentiones,</strong></span> <span class='ocrx_word' id='word_1_286' title='bbox 1152 2129 1274 2182; x_wconf 90' lang='lat' dir='ltr'><strong>tam</strong></span> <span class='ocrx_word' id='word_1_287' title='bbox 1306 2124 1459 2180; x_wconf 92' lang='lat' dir='ltr'><strong>inter</strong></span> <span class='ocrx_word' id='word_1_288' title='bbox 1488 2123 1670 2195; x_wconf 90' lang='lat' dir='ltr'><strong>ipsos,</strong></span> <span class='ocrx_word' id='word_1_289' title='bbox 1706 2137 1884 2194; x_wconf 90' lang='lat' dir='ltr'><strong>quam</strong></span> <span class='ocrx_word' id='word_1_290' title='bbox 1931 2121 2023 2176; x_wconf 90' lang='lat' dir='ltr'><strong>in-</strong></span> <span class='ocrx_word' id='word_1_291' title='bbox 2134 2120 2355 2176; x_wconf 89' lang='lat' dir='ltr'><strong>tionem</strong></span> <span class='ocrx_word' id='word_1_292' title='bbox 2387 2117 2783 2176; x_wconf 75' lang='lat' dir='ltr'><strong>ecclesiastica</strong></span> <span class='ocrx_word' id='word_1_293' title='bbox 2815 2123 3146 2175; x_wconf 85' lang='lat' dir='ltr'><strong>coerceatur</strong></span> <span class='ocrx_word' id='word_1_294' title='bbox 3176 2135 3447 2175; x_wconf 86' lang='lat' dir='ltr'><strong>censura.</strong></span> 
     </span>
    </p>
   </div>
   <div class='ocr_carea' id='block_1_38' title="bbox 376 2307 3249 2337">
    <p class='ocr_par' dir='ltr' id='par_1_38' title="bbox 376 2307 3249 2337">
     <span class='ocr_line' id='line_1_40' title="bbox 376 2307 3249 2337; baseline -0.006 0"><span class='ocrx_word' id='word_1_295' title='bbox 376 2307 3249 2337; x_wconf 53' lang='lat' dir='ltr'><strong>Mm</strong></span> 
     </span>
    </p>
   </div>
   <div class='ocr_carea' id='block_1_39' title="bbox 1289 2451 2867 2566">
    <p class='ocr_par' dir='ltr' id='par_1_39' title="bbox 1289 2451 2867 2566">
     <span class='ocr_line' id='line_1_41' title="bbox 1289 2451 2867 2566; baseline -0.004 -14"><span class='ocrx_word' id='word_1_296' title='bbox 1289 2456 1453 2552; x_wconf 90' lang='lat' dir='ltr'><strong>DE</strong></span> <span class='ocrx_word' id='word_1_297' title='bbox 1467 2452 1844 2551; x_wconf 82' lang='lat' dir='ltr'><strong>CRETI</strong></span> <span class='ocrx_word' id='word_1_298' title='bbox 1923 2453 2256 2548; x_wconf 84' lang='lat' dir='ltr'><strong>PARS</strong></span> <span class='ocrx_word' id='word_1_299' title='bbox 2336 2451 2867 2566; x_wconf 80' lang='lat' dir='ltr'><strong>QUARTA</strong></span> 
     </span>
    </p>
   </div>
   <div class='ocr_carea' id='block_1_40' title="bbox 373 2647 3796 2790">
    <p class='ocr_par' dir='ltr' id='par_1_40' title="bbox 373 2647 3796 2790">
     <span class='ocr_line' id='line_1_42' title="bbox 373 2647 3796 2790; baseline -0.004 -65"><span class='ocrx_word' id='word_1_300' title='bbox 373 2666 460 2726; x_wconf 90' lang='lat' dir='ltr'><strong>De</strong></span> <span class='ocrx_word' id='word_1_301' title='bbox 490 2657 901 2724; x_wconf 79' lang='lat' dir='ltr'><strong>observandis</strong></span> <span class='ocrx_word' id='word_1_302' title='bbox 928 2654 1370 2719; x_wconf 87' lang='lat' dir='ltr'><strong>festivitatibus</strong></span> <span class='ocrx_word' id='word_1_303' title='bbox 1399 2649 1742 2732; x_wconf 88' lang='lat' dir='ltr'><strong>etjejuniis</strong></span> <span class='ocrx_word' id='word_1_304' title='bbox 1772 2647 2090 2790; x_wconf 48' lang='lat' dir='ltr'><strong>lleiitimis.</strong></span> <span class='ocrx_word' id='word_1_305' title='bbox 2123 2649 2212 2708; x_wconf 91' lang='lat' dir='ltr'><strong>De</strong></span> <span class='ocrx_word' id='word_1_306' title='bbox 2242 2648 2580 2788; x_wconf 72' lang='lat' dir='ltr'><strong>Scrlipturis</strong></span> <span class='ocrx_word' id='word_1_307' title='bbox 2612 2648 2947 2724; x_wconf 87' lang='lat' dir='ltr'><strong>canonicis,</strong></span> <span class='ocrx_word' id='word_1_308' title='bbox 2983 2654 3045 2711; x_wconf 90' lang='lat' dir='ltr'><strong>et</strong></span> <span class='ocrx_word' id='word_1_309' title='bbox 3090 2648 3672 2724; x_wconf 84' lang='lat' dir='ltr'><strong>consuetudinibus,</strong></span> <span class='ocrx_word' id='word_1_310' title='bbox 3727 2654 3796 2711; x_wconf 88' lang='lat' dir='ltr'><strong>et</strong></span> 
     </span>
     <span class='ocr_line' id='line_1_43' title="bbox 1712 2747 2439 2790; baseline 0 0"><span class='ocrx_word' id='word_1_311' title='bbox 1712 2749 1780 2790; x_wconf 91' lang='lat' dir='ltr'><strong>ce</strong></span> <span class='ocrx_word' id='word_1_312' title='bbox 1809 2749 1840 2790; x_wconf 91' lang='lat' dir='ltr'><strong>e</strong></span> <span class='ocrx_word' id='word_1_313' title='bbox 1891 2748 1962 2790; x_wconf 90' lang='lat' dir='ltr'><strong>ra</strong></span> <span class='ocrx_word' id='word_1_314' title='bbox 1993 2747 2138 2790; x_wconf 82' lang='lat' dir='ltr'><strong>ione</strong></span> <span class='ocrx_word' id='word_1_315' title='bbox 2168 2747 2346 2790; x_wconf 81' lang='lat' dir='ltr'><strong>conci</strong></span> <span class='ocrx_word' id='word_1_316' title='bbox 2376 2749 2439 2790; x_wconf 84' lang='grc' dir='ltr'><strong>ιι.</strong></span> 
     </span>
    </p>
   </div>
   <div class='ocr_carea' id='block_1_41' title="bbox 1712 2747 2439 2792">
    <p class='ocr_par' dir='ltr' id='par_1_41' title="bbox 1712 2747 2439 2792">
     <span class='ocr_line' id='line_1_44' title="bbox 1712 2747 2439 2792; baseline -0.003 0"><span class='ocrx_word' id='word_1_317' title='bbox 1712 2747 2138 2792; x_wconf 67' lang='grc' dir='ltr'><strong>οθιεῡταιιοηθ</strong></span> <span class='ocrx_word' id='word_1_318' title='bbox 2168 2747 2439 2790; x_wconf 76' lang='lat' dir='ltr'><strong>CODCilll.</strong></span> 
     </span>
    </p>
   </div>
   <div class='ocr_carea' id='block_1_42' title="bbox 370 3023 3797 3102">
    <p class='ocr_par' dir='ltr' id='par_1_42' title="bbox 370 3023 3797 3102">
     <span class='ocr_line' id='line_1_45' title="bbox 370 3023 3797 3102; baseline -0.004 -7"><span class='ocrx_word' id='word_1_319' title='bbox 370 3038 508 3095; x_wconf 80' lang='lat' dir='ltr'><strong>CAP.</strong></span> <span class='ocrx_word' id='word_1_320' title='bbox 543 3038 594 3093; x_wconf 88' lang='grc'><strong>1.</strong></span> <span class='ocrx_word' id='word_1_321' title='bbox 623 3065 690 3077; x_wconf 89' lang='grc'><strong><em>-</em></strong></span> <span class='ocrx_word' id='word_1_322' title='bbox 715 3030 991 3102; x_wconf 84' lang='lat' dir='ltr'><strong>Quomodo</strong></span> <span class='ocrx_word' id='word_1_323' title='bbox 1023 3026 1439 3097; x_wconf 83' lang='lat' dir='ltr'><strong>intelligendum</strong></span> <span class='ocrx_word' id='word_1_324' title='bbox 1469 3027 1545 3082; x_wconf 87' lang='lat' dir='ltr'><strong>sit</strong></span> <span class='ocrx_word' id='word_1_325' title='bbox 1568 3025 1711 3097; x_wconf 84' lang='lat' dir='ltr'><strong>quod</strong></span> <span class='ocrx_word' id='word_1_326' title='bbox 1739 3025 2022 3097; x_wconf 74' lang='lat' dir='ltr'><strong>Apostolus</strong></span> <span class='ocrx_word' id='word_1_327' title='bbox 2053 3026 2097 3093; x_wconf 83' lang='lat' dir='ltr'><strong>C</strong></span> <span class='ocrx_word' id='word_1_328' title='bbox 2135 3023 2277 3080; x_wconf 90' lang='lat' dir='ltr'><strong>scha</strong></span> <span class='ocrx_word' id='word_1_329' title='bbox 2300 3039 2411 3080; x_wconf 93' lang='lat' dir='ltr'><strong>non</strong></span> <span class='ocrx_word' id='word_1_330' title='bbox 2435 3027 2522 3080; x_wconf 90' lang='lat' dir='ltr'><strong>est</strong></span> <span class='ocrx_word' id='word_1_331' title='bbox 2545 3026 2895 3095; x_wconf 55' lang='lat' dir='ltr'><strong>praeceptum</strong></span> <span class='ocrx_word' id='word_1_332' title='bbox 2921 3024 3377 3097; x_wconf 83' lang='lat' dir='ltr'><strong>tempus,nisiex</strong></span> <span class='ocrx_word' id='word_1_333' title='bbox 3391 3041 3592 3082; x_wconf 88' lang='lat' dir='ltr'><strong>mense</strong></span> <span class='ocrx_word' id='word_1_334' title='bbox 3615 3042 3797 3082; x_wconf 86' lang='lat' dir='ltr'><strong>novo-</strong></span> 
     </span>
    </p>
   </div>
   <div class='ocr_carea' id='block_1_43' title="bbox 441 3103 2142 3187">
    <p class='ocr_par' dir='ltr' id='par_1_43' title="bbox 441 3103 2142 3187">
     <span class='ocr_line' id='line_1_46' title="bbox 441 3103 2142 3187; baseline -0.008 -23"><span class='ocrx_word' id='word_1_335' title='bbox 441 3110 572 3164; x_wconf 86' lang='lat' dir='ltr'><strong>ait:</strong></span> <span class='ocrx_word' id='word_1_336' title='bbox 603 3130 629 3157; x_wconf 84' lang='lat'><strong>«</strong></span> <span class='ocrx_word' id='word_1_337' title='bbox 662 3108 789 3187; x_wconf 78' lang='lat' dir='ltr'><strong>Dies</strong></span> <span class='ocrx_word' id='word_1_338' title='bbox 813 3103 1114 3186; x_wconf 73' lang='lat' dir='ltr'><strong>observatis</strong></span> <span class='ocrx_word' id='word_1_339' title='bbox 1164 3105 1220 3154; x_wconf 86' lang='lat' dir='ltr'><strong>et</strong></span> <span class='ocrx_word' id='word_1_340' title='bbox 1271 3113 1502 3187; x_wconf 60' lang='lat' dir='ltr'><strong>meases,</strong></span> <span class='ocrx_word' id='word_1_341' title='bbox 1556 3108 1622 3181; x_wconf 36' lang='lat' dir='ltr'><strong>et.</strong></span> <span class='ocrx_word' id='word_1_342' title='bbox 1661 3107 1923 3187; x_wconf 62' lang='grc' dir='ltr'><strong>ιεξηρονςι2</strong></span> <span class='ocrx_word' id='word_1_343' title='bbox 1963 3105 2014 3152; x_wconf 83' lang='lat' dir='ltr'><strong>et</strong></span> <span class='ocrx_word' id='word_1_344' title='bbox 2125 3131 2142 3168; x_wconf 74' lang='grc' dir='ltr'>ι</span> 
     </span>
    </p>
   </div>
   <div class='ocr_carea' id='block_1_44' title="bbox 2202 3103 3786 3187">
    <p class='ocr_par' dir='ltr' id='par_1_44' title="bbox 2202 3113 3786 3187">
     <span class='ocr_line' id='line_1_47' title="bbox 2202 3113 3786 3187; baseline 0.001 -19"><span class='ocrx_word' id='word_1_345' title='bbox 2202 3129 2279 3185; x_wconf 88' lang='lat' dir='ltr'><strong>m,</strong></span> <span class='ocrx_word' id='word_1_346' title='bbox 2301 3113 2441 3170; x_wconf 90' lang='lat' dir='ltr'><strong>luna</strong></span> <span class='ocrx_word' id='word_1_347' title='bbox 2460 3113 2521 3168; x_wconf 81' lang='grc'>14</span> <span class='ocrx_word' id='word_1_348' title='bbox 2537 3129 2719 3185; x_wconf 90' lang='lat' dir='ltr'><strong>usque</strong></span> <span class='ocrx_word' id='word_1_349' title='bbox 2734 3113 2805 3169; x_wconf 91' lang='lat' dir='ltr'><strong>ad</strong></span> <span class='ocrx_word' id='word_1_350' title='bbox 2817 3113 3163 3185; x_wconf 89' lang='lat' dir='ltr'><strong>vigesimam</strong></span> <span class='ocrx_word' id='word_1_351' title='bbox 3181 3115 3430 3186; x_wconf 89' lang='lat' dir='ltr'><strong>primam</strong></span> <span class='ocrx_word' id='word_1_352' title='bbox 3456 3114 3786 3187; x_wconf 72' lang='lat' dir='ltr'><strong>(Exod.xu).</strong></span> 
     </span>
    </p>
   </div>
   <div class='ocr_carea' id='block_1_45' title="bbox 440 3169 3790 3296">
    <p class='ocr_par' dir='ltr' id='par_1_45' title="bbox 440 3169 3790 3296">
     <span class='ocr_line' id='line_1_48' title="bbox 440 3169 3790 3296; baseline 0 0"><span class='ocrx_word' id='word_1_353' title='bbox 440 3169 1946 3296; x_wconf 48' lang='lat' dir='ltr'><strong>ﬁliai-13??!ZiéZfiiiiﬁias’hii’iig“mihi;ff‘</strong></span> <span class='ocrx_word' id='word_1_354' title='bbox 1953 3240 2018 3296; x_wconf 86' lang='lat' dir='ltr'><strong>in</strong></span> <span class='ocrx_word' id='word_1_355' title='bbox 2122 3203 2206 3296; x_wconf 40' lang='lat' dir='ltr'><strong>Eb</strong></span> <span class='ocrx_word' id='word_1_356' title='bbox 2269 3201 2584 3296; x_wconf 52' lang='grc' dir='ltr'><strong>Ενὲἕηεῗῂθ</strong></span> <span class='ocrx_word' id='word_1_357' title='bbox 2612 3205 2816 3296; x_wconf 50' lang='lat' dir='ltr'><strong>iam“</strong></span> <span class='ocrx_word' id='word_1_358' title='bbox 2865 3219 3019 3296; x_wconf 55' lang='lat'><strong>‘19.&quot;</strong></span> <span class='ocrx_word' id='word_1_359' title='bbox 3073 3203 3452 3296; x_wconf 55' lang='grc' dir='ltr'><strong>ωεξωίθθίιὲω</strong></span> <span class='ocrx_word' id='word_1_360' title='bbox 3504 3208 3790 3296; x_wconf 55' lang='lat' dir='ltr'><strong>“tam”</strong></span> 
     </span>
    </p>
   </div>
   <div class='ocr_carea' id='block_1_46' title="bbox 438 3240 3793 3366">
    <p class='ocr_par' dir='ltr' id='par_1_46' title="bbox 438 3240 3793 3366">
     <span class='ocr_line' id='line_1_49' title="bbox 438 3240 3790 3320; baseline -0.01 -11"><span class='ocrx_word' id='word_1_361' title='bbox 438 3240 781 3320; x_wconf 83' lang='lat' dir='ltr'><strong>Ambrosius,</strong></span> <span class='ocrx_word' id='word_1_362' title='bbox 812 3251 871 3303; x_wconf 81' lang='lat' dir='ltr'><strong>in</strong></span> <span class='ocrx_word' id='word_1_363' title='bbox 901 3245 1239 3318; x_wconf 72' lang='lat' dir='ltr'><strong>expositione</strong></span> <span class='ocrx_word' id='word_1_364' title='bbox 1271 3240 1532 3313; x_wconf 75' lang='lat' dir='ltr'><strong>Epistolae</strong></span> <span class='ocrx_word' id='word_1_365' title='bbox 1559 3242 1633 3298; x_wconf 85' lang='lat' dir='ltr'><strong>ad</strong></span> <span class='ocrx_word' id='word_1_366' title='bbox 1664 3240 1910 3308; x_wconf 83' lang='lat' dir='ltr'><strong>Galatas,</strong></span> <span class='ocrx_word' id='word_1_367' title='bbox 1953 3240 2018 3296; x_wconf 85' lang='lat' dir='ltr'><strong>in</strong></span> <span class='ocrx_word' id='word_1_368' title='bbox 2123 3240 2206 3303; x_wconf 65' lang='lat' dir='ltr'><strong>“‘f</strong></span> <span class='ocrx_word' id='word_1_369' title='bbox 2270 3240 2584 3303; x_wconf 64' lang='grc' dir='ltr'><strong>¹³¹Ὓ³δν⁸⁸ν</strong></span> <span class='ocrx_word' id='word_1_370' title='bbox 2612 3240 2816 3302; x_wconf 78' lang='lat'><strong>_“““&quot;“</strong></span> <span class='ocrx_word' id='word_1_371' title='bbox 2878 3240 3019 3302; x_wconf 57' lang='grc' dir='ltr'><strong>Ὶγηδ</strong></span> <span class='ocrx_word' id='word_1_372' title='bbox 3073 3240 3452 3304; x_wconf 64' lang='grc' dir='ltr'><strong>ωυξυηυυνιςιυ</strong></span> <span class='ocrx_word' id='word_1_373' title='bbox 3504 3240 3615 3273; x_wconf 60' lang='lat' dir='ltr'><strong>ww</strong></span> <span class='ocrx_word' id='word_1_374' title='bbox 3665 3240 3790 3274; x_wconf 73' lang='grc' dir='ltr'><strong>ιιυυ</strong></span> 
     </span>
     <span class='ocr_line' id='line_1_50' title="bbox 438 3292 3793 3366; baseline -0.002 -8"><span class='ocrx_word' id='word_1_375' title='bbox 438 3341 538 3366; x_wconf 66' lang='lat' dir='ltr'><strong>mn</strong></span> <span class='ocrx_word' id='word_1_376' title='bbox 593 3339 667 3366; x_wconf 53' lang='grc' dir='ltr'><strong>ιν,</strong></span> <span class='ocrx_word' id='word_1_377' title='bbox 2125 3297 2303 3349; x_wconf 79' lang='lat' dir='ltr'><strong>etiam</strong></span> <span class='ocrx_word' id='word_1_378' title='bbox 2335 3293 2428 3348; x_wconf 82' lang='lat' dir='ltr'><strong>die</strong></span> <span class='ocrx_word' id='word_1_379' title='bbox 2463 3293 2744 3348; x_wconf 84' lang='lat' dir='ltr'><strong>Dominus</strong></span> <span class='ocrx_word' id='word_1_380' title='bbox 2777 3293 3093 3348; x_wconf 81' lang='lat' dir='ltr'><strong>cruciﬁxus</strong></span> <span class='ocrx_word' id='word_1_381' title='bbox 3125 3297 3222 3364; x_wconf 80' lang='lat' dir='ltr'><strong>sit,</strong></span> <span class='ocrx_word' id='word_1_382' title='bbox 3261 3297 3320 3349; x_wconf 91' lang='lat' dir='ltr'><strong>et</strong></span> <span class='ocrx_word' id='word_1_383' title='bbox 3366 3310 3427 3349; x_wconf 90' lang='lat' dir='ltr'><strong>1n</strong></span> <span class='ocrx_word' id='word_1_384' title='bbox 3476 3292 3793 3366; x_wconf 86' lang='lat' dir='ltr'><strong>sepultura</strong></span> 
     </span>
    </p>
   </div>
   <div class='ocr_carea' id='block_1_47' title="bbox 436 3339 2142 3453">
    <p class='ocr_par' dir='ltr' id='par_1_47' title="bbox 436 3339 2142 3453">
     <span class='ocr_line' id='line_1_51' title="bbox 436 3339 2142 3396; baseline -0.002 -16"><span class='ocrx_word' id='word_1_385' title='bbox 436 3341 558 3396; x_wconf 84' lang='lat' dir='ltr'><strong>cap.</strong></span> <span class='ocrx_word' id='word_1_386' title='bbox 593 3339 668 3378; x_wconf 83' lang='lat' dir='ltr'><strong>1v.</strong></span> <span class='ocrx_word' id='word_1_387' title='bbox 2127 3339 2142 3349; x_wconf 84' lang='lat'><em>‘</em></span> 
     </span>
     <span class='ocr_line' id='line_1_52' title="bbox 441 3381 2142 3453; baseline 0 0"><span class='ocrx_word' id='word_1_388' title='bbox 441 3430 557 3453; x_wconf 71' lang='lat' dir='ltr'><strong>n:--</strong></span> <span class='ocrx_word' id='word_1_389' title='bbox 593 3426 883 3453; x_wconf 64' lang='grc' dir='ltr'><strong>Δ1.......ηιίι</strong></span> <span class='ocrx_word' id='word_1_390' title='bbox 954 3426 1001 3453; x_wconf 60' lang='grc' dir='ltr'><strong>ηδ</strong></span> <span class='ocrx_word' id='word_1_391' title='bbox 1043 3436 1258 3453; x_wconf 56' lang='lat' dir='ltr'><strong>“annale</strong></span> <span class='ocrx_word' id='word_1_392' title='bbox 1332 3425 1384 3453; x_wconf 67' lang='lat' dir='ltr'><strong><em>nl</em></strong></span> <span class='ocrx_word' id='word_1_393' title='bbox 1434 3421 1670 3453; x_wconf 61' lang='lat' dir='ltr'><strong>Inmmnrn</strong></span> <span class='ocrx_word' id='word_1_394' title='bbox 1715 3401 1799 3453; x_wconf 24' lang='grc' dir='ltr'><strong>ὀι</strong></span> <span class='ocrx_word' id='word_1_395' title='bbox 1848 3433 2021 3453; x_wconf 75' lang='lat' dir='ltr'><strong>nnan</strong></span> <span class='ocrx_word' id='word_1_396' title='bbox 2126 3381 2142 3435; x_wconf 64' lang='grc'><strong>1</strong></span> 
     </span>
    </p>
   </div>
   <div class='ocr_carea' id='block_1_48' title="bbox 2202 3339 3792 3453">
    <p class='ocr_par' dir='ltr' id='par_1_48' title="bbox 2202 3339 3792 3453">
     <span class='ocr_line' id='line_1_53' title="bbox 2209 3339 3792 3366; baseline 0 -16"><span class='ocrx_word' id='word_1_397' title='bbox 2209 3339 2303 3348; x_wconf 87' lang='lat'><strong>....-</strong></span> <span class='ocrx_word' id='word_1_398' title='bbox 2337 3339 2427 3348; x_wconf 62' lang='grc' dir='ltr'><strong>--ν</strong></span> <span class='ocrx_word' id='word_1_399' title='bbox 2464 3339 2744 3348; x_wconf 59' lang='grc' dir='ltr'><strong>---ω-.--</strong></span> <span class='ocrx_word' id='word_1_400' title='bbox 2779 3339 3093 3348; x_wconf 70' lang='lat'><strong>----.--.._-</strong></span> <span class='ocrx_word' id='word_1_401' title='bbox 3125 3339 3222 3364; x_wconf 84' lang='lat'><strong>-.-,</strong></span> <span class='ocrx_word' id='word_1_402' title='bbox 3264 3339 3319 3349; x_wconf 81' lang='grc'><strong>--</strong></span> <span class='ocrx_word' id='word_1_403' title='bbox 3367 3339 3427 3349; x_wconf 91' lang='lat'><strong>-..</strong></span> <span class='ocrx_word' id='word_1_404' title='bbox 3476 3339 3792 3366; x_wconf 63' lang='grc' dir='ltr'><strong>--τ-η---</strong></span> 
     </span>
     <span class='ocr_line' id='line_1_54' title="bbox 2202 3380 3792 3453; baseline 0.001 -18"><span class='ocrx_word' id='word_1_405' title='bbox 2202 3380 2323 3450; x_wconf 80' lang='lat' dir='ltr'><strong>erit,</strong></span> <span class='ocrx_word' id='word_1_406' title='bbox 2373 3385 2429 3436; x_wconf 86' lang='lat' dir='ltr'><strong>et</strong></span> <span class='ocrx_word' id='word_1_407' title='bbox 2485 3381 2870 3437; x_wconf 83' lang='lat' dir='ltr'><strong>resurrexerit</strong></span> <span class='ocrx_word' id='word_1_408' title='bbox 2926 3383 3114 3452; x_wconf 84' lang='lat' dir='ltr'><strong>(Joan.</strong></span> <span class='ocrx_word' id='word_1_409' title='bbox 3162 3382 3304 3453; x_wconf 69' lang='grc' dir='ltr'><strong>ιιι),</strong></span> <span class='ocrx_word' id='word_1_410' title='bbox 3364 3382 3642 3453; x_wconf 84' lang='lat' dir='ltr'><strong>adjuncta</strong></span> <span class='ocrx_word' id='word_1_411' title='bbox 3693 3386 3792 3437; x_wconf 85' lang='lat' dir='ltr'><strong>est</strong></span> 
     </span>
    </p>
   </div>
   <div class='ocr_carea' id='block_1_49' title="bbox 433 3421 2021 3492">
    <p class='ocr_par' dir='ltr' id='par_1_49' title="bbox 433 3421 2021 3492">
     <span class='ocr_line' id='line_1_55' title="bbox 433 3421 2021 3492; baseline -0.009 -6"><span class='ocrx_word' id='word_1_412' title='bbox 433 3430 558 3486; x_wconf 83' lang='lat' dir='ltr'><strong>Dies</strong></span> <span class='ocrx_word' id='word_1_413' title='bbox 586 3426 904 3492; x_wconf 82' lang='lat' dir='ltr'><strong>observatis,</strong></span> <span class='ocrx_word' id='word_1_414' title='bbox 950 3426 1002 3479; x_wconf 89' lang='lat' dir='ltr'><strong>et</strong></span> <span class='ocrx_word' id='word_1_415' title='bbox 1043 3436 1278 3489; x_wconf 82' lang='lat' dir='ltr'><strong>menses,</strong></span> <span class='ocrx_word' id='word_1_416' title='bbox 1331 3425 1384 3474; x_wconf 81' lang='lat' dir='ltr'><strong>et</strong></span> <span class='ocrx_word' id='word_1_417' title='bbox 1434 3421 1694 3491; x_wconf 77' lang='lat' dir='ltr'><strong>tempora,</strong></span> <span class='ocrx_word' id='word_1_418' title='bbox 1744 3428 1799 3474; x_wconf 85' lang='lat' dir='ltr'><strong>et</strong></span> <span class='ocrx_word' id='word_1_419' title='bbox 1846 3433 2021 3474; x_wconf 82' lang='lat' dir='ltr'><strong>annos</strong></span> 
     </span>
    </p>
   </div>
   <div class='ocr_carea' id='block_1_50' title="bbox 367 3507 2020 3594">
    <p class='ocr_par' dir='ltr' id='par_1_50' title="bbox 367 3507 2020 3594">
     <span class='ocr_line' id='line_1_56' title="bbox 367 3507 2020 3594; baseline -0.008 -18"><span class='ocrx_word' id='word_1_420' title='bbox 367 3517 708 3594; x_wconf 84' lang='lat' dir='ltr'><strong>(Galat.1v).</strong></span> <span class='ocrx_word' id='word_1_421' title='bbox 764 3513 897 3570; x_wconf 89' lang='lat' dir='ltr'><strong>Dies</strong></span> <span class='ocrx_word' id='word_1_422' title='bbox 945 3528 1083 3584; x_wconf 87' lang='lat' dir='ltr'><strong>ergo</strong></span> <span class='ocrx_word' id='word_1_423' title='bbox 1136 3512 1469 3574; x_wconf 86' lang='lat' dir='ltr'><strong>observant,</strong></span> <span class='ocrx_word' id='word_1_424' title='bbox 1520 3508 1618 3580; x_wconf 90' lang='lat' dir='ltr'><strong>qui</strong></span> <span class='ocrx_word' id='word_1_425' title='bbox 1671 3507 1896 3575; x_wconf 89' lang='lat' dir='ltr'><strong>dicunt,</strong></span> <span class='ocrx_word' id='word_1_426' title='bbox 1953 3511 2020 3562; x_wconf 92' lang='lat' dir='ltr'><strong>ut</strong></span> 
     </span>
    </p>
   </div>
   <div class='ocr_carea' id='block_1_51' title="bbox 365 3595 2018 3681">
    <p class='ocr_par' dir='ltr' id='par_1_51' title="bbox 365 3595 2018 3681">
     <span class='ocr_line' id='line_1_57' title="bbox 365 3595 2018 3681; baseline -0.008 -18"><span class='ocrx_word' id='word_1_427' title='bbox 365 3611 531 3681; x_wconf 88' lang='lat' dir='ltr'><strong>puta,</strong></span> <span class='ocrx_word' id='word_1_428' title='bbox 566 3604 821 3661; x_wconf 86' lang='lat' dir='ltr'><strong>crastino</strong></span> <span class='ocrx_word' id='word_1_429' title='bbox 853 3599 1346 3675; x_wconf 74' lang='lat' dir='ltr'><strong>proficiscendum</strong></span> <span class='ocrx_word' id='word_1_430' title='bbox 1380 3615 1495 3653; x_wconf 93' lang='lat' dir='ltr'><strong>non</strong></span> <span class='ocrx_word' id='word_1_431' title='bbox 1527 3601 1778 3670; x_wconf 85' lang='lat' dir='ltr'><strong>est,post</strong></span> <span class='ocrx_word' id='word_1_432' title='bbox 1808 3595 2018 3652; x_wconf 89' lang='lat' dir='ltr'><strong>crasti—</strong></span> 
     </span>
    </p>
   </div>
   <div class='ocr_carea' id='block_1_52' title="bbox 366 3683 2022 3761">
    <p class='ocr_par' dir='ltr' id='par_1_52' title="bbox 366 3683 2022 3761">
     <span class='ocr_line' id='line_1_58' title="bbox 366 3683 2022 3761; baseline -0.008 -9"><span class='ocrx_word' id='word_1_433' title='bbox 366 3711 508 3753; x_wconf 91' lang='lat' dir='ltr'><strong>num</strong></span> <span class='ocrx_word' id='word_1_434' title='bbox 542 3695 700 3751; x_wconf 89' lang='lat' dir='ltr'><strong>enim</strong></span> <span class='ocrx_word' id='word_1_435' title='bbox 732 3709 846 3749; x_wconf 93' lang='lat' dir='ltr'><strong>non</strong></span> <span class='ocrx_word' id='word_1_436' title='bbox 880 3691 1051 3747; x_wconf 88' lang='lat' dir='ltr'><strong>debet</strong></span> <span class='ocrx_word' id='word_1_437' title='bbox 1083 3687 1308 3761; x_wconf 88' lang='lat' dir='ltr'><strong>aliquid</strong></span> <span class='ocrx_word' id='word_1_438' title='bbox 1342 3686 1689 3758; x_wconf 89' lang='lat' dir='ltr'><strong>inchoari,et</strong></span> <span class='ocrx_word' id='word_1_439' title='bbox 1717 3683 1800 3742; x_wconf 88' lang='lat' dir='ltr'><strong>sic</strong></span> <span class='ocrx_word' id='word_1_440' title='bbox 1831 3684 2022 3740; x_wconf 88' lang='lat' dir='ltr'><strong>solent</strong></span> 
     </span>
    </p>
   </div>
   <div class='ocr_carea' id='block_1_53' title="bbox 367 3774 2019 3858">
    <p class='ocr_par' dir='ltr' id='par_1_53' title="bbox 367 3774 2019 3858">
     <span class='ocr_line' id='line_1_59' title="bbox 367 3774 2019 3858; baseline -0.008 -16"><span class='ocrx_word' id='word_1_441' title='bbox 367 3785 557 3858; x_wconf 84' lang='lat' dir='ltr'><strong>magis</strong></span> <span class='ocrx_word' id='word_1_442' title='bbox 589 3781 797 3855; x_wconf 91' lang='lat' dir='ltr'><strong>decipi.</strong></span> <span class='ocrx_word' id='word_1_443' title='bbox 830 3781 900 3838; x_wconf 87' lang='lat' dir='ltr'><strong>Hi</strong></span> <span class='ocrx_word' id='word_1_444' title='bbox 931 3774 1127 3836; x_wconf 87' lang='lat' dir='ltr'><strong>autem</strong></span> <span class='ocrx_word' id='word_1_445' title='bbox 1159 3777 1363 3833; x_wconf 89' lang='lat' dir='ltr'><strong>colunt</strong></span> <span class='ocrx_word' id='word_1_446' title='bbox 1392 3792 1644 3842; x_wconf 89' lang='lat' dir='ltr'><strong>menses,</strong></span> <span class='ocrx_word' id='word_1_447' title='bbox 1678 3775 1778 3847; x_wconf 92' lang='lat' dir='ltr'><strong>qui</strong></span> <span class='ocrx_word' id='word_1_448' title='bbox 1810 3790 2019 3831; x_wconf 87' lang='lat' dir='ltr'><strong>cursus</strong></span> 
     </span>
    </p>
   </div>
   <div class='ocr_carea' id='block_1_54' title="bbox 366 3863 2022 3948">
    <p class='ocr_par' dir='ltr' id='par_1_54' title="bbox 366 3863 2022 3948">
     <span class='ocr_line' id='line_1_60' title="bbox 366 3863 2022 3948; baseline -0.008 -16"><span class='ocrx_word' id='word_1_449' title='bbox 366 3875 845 3948; x_wconf 89' lang='lat' dir='ltr'><strong>persecrutantur</strong></span> <span class='ocrx_word' id='word_1_450' title='bbox 870 3869 1021 3925; x_wconf 82' lang='lat' dir='ltr'><strong>lunae</strong></span> <span class='ocrx_word' id='word_1_451' title='bbox 1047 3867 1402 3937; x_wconf 88' lang='lat' dir='ltr'><strong>dicentes,ut</strong></span> <span class='ocrx_word' id='word_1_452' title='bbox 1432 3864 1852 3937; x_wconf 88' lang='lat' dir='ltr'><strong>puta,septima</strong></span> <span class='ocrx_word' id='word_1_453' title='bbox 1880 3863 2022 3919; x_wconf 88' lang='lat' dir='ltr'><strong>luna</strong></span> 
     </span>
    </p>
   </div>
   <div class='ocr_carea' id='block_1_55' title="bbox 367 3951 2019 4022">
    <p class='ocr_par' dir='ltr' id='par_1_55' title="bbox 367 3951 2019 4022">
     <span class='ocr_line' id='line_1_61' title="bbox 367 3951 2019 4022; baseline -0.008 -2"><span class='ocrx_word' id='word_1_454' title='bbox 367 3965 769 4022; x_wconf 89' lang='lat' dir='ltr'><strong>instrumenta</strong></span> <span class='ocrx_word' id='word_1_455' title='bbox 797 3957 1003 4018; x_wconf 86' lang='lat' dir='ltr'><strong>conlici</strong></span> <span class='ocrx_word' id='word_1_456' title='bbox 1034 3974 1153 4012; x_wconf 91' lang='lat' dir='ltr'><strong>non</strong></span> <span class='ocrx_word' id='word_1_457' title='bbox 1184 3955 1580 4022; x_wconf 89' lang='lat' dir='ltr'><strong>debent;nona</strong></span> <span class='ocrx_word' id='word_1_458' title='bbox 1611 3953 1825 4008; x_wconf 91' lang='lat' dir='ltr'><strong>iterum</strong></span> <span class='ocrx_word' id='word_1_459' title='bbox 1857 3951 2019 4020; x_wconf 90' lang='lat' dir='ltr'><strong>luna,</strong></span> 
     </span>
    </p>
   </div>
   <div class='ocr_carea' id='block_1_56' title="bbox 368 4042 2016 4127">
    <p class='ocr_par' dir='ltr' id='par_1_56' title="bbox 368 4042 2016 4127">
     <span class='ocr_line' id='line_1_62' title="bbox 368 4042 2016 4127; baseline -0.01 -16"><span class='ocrx_word' id='word_1_460' title='bbox 368 4057 434 4113; x_wconf 90' lang='lat' dir='ltr'><strong>ut</strong></span> <span class='ocrx_word' id='word_1_461' title='bbox 455 4057 596 4127; x_wconf 84' lang='lat' dir='ltr'><strong>puta</strong></span> <span class='ocrx_word' id='word_1_462' title='bbox 617 4055 883 4125; x_wconf 89' lang='lat' dir='ltr'><strong>emptum</strong></span> <span class='ocrx_word' id='word_1_463' title='bbox 909 4063 1144 4105; x_wconf 88' lang='lat' dir='ltr'><strong>servum</strong></span> <span class='ocrx_word' id='word_1_464' title='bbox 1168 4046 1413 4102; x_wconf 89' lang='lat' dir='ltr'><strong>domum</strong></span> <span class='ocrx_word' id='word_1_465' title='bbox 1438 4042 1574 4098; x_wconf 89' lang='lat' dir='ltr'><strong>duci</strong></span> <span class='ocrx_word' id='word_1_466' title='bbox 1598 4059 1713 4098; x_wconf 93' lang='lat' dir='ltr'><strong>non</strong></span> <span class='ocrx_word' id='word_1_467' title='bbox 1745 4045 1973 4113; x_wconf 88' lang='lat' dir='ltr'><strong>oportet</strong></span> <span class='ocrx_word' id='word_1_468' title='bbox 2003 4058 2016 4097; x_wconf 92' lang='lat'><strong>:</strong></span> 
     </span>
    </p>
   </div>
   <div class='ocr_carea' id='block_1_57' title="bbox 366 4130 2019 4217">
    <p class='ocr_par' dir='ltr' id='par_1_57' title="bbox 366 4130 2019 4217">
     <span class='ocr_line' id='line_1_63' title="bbox 366 4130 2019 4217; baseline -0.01 -15"><span class='ocrx_word' id='word_1_469' title='bbox 366 4149 424 4202; x_wconf 88' lang='lat' dir='ltr'><strong>et</strong></span> <span class='ocrx_word' id='word_1_470' title='bbox 455 4160 558 4217; x_wconf 89' lang='lat' dir='ltr'><strong>per</strong></span> <span class='ocrx_word' id='word_1_471' title='bbox 582 4142 705 4199; x_wconf 65' lang='lat' dir='ltr'><strong>haec</strong></span> <span class='ocrx_word' id='word_1_472' title='bbox 739 4138 969 4196; x_wconf 80' lang='lat' dir='ltr'><strong>facilius</strong></span> <span class='ocrx_word' id='word_1_473' title='bbox 999 4135 1189 4194; x_wconf 88' lang='lat' dir='ltr'><strong>solent</strong></span> <span class='ocrx_word' id='word_1_474' title='bbox 1217 4134 1464 4192; x_wconf 91' lang='lat' dir='ltr'><strong>adversa</strong></span> <span class='ocrx_word' id='word_1_475' title='bbox 1494 4130 1818 4205; x_wconf 90' lang='lat' dir='ltr'><strong>provenire.</strong></span> <span class='ocrx_word' id='word_1_476' title='bbox 1851 4131 2019 4186; x_wconf 87' lang='lat' dir='ltr'><strong>Tem-</strong></span> 
     </span>
    </p>
   </div>
   <div class='ocr_carea' id='block_1_58' title="bbox 367 4219 2022 4307">
    <p class='ocr_par' dir='ltr' id='par_1_58' title="bbox 367 4219 2022 4307">
     <span class='ocr_line' id='line_1_64' title="bbox 367 4219 2022 4307; baseline -0.008 -17"><span class='ocrx_word' id='word_1_477' title='bbox 367 4251 511 4307; x_wconf 91' lang='lat' dir='ltr'><strong>pora</strong></span> <span class='ocrx_word' id='word_1_478' title='bbox 539 4248 673 4289; x_wconf 88' lang='lat' dir='ltr'><strong>vero</strong></span> <span class='ocrx_word' id='word_1_479' title='bbox 705 4231 790 4287; x_wconf 90' lang='lat' dir='ltr'><strong>sic</strong></span> <span class='ocrx_word' id='word_1_480' title='bbox 820 4229 1135 4286; x_wconf 84' lang='lat' dir='ltr'><strong>observant</strong></span> <span class='ocrx_word' id='word_1_481' title='bbox 1164 4241 1299 4282; x_wconf 90' lang='lat' dir='ltr'><strong>cum</strong></span> <span class='ocrx_word' id='word_1_482' title='bbox 1330 4222 1537 4280; x_wconf 91' lang='lat' dir='ltr'><strong>dicunt</strong></span> <span class='ocrx_word' id='word_1_483' title='bbox 1577 4238 1591 4275; x_wconf 90' lang='lat'>:</span> <span class='ocrx_word' id='word_1_484' title='bbox 1639 4219 1824 4276; x_wconf 89' lang='lat' dir='ltr'><strong>Hodie</strong></span> <span class='ocrx_word' id='word_1_485' title='bbox 1870 4219 2022 4276; x_wconf 88' lang='lat' dir='ltr'><strong>veris</strong></span> 
     </span>
    </p>
   </div>
   <div class='ocr_carea' id='block_1_59' title="bbox 365 4307 2023 4390">
    <p class='ocr_par' dir='ltr' id='par_1_59' title="bbox 365 4307 2023 4390">
     <span class='ocr_line' id='line_1_65' title="bbox 365 4307 2023 4390; baseline -0.008 -12"><span class='ocrx_word' id='word_1_486' title='bbox 365 4322 603 4378; x_wconf 88' lang='lat' dir='ltr'><strong>initium</strong></span> <span class='ocrx_word' id='word_1_487' title='bbox 634 4324 748 4390; x_wconf 90' lang='lat' dir='ltr'><strong>est,</strong></span> <span class='ocrx_word' id='word_1_488' title='bbox 789 4317 1073 4375; x_wconf 80' lang='lat' dir='ltr'><strong>festivitas</strong></span> <span class='ocrx_word' id='word_1_489' title='bbox 1126 4319 1253 4383; x_wconf 85' lang='lat' dir='ltr'><strong>est;</strong></span> <span class='ocrx_word' id='word_1_490' title='bbox 1309 4315 1442 4386; x_wconf 90' lang='lat' dir='ltr'><strong>post</strong></span> <span class='ocrx_word' id='word_1_491' title='bbox 1497 4327 1624 4367; x_wconf 87' lang='lat' dir='ltr'><strong>cras</strong></span> <span class='ocrx_word' id='word_1_492' title='bbox 1685 4307 2023 4366; x_wconf 87' lang='lat' dir='ltr'><strong>Vulcanalia</strong></span> 
     </span>
    </p>
   </div>
   <div class='ocr_carea' id='block_1_60' title="bbox 367 4399 2100 4475">
    <p class='ocr_par' dir='ltr' id='par_1_60' title="bbox 367 4399 2100 4475">
     <span class='ocr_line' id='line_1_66' title="bbox 367 4399 2100 4475; baseline -0.008 -7"><span class='ocrx_word' id='word_1_493' title='bbox 367 4415 527 4468; x_wconf 89' lang='lat' dir='ltr'><strong>sunt.</strong></span> <span class='ocrx_word' id='word_1_494' title='bbox 553 4411 857 4465; x_wconf 87' lang='lat' dir='ltr'><strong>Posterum</strong></span> <span class='ocrx_word' id='word_1_495' title='bbox 881 4411 989 4475; x_wconf 89' lang='lat' dir='ltr'><strong>est,</strong></span> <span class='ocrx_word' id='word_1_496' title='bbox 1017 4406 1259 4460; x_wconf 90' lang='lat' dir='ltr'><strong>domum</strong></span> <span class='ocrx_word' id='word_1_497' title='bbox 1284 4401 1479 4475; x_wconf 85' lang='lat' dir='ltr'><strong>egredi</strong></span> <span class='ocrx_word' id='word_1_498' title='bbox 1505 4417 1618 4457; x_wconf 94' lang='lat' dir='ltr'><strong>non</strong></span> <span class='ocrx_word' id='word_1_499' title='bbox 1650 4399 1803 4456; x_wconf 88' lang='lat' dir='ltr'><strong>licet.</strong></span> <span class='ocrx_word' id='word_1_500' title='bbox 1827 4401 2021 4455; x_wconf 80' lang='lat' dir='ltr'><strong>Annos</strong></span> <span class='ocrx_word' id='word_1_501' title='bbox 2053 4400 2100 4466; x_wconf 87' lang='lat' dir='ltr'><strong>D</strong></span> 
     </span>
    </p>
   </div>
   <div class='ocr_carea' id='block_1_61' title="bbox 368 4489 2022 4562">
    <p class='ocr_par' dir='ltr' id='par_1_61' title="bbox 368 4489 2022 4562">
     <span class='ocr_line' id='line_1_67' title="bbox 368 4489 2022 4562; baseline -0.009 -5"><span class='ocrx_word' id='word_1_502' title='bbox 368 4501 454 4558; x_wconf 82' lang='lat' dir='ltr'><strong>sic</strong></span> <span class='ocrx_word' id='word_1_503' title='bbox 476 4498 675 4556; x_wconf 88' lang='lat' dir='ltr'><strong>colunt</strong></span> <span class='ocrx_word' id='word_1_504' title='bbox 701 4513 836 4554; x_wconf 90' lang='lat' dir='ltr'><strong>cum</strong></span> <span class='ocrx_word' id='word_1_505' title='bbox 858 4497 1082 4562; x_wconf 89' lang='lat' dir='ltr'><strong>dicunt,</strong></span> <span class='ocrx_word' id='word_1_506' title='bbox 1102 4492 1378 4550; x_wconf 84' lang='lat' dir='ltr'><strong>Kalendis</strong></span> <span class='ocrx_word' id='word_1_507' title='bbox 1402 4489 1704 4548; x_wconf 88' lang='lat' dir='ltr'><strong>Januariis</strong></span> <span class='ocrx_word' id='word_1_508' title='bbox 1726 4504 1911 4544; x_wconf 89' lang='lat' dir='ltr'><strong>novus</strong></span> <span class='ocrx_word' id='word_1_509' title='bbox 1933 4490 2022 4542; x_wconf 88' lang='lat' dir='ltr'><strong>est</strong></span> 
     </span>
    </p>
   </div>
   <div class='ocr_carea' id='block_1_62' title="bbox 367 4577 2024 4660">
    <p class='ocr_par' dir='ltr' id='par_1_62' title="bbox 367 4577 2024 4660">
     <span class='ocr_line' id='line_1_68' title="bbox 367 4577 2024 4660; baseline -0.008 -14"><span class='ocrx_word' id='word_1_510' title='bbox 367 4605 560 4646; x_wconf 84' lang='lat' dir='ltr'><strong>annus</strong></span> <span class='ocrx_word' id='word_1_511' title='bbox 591 4586 760 4660; x_wconf 90' lang='lat' dir='ltr'><strong>quasi</strong></span> <span class='ocrx_word' id='word_1_512' title='bbox 791 4603 907 4642; x_wconf 90' lang='lat' dir='ltr'><strong>non</strong></span> <span class='ocrx_word' id='word_1_513' title='bbox 940 4583 1200 4658; x_wconf 89' lang='lat' dir='ltr'><strong>quotidie</strong></span> <span class='ocrx_word' id='word_1_514' title='bbox 1232 4581 1370 4639; x_wconf 90' lang='lat' dir='ltr'><strong>anni</strong></span> <span class='ocrx_word' id='word_1_515' title='bbox 1401 4580 1779 4653; x_wconf 87' lang='lat' dir='ltr'><strong>impleantur.</strong></span> <span class='ocrx_word' id='word_1_516' title='bbox 1814 4577 1925 4634; x_wconf 85' lang='lat' dir='ltr'><strong>Sed</strong></span> <span class='ocrx_word' id='word_1_517' title='bbox 1960 4581 2024 4632; x_wconf 89' lang='lat' dir='ltr'><strong>ut</strong></span> 
     </span>
    </p>
   </div>
   <div class='ocr_carea' id='block_1_63' title="bbox 364 4666 2021 4737">
    <p class='ocr_par' dir='ltr' id='par_1_63' title="bbox 364 4666 2021 4737">
     <span class='ocr_line' id='line_1_69' title="bbox 364 4666 2021 4737; baseline -0.008 -3"><span class='ocrx_word' id='word_1_518' title='bbox 364 4679 496 4734; x_wconf 88' lang='lat' dir='ltr'><strong>Jani</strong></span> <span class='ocrx_word' id='word_1_519' title='bbox 521 4677 680 4733; x_wconf 87' lang='lat' dir='ltr'><strong>illius</strong></span> <span class='ocrx_word' id='word_1_520' title='bbox 704 4675 1048 4732; x_wconf 83' lang='lat' dir='ltr'><strong>memoriam</strong></span> <span class='ocrx_word' id='word_1_521' title='bbox 1073 4671 1334 4735; x_wconf 87' lang='lat' dir='ltr'><strong>recolant</strong></span> <span class='ocrx_word' id='word_1_522' title='bbox 1360 4668 1652 4735; x_wconf 88' lang='lat' dir='ltr'><strong>bifrontis,</strong></span> <span class='ocrx_word' id='word_1_523' title='bbox 1677 4666 1788 4720; x_wconf 93' lang='lat' dir='ltr'><strong>hac</strong></span> <span class='ocrx_word' id='word_1_524' title='bbox 1818 4682 2021 4737; x_wconf 90' lang='lat' dir='ltr'><strong>super-</strong></span> 
     </span>
    </p>
   </div>
   <div class='ocr_carea' id='block_1_64' title="bbox 367 4752 2021 4834">
    <p class='ocr_par' dir='ltr' id='par_1_64' title="bbox 367 4752 2021 4834">
     <span class='ocr_line' id='line_1_70' title="bbox 367 4752 2021 4834; baseline -0.008 -11"><span class='ocrx_word' id='word_1_525' title='bbox 367 4766 605 4823; x_wconf 90' lang='lat' dir='ltr'><strong>stitione</strong></span> <span class='ocrx_word' id='word_1_526' title='bbox 629 4769 898 4831; x_wconf 81' lang='lat' dir='ltr'><strong>utuntur,</strong></span> <span class='ocrx_word' id='word_1_527' title='bbox 930 4779 1058 4834; x_wconf 67' lang='lat' dir='ltr'><strong>quae</strong></span> <span class='ocrx_word' id='word_1_528' title='bbox 1080 4760 1252 4831; x_wconf 90' lang='lat' dir='ltr'><strong>longe</strong></span> <span class='ocrx_word' id='word_1_529' title='bbox 1278 4757 1452 4812; x_wconf 88' lang='lat' dir='ltr'><strong>debet</strong></span> <span class='ocrx_word' id='word_1_530' title='bbox 1481 4771 1610 4811; x_wconf 89' lang='lat' dir='ltr'><strong>esse</strong></span> <span class='ocrx_word' id='word_1_531' title='bbox 1631 4771 1664 4808; x_wconf 88' lang='lat' dir='ltr'><strong>a</strong></span> <span class='ocrx_word' id='word_1_532' title='bbox 1684 4752 1868 4808; x_wconf 87' lang='lat' dir='ltr'><strong>servis</strong></span> <span class='ocrx_word' id='word_1_533' title='bbox 1899 4754 2021 4811; x_wconf 87' lang='lat' dir='ltr'><strong>Dei.</strong></span> 
     </span>
    </p>
   </div>
   <div class='ocr_carea' id='block_1_65' title="bbox 363 4841 2022 4917">
    <p class='ocr_par' dir='ltr' id='par_1_65' title="bbox 363 4841 2022 4917">
     <span class='ocr_line' id='line_1_71' title="bbox 363 4841 2022 4917; baseline -0.008 -5"><span class='ocrx_word' id='word_1_534' title='bbox 363 4855 420 4912; x_wconf 90' lang='lat' dir='ltr'><strong>Si</strong></span> <span class='ocrx_word' id='word_1_535' title='bbox 451 4855 611 4912; x_wconf 88' lang='lat' dir='ltr'><strong>enim</strong></span> <span class='ocrx_word' id='word_1_536' title='bbox 644 4855 799 4910; x_wconf 90' lang='lat' dir='ltr'><strong>Deus</strong></span> <span class='ocrx_word' id='word_1_537' title='bbox 829 4869 897 4908; x_wconf 84' lang='lat' dir='ltr'><strong>ex</strong></span> <span class='ocrx_word' id='word_1_538' title='bbox 928 4855 1050 4906; x_wconf 89' lang='lat' dir='ltr'><strong>toto</strong></span> <span class='ocrx_word' id='word_1_539' title='bbox 1084 4848 1255 4904; x_wconf 91' lang='lat' dir='ltr'><strong>corde</strong></span> <span class='ocrx_word' id='word_1_540' title='bbox 1288 4845 1573 4917; x_wconf 89' lang='lat' dir='ltr'><strong>diligitur,</strong></span> <span class='ocrx_word' id='word_1_541' title='bbox 1608 4843 1738 4914; x_wconf 88' lang='lat' dir='ltr'><strong>ipso</strong></span> <span class='ocrx_word' id='word_1_542' title='bbox 1771 4841 2022 4915; x_wconf 88' lang='lat' dir='ltr'><strong>propitio</strong></span> 
     </span>
    </p>
   </div>
   <div class='ocr_carea' id='block_1_66' title="bbox 367 4931 2022 5007">
    <p class='ocr_par' dir='ltr' id='par_1_66' title="bbox 367 4931 2022 5007">
     <span class='ocr_line' id='line_1_72' title="bbox 367 4931 2022 5007; baseline -0.01 -5"><span class='ocrx_word' id='word_1_543' title='bbox 367 4943 534 5002; x_wconf 90' lang='lat' dir='ltr'><strong>nulla</strong></span> <span class='ocrx_word' id='word_1_544' title='bbox 563 4943 736 4999; x_wconf 84' lang='lat' dir='ltr'><strong>debet</strong></span> <span class='ocrx_word' id='word_1_545' title='bbox 765 4957 894 4998; x_wconf 89' lang='lat' dir='ltr'><strong>esse</strong></span> <span class='ocrx_word' id='word_1_546' title='bbox 925 4938 1395 5007; x_wconf 84' lang='lat' dir='ltr'><strong>formido,neque</strong></span> <span class='ocrx_word' id='word_1_547' title='bbox 1416 4931 1678 5003; x_wconf 91' lang='lat' dir='ltr'><strong>suspicio</strong></span> <span class='ocrx_word' id='word_1_548' title='bbox 1699 4931 1908 4986; x_wconf 89' lang='lat' dir='ltr'><strong>harum</strong></span> <span class='ocrx_word' id='word_1_549' title='bbox 1939 4947 2022 4986; x_wconf 86' lang='lat' dir='ltr'><strong>re-</strong></span> 
     </span>
    </p>
   </div>
   <div class='ocr_carea' id='block_1_67' title="bbox 369 5019 2021 5102">
    <p class='ocr_par' dir='ltr' id='par_1_67' title="bbox 369 5019 2021 5102">
     <span class='ocr_line' id='line_1_73' title="bbox 369 5019 2021 5102; baseline -0.01 -12"><span class='ocrx_word' id='word_1_550' title='bbox 369 5049 524 5090; x_wconf 90' lang='lat' dir='ltr'><strong>rum.</strong></span> <span class='ocrx_word' id='word_1_551' title='bbox 558 5032 838 5102; x_wconf 89' lang='lat' dir='ltr'><strong>Prospere</strong></span> <span class='ocrx_word' id='word_1_552' title='bbox 865 5028 1021 5085; x_wconf 89' lang='lat' dir='ltr'><strong>enim</strong></span> <span class='ocrx_word' id='word_1_553' title='bbox 1053 5030 1244 5097; x_wconf 83' lang='lat' dir='ltr'><strong>potest</strong></span> <span class='ocrx_word' id='word_1_554' title='bbox 1273 5023 1496 5090; x_wconf 89' lang='lat' dir='ltr'><strong>cedere,</strong></span> <span class='ocrx_word' id='word_1_555' title='bbox 1541 5019 1824 5092; x_wconf 83' lang='lat' dir='ltr'><strong>quidquid</strong></span> <span class='ocrx_word' id='word_1_556' title='bbox 1875 5020 2021 5075; x_wconf 90' lang='lat' dir='ltr'><strong>sim-</strong></span> 
     </span>
    </p>
   </div>
   <div class='ocr_carea' id='block_1_68' title="bbox 369 5114 1332 5196">
    <p class='ocr_par' dir='ltr' id='par_1_68' title="bbox 369 5114 1332 5196">
     <span class='ocr_line' id='line_1_74' title="bbox 369 5114 1332 5196; baseline -0.011 -19"><span class='ocrx_word' id='word_1_557' title='bbox 369 5121 602 5196; x_wconf 87' lang='lat' dir='ltr'><strong>pliciter</strong></span> <span class='ocrx_word' id='word_1_558' title='bbox 634 5122 745 5176; x_wconf 88' lang='lat' dir='ltr'><strong>sub</strong></span> <span class='ocrx_word' id='word_1_559' title='bbox 777 5119 875 5174; x_wconf 91' lang='lat' dir='ltr'><strong>Dei</strong></span> <span class='ocrx_word' id='word_1_560' title='bbox 909 5115 1216 5172; x_wconf 90' lang='lat' dir='ltr'><strong>devotione</strong></span> <span class='ocrx_word' id='word_1_561' title='bbox 1249 5114 1332 5169; x_wconf 78' lang='lat' dir='ltr'><strong>fit.</strong></span> 
     </span>
    </p>
   </div>
   <div class='ocr_carea' id='block_1_69' title="bbox 369 5229 2025 5306">
    <p class='ocr_par' dir='ltr' id='par_1_69' title="bbox 369 5229 2025 5306">
     <span class='ocr_line' id='line_1_75' title="bbox 369 5229 2025 5306; baseline -0.009 -8"><span class='ocrx_word' id='word_1_562' title='bbox 369 5242 506 5300; x_wconf 78' lang='lat' dir='ltr'><strong>CAP.</strong></span> <span class='ocrx_word' id='word_1_563' title='bbox 538 5241 593 5293; x_wconf 88' lang='grc'><strong>2.</strong></span> <span class='ocrx_word' id='word_1_564' title='bbox 630 5270 692 5279; x_wconf 93' lang='grc'><strong><em>-</em></strong></span> <span class='ocrx_word' id='word_1_565' title='bbox 727 5237 881 5306; x_wconf 85' lang='lat' dir='ltr'><strong>Quod</strong></span> <span class='ocrx_word' id='word_1_566' title='bbox 926 5233 1140 5292; x_wconf 84' lang='lat' dir='ltr'><strong>Pascha</strong></span> <span class='ocrx_word' id='word_1_567' title='bbox 1189 5237 1238 5288; x_wconf 88' lang='lat' dir='ltr'><strong>et</strong></span> <span class='ocrx_word' id='word_1_568' title='bbox 1288 5229 1724 5306; x_wconf 71' lang='lat' dir='ltr'><strong>Quadragesima</strong></span> <span class='ocrx_word' id='word_1_569' title='bbox 1772 5230 2025 5306; x_wconf 83' lang='lat' dir='ltr'><strong>a_vete_ri</strong></span> 
     </span>
    </p>
   </div>
   <div class='ocr_carea' id='block_1_70' title="bbox 445 5298 2023 5383">
    <p class='ocr_par' dir='ltr' id='par_1_70' title="bbox 445 5298 2023 5383">
     <span class='ocr_line' id='line_1_76' title="bbox 445 5298 2023 5383; baseline -0.009 -15"><span class='ocrx_word' id='word_1_570' title='bbox 445 5314 562 5383; x_wconf 84' lang='lat' dir='ltr'><strong>lege</strong></span> <span class='ocrx_word' id='word_1_571' title='bbox 623 5298 853 5366; x_wconf 49' lang='lat' dir='ltr'><strong>trah&#39;unt</strong></span> <span class='ocrx_word' id='word_1_572' title='bbox 917 5298 1323 5383; x_wconf 65' lang='lat' dir='ltr'><strong>auctoritatem,</strong></span> <span class='ocrx_word' id='word_1_573' title='bbox 1372 5306 1422 5383; x_wconf 78' lang='lat' dir='ltr'><strong>et</strong></span> <span class='ocrx_word' id='word_1_574' title='bbox 1488 5298 1748 5383; x_wconf 72' lang='lat' dir='ltr'><strong>quomodo</strong></span> <span class='ocrx_word' id='word_1_575' title='bbox 1777 5371 1786 5380; x_wconf 37' lang='grc' dir='ltr'><strong>Ι</strong></span> <span class='ocrx_word' id='word_1_576' title='bbox 1813 5301 2023 5383; x_wconf 62' lang='lat' dir='ltr'><strong>Pascha</strong></span> 
     </span>
    </p>
   </div>
   <div class='ocr_carea' id='block_1_71' title="bbox 440 5370 2025 5442">
    <p class='ocr_par' dir='ltr' id='par_1_71' title="bbox 440 5370 2025 5442">
     <span class='ocr_line' id='line_1_77' title="bbox 440 5370 2025 5442; baseline -0.008 -2"><span class='ocrx_word' id='word_1_577' title='bbox 440 5370 591 5440; x_wconf 68' lang='lat' dir='ltr'><strong>nunc</strong></span> <span class='ocrx_word' id='word_1_578' title='bbox 643 5379 1050 5438; x_wconf 82' lang='lat' dir='ltr'><strong>celebrandum.</strong></span> <span class='ocrx_word' id='word_1_579' title='bbox 1108 5377 1309 5432; x_wconf 80' lang='lat' dir='ltr'><strong>Beatus</strong></span> <span class='ocrx_word' id='word_1_580' title='bbox 1367 5370 1708 5442; x_wconf 72' lang='lat' dir='ltr'><strong>Augustinus</strong></span> <span class='ocrx_word' id='word_1_581' title='bbox 1765 5371 1825 5425; x_wconf 81' lang='lat' dir='ltr'><strong>in</strong></span> <span class='ocrx_word' id='word_1_582' title='bbox 1880 5370 2025 5427; x_wconf 85' lang='lat' dir='ltr'><strong>libro</strong></span> 
     </span>
    </p>
   </div>
   <div class='ocr_carea' id='block_1_72' title="bbox 444 5446 1534 5526">
    <p class='ocr_par' dir='ltr' id='par_1_72' title="bbox 444 5446 1534 5526">
     <span class='ocr_line' id='line_1_78' title="bbox 444 5446 1534 5526; baseline -0.009 -18"><span class='ocrx_word' id='word_1_583' title='bbox 444 5473 587 5526; x_wconf 82' lang='lat' dir='ltr'><strong>resp.</strong></span> <span class='ocrx_word' id='word_1_584' title='bbox 621 5455 690 5511; x_wconf 84' lang='lat' dir='ltr'><strong>ad</strong></span> <span class='ocrx_word' id='word_1_585' title='bbox 717 5452 1059 5511; x_wconf 74' lang='lat' dir='ltr'><strong>Ianuarium</strong></span> <span class='ocrx_word' id='word_1_586' title='bbox 1089 5449 1214 5522; x_wconf 85' lang='lat' dir='ltr'><strong>(lib.</strong></span> <span class='ocrx_word' id='word_1_587' title='bbox 1247 5464 1310 5517; x_wconf 86' lang='grc' dir='ltr'><strong>ιι,</strong></span> <span class='ocrx_word' id='word_1_588' title='bbox 1341 5462 1389 5503; x_wconf 92' lang='lat' dir='ltr'><strong>c.</strong></span> <span class='ocrx_word' id='word_1_589' title='bbox 1424 5446 1534 5514; x_wconf 82' lang='grc'><strong>15).</strong></span> 
     </span>
    </p>
   </div>
   <div class='ocr_carea' id='block_1_73' title="bbox 449 5548 2020 5634">
    <p class='ocr_par' dir='ltr' id='par_1_73' title="bbox 449 5548 2020 5634">
     <span class='ocr_line' id='line_1_79' title="bbox 449 5548 2020 5634; baseline -0.01 -15"><span class='ocrx_word' id='word_1_590' title='bbox 449 5563 512 5619; x_wconf 89' lang='lat' dir='ltr'><strong>In</strong></span> <span class='ocrx_word' id='word_1_591' title='bbox 538 5561 856 5634; x_wconf 90' lang='lat' dir='ltr'><strong>Scripturis</strong></span> <span class='ocrx_word' id='word_1_592' title='bbox 885 5559 1124 5634; x_wconf 83' lang='lat' dir='ltr'><strong>quidem</strong></span> <span class='ocrx_word' id='word_1_593' title='bbox 1153 5555 1450 5615; x_wconf 89' lang='lat' dir='ltr'><strong>veteribus</strong></span> <span class='ocrx_word' id='word_1_594' title='bbox 1479 5551 1552 5608; x_wconf 88' lang='lat' dir='ltr'><strong>ad</strong></span> <span class='ocrx_word' id='word_1_595' title='bbox 1579 5548 1870 5623; x_wconf 81' lang='lat' dir='ltr'><strong>agendum</strong></span> <span class='ocrx_word' id='word_1_596' title='bbox 1919 5549 2020 5606; x_wconf 87' lang='lat' dir='ltr'><strong>Pa-</strong></span> 
     </span>
    </p>
   </div>
   <div class='ocr_carea' id='block_1_74' title="bbox 2126 3469 3784 3543">
    <p class='ocr_par' dir='ltr' id='par_1_74' title="bbox 2126 3469 3784 3543">
     <span class='ocr_line' id='line_1_80' title="bbox 2126 3469 3784 3543; baseline -0.001 -17"><span class='ocrx_word' id='word_1_597' title='bbox 2126 3469 2305 3526; x_wconf 87' lang='lat' dir='ltr'><strong>etiam</strong></span> <span class='ocrx_word' id='word_1_598' title='bbox 2329 3470 2590 3543; x_wconf 87' lang='lat' dir='ltr'><strong>ipsorum</strong></span> <span class='ocrx_word' id='word_1_599' title='bbox 2613 3470 2840 3526; x_wconf 88' lang='lat' dir='ltr'><strong>dierum</strong></span> <span class='ocrx_word' id='word_1_600' title='bbox 2863 3470 3214 3538; x_wconf 82' lang='lat' dir='ltr'><strong>observatio,</strong></span> <span class='ocrx_word' id='word_1_601' title='bbox 3238 3488 3339 3542; x_wconf 91' lang='lat' dir='ltr'><strong>per</strong></span> <span class='ocrx_word' id='word_1_602' title='bbox 3370 3471 3609 3527; x_wconf 86' lang='lat' dir='ltr'><strong>Patrum</strong></span> <span class='ocrx_word' id='word_1_603' title='bbox 3639 3487 3784 3528; x_wconf 89' lang='lat' dir='ltr'><strong>con-</strong></span> 
     </span>
    </p>
   </div>
   <div class='ocr_carea' id='block_1_75' title="bbox 2127 3558 3784 3632">
    <p class='ocr_par' dir='ltr' id='par_1_75' title="bbox 2127 3558 3784 3632">
     <span class='ocr_line' id='line_1_81' title="bbox 2127 3558 3784 3632; baseline 0.001 -18"><span class='ocrx_word' id='word_1_604' title='bbox 2127 3558 2279 3628; x_wconf 89' lang='lat' dir='ltr'><strong>cilia,</strong></span> <span class='ocrx_word' id='word_1_605' title='bbox 2313 3563 2370 3615; x_wconf 88' lang='lat' dir='ltr'><strong>et</strong></span> <span class='ocrx_word' id='word_1_606' title='bbox 2409 3560 2534 3615; x_wconf 88' lang='lat' dir='ltr'><strong>orbi</strong></span> <span class='ocrx_word' id='word_1_607' title='bbox 2585 3559 2853 3615; x_wconf 86' lang='lat' dir='ltr'><strong>universo</strong></span> <span class='ocrx_word' id='word_1_608' title='bbox 2901 3560 3234 3616; x_wconf 88' lang='lat' dir='ltr'><strong>Christiano</strong></span> <span class='ocrx_word' id='word_1_609' title='bbox 3283 3576 3660 3632; x_wconf 81' lang='lat' dir='ltr'><strong>persuasum,</strong></span> <span class='ocrx_word' id='word_1_610' title='bbox 3712 3576 3784 3616; x_wconf 90' lang='lat' dir='ltr'><strong>eo</strong></span> 
     </span>
    </p>
   </div>
   <div class='ocr_carea' id='block_1_76' title="bbox 2130 3646 3788 3720">
    <p class='ocr_par' dir='ltr' id='par_1_76' title="bbox 2130 3646 3788 3720">
     <span class='ocr_line' id='line_1_82' title="bbox 2130 3646 3788 3720; baseline 0 -16"><span class='ocrx_word' id='word_1_611' title='bbox 2130 3649 2302 3704; x_wconf 89' lang='lat' dir='ltr'><strong>modo</strong></span> <span class='ocrx_word' id='word_1_612' title='bbox 2324 3648 2551 3704; x_wconf 87' lang='lat' dir='ltr'><strong>Pascha</strong></span> <span class='ocrx_word' id='word_1_613' title='bbox 2572 3646 2848 3704; x_wconf 87' lang='lat' dir='ltr'><strong>celebrari</strong></span> <span class='ocrx_word' id='word_1_614' title='bbox 2883 3655 3170 3720; x_wconf 85' lang='lat' dir='ltr'><strong>Oportere.</strong></span> <span class='ocrx_word' id='word_1_615' title='bbox 3204 3649 3664 3720; x_wconf 88' lang='lat' dir='ltr'><strong>Quadragesima</strong></span> <span class='ocrx_word' id='word_1_616' title='bbox 3685 3649 3788 3720; x_wconf 86' lang='lat' dir='ltr'><strong>je-</strong></span> 
     </span>
    </p>
   </div>
   <div class='ocr_carea' id='block_1_77' title="bbox 2122 3736 3790 3808">
    <p class='ocr_par' dir='ltr' id='par_1_77' title="bbox 2122 3736 3790 3808">
     <span class='ocr_line' id='line_1_83' title="bbox 2122 3736 3790 3808; baseline 0.001 -16"><span class='ocrx_word' id='word_1_617' title='bbox 2122 3737 2429 3808; x_wconf 87' lang='lat' dir='ltr'><strong>juniorum</strong></span> <span class='ocrx_word' id='word_1_618' title='bbox 2466 3737 2638 3793; x_wconf 85' lang='lat' dir='ltr'><strong>habet</strong></span> <span class='ocrx_word' id='word_1_619' title='bbox 2685 3738 3116 3808; x_wconf 87' lang='lat' dir='ltr'><strong>auctoritatem,</strong></span> <span class='ocrx_word' id='word_1_620' title='bbox 3165 3743 3222 3793; x_wconf 87' lang='lat' dir='ltr'><strong>et</strong></span> <span class='ocrx_word' id='word_1_621' title='bbox 3271 3739 3566 3794; x_wconf 89' lang='lat' dir='ltr'><strong>veteribus</strong></span> <span class='ocrx_word' id='word_1_622' title='bbox 3613 3736 3790 3793; x_wconf 83' lang='lat' dir='ltr'><strong>libris</strong></span> 
     </span>
    </p>
   </div>
   <div class='ocr_carea' id='block_1_78' title="bbox 2128 3825 3787 3899">
    <p class='ocr_par' dir='ltr' id='par_1_78' title="bbox 2128 3825 3787 3899">
     <span class='ocr_line' id='line_1_84' title="bbox 2128 3825 3787 3899; baseline 0.001 -18"><span class='ocrx_word' id='word_1_623' title='bbox 2128 3842 2195 3881; x_wconf 83' lang='lat' dir='ltr'><strong>ex</strong></span> <span class='ocrx_word' id='word_1_624' title='bbox 2215 3826 2443 3896; x_wconf 86' lang='lat' dir='ltr'><strong>jejunio</strong></span> <span class='ocrx_word' id='word_1_625' title='bbox 2477 3825 2661 3899; x_wconf 82' lang='lat' dir='ltr'><strong>Moysi</strong></span> <span class='ocrx_word' id='word_1_626' title='bbox 2691 3831 2748 3882; x_wconf 90' lang='lat' dir='ltr'><strong>et</strong></span> <span class='ocrx_word' id='word_1_627' title='bbox 2777 3826 2937 3895; x_wconf 72' lang='lat' dir='ltr'><strong>Eliae,</strong></span> <span class='ocrx_word' id='word_1_628' title='bbox 2969 3833 3027 3882; x_wconf 90' lang='lat' dir='ltr'><strong>et</strong></span> <span class='ocrx_word' id='word_1_629' title='bbox 3056 3843 3122 3882; x_wconf 84' lang='lat' dir='ltr'><strong>ex</strong></span> <span class='ocrx_word' id='word_1_630' title='bbox 3155 3825 3486 3898; x_wconf 87' lang='lat' dir='ltr'><strong>Evangelio,</strong></span> <span class='ocrx_word' id='word_1_631' title='bbox 3519 3827 3659 3898; x_wconf 88' lang='lat' dir='ltr'><strong>quia</strong></span> <span class='ocrx_word' id='word_1_632' title='bbox 3696 3833 3787 3882; x_wconf 86' lang='lat' dir='ltr'><strong>to-</strong></span> 
     </span>
    </p>
   </div>
   <div class='ocr_carea' id='block_1_79' title="bbox 2127 3915 3792 3988">
    <p class='ocr_par' dir='ltr' id='par_1_79' title="bbox 2127 3915 3792 3988">
     <span class='ocr_line' id='line_1_85' title="bbox 2127 3915 3792 3988; baseline 0.002 -18"><span class='ocrx_word' id='word_1_633' title='bbox 2127 3915 2309 3970; x_wconf 88' lang='lat' dir='ltr'><strong>tidem</strong></span> <span class='ocrx_word' id='word_1_634' title='bbox 2341 3915 2549 3972; x_wconf 89' lang='lat' dir='ltr'><strong>diebus</strong></span> <span class='ocrx_word' id='word_1_635' title='bbox 2601 3915 2883 3972; x_wconf 88' lang='lat' dir='ltr'><strong>Dominus</strong></span> <span class='ocrx_word' id='word_1_636' title='bbox 2926 3917 3222 3988; x_wconf 86' lang='lat' dir='ltr'><strong>jejunavit</strong></span> <span class='ocrx_word' id='word_1_637' title='bbox 3274 3917 3482 3988; x_wconf 81' lang='lat' dir='ltr'><strong>(Matth.</strong></span> <span class='ocrx_word' id='word_1_638' title='bbox 3530 3916 3628 3987; x_wconf 83' lang='lat' dir='ltr'><strong>1v),</strong></span> <span class='ocrx_word' id='word_1_639' title='bbox 3681 3917 3792 3973; x_wconf 86' lang='lat' dir='ltr'><strong>de-</strong></span> 
     </span>
    </p>
   </div>
   <div class='ocr_carea' id='block_1_80' title="bbox 2130 4004 3794 4076">
    <p class='ocr_par' dir='ltr' id='par_1_80' title="bbox 2130 4004 3794 4076">
     <span class='ocr_line' id='line_1_86' title="bbox 2130 4004 3794 4076; baseline 0 -15"><span class='ocrx_word' id='word_1_640' title='bbox 2130 4014 2464 4061; x_wconf 79' lang='lat' dir='ltr'><strong>monstrans</strong></span> <span class='ocrx_word' id='word_1_641' title='bbox 2493 4004 2872 4076; x_wconf 86' lang='lat' dir='ltr'><strong>Evangelium</strong></span> <span class='ocrx_word' id='word_1_642' title='bbox 2904 4022 3018 4061; x_wconf 92' lang='lat' dir='ltr'><strong>non</strong></span> <span class='ocrx_word' id='word_1_643' title='bbox 3041 4005 3355 4062; x_wconf 86' lang='lat' dir='ltr'><strong>dissentire</strong></span> <span class='ocrx_word' id='word_1_644' title='bbox 3377 4023 3410 4060; x_wconf 90' lang='lat' dir='ltr'><strong>a</strong></span> <span class='ocrx_word' id='word_1_645' title='bbox 3429 4005 3555 4076; x_wconf 87' lang='lat' dir='ltr'><strong>lege</strong></span> <span class='ocrx_word' id='word_1_646' title='bbox 3580 4010 3636 4061; x_wconf 91' lang='lat' dir='ltr'><strong>et</strong></span> <span class='ocrx_word' id='word_1_647' title='bbox 3657 4021 3794 4076; x_wconf 86' lang='lat' dir='ltr'><strong>pro-</strong></span> 
     </span>
    </p>
   </div>
   <div class='ocr_carea' id='block_1_81' title="bbox 2132 4093 3794 4166">
    <p class='ocr_par' dir='ltr' id='par_1_81' title="bbox 2132 4093 3794 4166">
     <span class='ocr_line' id='line_1_87' title="bbox 2132 4093 3794 4166; baseline 0.001 -17"><span class='ocrx_word' id='word_1_648' title='bbox 2132 4093 2416 4166; x_wconf 90' lang='lat' dir='ltr'><strong>phetis.ln</strong></span> <span class='ocrx_word' id='word_1_649' title='bbox 2449 4110 2699 4165; x_wconf 89' lang='lat' dir='ltr'><strong>persona</strong></span> <span class='ocrx_word' id='word_1_650' title='bbox 2726 4093 2942 4166; x_wconf 89' lang='lat' dir='ltr'><strong>quippe</strong></span> <span class='ocrx_word' id='word_1_651' title='bbox 2974 4093 3158 4166; x_wconf 83' lang='lat' dir='ltr'><strong>Moysi</strong></span> <span class='ocrx_word' id='word_1_652' title='bbox 3189 4093 3282 4149; x_wconf 82' lang='lat' dir='ltr'><strong>lex</strong></span> <span class='ocrx_word' id='word_1_653' title='bbox 3325 4093 3520 4163; x_wconf 75' lang='lat' dir='ltr'><strong>(Exod.</strong></span> <span class='ocrx_word' id='word_1_654' title='bbox 3571 4096 3794 4163; x_wconf 79' lang='lat' dir='ltr'><strong>xxxiv),</strong></span> 
     </span>
    </p>
   </div>
   <div class='ocr_carea' id='block_1_82' title="bbox 2130 4182 3791 4256">
    <p class='ocr_par' dir='ltr' id='par_1_82' title="bbox 2130 4182 3791 4256">
     <span class='ocr_line' id='line_1_88' title="bbox 2130 4182 3791 4256; baseline 0 -18"><span class='ocrx_word' id='word_1_655' title='bbox 2130 4183 2192 4239; x_wconf 92' lang='lat' dir='ltr'><strong>in</strong></span> <span class='ocrx_word' id='word_1_656' title='bbox 2223 4199 2474 4255; x_wconf 88' lang='lat' dir='ltr'><strong>persona</strong></span> <span class='ocrx_word' id='word_1_657' title='bbox 2504 4182 2640 4239; x_wconf 74' lang='lat' dir='ltr'><strong>Elias</strong></span> <span class='ocrx_word' id='word_1_658' title='bbox 2671 4182 2966 4256; x_wconf 68' lang='lat' dir='ltr'><strong>prophetae</strong></span> <span class='ocrx_word' id='word_1_659' title='bbox 2997 4183 3368 4255; x_wconf 90' lang='lat' dir='ltr'><strong>accipiuntur</strong></span> <span class='ocrx_word' id='word_1_660' title='bbox 3395 4183 3491 4256; x_wconf 81' lang='lat' dir='ltr'><strong>(Ill</strong></span> <span class='ocrx_word' id='word_1_661' title='bbox 3512 4184 3791 4256; x_wconf 79' lang='lat' dir='ltr'><strong>Reg.x1x),</strong></span> 
     </span>
    </p>
   </div>
   <div class='ocr_carea' id='block_1_83' title="bbox 2129 4271 3790 4345">
    <p class='ocr_par' dir='ltr' id='par_1_83' title="bbox 2129 4271 3790 4345">
     <span class='ocr_line' id='line_1_89' title="bbox 2129 4271 3790 4345; baseline 0.002 -19"><span class='ocrx_word' id='word_1_662' title='bbox 2129 4271 2282 4328; x_wconf 90' lang='lat' dir='ltr'><strong>inter</strong></span> <span class='ocrx_word' id='word_1_663' title='bbox 2333 4288 2482 4344; x_wconf 89' lang='lat' dir='ltr'><strong>quos</strong></span> <span class='ocrx_word' id='word_1_664' title='bbox 2533 4272 2590 4328; x_wconf 93' lang='lat' dir='ltr'><strong>in</strong></span> <span class='ocrx_word' id='word_1_665' title='bbox 2651 4278 2848 4328; x_wconf 90' lang='lat' dir='ltr'><strong>monte</strong></span> <span class='ocrx_word' id='word_1_666' title='bbox 2904 4271 3198 4344; x_wconf 89' lang='lat' dir='ltr'><strong>gloriosus</strong></span> <span class='ocrx_word' id='word_1_667' title='bbox 3245 4272 3521 4345; x_wconf 88' lang='lat' dir='ltr'><strong>apparuit</strong></span> <span class='ocrx_word' id='word_1_668' title='bbox 3563 4271 3790 4344; x_wconf 74' lang='lat' dir='ltr'><strong>(Matth.</strong></span> 
     </span>
    </p>
   </div>
   <div class='ocr_carea' id='block_1_84' title="bbox 2132 4360 3796 4433">
    <p class='ocr_par' dir='ltr' id='par_1_84' title="bbox 2132 4360 3796 4433">
     <span class='ocr_line' id='line_1_90' title="bbox 2132 4360 3796 4433; baseline -0.001 -17"><span class='ocrx_word' id='word_1_669' title='bbox 2132 4362 2294 4433; x_wconf 83' lang='lat' dir='ltr'><strong>xvu),</strong></span> <span class='ocrx_word' id='word_1_670' title='bbox 2341 4367 2405 4417; x_wconf 90' lang='lat' dir='ltr'><strong>ut</strong></span> <span class='ocrx_word' id='word_1_671' title='bbox 2449 4361 2780 4418; x_wconf 88' lang='lat' dir='ltr'><strong>evidentius</strong></span> <span class='ocrx_word' id='word_1_672' title='bbox 2831 4362 3139 4429; x_wconf 88' lang='lat' dir='ltr'><strong>emineret,</strong></span> <span class='ocrx_word' id='word_1_673' title='bbox 3193 4362 3346 4432; x_wconf 89' lang='lat' dir='ltr'><strong>quod</strong></span> <span class='ocrx_word' id='word_1_674' title='bbox 3395 4363 3467 4417; x_wconf 91' lang='lat' dir='ltr'><strong>de</strong></span> <span class='ocrx_word' id='word_1_675' title='bbox 3516 4361 3614 4416; x_wconf 86' lang='lat' dir='ltr'><strong>illo</strong></span> <span class='ocrx_word' id='word_1_676' title='bbox 3645 4360 3796 4415; x_wconf 90' lang='lat' dir='ltr'><strong>dicit</strong></span> 
     </span>
    </p>
   </div>
   <div class='ocr_carea' id='block_1_85' title="bbox 2131 4449 3788 4522">
    <p class='ocr_par' dir='ltr' id='par_1_85' title="bbox 2131 4449 3788 4522">
     <span class='ocr_line' id='line_1_91' title="bbox 2131 4449 3788 4522; baseline 0.001 -18"><span class='ocrx_word' id='word_1_677' title='bbox 2131 4449 2468 4520; x_wconf 87' lang='lat' dir='ltr'><strong>Apostolus,</strong></span> <span class='ocrx_word' id='word_1_678' title='bbox 2492 4451 2892 4505; x_wconf 88' lang='lat' dir='ltr'><strong>testimonium</strong></span> <span class='ocrx_word' id='word_1_679' title='bbox 2926 4449 3149 4506; x_wconf 88' lang='lat' dir='ltr'><strong>habens</strong></span> <span class='ocrx_word' id='word_1_680' title='bbox 3179 4468 3213 4506; x_wconf 94' lang='lat' dir='ltr'><strong>a</strong></span> <span class='ocrx_word' id='word_1_681' title='bbox 3242 4450 3368 4522; x_wconf 90' lang='lat' dir='ltr'><strong>lege</strong></span> <span class='ocrx_word' id='word_1_682' title='bbox 3395 4455 3452 4505; x_wconf 90' lang='lat' dir='ltr'><strong>et</strong></span> <span class='ocrx_word' id='word_1_683' title='bbox 3483 4449 3788 4522; x_wconf 74' lang='lat' dir='ltr'><strong>prophetis</strong></span> 
     </span>
    </p>
   </div>
   <div class='ocr_carea' id='block_1_86' title="bbox 2134 4537 3796 4612">
    <p class='ocr_par' dir='ltr' id='par_1_86' title="bbox 2134 4537 3796 4612">
     <span class='ocr_line' id='line_1_92' title="bbox 2134 4537 3796 4612; baseline -0.001 -18"><span class='ocrx_word' id='word_1_684' title='bbox 2134 4540 2271 4612; x_wconf 86' lang='lat' dir='ltr'><strong>(Act.</strong></span> <span class='ocrx_word' id='word_1_685' title='bbox 2304 4539 2464 4608; x_wconf 71' lang='grc' dir='ltr'><strong>χχιι).</strong></span> <span class='ocrx_word' id='word_1_686' title='bbox 2499 4539 2562 4595; x_wconf 91' lang='lat' dir='ltr'><strong>In</strong></span> <span class='ocrx_word' id='word_1_687' title='bbox 2594 4555 2712 4608; x_wconf 89' lang='lat' dir='ltr'><strong>qua</strong></span> <span class='ocrx_word' id='word_1_688' title='bbox 2740 4555 2878 4609; x_wconf 82' lang='lat' dir='ltr'><strong>ergo</strong></span> <span class='ocrx_word' id='word_1_689' title='bbox 2909 4543 3071 4610; x_wconf 89' lang='lat' dir='ltr'><strong>parte</strong></span> <span class='ocrx_word' id='word_1_690' title='bbox 3102 4537 3240 4592; x_wconf 89' lang='lat' dir='ltr'><strong>anni</strong></span> <span class='ocrx_word' id='word_1_691' title='bbox 3267 4538 3646 4610; x_wconf 88' lang='lat' dir='ltr'><strong>congruentis</strong></span> <span class='ocrx_word' id='word_1_692' title='bbox 3683 4537 3796 4593; x_wconf 89' lang='lat' dir='ltr'><strong>oh-</strong></span> 
     </span>
    </p>
   </div>
   <div class='ocr_carea' id='block_1_87' title="bbox 2133 4625 3797 4698">
    <p class='ocr_par' dir='ltr' id='par_1_87' title="bbox 2133 4625 3797 4698">
     <span class='ocr_line' id='line_1_93' title="bbox 2133 4625 3797 4698; baseline -0.001 -14"><span class='ocrx_word' id='word_1_693' title='bbox 2133 4628 2383 4684; x_wconf 87' lang='lat' dir='ltr'><strong>servatio</strong></span> <span class='ocrx_word' id='word_1_694' title='bbox 2413 4627 2884 4698; x_wconf 68' lang='lat' dir='ltr'><strong>Quadragesima:</strong></span> <span class='ocrx_word' id='word_1_695' title='bbox 2916 4627 3511 4694; x_wconf 82' lang='lat' dir='ltr'><strong>constitueretur,nisi</strong></span> <span class='ocrx_word' id='word_1_696' title='bbox 3539 4625 3797 4683; x_wconf 80' lang='lat' dir='ltr'><strong>contini</strong></span> 
     </span>
    </p>
   </div>
   <div class='ocr_carea' id='block_1_88' title="bbox 2134 4715 3794 4788">
    <p class='ocr_par' dir='ltr' id='par_1_88' title="bbox 2134 4715 3794 4788">
     <span class='ocr_line' id='line_1_94' title="bbox 2134 4715 3794 4788; baseline -0.001 -15"><span class='ocrx_word' id='word_1_697' title='bbox 2134 4721 2310 4788; x_wconf 91' lang='lat' dir='ltr'><strong>atque</strong></span> <span class='ocrx_word' id='word_1_698' title='bbox 2339 4716 2615 4786; x_wconf 83' lang='lat' dir='ltr'><strong>contigua</strong></span> <span class='ocrx_word' id='word_1_699' title='bbox 2647 4716 2964 4772; x_wconf 73' lang='lat' dir='ltr'><strong>Dominicaa</strong></span> <span class='ocrx_word' id='word_1_700' title='bbox 2995 4716 3300 4788; x_wconf 88' lang='lat' dir='ltr'><strong>passioni?</strong></span> <span class='ocrx_word' id='word_1_701' title='bbox 3331 4716 3479 4780; x_wconf 86' lang='lat' dir='ltr'><strong>Quia</strong></span> <span class='ocrx_word' id='word_1_702' title='bbox 3505 4715 3565 4771; x_wconf 93' lang='lat' dir='ltr'><strong>in</strong></span> <span class='ocrx_word' id='word_1_703' title='bbox 3592 4732 3660 4772; x_wconf 89' lang='lat' dir='ltr'><strong>ea</strong></span> <span class='ocrx_word' id='word_1_704' title='bbox 3707 4715 3794 4771; x_wconf 90' lang='lat' dir='ltr'><strong>si-</strong></span> 
     </span>
    </p>
   </div>
   <div class='ocr_carea' id='block_1_89' title="bbox 2131 4803 3793 4879">
    <p class='ocr_par' dir='ltr' id='par_1_89' title="bbox 2131 4803 3793 4879">
     <span class='ocr_line' id='line_1_95' title="bbox 2131 4803 3793 4879; baseline -0.002 -18"><span class='ocrx_word' id='word_1_705' title='bbox 2131 4808 2449 4879; x_wconf 83' lang='lat' dir='ltr'><strong>gniﬁcatur</strong></span> <span class='ocrx_word' id='word_1_706' title='bbox 2475 4806 2597 4862; x_wconf 69' lang='lat' dir='ltr'><strong>haec</strong></span> <span class='ocrx_word' id='word_1_707' title='bbox 2627 4806 2746 4861; x_wconf 92' lang='lat' dir='ltr'><strong>vita</strong></span> <span class='ocrx_word' id='word_1_708' title='bbox 2775 4804 3088 4874; x_wconf 89' lang='lat' dir='ltr'><strong>laboriosa,</strong></span> <span class='ocrx_word' id='word_1_709' title='bbox 3121 4803 3214 4860; x_wconf 92' lang='lat' dir='ltr'><strong>cui</strong></span> <span class='ocrx_word' id='word_1_710' title='bbox 3263 4821 3412 4876; x_wconf 88' lang='lat' dir='ltr'><strong>opus</strong></span> <span class='ocrx_word' id='word_1_711' title='bbox 3459 4807 3550 4860; x_wconf 90' lang='lat' dir='ltr'><strong>est</strong></span> <span class='ocrx_word' id='word_1_712' title='bbox 3599 4804 3793 4859; x_wconf 84' lang='lat' dir='ltr'><strong>conti-</strong></span> 
     </span>
    </p>
   </div>
   <div class='ocr_carea' id='block_1_90' title="bbox 2133 4893 3793 4967">
    <p class='ocr_par' dir='ltr' id='par_1_90' title="bbox 2133 4893 3793 4967">
     <span class='ocr_line' id='line_1_96' title="bbox 2133 4893 3793 4967; baseline -0.001 -16"><span class='ocrx_word' id='word_1_713' title='bbox 2133 4897 2352 4962; x_wconf 67' lang='lat' dir='ltr'><strong>nent‘a,</strong></span> <span class='ocrx_word' id='word_1_714' title='bbox 2388 4899 2453 4950; x_wconf 88' lang='lat' dir='ltr'><strong>ut</strong></span> <span class='ocrx_word' id='word_1_715' title='bbox 2481 4895 2553 4949; x_wconf 91' lang='lat' dir='ltr'><strong>ab</strong></span> <span class='ocrx_word' id='word_1_716' title='bbox 2587 4895 2776 4967; x_wconf 84' lang='lat' dir='ltr'><strong>ipsius</strong></span> <span class='ocrx_word' id='word_1_717' title='bbox 2808 4894 3010 4950; x_wconf 84' lang='lat' dir='ltr'><strong>mundi</strong></span> <span class='ocrx_word' id='word_1_718' title='bbox 3047 4893 3309 4948; x_wconf 87' lang='lat' dir='ltr'><strong>amicitia</strong></span> <span class='ocrx_word' id='word_1_719' title='bbox 3335 4893 3793 4965; x_wconf 66' lang='lat' dir='ltr'><strong>jejunetur,quo</strong></span> 
     </span>
    </p>
   </div>
   <div class='ocr_carea' id='block_1_91' title="bbox 2131 4981 3785 5056">
    <p class='ocr_par' dir='ltr' id='par_1_91' title="bbox 2131 4981 3785 5056">
     <span class='ocr_line' id='line_1_97' title="bbox 2131 4981 3785 5056; baseline -0.002 -16"><span class='ocrx_word' id='word_1_720' title='bbox 2131 4985 2338 5056; x_wconf 89' lang='lat' dir='ltr'><strong>utique</strong></span> <span class='ocrx_word' id='word_1_721' title='bbox 2362 4982 2644 5040; x_wconf 86' lang='lat' dir='ltr'><strong>fallaciter</strong></span> <span class='ocrx_word' id='word_1_722' title='bbox 2676 4983 2951 5048; x_wconf 89' lang='lat' dir='ltr'><strong>blandiri,</strong></span> <span class='ocrx_word' id='word_1_723' title='bbox 2984 4982 3456 5039; x_wconf 86' lang='lat' dir='ltr'><strong>etillicebrarum</strong></span> <span class='ocrx_word' id='word_1_724' title='bbox 3483 4983 3646 5038; x_wconf 85' lang='lat' dir='ltr'><strong>fucos</strong></span> <span class='ocrx_word' id='word_1_725' title='bbox 3671 4981 3785 5037; x_wconf 86' lang='lat' dir='ltr'><strong>cir-</strong></span> 
     </span>
    </p>
   </div>
   <div class='ocr_carea' id='block_1_92' title="bbox 2131 5073 3364 5146">
    <p class='ocr_par' dir='ltr' id='par_1_92' title="bbox 2131 5073 3364 5146">
     <span class='ocr_line' id='line_1_98' title="bbox 2131 5073 3364 5146; baseline -0.003 -16"><span class='ocrx_word' id='word_1_726' title='bbox 2131 5088 2549 5146; x_wconf 87' lang='lat' dir='ltr'><strong>cumspargere</strong></span> <span class='ocrx_word' id='word_1_727' title='bbox 2580 5076 2754 5144; x_wconf 87' lang='lat' dir='ltr'><strong>atque</strong></span> <span class='ocrx_word' id='word_1_728' title='bbox 2775 5073 2972 5144; x_wconf 87' lang='lat' dir='ltr'><strong>jacere</strong></span> <span class='ocrx_word' id='word_1_729' title='bbox 3005 5089 3118 5128; x_wconf 91' lang='lat' dir='ltr'><strong>non</strong></span> <span class='ocrx_word' id='word_1_730' title='bbox 3153 5075 3364 5128; x_wconf 89' lang='lat' dir='ltr'><strong>cessat.</strong></span> 
     </span>
    </p>
   </div>
   <div class='ocr_carea' id='block_1_93' title="bbox 2129 5193 3793 5265">
    <p class='ocr_par' dir='ltr' id='par_1_93' title="bbox 2129 5193 3793 5265">
     <span class='ocr_line' id='line_1_99' title="bbox 2129 5193 3793 5265; baseline -0.002 -11"><span class='ocrx_word' id='word_1_731' title='bbox 2129 5201 2265 5254; x_wconf 81' lang='lat' dir='ltr'><strong>CAP.</strong></span> <span class='ocrx_word' id='word_1_732' title='bbox 2297 5199 2350 5252; x_wconf 90' lang='lat'><strong>3.</strong></span> <span class='ocrx_word' id='word_1_733' title='bbox 2381 5229 2448 5238; x_wconf 92' lang='lat'><strong>-——</strong></span> <span class='ocrx_word' id='word_1_734' title='bbox 2481 5196 2632 5265; x_wconf 86' lang='lat' dir='ltr'><strong>Quod</strong></span> <span class='ocrx_word' id='word_1_735' title='bbox 2663 5196 2873 5252; x_wconf 87' lang='lat' dir='ltr'><strong>Pascha</strong></span> <span class='ocrx_word' id='word_1_736' title='bbox 2921 5198 3210 5253; x_wconf 81' lang='lat' dir='ltr'><strong>Dominica</strong></span> <span class='ocrx_word' id='word_1_737' title='bbox 3255 5195 3342 5251; x_wconf 83' lang='lat' dir='ltr'><strong>die</strong></span> <span class='ocrx_word' id='word_1_738' title='bbox 3389 5193 3793 5251; x_wconf 80' lang='lat' dir='ltr'><strong>celebrandum</strong></span> 
     </span>
    </p>
   </div>
   <div class='ocr_carea' id='block_1_94' title="bbox 2200 5267 3792 5339">
    <p class='ocr_par' dir='ltr' id='par_1_94' title="bbox 2200 5267 3792 5339">
     <span class='ocr_line' id='line_1_100' title="bbox 2200 5267 3792 5339; baseline -0.002 -14"><span class='ocrx_word' id='word_1_739' title='bbox 2200 5271 2292 5325; x_wconf 87' lang='lat' dir='ltr'><strong>sit.</strong></span> <span class='ocrx_word' id='word_1_740' title='bbox 2329 5272 2463 5323; x_wconf 83' lang='lat' dir='ltr'><strong>Pius</strong></span> <span class='ocrx_word' id='word_1_741' title='bbox 2492 5283 2671 5323; x_wconf 82' lang='lat' dir='ltr'><strong>nonus</strong></span> <span class='ocrx_word' id='word_1_742' title='bbox 2701 5269 2856 5337; x_wconf 87' lang='lat' dir='ltr'><strong>(Pius</strong></span> <span class='ocrx_word' id='word_1_743' title='bbox 2887 5269 2926 5339; x_wconf 86' lang='grc'><strong>1)</strong></span> <span class='ocrx_word' id='word_1_744' title='bbox 2957 5285 2988 5323; x_wconf 92' lang='lat' dir='ltr'><strong>a</strong></span> <span class='ocrx_word' id='word_1_745' title='bbox 3019 5270 3178 5324; x_wconf 87' lang='lat' dir='ltr'><strong>Pelro</strong></span> <span class='ocrx_word' id='word_1_746' title='bbox 3207 5284 3349 5339; x_wconf 90' lang='lat' dir='ltr'><strong>papa</strong></span> <span class='ocrx_word' id='word_1_747' title='bbox 3399 5267 3654 5324; x_wconf 74' lang='lat' dir='ltr'><strong>erunibus</strong></span> <span class='ocrx_word' id='word_1_748' title='bbox 3701 5283 3792 5324; x_wconf 83' lang='lat' dir='ltr'><strong>ec-</strong></span> 
     </span>
    </p>
   </div>
   <div class='ocr_carea' id='block_1_95' title="bbox 2201 5339 3357 5412">
    <p class='ocr_par' dir='ltr' id='par_1_95' title="bbox 2201 5339 3357 5412">
     <span class='ocr_line' id='line_1_101' title="bbox 2201 5339 3357 5412; baseline -0.001 -15"><span class='ocrx_word' id='word_1_749' title='bbox 2201 5340 2391 5397; x_wconf 81' lang='lat' dir='ltr'><strong>clesiis</strong></span> <span class='ocrx_word' id='word_1_750' title='bbox 2423 5339 2484 5394; x_wconf 87' lang='lat' dir='ltr'><strong>in</strong></span> <span class='ocrx_word' id='word_1_751' title='bbox 2507 5341 2688 5412; x_wconf 86' lang='lat' dir='ltr'><strong>primo</strong></span> <span class='ocrx_word' id='word_1_752' title='bbox 2723 5341 3081 5397; x_wconf 83' lang='lat' dir='ltr'><strong>Decretalium</strong></span> <span class='ocrx_word' id='word_1_753' title='bbox 3114 5355 3357 5396; x_wconf 86' lang='lat' dir='ltr'><strong>suorum.</strong></span> 
     </span>
    </p>
   </div>
   <div class='ocr_carea' id='block_1_96' title="bbox 2201 5453 3792 5528">
    <p class='ocr_par' dir='ltr' id='par_1_96' title="bbox 2201 5453 3792 5528">
     <span class='ocr_line' id='line_1_102' title="bbox 2201 5453 3792 5528; baseline -0.001 -18"><span class='ocrx_word' id='word_1_754' title='bbox 2201 5457 2304 5528; x_wconf 89' lang='lat' dir='ltr'><strong>(De</strong></span> <span class='ocrx_word' id='word_1_755' title='bbox 2328 5471 2530 5522; x_wconf 63' lang='lat' dir='ltr'><strong>causa,</strong></span> <span class='ocrx_word' id='word_1_756' title='bbox 2563 5454 2688 5514; x_wconf 85' lang='lat' dir='ltr'><strong>dist.</strong></span> <span class='ocrx_word' id='word_1_757' title='bbox 2721 5457 2776 5526; x_wconf 91' lang='lat'><strong>3,</strong></span> <span class='ocrx_word' id='word_1_758' title='bbox 2807 5472 2857 5515; x_wconf 93' lang='lat' dir='ltr'><strong>c.</strong></span> <span class='ocrx_word' id='word_1_759' title='bbox 2909 5459 3080 5513; x_wconf 86' lang='lat' dir='ltr'><strong>Nosse</strong></span> <span class='ocrx_word' id='word_1_760' title='bbox 3124 5471 3217 5512; x_wconf 85' lang='lat' dir='ltr'><strong>vos</strong></span> <span class='ocrx_word' id='word_1_761' title='bbox 3264 5454 3397 5526; x_wconf 85' lang='lat' dir='ltr'><strong>vol.)</strong></span> <span class='ocrx_word' id='word_1_762' title='bbox 3451 5453 3636 5510; x_wconf 88' lang='lat' dir='ltr'><strong>Nosse</strong></span> <span class='ocrx_word' id='word_1_763' title='bbox 3682 5467 3792 5509; x_wconf 89' lang='lat' dir='ltr'><strong>vos</strong></span> 
     </span>
    </p>
   </div>
   <div class='ocr_carea' id='block_1_97' title="bbox 2131 5541 3793 5618">
    <p class='ocr_par' dir='ltr' id='par_1_97' title="bbox 2131 5541 3793 5618">
     <span class='ocr_line' id='line_1_103' title="bbox 2131 5541 3793 5618; baseline -0.002 -16"><span class='ocrx_word' id='word_1_764' title='bbox 2131 5545 2430 5617; x_wconf 83' lang='lat' dir='ltr'><strong>volumus,</strong></span> <span class='ocrx_word' id='word_1_765' title='bbox 2461 5545 2615 5618; x_wconf 91' lang='lat' dir='ltr'><strong>quod</strong></span> <span class='ocrx_word' id='word_1_766' title='bbox 2644 5545 2868 5604; x_wconf 87' lang='lat' dir='ltr'><strong>Pascha</strong></span> <span class='ocrx_word' id='word_1_767' title='bbox 2897 5544 3131 5604; x_wconf 90' lang='lat' dir='ltr'><strong>Domini</strong></span> <span class='ocrx_word' id='word_1_768' title='bbox 3180 5544 3275 5602; x_wconf 91' lang='lat' dir='ltr'><strong>die</strong></span> <span class='ocrx_word' id='word_1_769' title='bbox 3322 5541 3626 5602; x_wconf 90' lang='lat' dir='ltr'><strong>Dominico</strong></span> <span class='ocrx_word' id='word_1_770' title='bbox 3675 5557 3793 5599; x_wconf 86' lang='lat' dir='ltr'><strong>an-</strong></span> 
     </span>
    </p>
   </div>
  </div>
