3978 6060
189 251 309 305 265

991 253 1300 307 DECRETI
1340 256 1523 309 PARS
1559 256 1652 309 IV.
1683 283 1749 294 —-
1791 257 1886 308 DE
1925 253 2193 309 FESTIV.
2235 258 2326 310 ET
2360 259 2620 322 JEJUN.,
2662 258 2812 310 ETC.

3506 261 3612 315 266

193 374 335 427 nuis
367 371 728 443 temporibus
750 371 829 427 sit
848 372 1287 428 celebrandum.
1320 373 1451 429 Istis
1474 390 1609 445 ergo
1638 380 1747 429 tem
1760 392 1853 446 ρο·
1882 381 1936 445 Α
1968 382 2306 444 conventus,
2340 377 2659 433 oratorium
2692 378 2749 431 in
2783 394 2920 448 agro
2952 378 3165 434 habere
3194 379 3457 451 voluerit,
3483 382 3611 438 reli-

193 461 386 530 ribus,
424 461 662 516 Hermes
694 461 897 516 doctor
925 461 1060 516 fidei
1093 467 1151 516 et
1182 463 1482 534 scripturae
1514 463 1732 517 effulsit
1761 464 1850 518 in-

189 555 287 605 ter
312 566 420 605 nos
454 565 467 603 :
500 548 637 604 licet
676 566 783 604 nos
832 550 1035 605 eodem
1087 552 1363 622 praedicto
1407 553 1499 606 die
1530 552 1853 607 celebrare-

193 654 357 704 mus,
387 644 444 694 et
472 638 713 709 quidam
746 638 881 694 inde
912 640 1268 707 dubitarent,
1294 640 1363 694 ad
1394 642 1854 696 corroborandas

192 733 400 784 tamen
422 727 649 783 animas
666 744 868 783 eorum
896 728 1081 783 eidem
1103 730 1325 784 Hermae
1357 730 1600 801 angelus
1624 730 1853 785 Domini

197 818 262 872 in
296 816 501 872 habitu
533 818 787 888 pastoris
834 818 1129 888 apparuit,
1165 824 1221 873 et
1248 819 1517 889 praecepit
1550 818 1599 873 ei
1632 823 1694 872 ut
1728 820 1855 875 Pas-

196 906 315 963 cha
344 906 436 961 die
469 905 774 962 Dominico
807 907 878 961 ab
911 907 1187 962 omnibus
1217 907 1610 963 celebraretur
1639 912 1855 979 tempo-

192 1010 262 1051 re
293 1011 421 1050 suo.
460 992 620 1049 Unde
650 1000 705 1050 et
735 1011 837 1050 vos
869 994 1190 1065 apostolica
1238 996 1580 1051 auctoritate
1609 997 1852 1051 instrui-

195 1101 338 1139 mus
369 1099 573 1138 omnes
603 1084 807 1139 eadem
840 1084 933 1139 die
979 1099 1210 1140 servare
1240 1084 1470 1152 debere,
1502 1085 1638 1155 quia
1660 1091 1717 1140 et
1748 1103 1855 1141 nos

192 1174 404 1229 eadem
438 1189 882 1243 servamus,nec
907 1174 1133 1229 debetis
1156 1190 1188 1229 a
1220 1173 1409 1245 capite
1441 1176 1852 1246 quoquomodo

192 1262 510 1319 dissidere.

190 1371 325 1423 CAP.
362 1368 415 1421 4.
450 1398 515 1409 σ-
547 1368 620 1421 De
648 1368 856 1421 eodem.
918 1368 1093 1421 Victor
1117 1384 1220 1421 xm
1252 1384 1285 1421 a
1315 1370 1473 1422 Petro
1516 1384 1659 1439 papa
1692 1367 1853 1423 Theo-

266 1439 427 1510 phila
455 1439 704 1509 episcopo
742 1441 792 1493 et
837 1439 1110 1508 fratribus
1138 1439 1501 1495 Alexandria:
1545 1442 1759 1510 positis,
1794 1441 1854 1495 in

266 1513 451 1583 primo
481 1510 748 1565 decretati
774 1526 901 1565 suo.

268 1600 370 1670 (De
388 1614 535 1654 cons.
559 1597 685 1653 dist.
710 1598 815 1665 3,c.
839 1598 1271 1669 Celebritatem).
1294 1598 1697 1654 Celebritatem
1717 1616 1851 1655 san-

193 1693 304 1744 cta:
338 1687 574 1742 Pascha
606 1687 700 1741 die
731 1687 1035 1741 Dominico
1059 1687 1149 1755 agi
1180 1688 1413 1755 debere,
1446 1693 1503 1742 et
1532 1689 1851 1759 praedeces-

1963 465 2096 536 quis
2126 466 2559 535 festivitatibus,
2595 471 2655 520 ut
2682 467 2759 520 ibi
2796 466 3001 521 missas
3032 471 3227 523 teneat
3258 474 3490 541 propter
3526 471 3608 525 fa-

1959 553 2305 624 tigationem
2360 554 2616 623 familiai,
2658 555 2827 624 juxta
2876 556 3142 611 ordinem
3192 558 3605 626 permittimus.

1964 641 2184 697 Pascha
2204 659 2359 710 vero,
2377 642 2638 698 Natalem
2660 643 2913 706 Domini,
2945 644 3330 715 Epiphaniam
3359 647 3605 717 Domini,

1960 731 2396 799 Ascensionem,
2432 736 2837 799 Pentecosten,
2889 736 2945 786 et
2995 732 3371 789 Nativitatem
3420 736 3610 791 sancti

1959 818 2202 874 Joannis
2235 820 2529 891 Baptistaa,
2561 821 2691 875 etsi
2725 821 2825 891 qui
2867 821 3104 875 maximi
3136 821 3263 877 dies
3293 824 3351 877 in
3386 823 3610 879 festivi-

1959 909 2181 963 tatibus
2215 909 2432 965 habent
2458 915 2542 976 ut,
2576 909 2809 963 nonnisi
2840 909 2899 963 in
2922 909 3278 976 civitatibus,
3303 916 3404 966 aut
3432 911 3492 967 in
3515 928 3610 983 pa-

1962 997 2178 1053 rochiis
2210 1002 2464 1053 teneant.
2497 998 2703 1053 Clerici
2736 1014 2866 1052 vero
2898 1001 2948 1053 si
2980 999 3080 1068 qui
3115 999 3173 1052 in
3205 999 3299 1053 his
3333 1000 3611 1056 festivita-

1961 1084 2141 1156 tibus,
2174 1102 2320 1157 quas
2371 1103 2549 1157 supra
2597 1076 2876 1152 diximus,
2926 1086 2983 1140 in
3017 1086 3309 1153 oratoriis,
3355 1088 3611 1157 (nisiju-

1959 1174 2134 1230 bente
2165 1180 2265 1230 aut
2294 1177 2666 1247 permittente
2706 1176 3001 1245 episcopo)
3052 1176 3238 1231 tacere
3287 1179 3389 1231 aut
3416 1180 3613 1232 tenere

1959 1262 2270 1335 voluerint,
2302 1282 2335 1320 a
2365 1264 2777 1320 communione
2808 1262 3123 1335 pellantur.

1962 1352 2093 1407 CAP.
2128 1353 2213 1407 10.
2244 1384 2311 1392 -
2343 1355 2413 1408 De
2464 1354 2629 1408 laicis
2676 1354 2772 1422 qui
2818 1352 3259 1406 solemnitatibus
3306 1353 3610 1418 majoribus

2032 1424 2101 1477 ad
2166 1426 2443 1549 cé'téitatem
2500 1440 2606 1479 non
2673 1426 2987 1478 occurrunt.
3056 1424 3138 1476 Ea:
3204 1423 3399 1479 eodem
3454 1439 3609 1480 conc.

2034 1510 2153 1566 Cap.
2222 1504 2275 1550 ‘.

2032 1586 2108 1637 Ut
2155 1584 2309 1639 cives
2357 1583 2455 1654 qui
2506 1582 2873 1653 superiorum
2924 1580 3386 1652 solemnitatum,
3420 1582 3477 1637 id
3527 1586 3614 1639 est

1962 1671 2216 1741 Paschm,
2246 1678 2344 1727 aut
2374 1672 2596 1727 Natalis
2628 1671 2856 1727 Domini
2881 1670 2968 1725 vel
2998 1670 3369 1727 Pentecostes
3401 1671 3615 1727 festivi-

191 1792 362 1834 sores
394 1776 577 1830 nostri
602 1776 729 1845 jam
749 1780 1114 1842 statuerunt;
1148 1780 1205 1831 et
1236 1792 1336 1831 vos
1369 1775 1514 1830 illud
1533 1756 1741 1832 eadem
1764 1776 1854 1833 die
1886 1756 1931 1819 Β
1960 1760 2202 1830 tatibus:
2222 1777 2354 1815 cum
2374 1760 2664 1832 episcopis
2687 1760 2969 1815 interesse
2995 1758 3374 1830 neglexerint,
3400 1759 3459 1814 in
3484 1760 3611 1831 (ἰοί-

192 1865 495 1923 celebrare
525 1864 865 1919 solemniter
886 1865 1261 1930 mandamus,
1286 1864 1426 1935 quia
1456 1881 1571 1920 non
1604 1868 1766 1921 decet
1789 1872 1853 1921 ut

195 1956 469 2011 membra
499 1972 533 2009 a
562 1954 750 2024 capite
779 1953 1132 2025 discrepent,
1166 1970 1273 2009 nec
1302 1959 1506 2010 contra
1535 1960 1760 2026 gerant.

189 2066 329 2118 CAP.
363 2063 415 2116 5.
452 2092 518 2101 —
550 2062 622 2115 De
649 2060 996 2116 solemnitate
1025 2062 1361 2117 Inventionis
1410 2072 1621 2119 sancte
1648 2064 1848 2119 crucis.

514 2132 777 2188 Eusebius
804 2150 968 2205 papa,
1001 2150 1129 2203 cap.
1162 2134 1212 2187 4.
1247 2134 1427 2204 (epist.
1463 2136 1537 2203 3).

268 2224 367 2293 (De
396 2238 565 2289 cons.,
615 2221 740 2277 dist.
774 2222 826 2292 3,
860 2239 907 2278 ο.
960 2221 1189 2293 Crucis).
1243 2222 1443 2278 Crucis
1488 2222 1718 2278 Domini
1752 2241 1851 2279 no-

192 2312 306 2367 stri
354 2311 497 2367 Jesu
546 2310 785 2379 Christi,
826 2328 955 2381 quis
1004 2327 1189 2382 nuper
1242 2311 1414 2366 nobis
1462 2312 1855 2382 gubernacula

196 2403 418 2455 sancta:
450 2400 721 2455 Romana:
744 2398 1014 2455 Ecclesiae
1042 2400 1403 2469 tenentibus,
1426 2400 1629 2472 quinto
1660 2401 1855 2457 Nonas

199 2489 340 2544 Maii
372 2488 607 2544 inventa
645 2492 754 2558 est,
788 2489 845 2543 in
879 2488 1154 2559 praedicto
1185 2488 1579 2545 Kalendarum
1613 2489 1725 2545 die.
1760 2491 1853 2544 In-

198 2577 497 2633 ventionis
530 2578 744 2633 festum
792 2577 957 2633 vobis
989 2576 1330 2633 solemniter
1359 2577 1651 2633 celebrare
1684 2595 1852 2634 man-

200 2666 439 2721 damus.

196 2754 336 2810 ΟΑρ.
363 2756 416 2808 6.
452 2785 518 2794 —
547 2754 615 2809 De
639 2770 744 2809 non
776 2753 1118 2822 prohibendo
1158 2770 1317 2824 Opere
1349 2758 1407 2810 in
1438 2756 1691 2811 Sabbato.
1727 2755 1851 2811 Gre-

268 2841 413 2895 gor.,
447 2828 627 2895 gratia
672 2826 767 2880 Dei
816 2828 1121 2896 episcopus,
1170 2826 1548 2882 dilectissimis
1576 2829 1691 2881 suis
1719 2830 1853 2881 civi-

271 2899 371 2952 bus
405 2898 609 2961 Romae,
641 2898 737 2951 lib.
772 2914 828 2952 x1
859 2898 1085 2965 registri
1113 2900 1270 2967 epist.
1304 2899 1359 2952 3.

273 2987 374 3056 (De
402 3001 586 3051 cons.,
616 2985 742 3041 dist.
793 2986 845 3049 3,
895 3002 940 3041 ο.
976 2987 1271 3055 Pervenit).
1331 2987 1597 3041 Pervenit
1645 2989 1713 3043 ad
1763 3004 1855 3043 mo

200 3074 493 3145 quosdam
529 3074 776 3144 perversi
812 3074 1058 3145 spiritus
1089 3074 1356 3129 homines
1390 3076 1735 3146 pravainter
1754 3094 1854 3131 vos

200 3163 405 3233 aliqua
436 3166 489 3217 et
506 3167 719 3217 sancta;
741 3162 868 3216 fidei
901 3163 1192 3217 contraria
1211 3162 1551 3233 seminasse,
1578 3164 1657 3218 ita
1680 3169 1743 3218 ut
1764 3166 1857 3219 die

202 3248 442 3304 Sabbati
502 3248 724 3320 aliquid
777 3251 1005 3320 operari
1055 3249 1448 3321 prohiberent.
1512 3252 1665 3314 Quos
1717 3253 1856 3324 quid

204 3338 367 3395 aliud
402 3337 515 3391 nisi
548 3337 890 3392 Antichristi
940 3338 1352 3408 praedicatores
1384 3339 1727 3409 dixerimus,
1761 3340 1860 3411 qui

204 3425 447 3482 veniens
478 3425 632 3480 diem
656 3426 977 3480 Sabbatum
1010 3434 1181 3497 atque
1207 3427 1567 3482 Dominicum
1604 3430 1675 3483 ab
1706 3428 1859 3484 omni

209 3515 388 3569 faciet
418 3530 591 3585 opere
620 3514 943 3569 custodiri?
975 3514 1119 3577 Quia
1150 3516 1302 3570 enim
1338 3518 1483 3570 mori
1509 3534 1571 3572 se
1592 3522 1648 3573 et
1669 3534 1861 3572 resur-

209 3618 347 3673 gere
380 3601 643 3669 simulat,
660 3600 861 3656 haberi
880 3601 1001 3656 vult
1023 3603 1081 3656 in
1104 3605 1473 3659 veneratione
1492 3606 1860 3661 Dominicum

211 3690 391 3744 diem.
428 3690 495 3743 Et
526 3690 661 3759 quia
688 3688 970 3760 populum
995 3692 1298 3759 judaizare
1328 3694 1654 3765 compellet,
1677 3699 1739 3748 ut
1768 3710 1863 3749 ex-

212 3778 488 3835 teriorem
523 3778 701 3832 ritum
724 3776 870 3849 legis
892 3784 1135 3847 revocet,
1160 3784 1218 3834 et
1239 3780 1351 3834 sibi
1371 3781 1707 3837 Judmorum
1732 3799 1863 3854 per—

213 3867 416 3922 fidiam
451 3866 687 3932 subdat,
711 3865 817 3921 coli
842 3865 964 3921 vult
985 3867 1329 3922 Sabbatum.
1348 3868 1518 3923 Aliud
1543 3887 1775 3941 quoque
1792 3872 1863 3925 ad

216 3973 307 4011 me
340 3956 631 4027 perlatum
664 3960 772 4020 est,
805 3957 968 4012 vobis
997 3958 1337 4025 aperversis
1370 3960 1708 4014 hominibus
1740 3976 1867 4014 esse

216 4045 623 4116 pradicatum,
649 4051 713 4099 ut
745 4044 1182 4100 Dominicorum
1206 4047 1299 4101 die
1332 4047 1528 4103 nullus
1559 4050 1768 4104 debeat
1789 4049 1867 4103 la-

215 4136 364 4189 vari.
398 4138 464 4188 Et
494 4134 731 4204 quidem
763 4133 813 4187 si
838 4150 941 4205 pro
972 4133 1109 4189 luxu
1144 4135 1348 4203 animi,
1373 4141 1429 4190 et
1456 4153 1557 4207 pro
1573 4137 1869 4207 voluptate

214 4223 355 4293 quis
380 4221 561 4277 lavari
584 4223 822 4294 appetit,
848 4222 957 4277 hoc
978 4223 1101 4277 fieri
1121 4239 1225 4278 nec
1246 4224 1471 4295 reliquo
1495 4226 1755 4296 quolibet
1776 4226 1869 4280 die

212 4311 622 4367 concedimus.
652 4311 713 4365 Si
742 4316 934 4366 autem
955 4328 1056 4382 pro
1089 4313 1434 4368 necessitate
1456 4314 1737 4384 corporis,
1761 4315 1871 4370 hoc

216 4414 325 4455 nec
356 4396 661 4453 Dominico
693 4397 785 4452 die
817 4398 1217 4470 prohibemus.

1961 1850 2073 1903 bus
2095 1848 2427 1904 civitatibus
2452 1850 2672 1921 positos
2704 1866 2764 1903 se
2787 1848 3134 1919 accipiendas
3156 1848 3610 1916 communionis,

1958 1936 2047 1991 vel
2076 1937 2498 1993 benedictionis
2546 1937 2835 1993 desiderio
2885 1937 3147 1993 noverint
3181 1956 3192 1992 :
3227 1939 3327 2008 qui
3376 1938 3485 1993 hoc
3518 1939 3607 1994 fa-

1960 2041 2089 2080 cere
2118 2026 2498 2097 neglexerint,
2522 2026 2771 2081 triennio
2804 2043 2837 2080 a
2867 2026 3279 2081 communione
3312 2025 3613 2098 priventur

1962 2114 2237 2170 ecclesiae.

1962 2204 2095 2259 CAP.
2134 2205 2218 2258 11.
2249 2234 2317 2244 ——-
2351 2206 2413 2260 Ut
2442 2205 2662 2260 litanias
2701 2214 2831 2259 ante
2860 2205 3236 2259 Ascensionem
3280 2206 3500 2261 Domini
3528 2221 3615 2261 ce-

2070 2275 2370 2330 lebrentur.
2405 2278 2486 2329 Ex
2512 2276 2744 2331 concilio
2775 2277 3162 2331 Aurelianensi
3191 2293 3230 2345 ι,
3263 2292 3386 2347 cap.
3416 2278 3503 2331 29.

2034 2363 2131 2431 (De
2158 2379 2329 2430 cons.,
2376 2364 2503 2418 (list.
2553 2364 2609 2431 3,
2658 2380 2705 2418 c.
2742 2364 3101 2435 Rogationes).
3154 2366 3522 2435 Rogationes,
3557 2366 3617 2419 id

1964 2455 2053 2505 est
2086 2450 2340 2517 litanias,
2372 2456 2505 2506 ante
2526 2453 2938 2507 Ascensionem
2968 2453 3189 2507 Domini
3217 2453 3440 2524 placuit
3464 2453 3618 2509 cele-

1962 2538 2141 2605 brari,
2177 2539 2257 2593 ita
2288 2544 2353 2593 ut
2384 2543 2514 2610 post
2565 2540 2809 2594 missam
2860 2540 3199 2594 triduanum
3226 2542 3525 2610 jejunium
3556 2541 3617 2595 in

1966 2626 2272 2682 Dominicze
2287 2628 2657 2682 Ascensionis
2672 2627 3039 2682 solemnitate
3054 2628 3331 2693 solvatur,
3345 2645 3447 2699 per
3459 2629 3615 2699 quod

1965 2717 2227 2771 triduum
2259 2717 2405 2771 servi
2437 2723 2495 2771 et
2538 2715 2761 2771 ancillae
2806 2718 2876 2771 ab
2911 2732 3082 2787 Opere
3113 2716 3466 2783 relaxentur,
3498 2733 3613 2788 quo

1965 2806 2153 2877 magis
2184 2805 2348 2876 plebs
2381 2805 2650 2860 universa
2679 2804 3003 2873 conveniat,
3034 2821 3148 2875 quo
3180 2804 3375 2860 triduo
3408 2821 3613 2861 omnes

1965 2894 2317 2958 abstineant,
2344 2899 2401 2949 et
2430 2892 3043 2964 quadragesimalibus
3074 2892 3219 2948 cibis
3252 2898 3516 2949 utantur.

1964 3000 2098 3056 CAP.
2135 3002 2220 3056 12.
2254 3032 2321 3041 -
2351 3003 2413 3057 Ut
2442 3000 2630 3054 nullus
2671 3001 2873 3054 civium
2920 2998 3254 3071 festivitates
3281 3000 3523 3071 majores
3552 3001 3613 3055 in

2268 3072 2403 3127 villa
2434 3072 2690 3127 celebret.
2723 3073 2816 3125 Ex
2840 3072 3022 3125 eodem
3051 3087 3174 3142 cap.
3209 3072 3298 3125 27.

2040 3162 2133 3233 (De
2155 3177 2324 3230 cons.,
2374 3160 2499 3214 dist.
2534 3160 2587 3227 3,
2620 3176 2665 3214 c.
2723 3160 2877 3214 Nut’li
2921 3160 3167 3228 civium).
3224 3159 3295 3214 Ut
3342 3159 3489 3214 nulli
3537 3160 3617 3215 ci-

1966 3250 2125 3305 vium
2153 3250 2408 3318 Paschze,
2440 3248 2663 3304 Natalis
2693 3247 2948 3315 Domini,
2991 3247 3079 3301 vel
3112 3247 3618 3319 Quinquagesimte

1970 3338 2398 3394 solemnitatem
2431 3338 2489 3391 in
2512 3337 2839 3392 villaliceat
2856 3336 3173 3406 celebrare,
3205 3335 3313 3391 nisi
3341 3353 3513 3407 quem
3536 3337 3621 3391 in-

1971 3427 2215 3482 ﬁrmitas
2247 3426 2531 3498 probatur
2559 3426 2839 3481 tenuisse.
2897 3424 3227 3497 Irreligiosa
3258 3426 3621 3481 consuetudo

1970 3520 2057 3571 est
2087 3531 2265 3587 quam
2296 3516 2504 3586 vulgus
2527 3530 2629 3586 per
2649 3518 2989 3569 sanctorum
3022 3512 3429 3569 solemnitates
3452 3529 3622 3586 agere

1973 3602 2295 3659 consuevit.
2331 3602 2535 3671 Populi
2570 3601 2669 3672 qui
2719 3602 2933 3657 debent
2980 3601 3173 3656 officia
3203 3602 3401 3657 divina
3431 3606 3623 3657 atten-

1973 3693 2129 3761 dere,
2153 3690 2568 3745 saltationibus
2598 3690 2874 3761 turpibus
2897 3689 3223 3761 invigilant,
3257 3690 3486 3746 cantica
3506 3708 3621 3746 non

1974 3780 2165 3835 solum
2210 3778 2365 3834 mala
2413 3782 2710 3848 canentes,
2744 3779 2840 3833 sed
2891 3782 2947 3833 et
2976 3777 3381 3850 religiosorum
3415 3779 3624 3835 officiis

1975 3873 2419 3940 perstrepentes.
2477 3867 2607 3922 Haec
2654 3866 2872 3921 etenim
2924 3870 2988 3921 ut
3018 3866 3089 3921 ab
3139 3869 3299 3923 omni
3349 3868 3626 3941 Hispania

1975 3957 2361 4029 depellantur,
2379 3956 2749 4011 sacerdotum
2771 3959 2829 4010 et
2852 3956 3123 4028 judicum
3156 3974 3188 4011 a
3220 3957 3465 4012 concilio
3488 3974 3624 4011 san-

1977 4050 2066 4101 cto
2101 4061 2253 4100 cum
2282 4044 2690 4100 committitur.

2012 4138 2142 4189 CAP.
2178 4134 2266 4188 13.
2296 4164 2327 4172 ~
2352 4163 2365 4173 ε
2398 4134 2467 4187 Dc
2495 4133 2789 4187 Dominica
2830 4132 2937 4186 die.
2972 4132 3053 4185 Ea:
3080 4134 3301 4186 statutis
3330 4137 3590 4185 Patrum.

2048 4222 2148 4276 Die
2166 4225 2360 4277 autem
2386 4221 2685 4275 Dominica
2704 4218 2849 4273 nihil
2877 4218 3036 4273 aliud
3068 4219 3360 4289 agendum
3384 4223 3493 4284 est,
3515 4218 3628 4275 nisi

1980 4311 2095 4365 Deo
2126 4310 2453 4365 vacandum
2490 4326 2502 4363 :
2539 4306 2701 4362 nulla
2748 4307 3009 4378 operatio
3064 4306 3122 4359 in
3157 4305 3250 4360 die
3296 4305 3401 4361 illa
3430 4312 3633 4363 sancta

1982 4399 2396 4469 comperiatur,
2430 4396 2544 4451 nisi
2591 4400 2821 4451 tantum
2871 4395 3129 4467 hymnis,
3172 4398 3229 4450 et
3280 4394 3543 4467 psalmis,
3576 4400 3635 4453 et

213 4504 355 4560 ωλι),
387 4504 443 4556 7,
478 4535 544 4544 ....
565 4505 649 4580 ρε
677 4505 765 4559 his
793 4506 889 4580 (mi
918 4508 977 4580 τη
1008 4506 1292 4580 Dominica
1320 4507 1411 4562 άίε
1440 4507 1684 4562 studiose
1723 4509 1869 4580 jeju,
1905 4477 1951 4541 D
1983 4487 2225 4542 canticis
2258 4485 2661 4556 spiritualibus
2692 4484 2818 4539 dies
2848 4484 2950 4539 illa
2980 4487 3334 4539 transeatur.

364 4580 523 4629 nant.
555 4577 637 4630 Ea:
664 4578 895 4631 concilio
929 4576 1362 4647 Carthaginensi
1384 4594 1457 4648 Iv,
1485 4596 1604 4650 cap.
1636 4576 1729 4636 64.

289 4664 403 4735 (26,
438 4680 488 4733 q.
520 4665 577 4730 7,
604 4680 650 4718 c.
681 4664 985 4732 Sacerdos).
1018 4665 1126 4728 Qui
1164 4665 1461 4721 Dominico
1494 4668 1585 4723 die
1611 4670 1874 4724 studiose

210 4754 475 4824 jejunat,
504 4768 621 4807 non
648 4754 919 4807 credatur
949 4752 1303 4809 Catholicus.
1676 4824 1685 4829 _

217 4859 355 4915 CAP.
386 4858 441 4911 8.
477 4889 544 4899 —
574 4859 759 4933 De_his
791 4860 886 4929 qui
914 4860 1141 4933 ecclesia
1166 4862 1535 4930 prmtermissa
1565 4862 1635 4916 ad
1664 4866 1873 4933 specta-

572 4928 707 4984 cula
733 4928 992 5000 pergunt.
1027 4928 1253 5001 Ibidem,
1284 4947 1403 5001 cap.
1436 4933 1525 4986 88.

296 5019 395 5087 (De
422 5033 596 5082 cons.,
616 5018 742 5073 dist.
764 5020 814 5084 1,
845 5034 892 5072 c.
923 5019 1134 5085 Quidie
1160 5018 1377 5091 solem).
1405 5020 1509 5083 Qui
1540 5021 1632 5075 die
1663 5021 1874 5076 solem-

223 5106 308 5175 ni,
346 5107 740 5176 praetermisso
789 5106 1047 5162 ecclesiae
1095 5114 1381 5163 conventu
1431 5110 1502 5164 ad
1545 5109 1878 5181 spectacula

223 5195 413 5259 vadit,
445 5195 1005 5250 excommunicetur.

227 5305 356 5356 CAP.
388 5300 443 5353 9.
480 5330 547 5341 —-
580 5302 643 5357 Ut
669 5303 1045 5357 solemm'lates
1094 5304 1328 5372 majores
1358 5306 1418 5359 in
1457 5305 1773 5361 civitatibus
1801 5320 1880 5359 ce-

410 5373 707 5427 lebrentur.
740 5375 823 5427 Ex
850 5374 1081 5429 concilio
1112 5376 1427 5443 Agathensi,
1461 5393 1575 5447 cap.
1613 5379 1701 5432 21.

296 5460 397 5531 (De
428 5474 602 5525 cons.,
636 5461 762 5517 dist.
804 5466 851 5531 1,
881 5478 928 5516 c.
971 5462 1031 5516 Si
1059 5463 1226 5533 quis).
1257 5464 1313 5517 Si
1348 5464 1480 5534 quis
1514 5467 1691 5520 etiam
1723 5468 1884 5521 extra

230 5548 544 5620 parochias
576 5548 633 5603 in
684 5550 901 5620 quibus
951 5548 1252 5621 legitimus
1298 5556 1388 5606 est
1435 5552 1884 5625 ordinariusque

565 5677 823 5739 Parnm“
870 5677 1073 5741 CLXI.

1983 4595 2116 4650 CAP.
2148 4594 2231 4649 14.
2263 4622 2333 4635 -
2384 4594 2449 4650 Ut
2496 4590 2801 4662 presbyteri
2845 4589 3092 4662 plebibus
3139 4594 3477 4647 annuntient
3518 4591 3633 4647 dies

2018 4668 2113 4738 qui
2139 4663 2386 4736 feriendi
2415 4660 2560 4717 suat.
2607 4660 2689 4716 ex
2734 4660 3083 4728 Lugdunensi
3109 4664 3360 4732 concilio,
3391 4680 3512 4735 cap.
3541 4664 3596 4717 3.

2057 4754 2149 4825 (De
2178 4769 2345 4821 cons.,
2380 4752 2505 4807 dist.
2536 4751 2654 4817 3,0.
2686 4750 3205 4821 pronuntiandum).
3241 4752 3633 4807 Pronuntian-

1986 4844 2127 4897 dum
2158 4847 2264 4908 est,
2298 4846 2363 4895 ut
2392 4841 2583 4895 sciant
2611 4843 2872 4909 tempore
2903 4837 3146 4892 feriandi
3179 4854 3281 4910 per
3301 4856 3544 4908 annum,
3575 4839 3636 4893 id

1986 4936 2317 4986 estomnem
2335 4928 2699 4983 Dominicam
2715 4942 3001 4997 avespera
3018 4942 3205 4997 usque
3224 4929 3292 4982 ad
3310 4944 3636 4999 vesperam,

1987 5036 2057 5074 ne
2082 5019 2380 5089 judaismo
2423 5016 2751 5088 capiantur.
2802 5014 3073 5069 Feriandi
3119 5030 3255 5071 vero
3286 5032 3389 5087 per
3418 5033 3638 5072 annum

1989 5108 2085 5163 isti
2119 5110 2257 5161 sunt
2286 5106 2443 5161 dies:
2466 5104 2668 5159 Natale
2699 5103 2955 5169 Domini,
2988 5104 3174 5158 sancti
3196 5106 3491 5177 Stephani,
3512 5121 3641 5159 san-

1989 5196 2067 5251 cti
2096 5193 2341 5250 Joannis
2373 5191 2757 5263 evangelista,
2793 5191 3222 5261 Innocentium,
3248 5193 3435 5247 sancti
3466 5192 3647 5247 Silve.

1989 5284 2117 5351 stri,
2147 5282 2367 5337 Octavus
2388 5281 2616 5335 Domini
2644 5284 2699 5333 et
2720 5278 3119 5349 Theophanis,
3145 5280 3225 5333 Pu
3238 5281 3476 5334 riﬁcatio
3502 5294 3640 5333 san-

1992 5381 2095 5429 ctae
2128 5372 2340 5435 Mariae,
2375 5374 2644 5425 sanctum
2692 5366 2913 5422 Pascha
2943 5382 3076 5420 cum
3108 5370 3228 5421 tota
3259 5366 3643 5428 hebdomade,

1996 5461 2340 5533 Rogationes
2371 5460 2562 5513 tribus
2593 5456 2821 5521 diebus,
2857 5454 3136 5508 Ascensio
3166 5454 3413 5519 Domini,
3450 5453 3639 5509 sancti

1995 5552 2120 5606 dies
2145 5543 2733 5613 Pentecostes,sancti
2754 5540 2999 5599 Joannis
3021 5540 3308 5613 Baptistae,
3334 5540 3649 5598 duodecim

3286 5673 3323 5729 9
