3970 6058
370 267 480 324 267

1464 267 1530 315 D.
1573 262 1811 316 IVONlS
1847 257 2345 314 CABNOTENSIS
2383 257 2701 311 EPISCOPI

3681 253 3797 308 268

371 387 1063 464 apostolorum,maxime
1085 390 1421 444 sanctorum
1443 383 1595 442 Petri
1628 389 1684 440 et
1713 381 1898 452 Pauli,
1918 381 2020 452 qui
2046 381 2102 447 Α
2133 381 2278 437 forte
2309 397 2546 437 necesse
2575 380 2672 450 sit,
2705 396 2920 453 corpus
2951 377 3272 452 cujuslibet
3303 377 3549 435 duci-ad
3581 378 3788 452 sepul-

371 480 664 537 mundum
697 495 806 535 sua
846 475 1262 550 praedicatione
1305 474 1806 542 illuminaverunt,
1838 469 2026 527 sancti

371 568 693 637 Laurentii,
727 564 1070 638 Assumptio
1103 569 1314 620 sanctae
1347 563 1564 632 Mariae,
1593 561 1875 618 Nativitas
1905 561 2027 631 eju-

369 661 558 727 sdem,
592 656 892 714 Dedicatio
915 653 1170 710 basilica;
1203 652 1388 709 sancti
1417 651 1751 724 archangeli
1783 651 2026 706 Michae-

369 749 468 816 lis,
529 746 830 805 Dedicatio
881 745 1290 816 cujuscunque
1337 741 1597 812 oratorii,
1646 746 1702 796 et
1758 739 2024 796 omnium

371 842 735 903 sanctorum,
785 839 840 889 et
889 832 1078 888 sancti
1131 831 1368 886 Martini
1413 835 1470 886 et
1515 830 1625 884 illa:
1658 828 2022 895 festivitates,

373 943 521 999 quas
571 922 789 995 singuli
838 921 1096 992 episcopi
1148 920 1206 974 in
1238 921 1364 974 suis
1411 918 1844 991 episcopatibus
1889 932 2022 971 cum

372 1013 589 1086 populo
619 1009 1094 1079 collaudaverint,
1128 1025 1253 1080 quae
1305 1008 1514 1064 vicinis
1547 1016 1740 1063 tamen
1773 1007 2023 1061 circum-

373 1102 736 1159 morantibus
765 1099 1087 1154 indicendaa
1119 1103 1282 1168 sunt,
1309 1114 1424 1152 non
1458 1095 1810 1168 generaliter
1838 1093 2024 1151 omni-

369 1190 503 1246 bus.
538 1189 791 1260 Reliquas
823 1205 954 1243 vero
978 1187 1327 1242 festivitates
1352 1203 1454 1257 per
1484 1202 1706 1242 annum
1738 1201 1855 1239 non
1887 1185 2027 1237 sunt

369 1279 640 1351 cogendae
672 1279 744 1334 ad
777 1277 1132 1342 feriendum,
1165 1293 1270 1331 nec
1302 1275 1697 1348 prohibendis.
1732 1271 2024 1329 Indictum

367 1383 502 1424 vero
526 1367 824 1438 jejunium
859 1367 1094 1438 quando
1127 1366 1303 1420 fuerit
1333 1365 1770 1430 denuntiatum,
1804 1361 1878 1418 ab
1909 1377 2027 1416 om-

374 1455 562 1512 nibus
593 1455 954 1512 observetur.

372 1566 505 1620 CAP.
543 1563 628 1619 15.
661 1593 730 1602 —
761 1562 825 1619 Ut
851 1561 1163 1632 presbyteri
1185 1574 1312 1616 eum
1329 1560 1658 1629 festivitates
1687 1558 2026 1632 annuntiant

443 1636 610 1690 etiam
628 1630 979 1705 jejuniorum
1011 1634 1061 1705 et
1091 1632 1421 1705 vigiliarum
1467 1647 1577 1687 non
1608 1630 2024 1705 obliviscantur.

443 1707 527 1761 Ea:
555 1701 788 1761 concilio
820 1703 978 1773 apud
1007 1701 1416 1774 Compendium,
1447 1718 1567 1773 cap.
1599 1701 1649 1757 l.

441 1803 588 1858 Item
634 1801 958 1874 presbyteri
1008 1817 1143 1856 cum
1193 1799 1536 1856 festivitates
1586 1815 1784 1856 sacras
1815 1795 2026 1870 p0pulo

367 1892 750 1961 annuntiant,
771 1891 945 1946 etiam
965 1889 1264 1961 jejunium
1286 1888 1620 1962 vigiliarum
1642 1888 1743 1943 ubi
1773 1903 1901 1943 esse
1923 1889 2027 1942 de-

371 1981 526 2049 beat,
560 1997 658 2036 eos
691 1978 1032 2034 omnimodo
1064 1993 1290 2033 servare
1324 1982 1620 2033 moneant.

373 2091 498 2142 CAP.
537 2087 626 2140 16.
666 2116 735 2124 —
766 2085 840 2140 De
869 2085 1252 2139 observatione
1299 2085 1598 2138 Dominica;
1646 2082 1778 2151 diei,
1809 2091 1858 2137 et
1888 2081 2030 2152 quod

444 2166 720 2212 mercatus
750 2173 852 2211 nec
878 2157 1150 2226 placitum
1175 2158 1232 2208 in
1255 2171 1326 2211 ca
1354 2157 1426 2210 sit
1457 2154 1770 2210 tenendum.
1800 2159 1880 2210 Ex
1898 2170 2026 2209 con-

444 2229 577 2284 cilio
607 2232 861 2298 Magunt.
896 2244 935 2293 ι,
967 2243 1014 2281 c.
1047 2227 1140 2281 37.

445 2317 660 2372 Omnes
692 2315 817 2370 dies
867 2314 1203 2370 Dominicos
1249 2331 1281 2368 a
1332 2329 1576 2386 vespera
1617 2313 1674 2367 in
1725 2327 2025 2384 vesperam

375 2405 534 2461 omni
567 2404 940 2460 veneratione
969 2406 1028 2458 et
1070 2402 1476 2458 observatione
1525 2401 1892 2457 decrevimus
1922 2401 2026 2456 oh-

373 2510 622 2560 servare,
657 2497 713 2548 et
744 2492 814 2547 ab
847 2491 1049 2546 illicito
1081 2507 1254 2563 opere
1286 2490 1604 2557 abstinere,
1626 2493 1684 2546 et
1713 2494 1779 2544 ut
1812 2505 2028 2545 merca-

372 2586 470 2638 tus
504 2581 749 2636 minime
782 2581 840 2634 in
873 2579 956 2635 eis
987 2579 1083 2647 sit,
1118 2596 1222 2635 nec
1256 2579 1540 2652 placitum
1573 2579 1670 2634 ubi
1705 2577 1923 2650 aliquis
1955 2577 2026 2631 ad

373 2674 623 2726 mortem
657 2668 746 2724 vel
777 2685 1009 2740 poenam
1036 2668 1364 2738 judicetur,
1401 2683 1505 2723 nec
1536 2675 1902 2723 sacramenta
1925 2665 2025 2736 ju-

371 2763 599 2829 rentur,
627 2757 741 2813 nisi
769 2775 870 2830 pro
900 2774 1039 2828 pace
1072 2757 1360 2812 facienda.

374 2869 500 2920 CAP.
535 2865 622 2920 17.
654 2894 725 2906 -
754 2864 885 2919 Item
914 2863 979 2919 tle
1007 2862 1195 2919 eadem
1227 2879 1305 2918 re.
1339 2865 1422 2918 Ex
1448 2862 1682 2919 concilio
1711 2861 1858 2932 apud
1886 2877 2022 2916 san-

443 2939 590 2990 ctum
656 2935 977 2992 Medardum
1051 2941 1329 3006 praesente
1406 2934 1596 2989 Carolo
1671 2936 2024 3005 imperatore,

449 3023 573 3076 cap.
604 3007 660 3060 5.

447 3095 777 3152 Statuimus
801 3110 1054 3165 quoque,
1075 3094 1399 3149 secundum
1423 3094 1578 3164 quod
1602 3093 1661 3147 in
1695 3092 1820 3164 lege
1843 3093 2028 3148 Domi-

376 3200 490 3240 nus
521 3182 842 3248 mandavit,
876 3186 941 3236 ut
971 3199 1149 3253 opera
1189 3181 1423 3238 servilia
1454 3181 1662 3236 diebus
1705 3181 2028 3237 Dominicis

376 3290 492 3329 non
515 3277 786 3346 agantur,
803 3272 959 3327 sicut
980 3271 1210 3342 genitor
1230 3287 1399 3326 meus
1424 3271 1482 3325 in
1507 3269 1630 3325 suis
1652 3268 2036 3339 synodalibus

375 3361 583 3418 edictis
615 3359 934 3426 mandavit,
968 3361 1120 3430 quod
1172 3376 1275 3415 nec
1319 3358 1428 3412 viri
1462 3358 1679 3413 ruralia
1709 3362 2033 3427 exerceant,

375 3465 482 3506 nec
511 3450 569 3504 in
603 3450 769 3504 vinea
790 3448 1176 3512 c31enda,nec
1209 3448 1266 3502 in
1291 3447 1512 3520 campis
1539 3448 1775 3517 arando,
1801 3447 1886 3502 vel
1911 3463 2033 3502 me-

376 3538 574 3607 tendo,
599 3536 688 3592 vel
721 3537 920 3591 fenum
955 3537 1229 3607 secando,
1263 3537 1352 3592 vel
1386 3553 1584 3609 sepem
1620 3537 1909 3609 ponendo,
1940 3539 2030 3594 vel

376 3628 433 3682 in
469 3625 632 3681 silvis
664 3624 987 3695 stirpando,
1013 3625 1099 3681 vel
1131 3626 1369 3682 arbores
1391 3627 1633 3694 caedere,
1655 3625 1743 3682 vel
1767 3627 1825 3680 in
1849 3627 2028 3698 petris

371 3716 658 3783 laborare,
692 3729 797 3770 nec
825 3715 894 3769 ad
927 3715 1144 3786 placita
1189 3716 1562 3786 conveniant,
1595 3732 1701 3772 nec
1733 3721 2028 3772 mercatus

371 3806 494 3874 ﬁat,
527 3821 633 3860 nec
663 3803 1001 3859 venationes
1034 3808 1432 3860 exerceantur.

373 3913 509 3969 CAP.
549 3911 631 3964 18.
674 3939 744 3950 -
793 3911 855 3966 Ut
903 3911 966 3964 in
1013 3910 1204 3965 diebus
1254 3912 1582 3981 Dominicis,
1633 3915 1683 3966 et
1724 3913 1782 3965 in
1830 3911 2023 3967 diebus

441 3985 782 4107 Penteécgstes
811 3984 1017 4036 stantes
1062 3997 1302 4037 oremus.
1357 3988 1442 4036 Ex
1483 3983 1684 4036 Niceno
1713 3982 1950 4038 concilio
1979 4000 2019 4050 ι,

444 4070 566 4107 cap.
677 4092 689 4105 .

444 4070 566 4124 cap.
598 4070 689 4107 zu.

438 4143 534 4210 (De
579 4155 750 4208 cana,
800 4139 926 4195 dist.
979 4141 1033 4210 3,
1083 4155 1132 4194 c.
1189 4140 1466 4208 Quoniam
1510 4141 1681 4210 sunt).
1729 4141 2013 4205 Quoniam

366 4234 510 4286 sunt
538 4230 598 4284 in
633 4229 725 4283 die
757 4227 1060 4283 Dominica
1091 4228 1330 4298 quidam
1363 4229 1434 4282 ad
1467 4229 1791 4284 orationem
1826 4245 2019 4300 genua

367 4319 687 4381 flectentes,
721 4320 778 4370 et
807 4316 866 4369 in
917 4316 1124 4371 diebus
1168 4317 1558 4383 Pentecostes,
1591 4321 1898 4390 propterea
1927 4323 2016 4375 est

368 4405 570 4476 utique
590 4404 973 4458 constitutum
1007 4420 1040 4458 a
1069 4410 1273 4460 saneta
1303 4407 1545 4478 synodo,
1571 4406 1846 4478 quoniam
1870 4423 2011 4462 con-

368 4509 513 4548 sona
541 4496 597 4546 et
627 4489 975 4546 conveniens
1009 4507 1112 4560 per
1141 4508 1345 4549 omnes
1377 4493 1654 4550 ecclesias
1681 4496 2018 4550 custodien~
2049 4495 2096 4560 D

369 4583 444 4636 da
473 4579 840 4635 consuetudo
871 4582 980 4648 est,
1013 4583 1078 4634 ut
1109 4585 1330 4638 stantes
1362 4584 1432 4638 ad
1467 4584 1787 4638 orationem
1819 4583 2018 4639 Domi-

370 4686 445 4724 no
474 4672 609 4723 vota
640 4667 980 4723 reddamus.

370 4774 497 4830 CAP.
530 4774 618 4849 19ἶ
651 4803 720 4812 -
753 4774 816 4829 Ut
844 4789 952 4849 uno
982 4773 1082 4849 die,
1119 4782 1170 4828 et
1200 4781 1436 4849 tempore
1468 4778 1681 4832 Pascha
1712 4777 1910 4849 ubique
1937 4795 2019 4835 ce-

547 4845 810 4900 lebretur.
844 4845 927 4898 Ex
954 4845 1267 4900 Arelatensi
1293 4849 1526 4904 concilio
1557 4866 1595 4918 ι,
1627 4866 1750 4919 cap.
1787 4845 1835 4904 1.

439 4943 533 5012 (De
561 4957 729 5011 cons.,
761 4942 887 4996 dist.
922 4942 976 5010 3,
1006 4958 1053 4996 c.
1086 4943 1161 4996 De
1198 4945 1449 5016 observ.).
1500 4946 1580 5000 De
1610 4947 2015 5004 observatione

365 5031 602 5086 Pascha
631 5030 882 5096 Domini,
918 5034 982 5084 ut
1005 5047 1122 5084 uno
1153 5030 1245 5086 die
1276 5036 1332 5087 et
1361 5037 1626 5105 tempore
1653 5052 1756 5106 per
1777 5052 2011 5091 omnem

363 5120 581 5189 orbem,
615 5119 973 5185 observetur,
999 5125 1055 5174 et
1077 5119 1249 5189 juxta
1269 5124 1753 5180 consuetudinem
1785 5124 2011 5182 litteras

361 5209 433 5265 ad
465 5223 671 5264 omnes
703 5212 766 5262 tu
801 5207 1041 5278 dirigas.

359 5316 493 5373 CAP.
523 5315 614 5370 20.
647 5344 716 5353 —
746 5313 881 5389 0%?
908 5329 1072 5389 opera
1092 5314 1392 5389 ﬂaminica
1441 5317 1530 5372 die
1559 5319 1716 5373 liceat
1742 5320 1894 5389 ﬁeri.
1931 5322 2011 5376 Ex

633 5386 864 5441 concilio
894 5385 1044 5456 apud
1076 5385 1491 5458 Compendium,
1521 5405 1639 5457 cap.
1679 5390 1732 5443 6.

426 5475 562 5529 Tria
593 5472 850 5530 carraria
881 5489 1056 5544 opera
1089 5473 1223 5528 licet
1269 5475 1392 5530 fieri
1445 5476 1502 5531 in
1537 5477 1844 5534 Dominica
1890 5481 2005 5554 die,

355 5560 417 5618 id
445 5565 535 5618 est
556 5561 938 5631 hostilicidia,
967 5579 1154 5633 carra,
1174 5562 1468 5633 victualia,
1487 5564 1573 5621 vel
1595 5565 1855 5640 angaria,
1879 5576 1936 5626 et
1955 5569 2006 5627 si

2133 486 2320 525 crum.

2130 580 2262 632 CAP.
2293 580 2384 633 2t.
2415 607 2486 618 —
2516 582 2649 634 Item
2677 576 2742 632 de
2785 576 3157 633 observatione
3185 577 3489 634 Dominica
3531 575 3664 632 diei.
3700 577 3799 631 Ex

2689 648 2804 705 eod.
2836 664 2990 704 conc.
3023 664 3144 719 cap.
3177 650 3232 701 7.

2205 737 2453 793 Feminae
2485 755 2661 809 opera
2691 737 2917 793 textilia
2948 754 3064 792 non
3118 737 3333 792 faciant
3362 736 3421 791 in
3462 735 3558 792 die
3586 735 3793 792 Domi-

2134 825 2283 895 nico,
2318 844 2432 883 non
2478 826 2754 899 capulent
2798 825 3174 894 vestimenta,
3204 825 3452 882 vestitus
3502 843 3618 880 non
3646 841 3790 881 con—

2132 921 2328 981 suant,
2364 931 2468 970 nec
2499 916 2694 970 lanam
2727 920 3130 987 carpantznon
3162 914 3297 970 licet
3328 914 3514 970 linum
3540 915 3790 980 battere,

2133 1009 2235 1058 aut
2282 1005 2624 1060 vestimenta
2670 1003 2908 1060 lavare:
2944 1021 3050 1061 nec
3105 1020 3372 1060 verveces
3421 1005 3689 1069 tondere,
3723 1011 3792 1059 ut

2133 1091 2409 1147 omnibus
2437 1092 2626 1148 modis
2657 1091 2844 1148 honor
2873 1097 2930 1148 et
2960 1093 3194 1164 requies
3215 1092 3309 1148 die
3331 1091 3636 1147 Dominica
3656 1108 3790 1164 per-

2133 1179 2529 1250 solvatur,sed
2562 1182 2634 1236 ad
2666 1181 2985 1237 missarum
3013 1180 3302 1237 solemnia
3332 1181 3551 1252 ubique
3583 1197 3794 1236 conve-

2134 1271 2322 1336 niant,
2353 1275 2410 1325 et
2440 1269 2678 1326 laudent
2704 1263 3011 1327 Dominum
3033 1288 3136 1343 pro
3167 1270 3444 1326 omnibus
3466 1268 3637 1327 bonis
3659 1286 3788 1340 quis

2134 1359 2302 1415 nobis
2328 1360 2386 1414 in
2421 1359 2522 1415 illa
2548 1360 2642 1415 die
2671 1359 2937 1416 conferre
2966 1360 3248 1432 dignatus
3277 1363 3388 1415 est.

2249 1465 2382 1520 CAP.
2414 1466 2504 1520 22.
2538 1497 2606 1506 —
2635 1467 2786 1521 Item.
2818 1467 2901 1521 Ea:
2929 1467 3124 1522 eodem
3151 1465 3413 1536 concilio,
3444 1481 3569 1537 cap.
3609 1468 3666 1521 8.

2206 1554 2279 1611 Ut
2326 1554 2523 1610 nullus
2569 1556 2980 1626 episcoporum
3026 1555 3112 1610 vel
3161 1556 3666 1628 presbyterorum,
3699 1556 3788 1611 vel

2134 1644 2479 1701 clericorum
2513 1645 2608 1700 die
2638 1644 2945 1701 Dominica
2983 1643 3350 1716 propositum
3380 1646 3794 1717 cujuscunque

2060 1764 2105 1828 Β
2136 1749 2326 1788 causae
2359 1733 2655 1804 negotium
2688 1734 2903 1789 audeat
2923 1733 3241 1798 vindicare,
3267 1733 3380 1788 nisi
3403 1733 3514 1789 hoc
3535 1739 3793 1804 tantum,

2139 1827 2205 1877 ut
2233 1823 2348 1877 Deo
2381 1827 2600 1877 statuta
2632 1821 2919 1878 solemnia
2950 1825 3322 1894 peragantur.

2138 1930 2267 1986 CAP.
2300 1929 2390 1981 23.
2424 1959 2492 1967 —
2523 1927 2676 1982 Nihil
2707 1929 2966 1984 interesse
2995 1930 3258 1999 quantum
3302 1928 3548 1984 ciborum
3577 1927 3670 1983 vel
3695 1945 3796 2000 po-

2210 2011 2295 2054 tus
2327 2000 2482 2054 homo
2524 2004 2729 2062 sumat,
2757 2001 2851 2054 sed
2898 1999 3358 2054 considerandum
3404 2016 3515 2055 esse
3543 2017 3653 2071 qua
3681 1999 3800 2055 avi-

2209 2073 2384 2125 (litate
2433 2077 2639 2140 sumat,
2699 2087 2806 2141 qua
2854 2073 3021 2126 etiam
3066 2073 3355 2141 facilitate,
3410 2081 3461 2126 et
3505 2075 3799 2127 serenitate

2209 2144 2389 2214 animi
2416 2147 2474 2196 ut
2519 2143 2567 2197 si
2612 2158 2830 2197 necesse
2860 2144 2931 2197 sit
2979 2142 3063 2196 his
3109 2151 3313 2211 careat,
3361 2143 3700 2214 Augustinus
3729 2160 3801 2200 ea:

2213 2213 2355 2269 libro
2385 2215 2748 2285 quaestionum
2780 2214 3238 2285 evangelzcarum.

2207 2302 2369 2365 Quod
2395 2302 2680 2358 Dominus
2703 2301 2846 2357 dicit
2872 2302 2931 2358 in
2953 2303 3260 2374 Evangelio
3298 2319 3312 2357 :
3347 2303 3686 2376 (Justiﬁcata
3714 2309 3795 2359 est

2136 2394 2409 2463 sapientia
2441 2391 2510 2446 ab
2558 2393 2812 2447 omnibus
2839 2393 2974 2462 ﬁliis
3020 2394 3137 2447 suis
3180 2393 3367 2448 Matth.
3399 2392 3501 2464 x1),
3535 2393 3796 2448 ostendit

2139 2481 2289 2535 ﬁlios
2321 2479 2619 2551 sapientiae
2643 2480 2965 2550 intelligere
2988 2497 3093 2536 nec
3124 2481 3180 2535 in
3205 2481 3574 2550 abstinendo,
3602 2497 3707 2537 nec
3731 2482 3790 2537 in

2139 2570 2550 2625 manducando
2574 2586 2702 2624 esse
2721 2570 3143 2641 justitiam,sed
3165 2571 3224 2625 in
3247 2571 3686 2642 aequanimitate
3703 2575 3790 2626 to-

2138 2658 2364 2714 lerandi
2396 2658 2678 2730 inopiam,
2708 2663 2766 2714 et
2803 2659 3257 2730 temperantiam
3295 2676 3307 2714 :
3344 2675 3446 2732 per
3477 2659 3790 2714 abundan-

2138 2748 2278 2803 tiam
2304 2765 2418 2802 non
2442 2763 2504 2803 se
2524 2747 2932 2820 corrumpendi
2950 2752 3125 2819 atque
3139 2752 3465 2820 opportune
3488 2749 3792 2813 sumendi,

2138 2835 2223 2892 vel
2255 2853 2368 2891 non
2402 2836 2674 2891 sumendi
2702 2853 2769 2891 ea
2795 2853 3044 2907 quorum
3078 2853 3192 2892 non
3226 2853 3391 2901 usus,
3430 2837 3530 2893 sed
3575 2853 3790 2893 concu-

2137 2925 2422 2997 piscentia
2445 2924 2925 2996 reprehendenda
2945 2929 3053 2980 est.
3078 2925 3203 2980 Non
3221 2926 3377 2981 enim
3399 2925 3645 2981 interest
3660 2941 3788 2981 om-

2139 3013 2280 3068 nino
2303 3013 2442 3085 quid
2467 3013 2882 3069 alimentorum
2908 3031 3132 3084 sumas,
3157 3019 3223 3069 ut
3244 3031 3555 3072 succurras
3587 3029 3786 3070 neces-

2138 3103 2298 3157 sitati
2322 3104 2604 3174 corporis,
2629 3103 2947 3158 dummodo
2963 3119 3253 3175 congruas
3277 3102 3334 3158 in
3360 3102 3670 3175 generibus
3694 3101 3795 3158 ali-

2148 3196 2479 3246 mentorum
2511 3191 2603 3247 bie
2625 3207 2760 3246 cum
2789 3192 3454 3263 quibustibivivendum
3477 3197 3584 3260 est,
3606 3209 3793 3264 neque

2143 3285 2432 3351 quantum
2467 3297 2666 3336 sumas
2718 3279 2970 3336 multum
3018 3281 3284 3349 interest,
3320 3297 3454 3336 cum
3486 3281 3793 3336 videamus

2143 3367 2390 3424 aliorum
2425 3368 2796 3424 stomachum
2839 3369 3014 3426 citius
3044 3370 3344 3437 staturari,
3379 3373 3436 3425 et
3470 3386 3568 3426 eos
3595 3375 3794 3426 tamen

2140 3457 2225 3511 illi
2257 3457 2371 3529 ipsi
2395 3474 2570 3530 parvo
2593 3474 2708 3529 quo
2731 3457 3022 3514 satiantur
3043 3459 3311 3515 ardenler
3331 3463 3387 3514 et
3407 3457 3795 3514 intolerabili-

2140 3551 2250 3616 ter,
2283 3552 2338 3602 et
2369 3547 2608 3603 omnino
2639 3548 2894 3620 turpiter
2922 3547 3188 3616 inhiare;
3223 3547 3369 3603 alios
3402 3553 3596 3603 autem
3626 3547 3797 3619 plus-

2139 3634 2269 3690 culo
2295 3635 2531 3706 quidem
2565 3636 2788 3702 satiari,
2823 3636 2923 3692 sed
2955 3635 3342 3692 tolerabiliter
3371 3637 3632 3709 inopiam
3664 3652 3798 3708 per-

2137 3729 2275 3794 peti,
2308 3729 2364 3780 et
2394 3723 2480 3780 vel
2512 3729 2645 3781 ante
2667 3723 2871 3780 horam
2901 3725 3121 3796 positas
3143 3724 3369 3798 epulas,
3389 3726 3438 3781 si
3469 3725 3523 3780 id
3558 3726 3619 3780 in
3641 3730 3794 3780 tem~

2136 3831 2272 3885 pore
2303 3818 2404 3869 aut
2436 3831 2583 3885 opus
2612 3815 2709 3884 sit,
2743 3820 2845 3871 aut
2893 3829 3130 3870 necesse
3179 3815 3257 3870 sit
3286 3831 3421 3870 cum
3457 3813 3794 3886 tranquilli-

2132 3907 2250 3958 tate
2280 3903 2560 3991 aspicere,
2609 3920 2797 3975 neque
2842 3908 3098 3975 tangere.
3136 3903 3324 3975 Magis
3353 3919 3491 3976 ergo
3521 3903 3794 3991 interest,

2132 4008 2244 4047 non
2277 3991 2439 4063 quid,
2464 3990 2551 4046 vel
2584 3996 2870 4064 quantum
2906 3991 3320 4048 alimentorum
3345 4008 3448 4064 pro
3469 3990 3796 4064 congruen-

2132 4079 2213 4134 tia
2242 4079 2550 4134 hominum
2585 4085 2761 4151 atque
2791 4097 3053 4151 personae
3072 4097 3190 4136 suae
3222 4085 3279 4136 et
3311 4097 3416 4152 pro
3437 4097 3554 4137 suae
3577 4079 3793 4136 valetu-

2128 4167 2284 4224 dinis
2318 4169 2660 4224 necessitate
2692 4168 2826 4240 quis
2874 4169 3086 4242 capiat,
3120 4170 3221 4226 sed
3255 4174 3477 4240 quanta
3509 4169 3795 4226 facilitate

2129 4263 2184 4312 et
2216 4257 2529 4313 serenitate
2561 4257 2741 4312 animi
2776 4263 2992 4328 careat,
3030 4273 3165 4314 cum
3197 4258 3294 4314 his
3321 4257 3412 4314 vel
3442 4262 3669 4330 oportet
3697 4259 3792 4314 vel

2123 4346 2299 4401 etiam
2333 4362 2571 4402 necesse
2603 4349 2691 4403 est
2721 4363 2936 4414 carere,
2971 4352 3038 4402 ut
3089 4347 3235 4403 illud
3285 4347 3345 4403 in
3398 4348 3590 4404 animo
3619 4347 3791 4402 Chri-

2128 4434 2299 4490 stiani
2349 4435 2714 4505 compleatur
2761 4437 2916 4507 quod
2963 4436 3278 4507 Apostolus
3331 4437 3513 4492 dicit:
3563 4438 3684 4494 Scio
3733 4447 3792 4493 et

2127 4524 2314 4579 minus
2345 4523 2564 4592 habere,
2595 4527 2710 4580 scio
2740 4533 2793 4580 et
2837 4525 3150 4587 abundare,
3183 4525 3384 4598 ubique
3430 4537 3480 4582 et
3511 4527 3574 4581 in
3599 4526 3757 4582 omni
3769 4559 3785 4570 ο

2132 4612 2228 4666 bus
2259 4611 2501 4668 imbutus
2528 4629 2650 4667 sum
2680 4618 2731 4669 et
2759 4615 2962 4668 satiari
2987 4619 3039 4669 et
3068 4615 3299 4686 esurire,
3321 4623 3372 4670 et
3399 4613 3698 4685 abundare,
3731 4623 3788 4671 et

2123 4704 2418 4773 penuriam
2446 4706 2582 4775 pati.
2618 4707 2826 4760 Omnia
2867 4720 3089 4776 possum
3120 4705 3181 4760 in
3226 4721 3287 4761 eo
3316 4707 3417 4778 qui
3443 4721 3529 4762 me
3555 4706 3781 4776 confor-

2123 4793 2205 4846 tat
2234 4792 2501 4864 (Philipp.
2535 4793 2634 4864 iv).

2125 4897 2253 4974 CAP.
2285 4900 2375 4954 24.
2416 4931 2479 4974 —_
2504 4901 2567 4956 Ut
2593 4893 2970 4971 unusquisque
2989 4903 3106 4957 cibo
3137 4911 3188 4958 et
3211 4910 3342 4974 potu
3370 4917 3481 4957 non
3510 4905 3782 4973 supersti-

2197 4972 2355 5044 tiose,
2378 4970 2479 5044 sed
2528 4970 2909 5041 temperanter
2955 4976 3168 5044 utatur,
3199 4970 3249 5029 et
3294 4978 3468 5028 metas
3497 4970 3782 5030 consuetu-

2193 5042 2633 5115 dinisbonorum
2655 5045 2801 5098 inter
2831 5059 2962 5115 quos
2991 5042 3365 5112 conversatur,
3389 5062 3502 5099 non
3529 5045 3781 5103 excedat.

2194 5113 2276 5168 Ex
2299 5113 2440 5168 libro
2470 5113 2536 5167 de
2564 5113 3195 5184 doctrina’Christiana,
3221 5117 3318 5171 lib.
3353 5132 3438 5183 ιιι,
3465 5133 3586 5188 cap.
3616 5117 3701 5172 12.

2190 5217 2467 5290 Quisquis
2493 5223 2688 5275 autem
2709 5219 2882 5274 rebus
2903 5222 3399 5293 praetereuntibus
3428 5221 3645 5278 rectius
3667 5223 3780 5278 uti-

2121 5311 2234 5374 tur,
2257 5323 2430 5377 quam
2457 5322 2583 5361 sese
2611 5306 2830 5364 habent
2847 5326 3039 5367 mores
3061 5328 3264 5367 eorum
3288 5327 3418 5368 cum
3443 5311 3662 5383 quibus
3684 5311 3776 5366 vi-

2115 5395 2217 5460 vit,
2249 5400 2350 5449 aut
2371 5401 2728 5466 temperans,
2747 5403 2851 5454 aut
2879 5400 3328 5471 superstitiosus
3359 5404 3465 5456 est.
3491 5398 3776 5471 Quisquis

2115 5499 2250 5537 vero
2269 5482 2353 5538 sic
2374 5483 2458 5537 eis
2485 5483 2689 5553 utitur,
2715 5489 2778 5540 ut
2800 5491 2985 5544 metas
3003 5489 3452 5545 consuetudinis
3477 5488 3773 5547 bonorum

2115 5572 2270 5628 inter
2294 5588 2441 5647 quos
2469 5578 2737 5630 versatur
2773 5577 3034 5646 excedat,
3066 5581 3170 5634 aut
3199 5576 3422 5649 aliquid
3452 5575 3774 5650 signiﬁcat,
