3978 6060
1456 98 1471 127 l

202 292 313 345 269

1000 301 1311 355 DECRETI
1350 304 1534 357 PARS
1572 305 1665 357 IV.
1700 333 1767 343 ———
1805 307 1898 359 DE
1940 308 2208 363 FESTIV.
2251 314 2342 365 ET
2378 317 2639 386 JEJUN.,
2684 322 2837 375 ETC.

3518 338 3628 392 270

199 423 299 475 aut
323 420 663 493 ﬂagitiosus
687 422 870 479 est.in
894 425 1570 485 omnibusenimtalibus
1591 446 1867 487 nonusus
1894 443 1942 508 Α
1977 439 2065 490 est
2096 436 2152 490 in
2175 440 2401 495 tantum
2453 458 2551 497 eos
2590 444 2894 515 jejunasse
2936 451 3117 509 biduo
3162 466 3506 531 memorato,
3564 471 3626 524 ut

201 526 393 531 mw“
454 510 753 531 _-,.,..,._
1035 514 1047 527 .
1194 515 1207 531 .
1402 522 1410 531 .
1469 520 1526 531 ,η
1602 524 1611 531 .
1848 523 1856 531 .
1980 528 1988 531 -
2230 530 2261 531 π

200 526 425 578 rerum,
451 512 549 566 sed
578 510 761 568 libido
787 514 1011 570 utentis
1032 514 1093 570 in
1116 515 1290 589 culpa
1331 522 1438 573 est.
1464 520 1614 590 (Post
1636 523 1861 591 pauca.)

200 598 349 664 Quid
366 615 503 671 ergo
529 599 673 657 locis
697 605 755 656 et
775 603 1145 674 temporibus
1160 608 1546 677 personisque
1558 609 1867 664 conveniat

198 686 521 759 diligenter
535 691 963 747 attendendum
983 696 1173 762 est,ne
1199 698 1417 751 temere
1438 696 1659 769 ﬂagitia
1677 712 1866 769 repre-

196 775 558 835 hendamus.
585 778 905 835 Fierienim
932 787 1125 853 potest
1148 788 1211 837 ut
1234 784 1359 839 sine
1382 783 1580 855 aliquo
1600 786 1741 841 vitio
1761 802 1861 842 cu-

194 864 419 936 pidinis
430 865 517 922 vel
533 868 870 925 voracitatis
888 870 1318 941 pretiosissimo
1338 872 1466 928 cibo
1484 874 1720 944 sapiens
1737 879 1863 930 uta-

194 954 611 1026 tur,insipiens
630 961 828 1014 autem
844 959 1169 1016 fcedissima
1193 961 1344 1033 gulae
1364 962 1605 1017 ﬂamma
1621 963 1678 1017 in
1700 962 1857 1019 vilis-

192 1043 419 1099 simum
444 1045 806 1114 inardescat,
828 1052 885 1103 et
904 1048 1110 1104 sanius
1133 1050 1383 1121 quisque
1405 1050 1680 1106 maluerit
1701 1068 1861 1107 more

188 1131 428 1188 Domini
458 1133 617 1206 pisce
638 1136 795 1191 vesci
818 1136 1161 1207 (Luc.xx1v),
1198 1155 1375 1210 quam
1400 1138 1679 1196 lenticula
1700 1157 1860 1196 more

187 1221 343 1276 Esau
369 1223 601 1294 nepotis
623 1224 926 1281 Abraham
967 1225 1119 1298 (Gen.
1140 1228 1298 1298 xxv),
1318 1233 1421 1285 aut
1446 1228 1664 1285 hordeo
1694 1236 1856 1285 more

180 1310 617 1378 jumentorum.
658 1312 784 1371 Non
832 1315 991 1370 enim
1041 1320 1349 1387 propterea
1395 1316 1852 1374 continentiores

186 1400 362 1455 nobis
395 1405 537 1457 sunt
559 1401 852 1475 plerisque
874 1404 1073 1460 bestia)
1096 1408 1251 1477 quod
1272 1406 1579 1463 vilioribus
1614 1405 1855 1462 aluntur

186 1488 364 1544 escis.
393 1493 542 1546 Nam
582 1490 641 1546 in
679 1492 960 1549 omnibus
1008 1493 1352 1565 hujusmodi
1378 1496 1579 1560 rebus,
1624 1512 1741 1551 non
1784 1510 1852 1550 ex

186 1594 396 1633 earum
429 1595 625 1635 rerum
657 1584 869 1636 natura
900 1582 1120 1653 quibus
1151 1584 1397 1652 utimur,
1435 1586 1537 1640 sed
1563 1600 1632 1639 ex
1671 1600 1849 1639 causa
1888 1628 1891 1631 μ

187 1668 394 1722 utendi
423 1671 482 1723 et
513 1669 686 1725 modo
719 1671 1055 1743 appetendi,
1087 1672 1177 1727 vel
1209 1674 1581 1744 probandum
1635 1678 1726 1729 est
1754 1672 1845 1727 vel

185 1755 674 1827 improbandum,
708 1760 859 1830 quod
894 1760 1165 1817 facimus.

184 1824 325 1920 CAP.
349 1846 440 1900 25.
463 1876 534 1888 -
568 1848 632 1904 Ut
660 1824 846 1903 clerici
874 1851 1078 1920 septem
1118 1849 1486 1907 hebdomadas
1534 1859 1659 1906 ante
1703 1852 1837 1905 Pas-
1874 1824 1922 1889 Β

257 1916 365 1971 cha
394 1934 639 1991 aﬂcarne,
690 1928 741 1975 et
770 1921 899 1975 aliis
928 1916 1144 1976 deliciis
1165 1922 1505 1979 abstineant.
1547 1922 1833 1991 Telespho-

255 2004 357 2064 rus
418 1990 527 2064 νη,
577 2008 612 2045 a
640 1992 823 2059 Petro,
855 1993 912 2047 in
963 1995 1147 2064 primo
1195 1995 1409 2050 decreto
1438 2010 1536 2051 suo
1584 1994 1840 2050 omnibus

255 2062 545 2132 episcopis.

253 2150 432 2217 (Dist.
499 2150 531 2203 4
586 2166 633 2206 c.
690 2151 1037 2224 Statuimus.)
1070 2154 1412 2226 Cognoscite
1470 2170 1503 2208 a
1560 2154 1750 2225 nobis,
1782 2157 1840 2208 et

178 2237 419 2292 cunctis
453 2239 744 2311 episcopis
768 2240 827 2295 in
854 2240 965 2296 hac
997 2246 1201 2297 sancta
1248 2247 1306 2297 et
1353 2241 1671 2313 apostolica
1704 2242 1838 2297 sede

178 2328 554 2399 congregatis
581 2332 869 2384 statutum
903 2346 1053 2401 esse,
1084 2336 1149 2386 ut
1180 2336 1406 2403 septem
1437 2331 1840 2387 hebdomadas

180 2414 393 2487 plenas
424 2420 557 2472 ante
592 2424 863 2474 sanctum
896 2420 1124 2475 Pascha
1146 2436 1353 2476 omnes
1376 2420 1569 2476 clerici
1603 2420 1659 2474 in
1682 2425 1838 2474 sorte

176 2505 414 2560 Domini
436 2507 625 2562 vocati
661 2524 694 2562 a
726 2510 1221 2580 carnejejunent;
1248 2510 1385 2581 quia
1411 2510 1565 2565 sicut
1586 2510 1839 2565 discreta

182 2595 362 2649 debet
394 2611 523 2650 esse
554 2597 672 2651 vita
703 2596 1047 2653 clericorum
1076 2616 1109 2653 a
1139 2598 1422 2654 laicorum
1461 2616 1490 2654 e
1532 2614 1837 2653 conversa-

174 2684 361 2751 tione,
384 2684 466 2739 ita
485 2690 542 2740 et
564 2685 621 2740 in
634 2685 862 2755 jejunio
885 2686 1035 2742 ﬁerit
1053 2688 1225 2743 debet
1245 2688 1538 2743 discretio.
1565 2687 1679 2742 Has
1701 2702 1837 2757 ergo

176 2776 413 2845 septem
444 2772 846 2831 hebdomadas
868 2791 1069 2832 omnes
1101 2776 1292 2832 clerici
1317 2795 1349 2831 a
1381 2793 1573 2843 carne,
1607 2781 1663 2831 et
1697 2775 1837 2830 deli-

174 2861 288 2916 ciis
309 2862 594 2931 jcjunent,
618 2867 677 2918 et
698 2863 954 2936 hymnis,
970 2869 1027 2920 et
1046 2864 1260 2937 vigiliis
1279 2869 1449 2936 atque
1472 2864 1835 2920 orationibus

180 2950 431 3005 Domino
454 2950 739 3007 inhaerere
771 2953 864 3009 die
895 2958 1189 3025 noctuque
1222 2955 1520 3009 studeant.

171 3039 308 3093 ΟΑΡ.
343 3040 436 3093 26.
461 3070 537 3125 l—
562 3041 645 3125 De.
693 3042 901 3125 ieiunio
931 3044 1179 3125 Quatuor:
1212 3044 1546 3125 Temperans.
1568 3042 1835 3125 (Galixtus

242 3127 394 3181 papa
422 3115 473 3166 et
502 3116 719 3183 martyr
746 3114 849 3181 XV,
875 3130 909 3168 a
934 3118 1114 3185 Petro,
1145 3116 1436 3171 Benedicto
1463 3116 1632 3185 fratri
1659 3130 1755 3169 suo
1776 3123 1832 3169 et

245 3184 564 3254 coepiscopo
595 3187 856 3240 salutem.

251 3272 421 3340 (Dist.
447 3273 539 3339 76,
572 3288 621 3327 ο.
670 3274 1010 3346 Jejunium.)
1062 3276 1366 3346 Jejunium
1420 3276 1573 3347 quod
1624 3279 1715 3329 ter
1773 3275 1833 3329 in

178 3376 340 3415 anno
377 3362 532 3430 apud
566 3378 671 3417 nos
728 3361 1009 3419 celebrari
1061 3365 1340 3429 didicisti,
1393 3364 1832 3420 convenientius

175 3465 342 3504 nunc
365 3465 467 3520 per
487 3450 749 3513 Quatuor
768 3450 1053 3523 Tempora
1083 3453 1206 3509 ﬁeri
1234 3454 1639 3509 decernimus:
1677 3458 1740 3507 ut
1761 3452 1835 3507 si—

1974 526 2206 583 traditio
2230 530 2498 587 Ecclesiae
2527 534 2758 607 habeat,
2785 540 2898 595 isto
2922 541 3102 599 biduo
3130 526 3502 609 sacramenta
3526 572 3624 627 pe-

1974 614 2133 669 nitus
2164 633 2278 672 non
2301 618 2598 679 celebrari.
2624 624 2762 689 Quaa
2780 628 2984 700 utique
3006 632 3193 690 forma
3221 652 3324 708 per
3352 614 3621 713 singulas

1969 706 2222 795 tenenda
2245 712 2335 762 est
2364 708 2789 785 hebdomadas,
2826 723 3062 790 propter
3084 723 3141 777 id
3170 706 3324 795 quod
3359 706 3622 788 comme-

1972 793 2218 850 moratio
2250 795 2410 853 illius
2444 798 2557 855 diei
2592 817 2825 875 semper
2853 811 2943 862 est
2972 793 3342 872 celebranda.
3376 819 3539 883 Quod
3564 822 3616 878 si
3686 876 3689 877 ν

1970 885 2182 990 ΡΔυΞωι
2204 886 2390 985 semel
2420 891 2595 959 atque
2625 894 3029 990 upo-Sabbato
3054 901 3619 990 jejunandum,ergo

1970 972 2026 1023 et
2055 970 2350 1030 Dominica
2384 980 2441 1031 et
2470 983 2631 1034 sexta
2662 981 2805 1038 feria
2836 987 3014 1042 semel
3047 970 3356 1050 in'Pascha
3378 970 3488 1053 erit
3509 970 3621 1055 uti-

1968 1075 2078 1129 que
2107 1063 2548 1124 celebrandum.

1968 1168 2098 1222 CAP.
2123 1170 2210 1225 29.
2246 1203 2313 1214 -—
2343 1174 2416 1229 De
2463 1176 2923 1266 Quadragesima.
2982 1184 3271 1258 Gregorius
3316 1193 3616 1266 Augustino

2470 1249 2772 1320 Anglorum
2804 1256 3073 1329 episcopo.

2038 1329 2191 1394 (Dist.
2234 1332 2266 1385 4
2311 1350 2357 1388 c.
2410 1337 2654 1410 Denique
2702 1344 3054 1417 sacerdotes).
3108 1349 3373 1422 Denique
3420 1371 3611 1413 sacer-

1965 1416 2150 1487 dotes,
2179 1424 2235 1474 et
2265 1422 2517 1494 diaconi,
2542 1432 2597 1480 et
2620 1428 2831 1501 reliqui
2855 1416 3061 1490 omnes
3083 1452 3229 1508 quos
3248 1416 3504 1512 dignitas
3524 1462 3613 1501 ec-

1960 1504 2271 1564 clesiastici
2294 1513 2511 1581 gradus
2533 1522 2795 1588 exornat,
2812 1536 2845 1574 a
2871 1504 3370 1598 Quinqu'agesim'a
3392 1548 3605 1606 propo-

1957 1595 2459 1667 situmjejunandi
2492 1604 2840 1677 suscipiant,
2872 1625 2985 1681 quo
3030 1595 3085 1669 et
3102 1595 3323 1688 aliquid
3357 1595 3425 1675 ad
3461 1595 3607 1693 pen-

1957 1698 2089 1738 sum
2122 1692 2337 1742 sanctaa
2370 1690 2764 1751 institutionis
2796 1698 3165 1770 adjiciant,et
3185 1722 3388 1763 eorum
3422 1690 3606 1781 quiin

1952 1769 2144 1827 laicali
2164 1776 2366 1832 ordine
2387 1781 2722 1839 consistunt
2739 1785 3353 1859 observantiam,sicut
3376 1769 3500 1854 loco
3525 1800 3609 1856 ita

1952 1864 2009 1914 et
2038 1860 2320 1934 religione
2343 1870 2695 1937 praecellant.
2722 1875 2797 1929 De
2821 1875 2950 1946 ipsa
2988 1896 3123 1936 vero
3161 1882 3467 1943 Dominica
3504 1889 3598 1945 die

1950 1948 2294 2009 haesitamus
2317 1956 2598 2026 quidnam
2623 1961 2937 2021 dicendum
2962 1967 3060 2035 sit,
3082 1986 3216 2027 cum
3237 1990 3441 2032 omnes
3465 1976 3596 2033 laici

1948 2042 2004 2093 et
2027 2043 2339 2098 saeculares
2359 2044 2461 2101 illa
2485 2048 2579 2103 die
2602 2049 2735 2121 plus
2761 2054 2931 2111 solito
2953 2061 3178 2115 caeteris
3201 2061 3409 2119 diebus
3432 2080 3604 2121 accu-

1948 2128 2133 2186 ratius
2156 2131 2314 2188 cibos
2329 2136 2592 2192 carnium
2618 2145 2919 2213 appetant,
2938 2148 2994 2199 et
3016 2147 3128 2203 nisi
3158 2166 3307 2207 nova
3338 2155 3594 2223 quadam

1948 2217 2226 2274 aviditate
2250 2237 2434 2293 usque
2455 2226 2525 2280 ad
2546 2228 2769 2285 medias
2785 2237 2983 2289 noctes
3001 2250 3064 2290 se
3086 2235 3600 2311 ingurgitent,non

1949 2305 2117 2361 aliter
2137 2324 2199 2363 se
2221 2307 2398 2379 hujus
2421 2315 2606 2369 sancti
2631 2305 3393 2386 temporisobservationem
3416 2331 3602 2385 susci-

1949 2409 2083 2464 pere
2110 2402 2337 2467 putant.
2372 2401 2532 2464 Quod
2553 2404 2757 2475 utique
2774 2422 2890 2461 non
2924 2410 3136 2466 rationi
3159 2414 3261 2468 sed
3291 2416 3598 2489 voluptati,

1948 2482 2065 2537 imo
2092 2485 2325 2540 cuidam
2350 2490 2593 2546 cascitati
2617 2493 2833 2548 mentis
2851 2498 3268 2556 ascribendum
3294 2514 3402 2560 est.
3430 2482 3599 2563 .Unde'

1946 2586 2053 2626 nec
2083 2587 2117 2626 a
2145 2572 2246 2627 tali
2279 2579 2703 2635 consuetudine
2726 2583 2904 2638 averti
2936 2592 3205 2655 possunt,
3229 2595 3286 2645 et
3306 2591 3433 2647 ideo
3461 2609 3594 2651 cum

1946 2660 2115 2714 venia
2138 2676 2243 2715 suo
2268 2662 2500 2732 ingenio
2524 2666 2899 2738 relinquendi
2922 2677 3080 2740 sunt,
3103 2692 3174 2731 ne
3200 2677 3345 2733 forte
3366 2680 3595 2750 pejores

1946 2747 2215 2815 existant,
2252 2751 2361 2807 sia
2392 2752 2496 2807 tali
2546 2759 2976 2815 consuetudine
3032 2747 3474 2835 prohibeantur,
3528 2774 3595 2825 ut

1945 2836 2101 2891 enim
2135 2837 2217 2892 ait
2244 2839 2516 2896 Salomon
2550 2858 2563 2897 :
2600 2845 2711 2912 Qui
2738 2848 2977 2905 multum
2995 2856 3264 2923 emungit,
3283 2857 3436 2912 elicit
3464 2874 3593 2913 san—

1943 2926 2161 2994 guinem
2194 2928 2376 3017 (Prov.
2409 2932 2558 3002 xxx).
2595 2935 2658 2988 Et
2685 2944 2801 3005 post
2843 2954 3039 3008 pauca.
3084 2941 3192 2997 Par
3238 2948 3435 3000 autem
3479 2951 3591 3017 est,

1943 3017 2009 3068 ut
2032 3014 2135 3085 qui
2154 3015 2247 3072 his
2267 3017 2519 3076 diebusa
2534 3022 2812 3081 carnibus
2826 3027 3175 3085 animalium
3198 3014 3592 3107 abstinemus,

1945 3103 2016 3158 ab
2048 3106 2323 3161 omnibus
2340 3123 2573 3181 quoque
2591 3127 2718 3182 qua
2741 3116 3127 3173 sementivam
3142 3122 3335 3177 carnis
3349 3103 3594 3179 trahunt

1860 3180 1903 3247 C
1942 3192 2250 3264 originem,
2258 3180 2621 3267 jejunemus,
2640 3218 2674 3256 a
2697 3201 2845 3259 lacte
2868 3204 3159 3275 videlicet,
3176 3225 3346 3266 caseo
3368 3216 3425 3267 et
3445 3213 3589 3271 ovis.

1942 3283 2019 3335 Et
2043 3286 2165 3353 post
2190 3300 2384 3354 pauca.
2405 3287 2687 3344 Caeterum
2711 3291 2962 3363 piscium
2985 3310 3123 3352 esus
3148 3296 3232 3353 ita
3256 3298 3590 3358 Christiano

1941 3369 2313 3441 relinquitur,
2384 3379 2447 3429 ut
2497 3376 2590 3432 hic
2637 3378 2689 3433 ei
2748 3380 3065 3438 infirmatis
3121 3384 3420 3458 solatium,
3473 3405 3586 3445 non

1938 3457 2181 3514 luxuriae
2198 3461 3035 3542 pariatincendium.Dumque
3056 3489 3089 3528 a
3114 3490 3288 3530 carne
3311 3457 3585 3549 abstinet,

178 3544 281 3592 cut
318 3555 513 3594 annus
545 3556 647 3610 per
677 3544 929 3611 quatuor
948 3542 1201 3597 volvitur
1222 3548 1505 3614 tempora,
1533 3544 1615 3597 sic
1646 3549 1699 3596 et
1727 3556 1830 3596 nos
1939 3563 2313 3619 nequaquam
2345 3550 2455 3605 sibi
2490 3557 2933 3625 sumptuosiora
2964 3562 3329 3619 marinarum
3361 3564 3586 3622 bellua-

178 3631 540 3699 quaternum
574 3627 834 3684 solemne
880 3646 1128 3701 agamus
1168 3632 1489 3703 jejunium,
1542 3647 1644 3702 per
1683 3646 1829 3700 qua-

176 3722 321 3771 tuor
348 3716 487 3771 anni
511 3721 799 3789 tempora.

175 3804 308 3891 CAP:
470 3836 536 3846 —
565 3806 966 3891 Dominicaaie
995 3823 1103 3891 non
1135 3824 1247 3891 esse
1261 3809 1676 3891 jejunanaum.
1696 3808 1827 3862 Mel-

1938 3651 2069 3690 rum
2097 3636 2359 3695 convivia
2387 3645 2569 3709 paret.
2604 3643 2811 3698 Vinum
2842 3662 2975 3702 vero
3008 3650 3091 3704 ita
3121 3649 3318 3707 bibere
3351 3653 3587 3724 permit-

1934 3722 2136 3794 timur,
2166 3729 2230 3779 ut
2259 3725 2664 3784 ebrietatatem
2703 3746 2807 3801 per
2837 3735 3036 3790 omnia
3066 3722 3387 3809 fugiamus.
3428 3742 3584 3799 Alio-

1935 3812 2078 3882 quin
2113 3818 2328 3883 restat,
2359 3818 2426 3870 ut
2453 3817 2653 3875 omnia
2684 3836 2811 3892 quas
2843 3824 3071 3894 corpori
3102 3825 3288 3883 libent
3317 3829 3588 3888 similiter

247 3876 646 3958 chiadespapa
674 3877 902 3958 XXVIII,
935 3876 1280 3958 a‘Petrolin'
1288 3882 1468 3951 primo
1500 3879 1712 3936 decreto
1730 3896 1826 3935 suo
1935 3876 2243 3958 faciamus.

245 3950 517 4019 episcopis
547 3949 945 4019 Hispaniarum
973 3953 1118 4021 (cap.
1150 3952 1226 4023 3).

244 4037 352 4106 (De
380 4052 555 4104 cons.,
586 4037 721 4092 dist.
755 4038 810 4093 3.
842 4054 889 4093 ε.
942 4039 1223 4107 Ieiunium
1270 4039 1608 4107 Dominica.)
1659 4038 1822 4109 Jeju-

174 4123 346 4179 nium
381 4125 698 4181 Dominicm
731 4126 866 4194 diei,
899 4132 957 4182 et
1004 4128 1222 4199 quinta:
1254 4128 1405 4184 feriae
1438 4145 1609 4183 nemo
1653 4128 1824 4183 debet

169 4211 490 4283 celebrare,
526 4216 755 4271 utinter
778 4215 1071 4287 jejunium
1098 4216 1570 4273 Christianorum
1602 4221 1657 4272 et
1686 4232 1823 4288 gen-

170 4300 390 4364 tilium,
424 4307 481 4357 et
511 4305 792 4360 veraciter
821 4305 1184 4361 credentium
1208 4312 1263 4362 et
1295 4305 1621 4361 inﬁdelium
1645 4311 1821 4377 atque

168 4390 575 4447 hereticorum
606 4409 745 4448 vera
774 4398 832 4449 et
864 4411 978 4449 non
1003 4394 1152 4450 falsa
1192 4394 1469 4450 discretio
1510 4394 1817 4450 habeatur.

167 4480 300 4536 οη».
334 4481 425 4555 28.
459 4512 542 4555 —_
558 4481 708 4555 Quod
733 4485 842 4537 rite
870 4486 1027 4538 omni
1056 4484 1293 4540 Sabbato
1308 4486 1621 4555 jejunelur.
1658 4484 1815 4538 Inno-

274 4554 492 4607 centius
522 4552 563 4619 I,
596 4554 845 4610 Decentio
877 4556 1168 4626 Eugubino
1200 4552 1467 4627 episcopo,
1500 4572 1621 4627 cap.
1657 4556 1707 4611 4.

239 4642 334 4709 (De
361 4657 532 4712 cons.,
562 4642 689 4698 dist.
721 4645 774 4708 3,
807 4659 852 4698 c.
901 4643 1186 4714 Sabbato.)
1243 4645 1497 4700 Sabbato
1550 4660 1681 4700 vero
1724 4644 1820 4714 je-

156 4730 499 4800 junandum
523 4745 651 4787 esse
673 4732 819 4787 ratio
834 4732 1822 4789 evidentissimademonstrat.Nam

168 4818 218 4874 si
240 4819 399 4874 diem
423 4820 893 4893 Dominicu_m,ob
918 4821 1311 4878 venerabilem
1338 4822 1819 4877 resurrectionem

164 4907 402 4963 Domini
430 4908 613 4964 nostri
643 4909 784 4965 Jesu
816 4909 1050 4977 Christi,
1098 4927 1216 4966 non
1267 4910 1457 4967 solum
1494 4910 1550 4964 in
1596 4910 1821 4966 Pascha

164 4998 556 5066 celebramus,
606 5013 806 5053 verum
868 4999 1043 5055 etiam
1090 5016 1194 5071 per
1245 4998 1509 5070 singulos
1568 4998 1819 5056 circulos

162 5084 494 5141 hebdomad
504 5086 1009 5159 arum,ipsiusdiei
1023 5088 1339 5159 imaginem
1358 5088 1819 5159 frequentamus,

164 5191 231 5230 ac
261 5174 420 5230 sicut
441 5178 601 5230 sexta
629 5175 773 5231 feria
794 5181 1031 5248 propter
1052 5178 1387 5249 passionem
1408 5176 1639 5231 Domini
1660 5178 1818 5248 jeju-

168 5279 407 5329 namns,
434 5263 753 5319 Sabbatum
773 5265 1213 5336 praetermittere
1230 5282 1344 5321 non
1371 5265 1651 5321 debemus
1661 5268 1820 5336 ,quia

166 5351 322 5407 inter
341 5351 667 5421 tristitiam,
691 5357 752 5409 et
770 5352 1034 5410 laetitiam
1075 5355 1358 5426 temporis
1394 5355 1555 5411 illius
1590 5355 1819 5412 videtur

165 5439 491 5495 inclusum.
526 5439 670 5496 Nam
699 5441 903 5513 utique
926 5445 1156 5499 constat
1179 5442 1477 5514 apostolos
1503 5444 1682 5500 biduo
1705 5444 1817 5500 isto

169 5534 227 5584 et
255 5531 319 5585 in
352 5545 602 5585 mcerore
630 5529 832 5598 fuisse,
858 5535 915 5586 et
943 5535 1182 5603 propter
1218 5535 1444 5587 metum
1484 5533 1818 5589 Judaeorum

167 5632 229 5673 se
261 5616 594 5675 occuluisse
625 5618 816 5689 (Joan.
847 5620 961 5691 xx).
995 5621 1158 5689 Quod
1189 5620 1392 5692 utique
1422 5638 1538 5677 non
1570 5622 1818 5678 dubium

1932 4009 2065 4062 CAP.
2098 4009 2191 4063 30.
2218 4040 2283 4050 —
2306 4010 2383 4065 De
2401 4011 2491 4066 his
2509 4015 2606 4082 qui
2619 4029 2853 4071 carnem
2873 4021 3274 4078 manducantes
3292 4023 3583 4082 damnant.

2289 4083 2371 4137 Ea:
2404 4083 2711 4152 Gangrensi
2737 4091 2990 4159 concilio,
3019 4108 3137 4162 cap.
3169 4097 3223 4147 2.

2001 4169 2162 4235 (Dist.
2209 4171 2299 4240 30,
2334 4188 2379 4226 c.
2422 4172 2482 4227 Si
2540 4174 2661 4242 quis
2709 4178 2974 4248 carnem.)
3034 4178 3093 4233 Si
3153 4182 3286 4249 quis
3343 4199 3578 4239 carnem

1930 4257 2381 4314 manducantem
2407 4277 2474 4315 ex
2505 4261 2619 4316 fide
2635 4279 2768 4318 cum
2791 4264 3072 4336 religione
3096 4273 3304 4337 prater
3333 4272 3583 4343 sangui-

1930 4360 2085 4414 nem,
2108 4350 2163 4400 et
2184 4346 2356 4402 idolis
2383 4347 2783 4417 immolatum,
2814 4356 2870 4407 et
2900 4356 3274 4427 suﬂ‘ocatum,
3308 4360 3572 4416 credide-

1929 4432 2003 4486 rit
2025 4435 2562 4504 condemnandum,
2600 4441 2877 4509 tanquam
2910 4458 3075 4512 spem
3108 4462 3223 4500 non
3247 4445 3587 4517 habentem,

1852 4547 1897 4611 Β
1929 4523 2083 4591 quod
2111 4539 2209 4578 eas
2239 4526 2579 4595 manducat,
2613 4528 2930 4585 anathema
2961 4531 3064 4586 sit.

1928 4632 2055 4684 CAP.
2080 4630 2169 4685 31.
2193 4662 2261 4670 ——
2283 4632 2353 4687 De
2372 4634 2709 4703 temporibus
2724 4636 3105 4707 jejuniorum.
3126 4640 3209 4696 Ex
3232 4642 3584 4700 Eliberitano

2484 4707 2738 4773 conuitio,
2775 4723 2896 4779 cap.
2929 4710 3020 4764 23.

1996 4789 2230 4860 Jejunia
2242 4806 2347 4846 seu
2363 4792 2752 4851 abstinentiae
2785 4812 2886 4868 per
2909 4797 3179 4870 singulos
3204 4816 3438 4859 menses
3465 4804 3585 4875 pla-

1930 4877 2049 4933 cuit
2077 4879 2381 4945 celebrari,
2403 4883 2662 4954 exceptis
2703 4885 2912 4942 diebus
2976 4887 3227 4944 duorum
3261 4892 3582 4964 mensium,

1927 4964 2081 5021 Julio
2113 4971 2170 5022 et
2195 4969 2486 5040 Augusto,
2518 4974 2575 5026 et
2604 4972 2713 5028 hoc
2745 4974 2816 5028 ob
2868 4977 3211 5032 eorumdem
3266 4978 3581 5037 infirmita-

1926 5058 2065 5109 tem.

1928 5146 2060 5198 CAP.
2097 5144 2185 5199 32.
2220 5175 2289 5185 —
2317 5148 2572 5224 Jejunz‘a,
2605 5155 2812 5219 quarta
2867 5158 2918 5207 et
2968 5162 3124 5209 sexta
3151 5156 3297 5224 feria
3339 5162 3458 5216 nisi
3504 5177 3580 5215 es:

1998 5232 2197 5285 magna
2227 5219 2551 5275 necessitate
2578 5236 2686 5275 non
2710 5237 2822 5277 esse
2851 5224 3128 5280 solvenda.
3151 5219 3244 5283 'Ex
3262 5229 3429 5287 dictis
3457 5248 3578 5286 san-

1997 5288 2071 5369 cti
2098 5287 2924 5369 Apollonii(apud_P_attadium
2953 5298 3015 5350 in
3038 5298 3154 5369 ejus
3184 5301 3360 5369 Vita).

1998 5359 2094 5426 (De
2123 5374 2297 5424 cons.,
2328 5359 2468 5415 dist.‘
2488 5362 2541 5430 3,
2572 5364 2797 5433 Jejunia
2825 5370 2999 5433 sane).
3054 5359 3289 5438 Jejunia
3321 5359 3460 5425 vero
3485 5369 3569 5423 1e-

1927 5445 2153 5517 gitima,
2207 5447 2265 5501 id
2321 5453 2409 5503 est
2468 5460 2677 5521 quarta
2707 5456 2763 5507 et
2822 5459 2983 5509 sexta
3034 5456 3199 5525 feria,
3276 5474 3388 5512 non
3439 5462 3580 5513 sunt

1928 5534 2230 5603 solvenda,
2250 5536 2365 5591 nisi
2390 5540 2637 5609 grandis
2661 5540 2861 5612 aliqua
2883 5544 3204 5599 necessitas
3238 5544 3580 5619 fuerit,quia

1929 5629 2141 5697 quarta
2176 5625 2319 5680 feria
2346 5624 2531 5683 Judas
2563 5630 2633 5684 de
2658 5630 2990 5686 traditione.
3019 5632 3247 5687 Domini
3282 5635 3580 5707 cogitavit,
