3978 6060
369 263 471 317 271

1462 260 1527 308 D.
1570 255 1807 309 IVONIS
1842 252 2341 307 CARNOTENSIS
2380 250 2698 304 EPISOOPI

3677 239 3792 294 272

375 393 432 446 et
457 389 618 444 sexta
638 386 781 442 feria
817 384 1134 441 cruciﬁxus
1157 387 1244 439 est
1267 378 1866 437 Salvator.Videbitur
1887 393 2022 450 ergo
2053 376 2106 442 Α
2140 392 2267 431 mas
2299 376 2461 433 dare.
2501 375 2868 445 Quapropter
2899 374 2964 427 ut
3011 368 3209 426 omnis
3258 368 3489 424 decima
3536 385 3570 424 a
3617 367 3794 424 nobis

377 478 478 552 qui
507 477 567 532 in
599 476 691 532 his
722 476 930 532 diebus
975 475 1102 529 sine
1145 471 1348 542 aliqua
1404 468 1750 525 necessitate
1783 461 2026 523 solverit
2134 465 2250 522 Dco
2273 465 2382 520 rite
2412 462 2796 537 persolvatur,
2822 460 3104 517 tollamus
3137 457 3428 515 decimam
3457 457 3621 529 anni,
3653 457 3788 514 etin

384 565 879 638 statutajejunia,
914 563 999 620 vel
1025 577 1156 618 cum
1206 559 1468 614 tradente
1499 558 1728 613 tradere
1762 555 2026 613 Salvato-

387 673 532 725 rem,
566 655 652 712 vel
684 672 817 711 cum
849 649 1328 723 cruciﬁgentibus
1362 647 1722 718 cruciﬁgere.

386 774 522 830 CAP.
552 773 641 827 33.
676 801 745 812 -
775 772 850 824 De
878 763 1232 822 custodiendo
1241 763 1494 835 jejunio.
1519 765 1602 817 Ex
1619 761 1858 818 concilio
1883 759 2030 832 apud

771 837 1154 910 Satcgonstath
1185 837 1376 892 habito
1420 851 1550 906 cap.
1582 836 1635 889 2.

456 954 532 1007 De
561 950 782 1004 incerto
814 923 1009 1002 a'utem
1050 946 1279 1016 jejunio
1330 943 1586 1007 Quatuor
1651 943 2029 1013 Temporum,

388 1041 540 1096 hanc
571 1035 986 1094 certitudinem
1017 1033 1364 1102 statuimus,
1381 1039 1445 1088 ut
1472 1032 1523 1088 si
1545 1030 1814 1087 Kalendis
1837 1029 2032 1084 Martii

387 1128 446 1182 in
479 1129 690 1197 quarta
721 1124 867 1179 feria
899 1123 1020 1179 sive
1037 1129 1211 1177 antea
1241 1122 1519 1186 evenerit,
1569 1121 1774 1176 eadem
1814 1118 2032 1173 hebdo-

387 1216 560 1271 mada
575 1215 921 1270 celebretur.
948 1213 1048 1268 Sin
1081 1217 1276 1266 autem
1298 1210 1561 1265 Kalendae
1576 1208 1769 1264 Martii
1791 1208 1850 1262 in
1873 1213 2036 1262 sexta

387 1305 550 1371 feria,
575 1307 756 1359 autin
789 1302 996 1373 quinta
1037 1300 1275 1368 fuerint,
1309 1299 1480 1355 autin
1520 1299 1772 1354 Sabbato
1810 1298 2033 1352 disten-

391 1393 638 1458 duntur,
655 1391 713 1445 in
737 1394 1081 1461 sequentem
1104 1388 1533 1443 hebdomadam
1550 1386 1848 1457 jejunium
1871 1385 2035 1440 diﬂe-

392 1485 574 1538 ratur.
624 1479 815 1536 Simili
849 1493 1083 1549 quoque
1126 1477 1298 1532 modo
1348 1476 1396 1531 si
1439 1475 1708 1531 Kalendae
1763 1474 1925 1530 Junii
1975 1474 2034 1528 in

394 1573 604 1641 quarta
637 1569 782 1624 feria
813 1572 912 1622 aut
943 1572 1118 1622 antea
1157 1566 1473 1634 evenerint,
1524 1565 1582 1619 in
1641 1564 2038 1635 subsequente

393 1658 768 1714 hebdomade
789 1654 1525 1726 celebreturjejunium.Et
1547 1654 1597 1708 si
1625 1654 1681 1707 in
1703 1653 2041 1724 quinta,aut

392 1756 554 1804 sexta
575 1746 740 1817 feria,
763 1746 849 1800 vel
881 1745 1135 1800 Sabbato
1159 1743 1491 1832 contigerit,
1512 1742 1812 1832 jejunium
1831 1741 1890 1797 in
1923 1745 2040 1796 ter-
2069 1767 2113 1832 Β

387 1837 531 1891 tiam
565 1835 996 1890 hebdomadam
1020 1839 1366 1888 reservetur.
1393 1832 1461 1886 Et
1482 1831 1590 1886 hoc
1622 1831 1926 1886 sciendum
1949 1833 2038 1885 est

389 1925 547 1996 quod
568 1925 619 1979 si
648 1923 884 1994 quando
904 1921 1199 1993 jejunium
1261 1923 1483 1976 mensis
1531 1920 1694 1974 Junii
1747 1919 1806 1973 in
1837 1918 2039 1990 vigilia

392 2012 764 2068 Pentecostes
785 2013 1109 2067 secundum
1131 2010 1467 2082 pradictam
1485 2010 1746 2080 regulam
1762 2009 2035 2077 evenerit,

393 2117 509 2156 non
536 2101 616 2155 ibi
639 2099 1057 2156 celebrandum
1103 2099 1234 2166 erit;
1284 2099 1386 2154 sed
1420 2098 1478 2152 in
1512 2097 1640 2168 ipsa
1668 2096 2039 2151 hebdomada

388 2189 632 2245 solemni
658 2190 1050 2256 Pentecostes,
1069 2188 1205 2258 quia
1227 2187 1488 2257 vigiliam
1512 2185 1789 2241 similiter
1810 2186 2038 2255 etjeju-

389 2279 556 2334 nium
585 2278 882 2334 celebrare
916 2294 1031 2332 non
1060 2277 1347 2344 convenit;
1375 2280 1432 2331 et
1461 2280 1601 2330 tunc
1621 2279 1860 2346 prOpter
1890 2272 2037 2328 sole-

393 2367 704 2423 mnitatem
735 2367 992 2438 Spiritus
1025 2365 1210 2420 sancti
1261 2366 1535 2420 diacones
1586 2362 1918 2418 dalmaticis
1949 2363 2039 2416 in-

394 2457 677 2523 duantur,
710 2461 768 2510 et
823 2455 1066 2509 Alleluia
1097 2459 1383 2520 cantetur,
1418 2459 1475 2507 et
1529 2454 1833 2508 Flectamus
1860 2466 2042 2521 genua

396 2561 511 2600 non
545 2543 789 2598 dicatur.
825 2544 1036 2598 Eodem
1074 2544 1246 2598 modo
1297 2543 1369 2596 de
1415 2540 1772 2613 Septembris
1813 2540 2040 2611 jejunio

397 2633 783 2688 constitutum
809 2639 898 2686 est
916 2632 1056 2696 ut,si
1084 2631 1356 2686 Kalendae
1378 2631 1737 2700 Septembris
1759 2629 1818 2683 in
1833 2633 2043 2700 quarta

396 2722 540 2778 feria
561 2721 862 2777 evenerint
885 2725 987 2774 aut
1011 2719 1507 2789 antea,jejunium
1533 2719 1591 2773 in
1614 2720 1789 2773 tertia
1819 2717 2037 2773 hebdo-

394 2811 569 2867 mada
589 2808 948 2878 celebretur;
981 2814 1036 2863 et
1067 2807 1190 2862 siin
1218 2808 1446 2880 quinta,
1475 2811 1575 2862 aut
1595 2808 1654 2861 in
1697 2816 1857 2862 sexta
1877 2807 2041 2873 feria,

395 2901 498 2954 aut
514 2898 766 2953 Sabbato
788 2896 1118 2967 contigerit,
1152 2895 1212 2950 in
1237 2901 1440 2966 quarta
1489 2895 1855 2951 hebdomade
1883 2896 1962 2965 jej
1976 2913 2041 2950 u-

395 2986 660 3042 nandum
691 2985 820 3040 erit.
855 2988 919 3039 In
954 2985 1256 3039 Decembri
1279 3001 1413 3039 vero
1439 2985 1580 3039 illud
1613 2985 2043 3039 observandum

395 3075 527 3145 erit,
560 3077 624 3128 ut
653 3073 916 3144 proximo
950 3073 1202 3127 Sabbato
1236 3078 1370 3127 ante
1392 3072 1650 3144 vigiliam
1686 3073 1909 3128 Natalis
1933 3077 2041 3128 Do-

400 3163 544 3220 mini
577 3161 1378 3233 celebreturjejunium,quia
1401 3163 1451 3216 si
1471 3162 1671 3233 vigilia
1695 3162 1754 3216 in
1787 3163 2042 3218 Sabbato

401 3251 662 3309 evenerit
691 3249 1144 3322 simulvigiliam
1187 3255 1244 3305 et
1268 3250 1562 3320 jejunium
1607 3251 1898 3307 celebrare
1930 3268 2045 3307 non

408 3340 696 3398 convenit.

407 3459 542 3512 CAP.
575 3456 662 3510 34.
697 3486 762 3495 -
787 3458 866 3510 De
895 3455 1270 3510 observatione
1312 3454 1781 3524 Quadragesimae.
1816 3455 1897 3509 Ea:
1924 3456 2046 3526 epi-

481 3527 593 3582 lola
622 3526 875 3594 Gregorii
903 3541 1080 3598 papm,
1112 3527 1208 3582 lib.
1239 3527 1613 3597 quadraginta
1651 3527 2044 3582 homiliarum.

480 3598 671 3654 homil.
705 3613 825 3668 cap.
859 3598 946 3652 16.

477 3705 575 3773 (De
601 3719 776 3772 0012s.,
806 3705 932 3760 dist.
982 3706 1039 3774 5,
1088 3721 1134 3760 ο.
1188 3705 1665 3777 Quadragestma.)
1710 3705 2047 3777 Quadrage-

405 3794 557 3849 sima
584 3809 814 3848 summa
843 3793 1245 3848 observatione
1265 3799 1354 3848 est
1385 3795 1768 3863 observanda,
1801 3800 1866 3848 ut
1887 3795 2048 3864 jeju-

405 3880 570 3936 nium
593 3881 653 3935 in
672 3897 740 3936 ea
757 3889 962 3951 prater
985 3882 1107 3935 dies
1131 3882 1464 3936 Dominicos
1479 3883 1575 3952 qui
1597 3883 1668 3937 de
1689 3883 2050 3938 abstinentia

405 3968 691 4026 subtracti
714 3968 984 4023 suntnisi
1007 3983 1182 4038 quem
1205 3968 1520 4023 inﬁrmitas
1539 3971 1890 4040 impedierit,
1916 3971 2045 4026 nul-

404 4058 640 4114 latenus
678 4057 958 4124 solvatur,
983 4057 1121 4127 quia
1151 4057 1264 4128 ipsi
1303 4057 1429 4112 dies
1451 4059 1689 4112 decimae
1721 4064 1857 4114 sunt
1885 4062 2044 4134 anni.

405 4152 454 4202 Α
485 4149 675 4220 prima
707 4145 889 4217 igitur
922 4145 1221 4200 Dominica
1249 4146 1740 4213 Quadragesimaa,
1773 4164 1956 4219 usque
1988 4151 2045 4204 in

404 4237 629 4292 Pascha
659 4234 894 4290 Domini
921 4251 1021 4290 sex
1041 4233 1418 4289 hedemadm
1442 4241 1854 4305 computantur
1877 4254 2045 4309 :qua-

403 4340 537 4380 rum
561 4322 831 4378 videlicet
851 4323 977 4378 dies
1005 4322 1391 4394 quadraginta
1412 4323 1546 4377 duo.
1568 4324 1649 4378 Ex
1667 4325 1885 4396 quibus
1907 4326 2046 4382 dum

403 4429 505 4468 sex
539 4411 824 4468 Dominici
864 4412 991 4466 dies
1029 4411 1462 4467 subtrahuntur
1509 4413 1898 4482 abstinentia,
1933 4432 2046 4471 non

404 4501 537 4574 plus
571 4501 630 4556 in
663 4499 1024 4557 abstinentia
1047 4516 1225 4570 quam
1248 4501 1489 4572 triginta
1510 4507 1566 4557 et
1595 4519 1695 4558 sex
1718 4503 1841 4560 dies
1864 4521 2047 4560 roma-
2075 4497 2123 4561 D

406 4592 570 4646 nent.
606 4588 781 4643 Verbi
815 4586 1001 4659 gratia
1061 4603 1074 4642 :
1125 4588 1186 4643 Si
1243 4605 1347 4659 per
1404 4595 1692 4647 trecentos
1739 4593 2045 4665 sexaginta

405 4678 665 4748 quinque
690 4675 814 4731 dies
845 4692 1036 4731 annus
1067 4675 1372 4742 dicitur,et
1393 4694 1498 4733 nos
1522 4696 1624 4749 per
1640 4680 1923 4752 tringinta
1946 4698 2046 4736 sex

403 4765 530 4820 dies
547 4765 888 4835 afﬂigimur,
914 4764 1078 4834 quasi
1102 4765 1240 4819 anni
1265 4765 1521 4821 decimas
1546 4767 1660 4822 Deo
1679 4769 1925 4824 damnus
1953 4787 1965 4838 ;
1989 4775 2046 4825 et

407 4858 471 4909 ut
488 4869 653 4908 sacer
675 4869 956 4908 numerus
976 4852 1367 4924 quadraginta
1383 4853 1610 4911 dierum
1629 4856 2045 4929 adimpleatur,

405 4958 577 5014 quem
596 4941 860 4997 Salvator
877 4947 1076 4997 noster
1105 4958 1212 4998 suo
1235 4944 1644 5014 sacrojejunio
1663 4949 2044 5016 consecravit,

402 5035 652 5101 quatuor
681 5030 806 5086 dies
830 5029 1042 5102 prioris
1067 5029 1447 5086 hebdomadm
1473 5035 1541 5088 ad
1567 5034 2043 5106 supplementum

402 5120 792 5191 quadraginta
811 5119 1038 5174 dierum
1068 5119 1377 5187 tolluntur,
1417 5120 1474 5175 id
1524 5128 1612 5178 est
1651 5129 1858 5193 quarta
1883 5126 2041 5196 feria,

401 5225 529 5282 quae
560 5208 960 5280 caputjcjunii
986 5207 1358 5276 subnotatur,
1382 5211 1588 5280 quinta
1618 5213 1759 5268 feria
1789 5231 2042 5284 sequens

401 5300 459 5351 et
487 5301 668 5362 sexta,
692 5301 748 5351 et
771 5296 1105 5352 Sabbatum.
1137 5296 1261 5350 Nisi
1285 5303 1538 5366 quatuor
1557 5300 1700 5355 istos
1733 5303 1855 5356 dies
1873 5319 2042 5374 supe-

401 5384 952 5456 rioribusItringinta
974 5388 1028 5438 et
1041 5399 1140 5438 sex
1161 5385 1624 5454 adjunxerimus,
1651 5390 2043 5462 quadraginta

403 5471 526 5528 dies
552 5473 608 5528 in
635 5471 993 5529 abstinentia
1015 5488 1128 5526 non
1155 5471 1948 5534 habemus.Jubemuretiam
1968 5482 2038 5536 ab

405 5561 803 5634 omnipotente
823 5566 931 5619 Deo
945 5559 1210 5616 omnium
1228 5561 1515 5622 bonorum
1533 5571 1869 5624 nostrorum
1889 5569 2039 5627 deci-

2136 571 2203 611 ea
2236 559 2472 626 peccata
2500 549 2704 609 nostra
2742 547 3453 620 conﬁtendo,corrigendo
3477 547 3784 618 nos,jeju-

2138 645 2352 712 nando,
2386 642 2703 715 vigilando,
2736 640 2981 707 orando,
3031 637 3426 715 eleemosynas
3455 637 3648 693 dando
3680 637 3788 693 ab-

2139 713 2494 804 stergamus,
2519 736 2576 786 et
2602 746 2836 786 carnem
2869 736 3130 784 nostram
3157 713 3550 796 decimemus,
3603 730 3666 781 ut
3714 727 3787 782 ad

2141 827 2412 878 sanctum
2446 821 2669 876 Pascha
2700 818 2889 874 securi
2923 815 3226 888 pervenire
3255 814 3574 887 possimus.

2139 927 2269 984 CAP.
2329 929 2418 982 35.
2468 957 2536 967 -ο
2586 929 2664 980 De
2721 929 2988 996 Quatuor,
3023 924 3369 996 Temporum_
3415 922 3654 992 jujunio.
3708 922 3792 976 Ea:

2525 994 2775 1066 Magunl.
2811 995 3049 1052 concilio
3085 1012 3124 1064 1,
3157 1010 3280 1065 cap.
3310 994 3400 1048 34.

2212 1087 2642 1144 Constituimus
2665 1091 2730 1140 ut
2751 1085 3011 1148 Quatuor
3029 1083 3318 1155 Tempora
3339 1081 3477 1137 anni
3509 1081 3581 1137 ab
3605 1081 3790 1138 omni-

2143 1178 2252 1232 bus
2275 1175 2617 1232 hominibus
2665 1191 2798 1229 cum
2823 1171 3057 1244 jejunio
3078 1171 3484 1241 observentur,
3517 1170 3575 1224 id
3610 1174 3701 1226 est
3732 1170 3792 1224 in

2141 1267 2343 1322 Martio
2363 1264 2730 1320 hebdomade
2761 1261 2969 1334 prima,
2994 1260 3054 1316 in
3097 1260 3271 1316 Junio
3299 1259 3577 1326 secunda,
3597 1259 3655 1314 in
3687 1258 3792 1315 Se-

2143 1354 2396 1428 ptembri
2423 1354 2617 1422 tertia,
2651 1352 2708 1407 in
2736 1349 3035 1407 Decembri
3053 1353 3284 1422 quarta,
3308 1364 3436 1420 quae
3463 1348 3641 1404 fuerit
3663 1347 3786 1420 ple-

2145 1463 2218 1500 na
2261 1446 2395 1499 ante
2424 1441 2684 1514 vigiliam
2716 1439 2940 1496 Natalis
2974 1437 3224 1507 Domini;
3259 1438 3317 1493 id
3351 1440 3440 1493 est
3469 1440 3706 1509 quarta,
3735 1440 3796 1493 et

2145 1536 2307 1590 sexta
2339 1531 2500 1596 feria,
2520 1535 2578 1586 et
2595 1529 2872 1593 Sabbato,
2895 1528 3131 1583 veniant
3151 1541 3356 1582 omnes
3386 1525 3456 1581 ad
3487 1524 3794 1582 ecclesiam

2145 1623 2290 1679 hora
2307 1637 2485 1686 nona,
2519 1618 2892 1675 cumlitaniis
2923 1618 2996 1673 ad
3025 1616 3348 1672 missarum
3378 1615 3682 1671 solemnia.

2147 1729 2282 1786 CAP.
2317 1729 2402 1782 3*.
2441 1758 2507 1766 —
2540 1727 2651 1793 Quo
2681 1735 2926 1796 tempore
2955 1725 3035 1779 ad
3063 1724 3293 1796 missam
3306 1721 3795 1796 pronuntiandum

2213 1803 2284 1855 sit
2315 1822 2341 1848 «
2371 1799 2683 1925 1Iv‘3lectamus
2711 1793 2910 1867 genua.
2947 1817 2976 1845 ››
3003 1799 3089 1852 ιω
3113 1793 3511 1850 Aurelianensi
3537 1795 3794 1861 concilio,

2215 1888 2334 1925 cap.
2444 1912 2456 1924 .

2215 1888 2334 1942 cap.
2371 1888 2456 1925 1.5.

2220 1961 2386 2031 (Dist.
2437 1959 2525 2026 30,
2571 1974 2618 2013 c.
2669 1957 2910 2024 Placuit,
2961 1959 3010 2010 et
3043 1970 3089 2009 ο.
3124 1954 3186 2010 Si
3213 1955 3337 2027 quis
3362 1953 3690 2024 presbyter.)
3719 1952 3796 2009 Ut

2146 2047 2466 2121 presbyteri
2494 2045 2762 2118 plebibus
2797 2043 3168 2110 annuntient,
3200 2043 3351 2115 quod
3372 2042 3429 2097 in
3453 2042 3794 2111 Quadrage-

2148 2138 2317 2204 sima,
2336 2141 2390 2190 et
2415 2135 2470 2188 in
2487 2134 2714 2206 jejunio
2732 2137 2993 2198 Quatuor
3008 2132 3366 2204 Temporum
3386 2130 3800 2187 tantummodo

2158 2227 2229 2280 ad
2267 2224 2583 2279 missarum
2621 2220 2904 2277 solemnia
2937 2235 3128 2292 genua
3165 2220 3393 2277 ﬂectere
3419 2219 3686 2274 debeant.
3734 2223 3797 2274 In

2148 2311 2472 2369 Dominicis
2503 2316 2705 2367 contra
2727 2310 2951 2378 diebus,
2970 2307 3061 2364 vel
3082 2308 3305 2364 caeteris
3325 2307 3493 2363 festis
3510 2325 3543 2363 a
3559 2323 3798 2379 vespera

2161 2418 2346 2473 usque
2366 2402 2435 2456 ad
2456 2416 2752 2471 vesperam
2789 2415 2905 2454 non
2936 2398 3172 2453 ﬂectant
3194 2414 3405 2470 genua,
3440 2397 3539 2454 sed
3575 2400 3800 2453 stantes

2149 2489 2437 2545 incurvati
2468 2494 2666 2545 orent:
2690 2503 2792 2542 nec
2814 2487 3128 2559 quisquam
3154 2503 3268 2542 uno
3300 2502 3450 2558 genu
3485 2485 3604 2540 solo
3623 2490 3799 2541 tenus

2150 2579 2460 2650 impresso,
2508 2594 2673 2633 orare
2705 2579 3021 2649 praesumat
3052 2576 3229 2647 (sicut
3266 2575 3449 2630 Judaei
3482 2574 3798 2631 irridentes

2154 2667 2463 2722 Dominum
2497 2666 2555 2721 in
2592 2665 2865 2736 passione
2910 2664 3037 2735 ejus
3068 2664 3274 2720 fecisse
3321 2662 3642 2736 leguntur),
3689 2663 3794 2720 sed

2153 2761 2400 2827 utraque
2437 2770 2630 2826 genua
2661 2755 2716 2808 in
2753 2757 2966 2808 terram
2996 2756 3193 2825 ponat.
3226 2751 3320 2807 Ait
3348 2751 3506 2807 enim
3540 2753 3796 2824 Aposto-

2151 2844 2291 2900 lus:
2325 2845 2501 2899 Flecte
2531 2859 2705 2914 genua
2751 2858 2873 2897 mea
2931 2842 3008 2898 ad
3063 2842 3282 2897 Patrem
3339 2842 3564 2898 Domini
3616 2843 3796 2897 nostri

2149 2935 2276 2989 Jesu
2306 2932 2510 2987 Christi
2539 2932 2761 3002 (Ephes.
2797 2931 2907 3001 ιιι.)

2152 3039 2285 3095 CAP.
2318 3039 2405 3094 37.
2439 3069 2508 3078 —-
2539 3039 2610 3092 De
2641 3039 2753 3092 illis
2787 3039 2883 3109 qui
2921 3035 3190 3092 indictum
3240 3039 3660 3108 contempserint
3699 3037 3792 3109 je-

2305 3110 2544 3179 junium.
2577 3112 2663 3164 Ea:
2689 3108 2926 3164 concilio
2957 3109 3346 3178 Magunticnsi.
3396 3125 3518 3180 cap.
3551 3110 3639 3164 35.

2228 3207 2287 3262 Si
2320 3207 2452 3280 quis
2483 3207 2773 3261 indictum
2799 3205 3091 3277 jejunium
3122 3205 3513 3278 superhiendo
3536 3211 3795 3263 contem-

2156 3296 2357 3368 pserit,
2389 3301 2445 3351 et
2475 3296 2780 3351 observare
2811 3311 2946 3351 cum
2972 3294 3196 3350 caeteris
3217 3294 3567 3352 Christianis
3601 3297 3800 3353 nolue-

2155 3387 2250 3455 rit,
2276 3385 2335 3439 in
2363 3384 2686 3458 Gangrcnsi
2719 3381 2966 3439 concilio
2998 3383 3354 3456 praecipitur,
3375 3389 3441 3440 ut
3457 3384 3793 3442 anathema-

2157 3475 2386 3530 tizetur.

2156 3563 2289 3620 CAP.
2340 3563 2430 3620 3%.
2462 3593 2529 3602 ——
2569 3562 2644 3616 De
2701 3561 2889 3617 eadem
2945 3565 3169 3686 reigEx
3223 3561 3456 3618 concilio
3487 3560 3800 3631 Gangrensi

2853 3649 2970 3686 can.
3081 3675 3092 3686 .

2853 3649 2970 3704 cap.
3007 3649 3092 3688 ιν.

2226 3723 2385 3794 (Dist.
2416 3723 2504 3790 30,
2535 3737 2582 3776 c.
2615 3721 2676 3775 Si
2704 3720 2870 3792 quis.)
2903 3721 2960 3776 Si
2994 3720 3128 3794 quis
3184 3737 3384 3776 eorum
3444 3721 3547 3793 qui
3603 3719 3794 3777 conti-

2155 3811 2369 3866 nentiae.
2399 3811 2658 3877 student,
2691 3809 2916 3880 absque
2946 3808 3290 3866 necessitate
3333 3825 3633 3882 corporea,
3676 3815 3795 3865 tra-

2156 3901 2277 3956 dita
2303 3900 2360 3955 in
2385 3914 2694 3954 commune
2715 3897 2962 3969 jejunio,
2995 3902 3055 3953 et
3081 3898 3152 3954 ab
3183 3898 3430 3955 ecclesia
3452 3899 3796 3970 constituta,

2157 3988 2547 4061 superbiendo
2577 3985 2865 4050 dissolvit.
2886 3985 3127 4042 stimulo
3147 4002 3267 4042 sum
3290 3987 3664 4060 cogitationis
3684 3987 3799 4043 im-

2158 4077 2382 4150 pulsus,
2418 4075 2734 4131 anathema
2764 4074 2860 4130 sit.

2155 4183 2287 4240 CAP.
2315 4182 2402 4238 39.
2436 4212 2488 4222 —-
2505 4181 2576 4235 Dc
2599 4180 2799 4234 litania
2823 4177 3030 4249 maiore
3052 4179 3319 4251 quomoda
3334 4181 3663 4239 celebranda
3698 4185 3795 4241 sit.

2512 4253 2594 4306 Ea:
2621 4251 2858 4307 concilio
2889 4255 3168 4322 Magunt.,
3200 4268 3318 4324 cap.
3349 4252 3438 4308 33.

2229 4351 2454 4406 Placuit
2485 4349 2653 4405 nobis
2696 4352 2762 4404 ut
2805 4347 3013 4403 litania
3040 4349 3230 4419 major
3257 4349 3620 4407 observanda
3646 4351 3726 4407 sit
3757 4369 3794 4408 a

2157 4440 2385 4495 cunctis
2415 4436 2765 4494 Christianis
2799 4451 2915 4491 uno
2946 4436 3062 4503 die,
3104 4436 3353 4508 septimo
3402 4437 3796 4497 Kalendarum

2156 4528 2312 4595 Maii,
2347 4528 2502 4583 sicut
2523 4528 2581 4580 in
2615 4526 2877 4580 Romana
2898 4524 3153 4580 Ecclesia
3174 4525 3561 4583 constitutum
3581 4529 3802 4600 reperi-

2152 4633 2308 4685 mus,
2339 4623 2396 4672 et
2428 4617 2580 4671 sicut
2610 4613 2799 4670 sancti
2821 4613 3018 4669 Patres
3049 4615 3235 4670 nostri
3266 4614 3798 4686 instituerunt,non

2153 4706 2491 4778 equitando,
2525 4721 2641 4759 non
2687 4702 2958 4776 pretiosis
2999 4703 3262 4760 vestibus
3308 4703 3523 4775 induti,
3573 4707 3672 4762 scd
3713 4707 3801 4763 ci-

2152 4811 2288 4851 nere
2315 4795 2533 4868 aspersi
2567 4798 2623 4850 et
2652 4791 2841 4848 cilicio
2863 4790 3079 4862 induti,
3112 4792 3227 4849 nisi
3267 4794 3581 4853 infirmitas
3610 4797 3798 4870 impe-

2152 4885 2346 4940 dierit.

2152 4972 2287 5028 CAP.
2322 4975 2408 5029 40.
2439 5003 2508 5012 —
2538 4973 2610 5026 De
2643 4969 2850 5041 icjunio
2871 4970 3238 5041 rogationum.
3268 4973 3361 5027 Ex
3409 4974 3803 5032 Aurelianensi

2719 5040 2976 5104 concilio,
3007 5056 3131 5110 cap.
3165 5043 3220 5096 6.

2221 5130 2448 5202 (Eadem
2471 5129 2778 5185 Burchard.
2813 5128 3041 5195 lib.xm,
3065 5145 3116 5185 c.
3148 5131 3228 5201 7.)
3260 5131 3404 5188 Cum
3427 5133 3800 5206 exigentibus

2151 5219 2408 5290 peccatis
2451 5217 2769 5273 Galliarum
2819 5215 3022 5288 populi
3072 5217 3344 5288 luporum
3405 5222 3528 5278 rabi
3585 5222 3805 5280 acriter

2151 5305 2757 5369 interimerentur,nec
2781 5303 2940 5358 illius
2960 5303 3175 5376 ﬂagelli
3194 5306 3431 5380 aliquod
3465 5311 3800 5368 remedium

2150 5393 2406 5448 invenire
2447 5397 2707 5464 possent,
2739 5392 3078 5464 congregati
3125 5397 3441 5455 traduntur
3470 5398 3800 5457 Galliarum

2147 5481 2404 5553 episcopi
2424 5482 2578 5553 apud
2595 5481 2883 5537 Viennam
2918 5480 3147 5551 urbem,
3180 5487 3355 5556 atque
3390 5488 3445 5542 in
3479 5504 3800 5546 commune

2147 5575 2481 5630 statuerunt
2498 5575 2562 5629 ut
2575 5569 3226 5642 triduanumjejunium
3245 5573 3802 5652 facerent.Cumque
