3978 6060
162 282 281 335 273

954 285 1277 357 ωΕσΒΕΤΙ
1316 288 1499 341 PARS
1536 287 1629 339 1v.
1663 314 1730 323 --
1771 288 1811 337 n

1954 286 2176 338 ESTIV.
2219 289 2310 339 ET
2348 288 2608 351 JEJUN.,
2648 289 2800 339 ETC.

3483 286 3589 340 274

162 406 459 463 Dominus
490 411 716 479 pestem
749 409 1205 467 misericorditer
1234 408 1675 479 abstulisset,hi
1708 408 1831 464 dies
1860 409 1914 474 Α
1948 407 2222 464 cessitate
2254 408 2606 463 constrictus
2638 408 2831 476 fuerit,
2863 413 2928 463 ut
2980 409 3050 463 ad
3104 408 3345 463 missam
3396 409 3591 465 venire

164 495 229 550 in
266 497 758 553 consuetudinem
787 515 994 555 annuae
1028 499 1387 555 celebritatis
1430 502 1732 567 venerunt,
1768 500 1833 551 ut
1942 514 2059 551 non
2091 498 2276 552 veleat
2308 498 2597 553 aestimata
2618 498 2945 569 vespertina
2978 497 3135 563 hora,
3159 497 3447 569 completa
3469 516 3593 555 ora-

167 600 279 656 per
305 583 629 640 Galliarum
662 587 991 659 provincias
1024 592 1157 644 ante
1187 587 1566 645 Ascensionis
1598 585 1830 643 Domini

168 673 330 729 diem
364 674 823 732 celebrarentur.
858 681 1118 750 Agamus
1168 683 1225 734 et
1270 695 1375 733 nos
1406 678 1514 733 hos
1544 678 1665 733 dies
1695 691 1827 731 cum

169 779 412 819 summa
458 764 783 821 reverentia
832 770 889 821 et
935 767 1261 837 devotione,
1295 784 1428 823 cum
1472 764 1829 822 abstinentia

168 853 372 908 carnis
402 858 459 908 et
489 853 822 910 humilitate
851 856 1066 911 mentis
1084 860 1140 911 et
1162 856 1375 923 cordis,
1396 860 1459 911 ut
1491 872 1603 910 non
1637 854 1827 909 solum

165 941 496 997 visibilium
530 941 804 1015 luporum
840 944 1063 1000 rabiem
1096 945 1435 1011 evadamus,
1470 946 1569 999 sed
1597 944 1827 998 utinvi-

170 1030 468 1099 sibilium,
484 1031 541 1086 id
562 1037 650 1087 est
674 1032 993 1105 spirituum
1016 1033 1455 1090 immundorum
1476 1036 1827 1088 testamenta

164 1120 403 1176 vincere
435 1120 756 1177 valeamus.
790 1122 1002 1179 Nullus
1032 1128 1227 1179 autem
1273 1123 1366 1178 his
1414 1122 1621 1177 diebus
1650 1122 1826 1176 vesti-

167 1209 391 1265 mentis
425 1209 693 1281 pretiosis
726 1212 1031 1279 induatur,
1064 1213 1205 1283 quia
1233 1212 1291 1267 in
1326 1228 1493 1267 sacco
1533 1216 1591 1266 et
1633 1210 1825 1265 cinere

161 1296 372 1369 lugere
394 1298 697 1354 debemus.
717 1299 1145 1356 Probibeantur
1175 1299 1487 1355 ebrietates
1516 1304 1573 1355 et
1603 1315 1823 1354 comes-

161 1388 597 1459 sationes,quae
626 1388 775 1444 ﬁunt
806 1389 863 1443 in
896 1390 1126 1462 vulgari
1158 1391 1533 1462 plebe.Nemo
1557 1389 1635 1444 ibi
1658 1389 1821 1459 equi-

162 1482 297 1533 tare
329 1482 666 1549 prazsumat,
699 1479 795 1534 sed
824 1478 1194 1535 discalceatis
1226 1480 1474 1551 pedibus
1499 1496 1701 1535 omnes
1730 1478 1820 1532 in-

164 1567 404 1622 cedant.
428 1566 813 1639 Nequaquam
848 1567 1208 1623 mulierculae
1239 1568 1446 1624 choros
1477 1567 1819 1637 ducant,sed

165 1672 377 1711 omnes
408 1655 466 1710 in
499 1672 810 1712 commune
841 1659 1006 1729 Kyrie
1036 1656 1246 1713 eleison
1270 1657 1663 1722 decantent,et
1685 1673 1819 1711 cum

165 1743 521 1800 contritione
569 1745 762 1801 cordis
797 1744 890 1800 Dei
923 1745 1385 1801 misericordiam
1436 1749 1670 1801 exorent
1717 1762 1819 1817 pro
1850 1779 1897 1844 B

165 1832 449 1905 peccatis,
469 1849 571 1905 pro
595 1849 757 1905 pace,
781 1850 883 1905 pro
907 1838 1090 1905 peste,
1117 1851 1221 1905 pro
1244 1835 1681 1890 conservatione
1705 1835 1819 1889 fru-

163 1926 407 1995 gum,et
438 1939 540 1993 pro
571 1923 797 1978 caeteris
829 1924 1311 1980 necessitatibus:
1345 1924 1470 1980 dies
1500 1924 1657 1980 enim
1681 1928 1819 1980 sunt

163 2010 559 2079 abstinentiae,
592 2027 707 2066 non
742 2011 973 2066 laetitiae.

162 2100 304 2174 CAP.
339 2099 425 2153 41.
447 2130 518 2174 7—
552 2101 620 2174 Ut_
646 2103 704 2174 in
739 2100 901 2174 Ccena
951 2102 1194 2167 Domini,
1226 2110 1279 2158 et
1310 2103 1369 2157 in
1400 2103 1635 2173 reliquis
1682 2119 1817 2174 qua-

234 2171 557 2243 dragesima
588 2172 777 2227 diebus
797 2172 1084 2243 jejunium
1130 2189 1241 2229 non
1278 2171 1538 2229 solvatur:
1572 2175 1653 2227 Ea:
1680 2171 1818 2229 Lao-

236 2242 444 2297 dicensi
470 2243 760 2313 conciliio,
790 2242 912 2314 cap.
944 2245 1035 2299 50.

237 2331 404 2395 Quod
438 2348 555 2386 non
603 2338 872 2402 oporteat
898 2332 955 2386 in
989 2332 1450 2405 Quadragesima
1498 2334 1557 2388 in
1607 2334 1819 2390 ultima

161 2421 499 2491 septimana
520 2420 739 2492 quintae
762 2421 914 2475 ferite
937 2421 1233 2490 jejunium
1268 2422 1819 2493 solvere,totamque

162 2509 329 2572 Quad
339 2509 692 2579 ragesimam
716 2510 843 2565 sine
855 2510 1227 2565 veneratione
1239 2511 1817 2582 transire,magisque

162 2614 405 2653 omnem
426 2598 691 2653 districto
723 2598 979 2654 venerari
1004 2599 1253 2668 jejunio.

163 2687 304 2742 ΟΑΡ.
330 2687 418 2740 42.
443 2717 501 2726 -
535 2689 599 2743 Ut
620 2690 678 2742 in
700 2687 937 2742 Sabbato
966 2692 1172 2756 sancto,
1193 2689 1464 2756 jejunium
1488 2698 1615 2744 ante
1643 2690 1817 2744 noctis

238 2760 477 2882 initiiém
550 2774 657 2813 non
738 2759 1000 2815 solvatur.
1068 2760 1151 2814 Ex
1214 2759 1473 2823 Arausico
1556 2760 1817 2827 concilio,

236 2845 361 2884 can.
436 2872 447 2884 .

308 2846 361 2900 p.
394 2846 447 2884 κ.

242 2918 409 2987 (Idem
438 2917 669 2973 habetur
696 2921 736 2973 t.
768 2935 847 2973 vn
877 2918 1202 2988 capitularis
1235 2934 1448 2990 regum,
1478 2936 1524 2974 c.
1562 2920 1713 2991 3‘28.)
1745 2924 1819 2977 Ut

163 3005 220 3061 in
254 3007 509 3062 Sabbato
541 3011 763 3072 sancto,
807 3007 915 3063 hoc
948 3015 1033 3062 est
1064 3008 1120 3062 in
1154 3006 1350 3079 vigilia
1382 3009 1636 3080 Pascbae,
1661 3010 1817 3079 jeju-

161 3094 330 3151 nium
364 3100 497 3150 ante
525 3096 713 3151 noctis
744 3095 1000 3163 initium,
1027 3096 1136 3151 nisi
1171 3114 1204 3151 a
1235 3096 1495 3168 parvulis
1527 3102 1629 3153 aut
1660 3099 1814 3153 infir-

161 3186 275 3241 mis
316 3202 431 3240 non
461 3184 737 3240 solvatur.
780 3186 1110 3253 Parasceve,
1145 3190 1202 3241 et
1229 3187 1549 3241 Sabbatum
1579 3188 1647 3241 ad
1680 3186 1813 3242 illos

156 3274 551 3345 quadraginta
574 3274 701 3329 dies
726 3273 1066 3345 respiciunt,
1086 3290 1188 3329 nec
1210 3274 1403 3330 divina
1428 3276 1706 3347 mysteria
1722 3276 1812 3331 bis

154 3363 391 3420 duobus
410 3362 619 3419 diebus
641 3363 1029 3418 celebrentur.
1060 3365 1117 3418 In
1143 3364 1469 3419 canonibus
1492 3363 1817 3436 quippeju-

154 3453 351 3521 betur,
384 3451 563 3507 biduo
595 3451 728 3519 isto,
764 3452 819 3507 id
854 3457 945 3508 est
976 3457 1286 3508 Parasceve
1318 3456 1374 3507 et
1405 3452 1681 3523 Sabbato,
1715 3471 1809 3509 sa-

156 3544 462 3597 cramenta
495 3539 729 3612 penitus
761 3558 876 3597 non
910 3539 1215 3596 celebrari.

156 3631 293 3686 ΟΑΡ.
330 3628 421 3683 43.
446 3659 513 3668 -
535 3628 689 3697 Quod
725 3645 842 3682 non
880 3633 1125 3699 oporteat
1159 3630 1218 3683 in
1250 3628 1681 3699 Quadragesima
1710 3646 1811 3685 na-

230 3701 762 3826 talitig'sanctorum
780 3701 1074 3756 celebrari.
1107 3702 1188 3755 Ex
1213 3701 1535 3756 Laodicensi
1561 3703 1810 3771 concilio,

229 3788 352 3842 cap.
464 3812 477 3825 .

230 3861 345 3931 (33,
379 3876 432 3931 q.
467 3860 519 3929 4,
553 3876 600 3915 c.
634 3860 747 3915 Non
782 3861 950 3931 licet.)
980 3861 1143 3925 Quod
1176 3877 1292 3916 non
1329 3862 1637 3932 oportetin
1663 3864 1810 3926 Qua-

160 3949 497 4021 dragesima
518 3948 783 4004 natalitia
816 3955 1131 4022 martyrum
1165 3950 1581 4017 celebrari,sed
1608 3966 1808 4005 eorum

160 4043 368 4094 sancta
390 4037 866 4093 commemoratio
888 4039 945 4093 in
974 4039 1181 4094 diebus
1205 4040 1594 4095 Sabbatorum
1620 4044 1676 4095 et
1697 4040 1809 4095 Do-

160 4127 517 4182 minicorum
550 4126 673 4181 ﬁeri
706 4128 1033 4182 conveniat.

159 4219 293 4272 ΟΑΡ.
330 4216 417 4298 44:
443 4215 685 4299 —'ngd
714 4218 775 4299 in
806 4215 995 4299 diebus
1019 4218 1219 4299 iejunii
1247 4218 1596 4299 eleemosyna
1621 4220 1695 4272 sit
1725 4220 1808 4288 fa-

358 4286 576 4342 cienda.
610 4288 693 4341 Ea:
723 4286 1074 4343 Cabilonensi
1103 4290 1361 4355 concilio,
1393 4286 1523 4359 cap.
1557 4292 1611 4343 5.

233 4375 455 4431 Diebus
486 4391 616 4431 vero
640 4375 851 4446 jejunii
885 4376 1258 4448 eleemosyna
1318 4378 1584 4432 facienda
1613 4382 1719 4445 est,
1754 4380 1811 4431 et

163 4465 365 4520 cibum
398 4464 518 4518 sive
541 4468 740 4535 potum
772 4481 885 4535 quo
917 4465 1168 4536 quisque
1187 4465 1812 4536 utidebuit,sijejuna-

162 4553 334 4619 verit,
382 4552 740 4623 pauperibus
786 4559 1005 4625 eroget,
1053 4554 1190 4624 quia
1232 4554 1527 4625 jejunare,
1559 4560 1615 4609 et
1658 4555 1819 4611 cibos

166 4640 399 4714 prandii
417 4641 488 4695 ad
517 4656 741 4696 scenam
767 4658 1204 4711 reservare,non
1229 4642 1517 4698 mercedis
1536 4643 1636 4697 sed
1662 4643 1818 4699 cibo-

168 4746 299 4785 rum
332 4732 421 4783 est
452 4730 903 4785 incrementum.

167 4818 301 4874 CAP.
328 4818 416 4871 45.
441 4847 509 4857 —
535 4818 597 4873 Ut
624 4820 685 4873 in
718 4819 1153 4889 Quadragesima
1200 4829 1411 4889 tempus
1452 4820 1679 4890 prandii
1724 4822 1818 4875 ob-

256 4896 525 4944 servetur.
547 4891 630 4944 Ex
660 4896 845 4945 eodem
873 4892 1103 4946 concilio
1135 4890 1504 4955 Cabilonensi,
1526 4907 1643 4960 cap.
1674 4892 1728 4945 5.

235 4979 312 5033 De
339 4993 513 5047 cons.,
544 4976 669 5033 dist.
706 4978 756 5044 1,
789 4995 836 5033 c.
872 4978 1103 5048 Solent.)
1134 4978 1331 5035 Solent
1360 4977 1560 5049 plures
1609 4979 1708 5050 qui
1759 4998 1819 5037 se

158 5066 436 5137 jejunare
466 5070 675 5137 putant
705 5066 763 5121 in
796 5066 1256 5139 Quadragesima
1304 5083 1438 5121 mox
1486 5071 1550 5121 ut
1582 5068 1819 5139 signum

168 5154 484 5223 audierint,
519 5155 591 5210 ad
623 5155 824 5210 horam
858 5172 1074 5212 nonam
1108 5156 1604 5223 manducare.Qui
1638 5158 1819 5214 nulla-

173 5248 348 5301 tenus
368 5243 639 5314 jejunare
671 5245 945 5300 credendi
980 5249 1136 5312 sunt,
1172 5246 1222 5300 si
1252 5250 1384 5301 ante
1430 5246 1820 5303 manducave-

176 5336 312 5405 rint,
343 5351 520 5406 quam
553 5335 947 5407 vespertinum
1003 5336 1329 5392 celebretur
1359 5336 1639 5393 ofﬁcium.
1672 5344 1819 5395 Con-

177 5425 533 5481 currendum
556 5429 643 5479 est
664 5425 819 5481 enim
843 5427 913 5481 ad
931 5426 1487 5491 missam,etauditis
1505 5429 1820 5486 missarum

178 5515 351 5571 solem
362 5514 539 5570 nibus
557 5518 613 5569 et
632 5515 981 5586 vespertinis
1001 5516 1234 5584 ofﬁciis,
1260 5515 1487 5588 largitis
1511 5517 1824 5591 elcemosy-

181 5605 265 5661 nis
295 5603 371 5662 ad
405 5602 605 5660 cibum
638 5603 1036 5661 accedendum
1070 5609 1178 5661 est.
1218 5604 1274 5660 Si
1309 5621 1441 5662 vero
1475 5605 1692 5677 aliquis
1723 5624 1819 5664 ne-

1940 586 2099 642 tione
2131 604 2256 652 sua,
2292 586 2580 658 jejunium
2608 586 2811 641 solvat.

1938 695 2073 749 CAP.
2108 695 2195 748 46.
2230 724 2297 733 ——
2330 694 2477 761 Quod
2524 696 2581 748 in
2629 694 2818 749 diebus
2838 694 3181 764 jejuniorum
3210 694 3371 748 nulla
3395 695 3589 765 jurgia

2027 782 2141 821 esse
2171 766 2421 821 debeant.
2456 767 2537 819 Ex
2564 766 2801 820 concilio
2832 767 3044 820 Liberii
3070 781 3248 836 papae,
3282 782 3402 837 cap.
3440 766 3491 819 4.

2010 857 2071 909 In
2104 854 2196 909 his
2221 854 2575 925 jejuniorum
2611 854 2817 908 diebus
2850 854 3022 908 nullae
3055 854 3210 922 lites,
3246 854 3417 909 nullae
3450 871 3587 910 con-

1936 944 2226 998 tentiones
2258 959 2385 998 esse
2410 944 2641 1007 debent,
2671 943 2766 996 sed
2798 942 2855 997 in
2880 942 2976 997 Dei
3002 942 3299 1011 laudibus,
3325 947 3382 998 et
3414 957 3588 1014 opere

1936 1032 2265 1088 necessario
2299 1032 2977 1104 persistendum.Arguit
3007 1048 3103 1085 eos
3136 1032 3235 1101 qui
3270 1034 3588 1088 contentio-

1936 1138 2037 1175 nes
2068 1127 2124 1176 et
2153 1121 2281 1176 lites
2313 1120 2782 1192 Quadragesimm
2816 1124 3078 1191 tempore
3130 1120 3369 1188 faciunt,
3396 1126 3451 1175 et
3484 1120 3581 1191 qui

1933 1210 2125 1266 debita
2148 1227 2179 1266 a
2193 1210 2551 1264 debitoribus
2566 1210 2805 1280 exigunt
2822 1208 3104 1263 Dominus
3121 1226 3223 1280 per
3236 1209 3575 1280 prophetam

1934 1299 2169 1355 dicens:
2205 1300 2332 1353 Ecce
2362 1300 2420 1351 in
2452 1298 2540 1353 die
2563 1299 2771 1369 jejunii
2800 1298 2967 1352 vestri
2999 1298 3357 1351 inveniuntur
3382 1296 3581 1352 volun-

1932 1392 2065 1443 tates
2094 1392 2311 1456 veslraa,
2344 1392 2395 1441 et
2427 1404 2612 1441 omnes
2642 1386 2915 1441 debitores
2948 1394 3146 1440 vestros
3186 1388 3445 1456 repetitis.
3479 1388 3581 1440 Ec-

1930 1493 1988 1531 ce
2007 1476 2077 1530 ad
2102 1476 2227 1530 lites
2245 1479 2295 1531 et
2310 1476 2682 1531 contentiones
2694 1474 2992 1545 jejunatis,
3016 1483 3065 1530 et
3090 1476 3379 1545 percutitis
3396 1490 3582 1546 pugno

1930 1568 2101 1637 impie
2129 1568 2280 1637 (lsai.
2314 1566 2490 1633 Lvm).

1929 1656 2061 1711 CAP.
2096 1656 2183 1709 47.
2212 1686 2275 1695 —
2304 1656 2364 1710 Ut
2396 1656 2454 1708 in
2485 1654 2656 1708 sacris
2689 1653 3135 1721 Quadragesimae
3165 1651 3360 1707 diebus
3382 1652 3571 1721 coniu-

1997 1730 2116 1799 gati
2143 1744 2175 1781 (ι
2205 1728 2459 1797 conjugio
2488 1742 2545 1780 se
2575 1726 2905 1780 abstineant.
2931 1727 3013 1779 Ex
3040 1724 3246 1793 eodem,
3294 1740 3419 1795 cap.
3447 1726 3501 1779 5.

2002 1816 2433 1872 Abstinendum
2468 1818 2555 1869 est
2587 1815 2739 1869 enim
2767 1812 3186 1868 sacratissimis
3243 1812 3577 1882 Quadrage-

1926 1907 2087 1962 simae
2112 1906 2319 1960 diebus
2344 1922 2374 1958 a
2397 1904 2769 1974 conjugibus,
2792 1907 2849 1955 et
2870 1906 3027 1955 caste
3050 1906 3103 1955 et
3125 1901 3216 1971 pie
3237 1902 3479 1956 vivendo
3512 1901 3572 1955 in

1927 1994 2291 2051 sanctificato
2314 1994 2487 2049 corde
2516 1996 2573 2047 et
2604 2008 2843 2063 corpore
2865 1990 2965 2045 isti
2995 1989 3119 2045 dies
3148 1990 3571 2060 transigantur,

1925 2090 1981 2141 et
2012 2084 2095 2139 sic
2126 2082 2501 2155 perveniatur
2532 2082 2602 2135 ad
2635 2081 2790 2135 diem
2824 2082 3093 2134 sanctum
3130 2078 3400 2145 Pascha;
3436 2077 3576 2148 quia

1928 2190 2073 2247 pene
2120 2172 2264 2227 nihil
2314 2171 2464 2226 valet
2504 2170 2823 2240 jejunium,
2858 2168 3011 2238 quod
3062 2166 3355 2239 conjugali
3401 2182 3575 2237 opere

1925 2261 2232 2335 polluitur,
2253 2264 2307 2315 et
2338 2260 2489 2331 quod
2523 2258 2835 2325 orationes,
2864 2255 3074 2327 vigiliae
3107 2260 3162 2309 et
3193 2254 3571 2326 eleemosynze

1926 2368 2041 2406 non
2074 2349 2504 2405 commendant.

1926 2444 2055 2497 CAP.
2088 2440 2169 2494 48.
2198 2470 2267 2478 —
2300 2440 2361 2494 Ut
2390 2437 2577 2492 clerici
2605 2438 2704 2506 qui
2732 2452 2765 2489 α
2793 2433 3052 2487 carnibus
3101 2433 3409 2499 abstinent,
3460 2446 3573 2506 non

1995 2528 2087 2566 ea:
2119 2512 2281 2581 quasi
2308 2504 2645 2563 abominatos
2669 2515 2938 2577 reputent.
2967 2507 3050 2558 Ex
3078 2507 3370 2573 Ancyruno
3398 2504 3575 2556 conci-

1997 2585 2091 2649 lio,
2122 2598 2241 2649 cap.
2278 2581 2362 2634 13.

1997 2672 2056 2727 Si
2087 2671 2186 2742 qui
2220 2671 2278 2724 in
2311 2669 2463 2725 clero
2496 2671 2633 2723 sunt
2684 2663 3001 2736 presbyteri
3034 2666 3135 2716 aut
3163 2660 3415 2725 diaconi,
3450 2664 3507 2715 et
3542 2678 3575 2716 a

1926 2761 2203 2817 carnibus
2226 2760 2543 2824 abstinent,
2567 2755 2783 2827 placuit
2813 2770 2912 2809 eas
2943 2752 3181 2823 quidem
3213 2749 3571 2820 contingere,

1926 2855 1983 2905 et
2007 2851 2089 2904 ita
2119 2849 2169 2904 si
2198 2847 2493 2903 voluerint
2519 2841 3013 2907 abstinere.Quod
3047 2839 3095 2895 si
3128 2839 3187 2893 in
3222 2843 3449 2893 tantum
3473 2853 3574 2892 eas

1927 2939 2366 3002 abominantur,
2391 2940 2579 2990 utnec
2598 2933 2778 2997 olera,
2802 2947 2926 3001 quae
2958 2946 3094 2984 cum
3128 2927 3211 2983 eis
3242 2931 3578 2998 coquuntur

1926 3027 2259 3084 existiment
2279 3022 2658 3090 comedenda,
2683 3025 3108 3091 tanquam-non
3142 3014 3575 3072 consentientes

1930 3115 2163 3187 regulae,
2194 3115 2265 3169 ab
2295 3113 2498 3168 ordine
2529 3127 2757 3165 cessare
2788 3109 3020 3162 debent.

1927 3224 2058 3279 CAP.
2103 3223 2188 3275 49.
2231 3251 2298 3259 -—
2334 3221 2395 3275 Ut
2418 3219 2634 3289 jejuuia
2665 3234 2697 3269 a
2724 3215 3103 3289 sacerdotibus
3133 3214 3432 3265 constituta
3463 3227 3573 3289 non

1972 3295 2138 3363 facile
2157 3284 2479 3348 solvantur;
2498 3295 2587 3343 [επ
2606 3289 2839 3343 decretis
2868 3285 3089 3341 Eusebii
3106 3298 3295 3353 papae,
3318 3299 3437 3352 cup.
3463 3284 3514 3335 3.

1993 3385 2088 3453 (De
2112 3398 2287 3446 cons.,
2329 3380 2455 3434 dist.
2478 3379 2531 3444 5,
2557 3394 2603 3432 c.
2626 3378 2893 3446 Jejunia.)
2924 3373 2997 3429 Ut
3038 3374 3095 3426 in
3128 3370 3384 3425 Ecclesia
3415 3388 3448 3424 a
3478 3387 3571 3425 sa-

1923 3470 2257 3527 cerdotibus
2281 3467 2507 3538 jejunis
2533 3465 2875 3531 constituta,
2908 3463 3034 3517 sine
3087 3460 3429 3516 necessitate
3478 3476 3573 3513 ra-

1920 3558 2186 3616 tionabili
2217 3574 2329 3612 non
2365 3555 2683 3611 solvantur.

1922 3650 2057 3704 CAP.
2080 3648 2169 3703 50.
2192 3678 2261 3687 —
2285 3647 2355 3700 De
2374 3651 2491 3709 hoc,
2517 3644 2567 3698 si
2585 3642 2827 3697 evenerit
2844 3641 3165 3711 pestilentia
3182 3639 3268 3693 vel
3284 3638 3574 3709 inaequali-

1973 3724 2057 3775 tas
2087 3719 2258 3773 aeris.
2282 3718 2506 3785 Ibidem,
2528 3730 2644 3785 cap.
2666 3716 2701 3767 2
2721 3714 2812 3783 (ea:
2841 3710 3053 3767 decreto
3083 3710 3290 3765 Liberii
3318 3719 3526 3778 papa).

1993 3809 2052 3865 Si
2080 3805 2335 3864 evenerit
2362 3806 2566 3870 fames,
2584 3806 2683 3858 aut
2706 3800 3053 3873 pestilentia,
3080 3802 3181 3854 aut
3201 3796 3573 3869 inaequalitas

1922 3899 2096 3964 aeris,
2118 3895 2205 3952 vel
2240 3894 2353 3951 alia
2384 3892 2811 3965 qualiscunque
2848 3888 3169 3956 tribulatio,
3205 3887 3403 3942 statim
3426 3887 3574 3957 jeju-

1922 3988 2036 4044 niis
2058 3999 2112 4043 et
2135 3983 2543 4055 eleemosynis,
2567 3986 2623 4039 et
2643 3978 3147 4037 obsecrationibus
3172 3975 3574 4033 misericordia

1925 4076 2149 4133 Domini
2184 4076 2547 4145 deprecetur.

1920 4168 2051 4223 CAP.
2070 4166 2161 4219 51.
2187 4195 2251 4203 -
2274 4164 2337 4219 Ut
2358 4161 2546 4215 nullus
2576 4160 2635 4214 in
2664 4158 2752 4213 die
2780 4157 3075 4211 Dominica
3105 4168 3201 4219 pro
3232 4152 3573 4208 abstinentia

2134 4236 2359 4305 jejunet.
2395 4234 2472 4285 Ex
2505 4230 2817 4298 Gangrensi
2843 4227 3093 4291 concilio,
3118 4242 3235 4295 cap.
3270 4224 3351 4277 13.

1992 4327 2161 4396 (Dist.
2196 4325 2286 4387 30,
2318 4340 2363 4377 c.
2395 4322 2454 4375 Si
2491 4321 2612 4390 quis
2661 4316 2972 4387 tanquam.)
3031 4314 3091 4370 Si
3151 4312 3283 4384 quis
3336 4315 3574 4382 propter

1922 4412 2339 4471 continentiam
2359 4409 2865 4482 quaeputatur,aut
2890 4407 3125 4476 propter
3142 4400 3569 4457 contumaciam
3602 4468 3619 4481 ’

1848 4516 1896 4579 ι)
1925 4504 1985 4560 in
2019 4503 2111 4558 die
2141 4500 2442 4556 Dominica
2466 4498 2720 4569 jejunat,
2745 4493 3059 4550 anathema
3090 4491 3186 4547 sit.

1926 4616 2059 4667 CAP.
2104 4608 2193 4662 52.
2249 4637 2315 4646 —
2365 4605 2437 4659 De
2487 4601 2675 4658 eadem
2732 4616 2845 4725 res.7
2871 4603 2953 4655 Ex
3011 4596 3270 4653 Turonico
3320 4594 3572 4663 concilio,

2626 4689 2744 4725 can.
2853 4712 2864 4725 .

2626 4689 2744 4728 σαι).
2776 4689 2864 4725 Dl.

2732 4714 2744 4726 .
2776 4689 2864 4725 οι.

1998 4771 2162 4843 (Dist.
2196 4768 2284 4833 30,
2331 4782 2375 4821 c.
2430 4764 2491 4819 Si
2547 4689 3056 4833 quisappresbyter.)
3086 4756 3144 4812 Si
3177 4756 3310 4827 quis
3341 4761 3576 4827 propter

1930 4858 2222 4932 publicam
2272 4852 2673 4927 paenitentiam
2707 4868 2740 4905 a
2770 4849 3070 4905 sacerdote
3120 4848 3441 4917 acceptam,
3475 4848 3577 4899 aut

1929 4966 2033 5023 pro
2065 4945 2261 5014 aliqua
2292 4940 2637 4996 necessitate
2668 4939 2760 4993 die
2792 4936 3091 4992 Dominica
3122 4934 3281 4990 velut
3310 4949 3412 5005 pro
3436 4950 3575 5005 qua-

1930 5022 2063 5094 dam
2112 5032 2396 5104 religione
2419 5027 2791 5101 jejunaverit,
2854 5026 3007 5082 sicut
3067 5022 3393 5091 Manichasi,
3436 5038 3574 5079 ana-

1928 5126 2127 5181 thema
2163 5121 2257 5175 sit.

1929 5218 2063 5271 CAP.
2095 5212 2185 5265 53.
2210 5240 2278 5249 —~
2301 5208 2361 5265 Ut
2388 5208 2593 5277 placita
2621 5206 2919 5263 saecularia
2950 5205 3008 5257 in
3040 5202 3230 5277 diebus
3270 5201 3575 5277 Dominicis

2002 5291 2055 5340 et
2086 5282 2217 5338 aliis
2246 5274 2545 5351 prmcipuis
2592 5277 2977 5351 festivitatibus
3006 5274 3303 5351 nonﬁant.
3330 5275 3411 5351 lia:
3442 5288 3572 5351 con-

2000 5357 2130 5411 cilio
2151 5344 2331 5477 2apud
2388 5344 2632 5421 Erphord
2685 5349 2866 5404 habito
2910 5348 3073 5419 jussu
3130 5346 3352 5401 Henrici
3405 5344 3569 5411 regis,

2001 5445 2119 5477 can.
2192 5466 2203 5477 .

2233 5512 2285 5581 4,
2318 5527 2436 5582 cap.
2470 5510 2737 5581 Placita.)
2772 5505 2984 5563 Placita
3028 5501 3329 5559 saecularia
3374 5500 3574 5557 Domi-

1931 5605 2077 5662 nicis
2109 5602 2336 5670 diebus,
2369 5600 2454 5657 vel
2488 5600 2619 5657 aliis
2653 5594 2960 5672 praecipuis
2991 5592 3292 5661 festis,seu
3315 5592 3488 5650 etiam
3513 5594 3573 5649 in
