3970 6058
358 262 467 314 275

1440 261 1511 309 D.
1551 256 1720 310 lVON
1735 251 1795 307 [S
1831 251 2324 307 CARNOTENSIS
2361 253 2681 307 EPISCOPI

3665 253 3775 306 276

358 385 448 440 bis
478 383 688 440 diebus
719 383 779 437 in
813 381 1028 452 quibus
1058 379 1324 453 legitima
1348 377 1578 450 jejunia
1615 377 2008 443 celebrantur,
2040 378 2096 444 Α
2126 378 2324 446 ponat,
2351 390 2536 431 unum
2562 392 2678 447 prin
2699 375 2832 432 aliis
2853 375 3007 431 diem
3030 375 3393 448 excipiendo,
3415 376 3658 434 omnino
3681 377 3773 434 in-

357 472 681 528 secundum
714 469 1058 526 canonicam
1095 468 1574 524 constitutionem
1611 465 1854 521 minime
1886 463 2011 518 ﬁeri

357 560 748 616 decrevimus.
785 559 1033 627 Insuper
1085 561 1290 610 sancta
1341 555 1602 626 synodus
1639 553 1916 622 decrevit,
1949 556 2014 607 ut

360 646 864 719 nullajudiciaria
895 648 1154 715 potestas
1186 643 1482 698 licentiam
1525 642 1738 698 habeat
1769 659 1877 696 sua
1909 656 2012 695 au-

363 737 636 793 ctoritate
661 733 1022 789 Christianos
1040 734 1111 788 ad
1132 732 1415 804 placitum
1449 731 1690 786 bannlre
1719 730 1778 784 in
1811 745 2013 800 supra-

365 826 538 881 dictis
570 825 800 892 diebus,
817 824 872 877 id
905 828 993 878 est
1013 826 1235 892 septem
1255 821 1378 876 dies
1397 827 1533 876 ante
1555 820 1758 876 Natale
1784 817 2011 875 Domini

364 930 550 985 usque
597 914 655 967 in
705 917 939 968 octavas
986 909 1325 982 Epiphaniae
1354 915 1412 964 et
1440 927 1474 964 a
1523 907 2013 980 Ouinquagieima

361 1019 545 1074 usque
575 1002 635 1056 in
668 1004 930 1056 octavam
961 999 1218 1067 Paschae,
1251 1002 1308 1054 et
1339 1001 1564 1069 septem
1596 997 1720 1053 dies
1753 1002 1886 1052 ante
1909 1012 2012 1050 na-

359 1091 535 1147 talem
566 1089 754 1146 sancti
783 1088 1030 1145 Joannis
1062 1087 1359 1158 Baptistze,
1391 1092 1684 1157 quatenus
1728 1086 1904 1141 eundi
1937 1086 2009 1142 ad

356 1179 685 1245 ecclesiam,
699 1177 1028 1234 orationibu
1037 1193 1101 1248 sq
1115 1193 1185 1232 ue
1201 1177 1447 1232 vacandi
1465 1177 1711 1232 liberius
1725 1175 2012 1231 habeatur

356 1267 630 1324 facultas.

356 1377 492 1432 CAP.
523 1374 701 1428 54.-
732 1373 886 1440 Quod
911 1373 1135 1442 jejunio
1185 1389 1218 1426 a
1269 1371 1645 1427 sacerdotibus
1693 1371 2007 1440 constituta,

431 1449 632 1515 absque
661 1445 918 1500 ciborum
947 1445 1179 1499 luxuria
1201 1444 1488 1498 observari
1507 1443 1756 1499 debeant.
1781 1443 2007 1513 August.

426 1531 678 1572 sermone
705 1517 798 1570 65.

427 1605 524 1678 (De
553 1621 725 1671 cons.,
757 1604 887 1660 dist.
914 1603 970 1673 5,
1001 1619 1048 1657 c.
1082 1607 1200 1658 Non
1234 1601 1398 1671 dico.)
1443 1601 1567 1656 Non
1617 1601 1746 1656 dico
1792 1601 2010 1657 hebdo-

360 1695 587 1764 madas,
611 1709 726 1748 non
758 1691 1202 1764 duplicata,non
1229 1689 1620 1762 multiplicata
1642 1691 1890 1761 jejunis,
1907 1691 2005 1746 sed

361 1782 571 1838 saltem
595 1781 860 1853 singulos
878 1779 1002 1835 dies
1019 1781 1240 1850 absque
1259 1779 1522 1836 ciborum
1546 1778 1778 1835 luxuria
1795 1779 2010 1836 transi-

360 1887 593 1942 gamus.

356 1981 484 2034 CAP.
507 1979 598 2031 55.
624 2007 695 2018 -
717 1979 779 2034 Ut
811 1975 1197 2046 quotidianum
1222 1975 1503 2044 ieiunium
1522 1990 1631 2031 non
1653 1976 1726 2031 sit
1746 1976 1866 2030 sine
1893 1975 2009 2030 ati-

427 2063 540 2120 qua
569 2049 894 2120 refectione.
916 2049 998 2102 Ex
1018 2047 1180 2102 dictis
1207 2048 1466 2120 Pinienii
1493 2049 1768 2120 eremitee.
1787 2049 2006 2118 Legun-

431 2117 528 2175 tur
573 2117 691 2175 hec
721 2122 780 2175 in
809 2121 966 2190 epist.
995 2121 1217 2174 Hieron.
1251 2118 1326 2174 ad
1361 2119 1703 2175 Eustochium
1735 2117 1801 2173 de
1829 2117 2007 2174 custo-

425 2191 518 2246 dia
547 2192 910 2261 virginitatis.

428 2280 532 2351 (De
569 2296 742 2346 cons.,
771 2279 895 2334 dist.
947 2279 1004 2345 5,
1054 2295 1102 2333 c.
1152 2279 1276 2334 Sint
1325 2279 1426 2332 tibi
1473 2278 1842 2349 quotidiana.)
1885 2277 2013 2333 Sint

358 2368 465 2423 tibi
479 2368 1066 2438 quotidianajejunia
1085 2372 1142 2422 et
1164 2368 1399 2422 refectio
1413 2367 1738 2423 satietatem
1755 2367 2007 2438 fugiens.

361 2455 515 2512 Nihil
532 2455 716 2528 [quid]
733 2456 888 2511 enim
907 2457 1147 2527 prodest
1168 2455 1272 2510 tibi
1297 2455 1473 2511 biduo
1496 2455 1584 2510 vel
1606 2455 1799 2510 triduo
1820 2459 2011 2510 trans-

362 2545 544 2600 misso
564 2560 815 2600 vacuum
842 2549 1074 2616 portare
1095 2549 1374 2612 ventrem,
1389 2543 1437 2600 si
1458 2543 1675 2615 pariter
1695 2544 2008 2600 obruatur?

359 2634 409 2690 si
441 2637 901 2704 compensantur
931 2633 1242 2689 saturitate
1257 2633 1445 2704 jejuni
1457 2633 1531 2688 a?
1549 2632 1708 2689 Illico
1732 2648 1899 2688 mens
1925 2649 2005 2688 re-

356 2722 890 2795 pletatorpescit,et
906 2722 1147 2794 irrigata
1168 2727 1324 2777 terra
1346 2722 1602 2794 corporis
1615 2721 1794 2792 hujus
1806 2721 2007 2793 spinas

354 2816 415 2868 et
444 2811 695 2867 carduos
725 2810 1037 2882 germinat.

351 2920 486 2973 CAP.
511 2916 602 2973 56.
625 2945 696 2957 —
729 2920 806 2971 De
864 2916 1054 2972 eadem
1092 2930 1170 2988 re.
1205 2916 1521 2986 Hieronym.
1555 2916 1625 2972 ad
1653 2918 1898 2988 Nepotia.
1932 2919 2005 2974 De

923 2988 1041 3043 vita
1080 2987 1434 3043 clericorum.

422 3073 553 3131 Sint
578 3073 687 3177 tibi
703 3073 941 3177 jejunio.
983 3091 1156 3174 pura,
1191 3074 1554 3177 continuata,
1590 3079 1646 3131 et
1667 3077 1996 3177 ‘moderata,
2029 3109 2072 3177 α

349 3165 409 3219 id
441 3167 531 3219 est
558 3163 815 3234 quotidie
840 3163 1084 3231 esurire,
1117 3167 1174 3218 et
1203 3163 1468 3234 quotidie
1498 3165 1806 3235 prandere.

352 3269 486 3325 CAP.
509 3267 599 3324 57.
624 3298 693 3309 -
726 3266 874 3336 Quod
893 3267 1174 3342 jejunium
1193 3271 1348 3342 curet
1367 3269 1599 3325 vulnera
1622 3271 2002 3342 relinquentis.

941 3339 1025 3394 Ea:
1053 3340 1239 3396 eodem
1275 3338 1414 3395 loco.

424 3429 571 3497 Noli,
604 3427 800 3500 inquit
829 3425 1168 3500 Apostolus,
1201 3427 1387 3484 adhuc
1433 3446 1637 3501 aquam
1686 3431 1887 3498 bibere,
1916 3433 2008 3488 sed

357 3517 566 3573 modico
598 3517 724 3572 vino
755 3523 910 3571 utere
938 3522 1167 3587 propter
1196 3518 1547 3588 inﬁrmitates
1569 3528 1694 3576 tuas
1714 3521 1759 3589 (ι
1784 3521 2006 3593 Tim.v):

356 3609 524 3660 curat
545 3605 701 3660 enim
729 3603 973 3661 vulnera
997 3605 1779 3682 delinquentis,curatosque
1791 3611 2009 3666 sancti-

361 3695 497 3750 ﬁcat
516 3693 840 3765 jejunium.

361 3801 490 3877 Car.
513 3800 603 3855 58.
627 3831 696 3877 —_-
716 3801 789 3856 De
811 3799 1046 3870 quodam
1076 3799 1488 3877 Alcibiade,qui
1503 3805 1614 3859 sibi
1631 3821 1794 3874 grave
1802 3807 2014 3877 jejunii

426 3873 629 3944 jugum
658 3873 1102 3949 imposuerat,__et
1122 3873 1436 3949 admonitus
1451 3883 1532 3931 est
1548 3893 1582 3930 τι
1598 3873 1848 3942 Domino,
1863 3873 2012 3949 quod

436 3960 550 4070 mn
572 3948 716 4001 recte
756 3947 987 4069 [aegret
1021 3944 1282 4000 Eusebius
1326 3947 1716 4005 ecclesiasticaa
1761 3944 2015 4007 historiae

461 4032 478 4070 ι
518 4031 577 4070 ro
606 4032 662 4070 ν.
692 4029 814 4070 can.
889 4057 900 4068 .

461 4029 577 4072 ivro
606 4032 662 4081 ν,
692 4029 814 4086 cap.
847 4029 900 4069 δ.

434 4103 768 4160 Alcibiades
797 4103 1041 4175 quidam
1090 4106 1217 4159 erat
1266 4119 1333 4158 ex
1381 4120 1625 4162 numero
1656 4121 1881 4180 eorum,
1916 4109 2018 4180 qui

364 4209 468 4264 pro
490 4183 721 4250 Christo
743 4191 921 4248 vincti
947 4192 1132 4264 [sunt]
1155 4192 1526 4250 tenebantur.
1550 4195 1657 4252 Hic
1677 4196 1854 4254 vitam
1873 4198 2018 4255 satis

365 4280 616 4336 arduam
648 4283 706 4335 et
735 4284 1032 4336 austeram
1064 4279 1322 4352 gerebat,
1347 4281 1494 4337 nihil
1521 4283 1785 4340 ciborum
1817 4285 2019 4343 volens

368 4367 650 4439 accipere,
671 4368 773 4424 sed
797 4371 1027 4424 tantum
1059 4384 1210 4439 pane
1241 4374 1297 4425 et
1325 4369 1446 4428 sale
1477 4388 1609 4428 cum
1637 4390 1791 4446 aqua
1822 4377 2022 4432 uteba-

361 4453 485 4520 tur,
511 4459 653 4511 Cum
682 4455 810 4511 vitae
843 4456 1000 4511 hunc
1034 4457 1290 4529 rigorem
1319 4459 1488 4515 vellet
1509 4462 1685 4519 etiam
1709 4464 1768 4520 in
1791 4481 2022 4522 carcere
2052 4484 2098 4550 ο

370 4546 596 4618 positus
616 4544 898 4616 obtinere,
917 4543 1102 4601 Attalo
1126 4547 1357 4604 cuidam
1385 4566 1548 4606 servo
1570 4551 1673 4609 Dei
1704 4553 2021 4610 revelatum

370 4639 483 4703 est,
503 4634 644 4706 quia
667 4651 783 4690 non
807 4637 961 4690 recte
986 4635 1200 4690 faceret
1221 4636 1555 4696 Alcibiades
1589 4644 1869 4699 creaturis
1899 4644 2022 4709 Dei,

370 4727 427 4780 et
454 4722 626 4780 vellet
656 4721 789 4780 aliis
807 4723 1053 4780 formam
1079 4725 1341 4781 scandali
1364 4727 2023 4802 derelinquere.Quihus

372 4812 624 4886 cognitis
652 4811 1009 4883 Alcibiades,
1043 4812 1221 4885 ccepit
1266 4815 1469 4872 omnia
1516 4834 1650 4874 cum
1700 4820 2021 4891 gratiarum

372 4902 597 4960 actione
625 4900 940 4974 percipere,
972 4901 1115 4973 quia
1147 4918 1274 4973 quas
1318 4902 1402 4959 illi
1456 4906 1750 4964 revolabat
1775 4909 2022 4982 spiritus

373 4995 439 5048 ut
468 4990 721 5060 doceret,
753 4990 890 5047 huic
920 4994 985 5046 ut
1013 4994 1361 5064 sequeretur
1389 4993 1547 5051 idem
1591 4997 1837 5070 spiritus
1887 5016 2021 5070 per-

376 5080 685 5138 suadebat.

376 5172 506 5245 Csp.
531 5170 623 5224 59.
644 5198 716 5245 -—_
735 5173 813 5226 Ne
841 5168 1050 5245 aliquis
1078 5170 1188 5245 sibi
1216 5169 1312 5245 sub
1342 5171 1560 5228 obtentu
1591 5177 1875 5245 religionis
1904 5179 2023 5233 sine

443 5243 605 5314 jussu
624 5242 860 5312 episcOpi
888 5241 978 5295 sui
1001 5242 1086 5296 vel
1113 5243 1424 5367 prestat/teri
1451 5241 1723 5314 jejunium
1754 5250 2016 5318 imponat.

447 5317 531 5367 Ex
558 5311 795 5367 concilio
842 5311 990 5367 apud
1036 5314 1257 5367 Ervhor
1300 5356 1312 5367 .
1345 5317 1436 5367 cui
1465 5319 1720 5367 interfuit
1756 5320 2016 5367 Henricus

447 5311 531 5370 Ex
558 5311 809 5370 concilio
842 5311 990 5384 apud
1036 5311 1312 5384 Erphord,
1345 5311 1720 5387 eui'interfuit
1756 5311 2021 5375 Henricus

450 5402 572 5442 rex.

449 5475 522 5531 Ut
550 5490 720 5531 nemo
752 5473 865 5529 nisi
898 5472 1300 5529 consentiente
1330 5473 1600 5546 episcopo
1631 5477 1888 5548 proprio,
1920 5485 2022 5535 aut

382 5559 510 5633 ejus
541 5560 988 5633 misso,jejunia
1015 5560 1126 5617 sub
1158 5561 1396 5618 obtentu
1429 5563 1731 5636 religionis
1761 5565 1871 5620 sibi
1907 5566 2018 5622 im-

2119 463 2482 535 terdicimus,
2516 465 2671 536 quod
2695 470 2754 521 et
2776 466 2994 521 factum
3024 465 3320 538 displicet,
3343 469 3401 522 et
3419 466 3480 522 in
3503 466 3768 522 futurum

2121 552 2244 607 fieri
2280 552 2681 624 prohibemus,
2708 555 2844 624 quia
2893 554 3024 628 plus
3076 571 3255 611 causa
3298 555 3588 611 ariolandi
3637 572 3771 612 esse

2121 640 2508 713 dignoscitur,
2537 659 2714 714 quam
2755 642 3234 714 supplementum
3264 643 3560 699 catholicae
3593 643 3767 717 legis.

2120 746 2253 802 CAP.
2270 748 2361 802 60.
2386 777 2452 790 —
2478 749 2541 805 Ut
2568 749 2759 804 nullus
2815 748 3160 805 Christianus
3213 749 3346 804 dum
3398 759 3591 806 sancta
3648 753 3769 807 loca

2187 835 2289 944 ἔνο
2320 822 2623 904 reverentia
2648 822 2890 904 petierit,
2922 822 3162 889 alicuius
3207 822 3444 892 publica:
3489 827 3770 908 potestatis

2225 907 2374 944 anno
2402 891 2605 944 ibidem
2633 897 3067 944 constringatur.
3092 894 3174 944 Ex
3202 893 3390 944 eodem
3419 895 3676 944 (ancilia.

2225 907 2374 946 anno
2402 891 2605 946 ibidem
2633 891 3067 963 constringatur.
3092 894 3174 948 Ex
3202 891 3390 949 eodem
3419 891 3676 951 concilio.

2195 998 2569 1069 Principimus
2587 1015 2841 1072 namque
2865 1007 2927 1055 ut
2947 998 3148 1056 nullus
3167 999 3536 1057 Christianus
3557 1019 3660 1073 pro
3683 1019 3771 1058 re-

2118 1087 2378 1143 verentia
2407 1087 2712 1144 ecclesiam
2747 1089 3020 1160 petendo,
3054 1089 3306 1160 alicujus
3337 1090 3584 1161 publica:
3617 1096 3775 1162 pote-

2121 1175 2292 1231 statis
2323 1177 2516 1231 banno
2547 1176 2764 1232 ibidem
2796 1177 3236 1249 constringatur
3267 1195 3280 1233 :
3332 1194 3403 1234 ne
3447 1179 3594 1234 forte
3624 1180 3771 1235 dum

2119 1265 2191 1320 ad
2214 1263 2520 1320 ecclesiam
2552 1282 2727 1321 causa
2757 1265 3040 1322 orationis
3071 1271 3363 1338 properat,
3379 1283 3482 1339 per
3501 1267 3770 1324 bannum

2118 1353 2476 1425 impediatur
2505 1371 2606 1426 pro
2639 1353 2828 1410 salute
2858 1355 3066 1410 animas
3097 1372 3220 1411 sum
3252 1356 3479 1412 Domini
3532 1357 3776 1414 miseri-

2118 1443 2378 1498 cordiam
2413 1444 2608 1500 minus
2639 1445 2840 1499 devote
2871 1443 3192 1516 postulare.

2118 1549 2549 1606 CAP.6l.—De
2602 1550 2795 1608 ordine
2851 1553 3123 1608 librorum
3183 1553 3384 1609 Veteris
3441 1553 3776 1610 Testamenti

2189 1622 2469 1705 (Gelasius
2486 1640 2631 1695 papa
2651 1625 2711 1677 in
2731 1625 2962 1680 concilio
2981 1627 3164 1682 Romae
3186 1624 3372 1682 habito
3390 1641 3515 1681 cum
3543 1626 3616 1682 70
3643 1629 3771 1698 epi-

2184 1709 2377 1765 scapis.

2262 1800 2524 1868 Genesis,
2556 1800 2659 1858 lib.
2695 1802 2744 1857 1.

2261 1890 2462 1959 Exodi,
2491 1890 2593 1947 lib.
2630 1891 2681 1945 1.

2267 1978 2517 2048 Levitici,
2545 1978 2647 2034 lib.
2686 1984 2734 2046 1,
2769 1983 2881 2036 etc.

2261 2067 2524 2137 Numeri,

2261 2156 2717 2225 Deuteronomii,

2258 2245 2288 2300 J
2294 2263 2397 2302 esu
2429 2263 2594 2314 nave,

2257 2335 2558 2402 Judicum,

2260 2424 2506 2496 Regum,
2538 2425 2590 2479 4.

2258 2513 2437 2579 Ruth,

2259 2601 2742 2674 Paralipomenon
2773 2604 2826 2658 2.

2260 2690 2650 2758 Psalmorum,
2688 2692 2810 2748 150.

2255 2780 2583 2836 Salomonis
2613 2782 2647 2835 3

2255 2869 2383 2939 Job,

2255 2958 2468 3029 Tobiae,

2255 3047 2471 3118 Esdrae,

2254 3135 2485 3207 Esther,

2253 3224 2484 3293 Judith,

2257 3312 2744 3370 Machabteorum.

2561 3445 2638 3495 De
2665 3440 2897 3512 pordine
2922 3442 3307 3513 prohetarum.

2257 3527 2442 3598 Isaias,

2257 3615 2541 3686 Jeremize,
2577 3634 2710 3675 cum
2743 3619 2975 3691 Cinotb,
3009 3620 3068 3676 id
3114 3624 3204 3678 est
3249 3619 3781 3680 lamentationibus

2333 3722 2481 3775 suis,

2264 3794 2605 3864 Ezechielis,

2265 3882 2545 3948 Danielis,

2265 3971 2445 4039 Oseae,

2263 4061 2410 4125 Joel,

2267 4151 2467 4218 Amos,

2269 4239 2490 4310 Abdiae,

2270 4328 2455 4399 Jonas,

2274 4417 2508 4472 Michea

2271 4505 2483 4574 Naum,

2278 4594 2568 4662 Ilabacuc,

2277 4684 2606 4755 Sophoniaa,

2272 4772 2490 4844 Aggaai,

2274 4861 2586 4931 Zacharim,

2271 4950 2592 5006 Malachias.

2130 5056 2266 5112 CAP.
2297 5058 2387 5113 62.
2431 5087 2500 5099 —
2559 5059 2628 5112 De
2685 5058 2881 5114 ordine
2939 5061 3208 5118 librorum
3264 5065 3402 5121 Novi
3458 5068 3797 5126 Testamenti

2202 5146 2338 5205 quos
2361 5137 2556 5205 sancta
2590 5131 2836 5186 Romana
2863 5133 3106 5190 Ecclesia
3163 5139 3344 5205 tenet;
3375 5142 3428 5194 et
3456 5142 3796 5198 universalis

2202 5201 2453 5256 Ecclesia
2481 5200 2743 5256 observat.

2525 5307 2949 5376 Evangeliorum
2993 5310 3128 5366 libri
3155 5319 3394 5384 quatuor

2272 5395 2598 5449 Secundum
2638 5395 2994 5467 Matthasum,

2267 5483 2599 5538 Secundum
2634 5484 2913 5553 Marcum,

2269 5571 2604 5628 Secundum
2640 5578 2874 5641 Lucam,
