3978 6060
221 269 334 322 277

371 395 710 451 Secundum
739 399 1050 467 Joannem,

371 484 554 538 Actus
584 482 1021 555 Apostolorum.

443 591 701 661 Epistolas
731 588 904 645 Pauli
948 607 1182 649 numero
1204 594 1646 663 quatuordecim.

380 680 465 735 Ad
501 679 818 746 Romanos,

376 771 455 825 Ad
486 769 841 837 Corinthios,
873 770 929 823 2.

373 859 457 914 Ad
492 857 749 925 Galatas,

378 950 461 1003 Ad
495 947 796 1020 Ephesios,

375 1038 457 1091 Ad
494 1036 927 1109 Philippenses,

374 1127 459 1181 Ad
490 1126 887 1194 Colossenses,

373 1216 451 1270 Ad
482 1215 1058 1287 Thessalonicenses,
1080 1219 1132 1270 2.

370 1305 455 1360 Ad
482 1304 896 1375 Timotheum,
933 1309 988 1361 2.

372 1394 455 1448 Ad
488 1393 708 1460 Titum,

372 1484 452 1537 Ad
482 1482 911 1554 Philemonem,

371 1573 458 1626 Ad
493 1572 787 1638 Hebrmos,

370 1660 753 1733 Apocalypsis
782 1662 1048 1718 Joannis.

437 1767 577 1824 Ordo
612 1773 818 1840 septem
848 1770 1224 1841 Epistolarum
1244 1774 1663 1828 canonicamm.

367 1856 521 1913 Petri
550 1857 803 1930 apostoli
823 1858 1190 1929 Epistolze,2.

360 1947 564 2005 Jacobi
590 1947 842 2020 apostoli
862 1948 1142 2021 Epistola,
1173 1951 1227 2005 l.

355 2037 604 2094 Joannis
635 2037 891 2109 apostoli
918 2038 1212 2110 Epistolas,
1242 2040 1293 2093 3.

354 2128 522 2183 Judae
553 2125 767 2182 Zelotis
794 2126 1078 2198 Epistola,
1104 2128 1156 2183 l.

206 2233 349 2291 CAP.
382 2235 472 2289 63.
500 2264 572 2275 —
604 2233 836 2301 Quando
872 2238 925 2290 et
954 2250 1057 2304 quo
1088 2237 1326 2304 tempore
1355 2235 1491 2292 libri
1524 2237 1727 2293 Veteris
1768 2240 1866 2295 No-

570 2308 729 2376 vique
760 2306 1085 2361 Testamenti
1127 2307 1347 2375 tegendi
1374 2308 1507 2363 sint.

282 2394 471 2465 (Dist.,
496 2394 583 2463 45,
614 2410 662 2449 c.
686 2394 936 2465 Sancta.)
958 2396 1019 2449 in
1044 2395 1485 2466 Septuagesima
1508 2401 1734 2468 ponunt
1760 2396 1863 2452 he-

209 2490 313 2556 pta
345 2484 566 2556 [pental
588 2483 788 2551 chum,
816 2500 998 2554 usque
1022 2483 1080 2538 in
1105 2483 1438 2556 quindecim
1462 2484 1586 2541 dies
1602 2491 1735 2542 ante
1754 2488 1860 2542 Pe-

207 2574 374 2630 scha.
401 2573 609 2639 Quinta
630 2573 860 2628 decima
882 2572 975 2627 die
998 2577 1133 2627 ante
1176 2572 1401 2629 Pascha
1441 2578 1669 2645 ponunt
1700 2574 1858 2631 Jcre-

210 2664 393 2719 miam
415 2679 599 2733 usque
622 2661 680 2716 in
706 2662 940 2717 Ccsnam
968 2660 1218 2716 Domini.
1238 2664 1302 2717 In
1325 2663 1497 2717 Coena
1522 2662 1753 2718 Domini
1781 2664 1857 2720 le-

206 2757 358 2827 gunt
386 2757 505 2808 tres
538 2751 816 2807 lectiones
841 2752 911 2806 de
942 2750 1361 2807 lamentatione
1382 2752 1650 2808 Jeremiae
1675 2771 1687 2808 :
1715 2755 1857 2822 Quo-

204 2844 364 2900 modo
391 2844 541 2899 sedet
567 2844 681 2898 sola
702 2842 899 2897 civitas
948 2842 1166 2913 (Thren.
1199 2842 1263 2912 1),
1315 2847 1424 2898 etc.
1460 2862 1474 2909 ;
1533 2847 1592 2897 et
1636 2847 1754 2899 tres
1785 2845 1856 2900 de

205 2937 394 2989 tracta
406 2936 469 2987 tu
503 2931 693 2987 sancti
716 2931 1032 3004 Augustini
1058 2931 1117 2985 in
1142 2930 1438 2987 Psalmum
1464 2948 1554 2986 LIV
1579 2948 1590 2986 :
1613 2933 1853 3002 Exaudi,

207 3023 390 3090 Deus,
423 3023 735 3078 orationem
763 3036 966 3086 meam,
1001 3024 1051 3075 et
1075 3035 1146 3074 ne
1172 3020 1524 3090 despexeris;
1556 3024 1612 3075 et
1633 3026 1752 3075 tres
1782 3022 1853 3077 de

930 246 935 249 ’
1018 275 1327 329 DRCRETI
1369 278 1555 330 psus
1594 276 1686 328 1v.
1723 303 1789 311 —
1820 276 1915 327 DE
1953 278 2228 333 FESTIV.
2274 284 2366 335 ΕΤ
2400 286 2657 339 JEJUN..
2702 286 2851 336 ETC.

3535 291 3642 345 278

1908 400 1965 466 Α
1999 401 2300 460 Dominica
2316 405 2509 477 prima
2523 407 2744 462 mensis
2757 407 2967 462 Novem
2978 408 3099 463 bris
3119 414 3637 485 ponunthechiel,

1990 489 2210 557 Daniel,
2228 498 2283 547 et
2315 494 2573 549 minores
2595 495 2910 566 prephetas
2930 513 3120 567 usque
3140 499 3197 552 in
3218 499 3506 558 Kalendas
3526 503 3635 560 De-

1989 581 2262 635 cembris.
2293 584 2351 636 In
2381 583 2678 637 Dominica
2701 583 2895 654 prima
2920 587 3142 641 mensis
3169 589 3501 646 Decembris
3532 608 3636 663 po-

1989 671 2139 722 nunt
2166 669 2375 724 Isaiam
2409 670 2775 741 prophetam,
2811 688 3001 743 usque
3044 674 3103 729 in
3137 675 3512 733 Nativitatem
3539 683 3639 735 Do-

1991 757 2155 812 mini.
2190 761 2252 812 In
2283 758 2482 829 vigilia
2508 748 2723 816 natalis
2741 760 3001 832 Domini,
3023 762 3229 835 legunt
3260 766 3519 837 primum
3570 768 3638 824 de

1987 846 2142 900 Isaia
2172 850 2289 901 tres
2318 847 2618 904 lectiones.
2670 849 2869 903 Prima
2917 850 3083 906 lectio
3118 869 3129 907 :
3186 856 3375 911 Primo
3406 864 3643 927 tempore

1988 935 2261 991 alleviata
2281 946 2381 1005 est,
2406 941 2461 991 et
2487 942 2709 993 caetera.
2745 941 3010 994 Secunda
3038 956 3049 993 :
3080 941 3471 1001 Consolamini.
3498 946 3640 1002 Ter-

1987 1026 2101 1080 tia:
2137 1025 2434 1097 Consurge,
2465 1042 2751 1095 consurge.
2783 1027 2996 1082 Deinde
3028 1027 3306 1101 leguntur
3336 1050 3638 1091 sermones

1986 1112 2073 1167 vel
2098 1114 2349 1169 homilias
2374 1116 2446 1170 ad
2475 1115 2670 1186 ipsum
2695 1116 2848 1169 diem
2876 1116 3257 1187 pertinentes.
3293 1120 3354 1174 In
3382 1121 3636 1177 natalis.

1988 1202 2288 1274 Stephani,
2311 1204 2553 1259 homilia
2577 1206 2646 1259 de
2666 1205 2795 1276 ipso
2818 1204 2931 1259 die.
2962 1206 3021 1259 In
3044 1206 3222 1261 natali
3255 1209 3637 1265 sanctiJoan-

1987 1291 2080 1346 nis
2110 1292 2400 1347 similiter.
2428 1296 2491 1348 In
2517 1292 2697 1347 natali
2720 1294 3121 1348 Innocentium
3139 1295 3430 1352 similiter.
3459 1300 3517 1353 In
3538 1315 3635 1353 na-

1985 1379 2087 1435 tali
2112 1381 2295 1435 sancti
2329 1380 2591 1437 Silvestri
2618 1381 2911 1436 similiter.
2934 1383 2996 1435 In
3028 1387 3230 1438 octava
3251 1384 3503 1455 Domini,
3525 1386 3629 1442 ho-

1983 1468 2147 1523 milia
2176 1470 2247 1525 de
2277 1470 2404 1541 ipso
2434 1470 2547 1525 die.
2585 1473 2648 1525 In
2680 1470 2989 1526 Dominica
3026 1472 3216 1542 prima
3248 1478 3381 1543 post
3412 1474 3627 1532 Nativi-

1980 1561 2159 1612 tatem
2194 1558 2447 1623 Domini,
2466 1562 2693 1629 ponunt
2720 1558 3001 1629 epistolas
3025 1559 3186 1615 Pauli
3211 1576 3390 1633 usque
3412 1562 3468 1617 in
3494 1564 3630 1637 Sep-

1984 1646 2385 1716 tuagesimam.
2422 1649 2483 1702 In
2515 1648 2849 1719 Epiphania
2889 1647 3170 1705 lectiones
3203 1655 3322 1706 tres
3352 1652 3423 1707 de
3454 1652 3624 1709 Isaia.

1906 1769 1954 1835 B
1985 1735 2176 1789 Prima
2209 1736 2379 1790 lectio
2404 1736 2487 1791 sic
2520 1736 2727 1805 incipit
2753 1753 2765 1789 :
2796 1736 2995 1792 Omnes
3025 1740 3289 1795 sitientes.
3318 1741 3622 1798 Secunda:

1986 1824 2180 1893 Surge,
2214 1824 2563 1881 illuminare.
2588 1825 2781 1880 Tertia
2807 1842 2818 1879 :
2864 1827 3134 1895 Gaudeas,
3157 1828 3410 1900 gaudebo
3434 1847 3448 1897 ;
3470 1831 3629 1886 dein-

1981 1914 2053 1968 de
2082 1912 2360 1985 leguntur
2388 1929 2691 1970 sermones
2720 1913 2809 1969 vel
2838 1914 3093 1970 homilias
3126 1918 3194 1971 ad
3231 1917 3426 1989 ipsum
3473 1919 3626 1976 diem

1979 2002 2357 2075 pertinentes.

1977 2200 2112 2256 CAP.
2136 2198 2313 2253 64.-
2342 2203 2420 2272 De
2469 2199 2625 2254 libris
2667 2199 3004 2256 authenlieis
3043 2217 3174 2272 quos
3207 2204 3404 2272 recipit
3444 2204 3623 2259 Eccle-

2045 2274 2131 2325 sia
2149 2278 2351 2341 prwler
2384 2271 2505 2325 illos
2526 2275 2620 2341 qui
2651 2273 2708 2326 in
2731 2288 2939 2326 canone
2968 2271 3116 2326 sunt.
3152 2275 3232 2327 Ex
3260 2271 3486 2328 decretis
3530 2274 3624 2330 Ge-

2046 2343 2175 2397 lasii
2204 2357 2364 2412 papae
2384 2343 2451 2397 de
2484 2343 2642 2396 libris
2672 2342 3019 2407 authenticis,
3052 2348 3101 2398 et
3132 2345 3479 2416 apocryphis.

2041 2484 2200 2549 (Dist.
2226 2485 2313 2551 15,
2339 2499 2461 2555 cap.
2498 2484 2702 2538 Sancta
2741 2485 3023 2554 Romana).
3086 2484 3299 2541 Sancta
3352 2487 3618 2544 Romana

1971 2571 2224 2627 Ecclesia
2247 2576 2379 2643 post
2401 2571 2534 2627 illas
2552 2572 2775 2627 Veteris
2796 2570 2882 2625 vel
2910 2571 3047 2626 Novi
3072 2574 3433 2629 Testamenti
3463 2593 3609 2647 quas

1968 2660 2316 2731 regulariter
2345 2661 2727 2731 suscipimus,
2763 2660 2937 2714 etiam
2961 2659 3068 2714 has
3091 2661 3308 2732 suscipi
3332 2679 3443 2718 non
3478 2680 3609 2734 pro-

1966 2749 2127 2805 hibet
2153 2749 2505 2820 Scripturas.
2528 2753 2797 2804 Sanctam
2839 2750 3129 2820 synodum
3180 2749 3470 2806 Nicaznam
3503 2792 3506 2799 .
3539 2754 3606 2807 18

1966 2839 2526 2906 Patrum,mediante
2542 2839 2795 2893 maximo
2825 2838 3204 2894 Constantino
3226 2841 3507 2910 Augusto,
3541 2841 3604 2895 in

1964 2943 2081 2998 qua
2114 2928 2285 2983 Arius
2312 2926 2618 2982 haereticus
2642 2926 2955 2982 damnatus
2976 2931 3082 2982 est.
3127 2927 3402 2983 Sanctam
3432 2945 3607 3000 syno-

1963 3017 2105 3071 dum
2126 3016 3156 3087 Constantinopolitanam,mediante
3175 3016 3498 3073 Theodosio
3520 3034 3610 3072 se-

202 3110 617 3184 Apostolo,ubi
646 3110 812 3166 aitad
833 3108 1200 3165 Corinthios:
1227 3108 1681 3165 Convenientibus
1703 3110 1855 3166 vobis
1885 3133 1928 3200 ρ
1966 3106 2129 3160 niore
2161 3108 2450 3200 Augusto,
2474 3105 2532 3158 in
2558 3121 2673 3175 qua
2709 3104 3089 3200 Macedonius
3113 3105 3417 3162 haereticus
3447 3107 3615 3162 debi-

202 3203 263 3256 in
294 3218 470 3255 unum
497 3201 542 3269 (l
559 3203 689 3256 001'.
730 3203 831 3271 χι).
882 3199 1147 3255 Secunda
1177 3198 1347 3254 lectio
1377 3198 1461 3254 sic
1500 3198 1740 3269 incipit:
1773 3198 1856 3254 Si-

203 3291 415 3345 militer
442 3294 495 3345 et
525 3290 761 3345 calicem
798 3292 1090 3360 postquam
1119 3288 1353 3343 coenavit
1404 3288 1584 3359 (ibid)
1616 3288 1812 3343 Tertia
1840 3304 1853 3343 :

208 3379 287 3435 De
318 3377 734 3451 spiritualibus
765 3383 986 3442 autem,
1014 3378 1281 3432 nolumus
1312 3394 1398 3433 vos
1421 3379 1702 3447 ignorare,
1731 3380 1854 3445 fra-

205 3476 315 3525 tres
338 3470 383 3533 (1
411 3468 531 3524 Cor.
554 3468 631 3539 x).
659 3469 722 3524 In
748 3471 1084 3537 Parasceve,
1105 3471 1224 3522 tres
1246 3466 1524 3523 lectiones
1547 3466 1617 3521 de
1636 3465 1854 3522 lamen~

198 3557 531 3613 tationibus
560 3556 1061 3627 Jeremiaa(Thren.
1094 3556 1197 3627 u);
1231 3558 1288 3611 et
1316 3558 1435 3611 tres
1489 3555 1560 3611 de
1597 3559 1851 3611 tractatu

199 3647 390 3703 sancti
425 3646 729 3719 Augustini
763 3648 821 3700 in
856 3645 1152 3717 psalmum
1193 3661 1361 3700 LXIII:
1417 3645 1652 3701 Exaudi.
1689 3645 1850 3714 Deus,

197 3738 515 3792 oralionem
537 3752 741 3801 meam,
771 3751 897 3790 cum
928 3734 1220 3805 deprecor;
1244 3738 1301 3789 et
1320 3737 1438 3790 tres
1460 3736 1531 3789 de
1559 3733 1848 3803 Apostolo,

203 3825 303 3880 ubi
338 3825 424 3879 ait
457 3825 515 3878 in
548 3823 809 3896 Epistola
840 3824 911 3879 ad
936 3823 1211 3878 Hebraeos
1238 3839 1250 3876 :
1276 3824 1615 3878 Festinemus
1635 3821 1852 3890 ingredi

198 3914 257 3967 in
281 3912 455 3967 illam
487 3915 732 3984 requiem
779 3912 961 3979 (Hebr.
1024 3915 1126 3979 ιν),
1164 3914 1273 3967 etc.
1306 3910 1610 3966 Secunda:
1660 3911 1849 3967 Omnis

196 4016 436 4071 namque
459 4003 708 4073 ponti/ea:
739 4001 1019 4070 (Hebr.v).
1069 4000 1300 4055 Tertia:
1362 4000 1435 4055 De
1490 4016 1592 4071 quo
1621 3999 1850 4070 grandis

194 4090 351 4144 nobis
379 4105 562 4145 sermo
583 4094 661 4145 est
682 4089 898 4159 (ibid.).
934 4090 991 4143 In
1027 4088 1281 4144 Sabbato
1312 4091 1514 4144 sancto
1563 4091 1682 4143 tres
1730 4086 1845 4143 lec-

195 4178 386 4234 tiones
403 4179 475 4233 de
492 4177 909 4234 lamentatione
921 4177 1185 4233 Jeremiae
1203 4176 1422 4247 (Thren.
1439 4177 1545 4248 III),
1565 4180 1622 4231 et
1641 4180 1760 4232 tres
1777 4177 1847 4233 de

194 4272 451 4324 tractatu
481 4271 538 4322 S.
572 4271 819 4340 August.
880 4267 941 4321 in
972 4267 1174 4322 eodem
1226 4266 1517 4337 psalmum
1566 4282 1738 4337 LXIII;
1791 4272 1849 4322 et

192 4360 313 4412 tres
346 4357 417 4412 de
440 4354 832 4428 Apostoloubl
857 4354 1035 4420 ait,in
1064 4354 1245 4425 Epist.
1283 4355 1351 4408 ad
1378 4354 1569 4408 ΗΘΜ-,ε
1597 4354 1847 4411 Christus

192 4445 459 4498 assistens
489 4444 737 4512 pontifex
762 4441 948 4514 (Hebr.
974 4442 1072 4511 xx),
1105 4445 1215 4496 etc.
1249 4441 1514 4497 Secunda
1545 4440 1713 4497 lectio
1746 4443 1845 4497 ubi

1969 3197 2090 3249 tam
2113 3193 2548 3249 damnationem
2570 3191 3094 3262 excepit.8anctam
3112 3194 3403 3263 synodum
3425 3194 3616 3266 Ephe-

1966 3283 2179 3349 sinam,
2222 3282 2282 3337 in
2331 3299 2443 3352 qua
2494 3281 2806 3336 Nestorius
2854 3282 3173 3336 damnatus
3196 3285 3286 3337 est
3327 3298 3617 3337 consensu

1964 3370 2289 3426 beatissimi
2313 3386 2471 3441 papa
2494 3369 3110 3436 Ccslestini,mediante
3133 3369 3347 3439 Cyrillo
3374 3368 3618 3424 Alexan-

1963 3458 2144 3513 driam
2175 3457 2422 3513 civitatis
2454 3458 2811 3529 episcopo,et
2842 3457 3089 3512 Arcadio
3117 3457 3388 3529 episcopo
3412 3456 3485 3513 ab
3500 3459 3613 3512 Ita-

1962 3546 2040 3603 lia
2070 3548 2385 3602 destinato.
2415 3547 2685 3601 Sanctam
2720 3547 3011 3618 synodum
3052 3545 3607 3615 Chalcedonensem,

1962 3636 2256 3691 mediante
2280 3635 2571 3690 Martiano
2593 3637 2857 3705 Augusto
2881 3639 2938 3689 et
2973 3635 3241 3690 Anatolio
3283 3636 3607 3691 Constanti-

1958 3723 2299 3795 nopolitano
2320 3722 2616 3794 episcopo,
2631 3724 2689 3777 in
2717 3739 2833 3794 qua
2854 3721 3201 3778 Nestoriana
3222 3728 3279 3778 et
3298 3724 3603 3796 Eutychia-

1958 3830 2035 3868 na
2055 3810 2497 3881 haresis,simul
2513 3828 2646 3867 cum
2669 3811 2941 3867 Dioscoro
2958 3812 3205 3883 ejusque
3218 3812 3604 3885 complicibus

1956 3902 2245 3956 damnatae
2278 3901 2567 3957 sunt.Sed
2587 3905 2643 3956 et
2662 3900 2713 3957 si
2736 3917 2851 3972 qua
2881 3904 3020 3956 sunt
3051 3900 3302 3957 concilia
3327 3918 3360 3957 a
3381 3905 3604 3958 sanctis

1956 3990 2229 4047 Patribus
2251 3991 2536 4045 hactenus
2557 3990 3064 4062 instituta,praeter
3081 3989 3333 4046 istorum
3356 3995 3606 4061 quatuor

1957 4081 2384 4144 auctoritatem,
2418 4083 2475 4136 et
2501 4079 2887 4136 custodienda
2935 4082 2992 4135 et
3036 4078 3370 4149 recipienda
3400 4079 3602 4134 decre-

1954 4169 2168 4226 vimus.

2024 4259 2155 4314 Jam
2188 4273 2345 4313 nunc
2376 4254 2813 4326 subjiciendum
2840 4255 2911 4309 de
2934 4253 3239 4325 opusculis
3262 4257 3600 4311 sanctorum

1952 4352 2215 4416 Patrum,
2241 4362 2371 4417 quae
2396 4346 2456 4400 in
2480 4343 2739 4399 Ecclesia
2767 4342 3057 4398 catholica
3086 4341 3470 4413 recipiuntur.

2024 4434 2323 4509 Opuscula
2353 4434 2504 4490 beati
2538 4431 2808 4505 Cypriani
2843 4431 3140 4504 martyris,
3194 4437 3252 4487 et
3301 4433 3598 4504 Carthagi-

192 4532 313 4587 ait:
352 4504 927 4587 Testamentum‘enim
949 4504 1154 4602 (ibid),
1186 4534 1297 4587 etc.
1327 4532 1557 4586 Tertia:
1588 4531 1844 4588 Umbram
1876 4504 1920 4570 D
1952 4504 2153 4581 nensis
2174 4522 2455 4594 episcOpi.

190 4622 347 4675 enim
378 4619 604 4687 habens,
639 4620 732 4675 lex
775 4621 1100 4689 futurorum
1146 4621 1409 4675 bonorum
1459 4620 1640 4690 (Hebr.
1668 4621 1745 4690 x).
1780 4621 1840 4675 In

198 4708 419 4765 Pascha
440 4708 671 4763 Domini
688 4707 963 4765 homilias
985 4708 1267 4778 adipsum
1289 4707 1443 4763 diem
1466 4708 1839 4778 pertinentes.

194 4798 353 4852 Infra
371 4796 1130 4867 bebdomodam,homilias.
1153 4796 1215 4851 In
1239 4800 1443 4852 octava
1472 4796 1707 4851 Paschaa
1738 4813 1841 4867 po-

193 4891 346 4942 nunt
374 4890 556 4942 Actus
584 4884 1008 4958 apostolorum,
1041 4889 1100 4940 et
1130 4885 1420 4957 Epistolas
1440 4884 1843 4951 canonicas,et

190 4975 807 5048 Apocalypsin,usque
829 4975 886 5030 in
903 4978 1137 5031 octavas
1148 4974 1611 5030 Pentecostes.ln
1644 4978 1845 5030 octava

192 5064 563 5121 Pentecostes
592 5068 821 5136 ponunt
850 5062 952 5119 lib.
987 5063 1211 5136 Regum
1248 5067 1306 5119 et
1336 5062 1841 5135 Paralipomenon,

191 5154 459 5225 usquein
480 5152 773 5209 Kalendas
807 5152 1080 5225 Augusti.
1102 5153 1166 5208 In
1192 5152 1496 5209 Dominica
1526 5151 1841 5223 primaAu-

188 5243 348 5315 gusti
380 5247 605 5313 ponunt
629 5242 1022 5311 Salomonem,
1057 5258 1246 5313 usque
1276 5241 1336 5297 in
1378 5241 1668 5297 Kalendas
1700 5242 1840 5313 Sep-

190 5332 468 5389 tembris:
502 5348 570 5387 ex
624 5335 765 5387 tunc
822 5333 1047 5402 ponunt
1104 5330 1231 5398 Job,
1283 5330 1550 5398 Tobiam,
1609 5329 1837 5397 Judith,

188 5420 420 5486 Esther,
455 5420 724 5487 Esdram,
758 5436 948 5491 usque
1004 5419 1061 5473 in
1124 5417 1409 5473 Kalendas
1441 5420 1725 5475 Octobris.
1775 5423 1837 5474 In

186 5508 493 5565 Dominica
522 5509 715 5582 prima
746 5506 968 5565 mensis
1025 5507 1313 5573 Octobris,
1349 5514 1575 5580 ponunt
1610 5507 1839 5565 Macha-

186 5598 448 5656 beorum
481 5597 664 5655 libros
695 5614 884 5671 usque
922 5595 983 5653 in
1034 5595 1331 5653 Kalendas
1378 5594 1741 5653 Novembris.
1774 5597 1838 5653 In

2023 4616 2191 4683 Item,
2225 4610 2510 4685 opuscula
2528 4609 2684 4665 beati
2708 4610 2971 4682 Gregorii
2994 4609 3345 4667 Nazianzeni
3369 4610 3595 4683 episco-

1950 4719 2189 4861 p1.Item,
2222 4788 2505 4863 opuscula
2532 4788 2687 4846 beati
2707 4787 3018 4846 Athanasii
3038 4787 3420 4845 Alexandrini
3441 4789 3592 4861 epis-

1951 4897 2190 5040 ooillam,
2223 4967 2510 5041 opuscula
2539 4966 2695 5024 beati
2746 4966 2945 5023 Basilii
2993 4967 3397 5039 Cappadoceni
3443 4969 3596 5040 epis-

1952 5077 2192 5215 coitem,
2215 5145 2668 5220 opusculabeati
2692 5146 2939 5203 Joannis
2960 5145 3594 5219 Constantinopolitani

1951 5237 2228 5311 episcopi.
3066 5250 3073 5255 '

2022 5329 2187 5393 Item,
2216 5326 2499 5398 opuscula
2529 5324 2837 5397 Theophili
2888 5323 3265 5381 Alexandrini
3315 5323 3593 5395 episcOpi.

2023 5418 2188 5484 Item,
2213 5417 2497 5488 opuscula
2520 5415 2674 5471 beati
2697 5413 2890 5483 Cyrilli
2919 5413 3288 5468 Alexandrini
3314 5411 3590 5483 episcopi.

2022 5508 2188 5575 ltem,
2222 5505 2504 5578 opuscula
2535 5504 2689 5561 beati
2720 5502 2926 5560 Hilarii
2958 5500 3336 5559 Pictaviensis
3365 5500 3592 5574 episco-

1949 5611 2028 5668 p1.
