3970 6058
349 246 456 302 279

1447 254 1516 304 D.
1553 250 1796 304 IVONIB
1831 248 2320 304 CARNOTENSIS
2354 247 2668 304 EPISCOPI

3657 243 3783 300 280

429 373 598 440 Item,
658 372 944 444 opuscula
1001 374 1154 429 beati
1212 374 1502 429 Ambrosii
1548 373 2000 429 Mediolanansis
2029 372 2085 439 Α
2116 374 2626 445 cognoscimus,et
2653 389 2766 428 non
2793 365 3081 428 solum'de
3112 370 3476 440 Ruffino,sed
3502 370 3682 427 etiam
3699 371 3780 426 de

353 477 638 533 episcopi.

432 551 598 622 Item,
629 549 915 622 opuscula
945 550 1100 605 beati
1133 551 1448 622 Augustini
1472 551 1867 623 Hipponensis
1883 551 2003 622 epi-

365 640 547 711 scepi.

436 731 599 794 Item,
631 728 916 800 opuscula
950 727 1103 783 beati
1135 728 1470 799 Hieronymi
1505 729 1842 800 presbyteri.

437 819 601 885 Item,
636 817 923 888 opuscula
954 817 1107 872 beati
1143 817 1430 889 PrOSperi,
1480 818 1584 872 viri
1633 817 2005 890 religiosissi-

367 923 467 963 ml.

436 997 600 1065 Item,
634 993 882 1065 epistola
915 995 1118 1050 Leonis
1152 1011 1312 1065 papas
1343 996 1412 1050 ad
1457 995 1792 1050 Flavianum
1824 995 2004 1050 Cons-

367 1081 928 1154 tantinopolitanum
960 1083 1300 1154 episcopum
1335 1085 1662 1139 destinata:
1697 1085 1865 1154 cujus
1887 1089 2008 1138 tex-

362 1178 488 1227 tum
521 1171 817 1242 quispiam
850 1171 900 1226 si
929 1188 1117 1243 usque
1149 1179 1218 1226 ad
1245 1188 1428 1227 unum
1463 1173 1581 1227 iota
1602 1172 2008 1244 disputaverit,

363 1266 421 1316 et
450 1277 565 1316 non
622 1276 749 1315 eam
798 1261 856 1315 in
901 1261 1178 1316 omnibus
1230 1261 1648 1316 venerabiliter
1706 1261 2008 1332 receperit,

366 1349 676 1406 anathema
705 1349 802 1404 sit.

444 1438 612 1504 Item,
642 1435 926 1507 opuscula
955 1440 1129 1506 atque
1150 1441 1435 1492 tractatus
1465 1439 1728 1492 omnium
1772 1438 2012 1493 Patrum

371 1525 820 1581 orthodoxorum
837 1525 936 1593 qui
951 1525 1009 1578 in
1031 1524 1194 1578 nullo
1217 1542 1249 1579 a
1273 1529 1485 1580 sanctae
1523 1527 1794 1581 Romanis
1818 1526 2013 1581 Eccle-

371 1615 470 1670 siae
493 1614 789 1669 consortio
821 1613 1153 1680 deviarunt,
1188 1630 1294 1669 nec
1320 1615 1390 1668 ab
1423 1617 1552 1683 ejus
1585 1614 1744 1692 ﬁdeli
1805 1614 2014 1686 pradi-

371 1705 598 1759 natione
621 1703 757 1770 [fide
779 1702 865 1756 vel
890 1703 1092 1772 praed.]
1145 1703 1397 1770 sejuncti
1441 1709 1633 1770 sunt;
1686 1705 1784 1758 sed
1830 1704 2015 1774 ipsius

372 1792 806 1848 communionis
838 1808 942 1862 per
972 1793 1220 1861 gratiam
1256 1793 1358 1847 Dei
1403 1809 1590 1864 usque
1635 1795 1707 1848 ad
1739 1793 2013 1848 ultimum

371 1882 526 1937 diem
540 1881 668 1936 vita:
681 1897 799 1936 suae
815 1881 974 1934 fuere
991 1880 1612 1953 participes,legendos
1624 1881 2013 1938 decernimus.

446 1990 610 2053 Item,
645 1987 960 2051 decretales
993 1988 1274 2059 epistolas
1298 2005 1442 2060 quas
1491 1990 1815 2045 beatissimi
1854 2006 2016 2060 papae

373 2077 621 2132 diversis
650 2075 1016 2146 temporibus
1057 2077 1127 2130 ab
1159 2077 1302 2132 urbe
1335 2078 1598 2133 Romana
1627 2095 1730 2150 pro
1763 2078 2018 2133 diverso-

374 2184 505 2222 rum
531 2170 768 2220 Patrum
793 2165 1189 2222 consolatione
1212 2167 1683 2240 [consultatione]
1708 2168 2016 2236 dederunt,

373 2254 782 2311 venerabiliter
808 2254 1235 2326 suscipiendas.

449 2363 618 2430 Item,
637 2362 812 2417 Gesta
833 2364 1170 2416 sanctorum
1191 2365 1513 2433 martyrum
1535 2377 1660 2432 quae
1685 2361 2020 2433 multiplici-

377 2453 488 2508 bus
502 2454 930 2505 tormentorum
944 2450 1326 2516 cruciatibus,
1342 2450 2020 2522 etmirabilibuspﬁconl‘es-

378 2540 612 2596 sionum
636 2537 1426 2608 triumphisirradiant.Quis
1460 2540 1540 2594 ita
1563 2540 1721 2611 [ista]
1742 2556 1870 2595 esse
1907 2539 2018 2595 Ca-

376 2626 730 2683 tholicorum
747 2627 992 2694 dubitet,
1009 2630 1066 2682 et
1089 2628 1312 2698 majora
1332 2643 1431 2683 eos
1454 2627 1510 2683 in
1534 2628 1821 2700 agonibus
1841 2628 2020 2683 fuisse

376 2732 708 2787 perpessos,
733 2731 840 2770 nec
872 2715 998 2770 suis
1033 2714 1384 2786 viribus,sed
1419 2717 1514 2772 Dei
1545 2718 1733 2788 gratia
1761 2723 1819 2773 et
1849 2718 2018 2788 adju-

374 2805 524 2861 torio
559 2804 834 2857 universa
863 2803 1145 2859 tolerasse
1166 2803 1194 2857 ?
1215 2805 1325 2860 Sed
1358 2804 1487 2860 ideo
1518 2807 1842 2862 secundum
1863 2807 2018 2862 anti-

376 2907 551 2962 quam
567 2890 1055 2945 consuetudinem
1071 2890 1354 2962 singulari
1372 2892 1598 2948 cautela
1613 2894 1672 2948 in
1695 2899 1898 2949 sancta
1918 2895 2021 2949 Ro-

376 2995 552 3035 mana
568 2978 827 3034 Ecclesia
840 2995 956 3034 non
973 2977 1418 3051 1eguntur,quia
1432 2985 1488 3036 et
1502 2998 1699 3036 eorum
1721 2982 1818 3053 qui
1835 2981 2016 3054 scrip-

2116 462 2407 517 universis
2439 479 2586 532 quos
2609 462 2697 515 vir
2725 462 2940 532 sepius
2989 464 3356 516 memoratus
3404 458 3528 514 zelo
3577 458 3682 514 Dei
3713 466 3780 515 et

2112 549 2244 605 fidei
2267 550 2548 621 religione
2569 550 2968 621 reprehendit.
2998 551 3162 617 Item,
3185 549 3456 619 Origsnis
3479 548 3776 604 nonnulla

2114 639 2398 711 opuscula
2410 656 2536 701 quae
2561 639 2646 693 vir
2663 638 3043 694 beatissimus
3059 637 3454 707 Hieronymus
3469 654 3583 692 non
3598 653 3776 710 repu-

2113 728 2255 794 diat,
2273 728 2516 799 legenda
2529 726 2907 797 suscipimus.
2927 725 3169 797 Reliqua
3189 731 3383 781 autem
3408 727 3610 781 omnia
3629 741 3772 781 cum

2116 822 2352 872 auctore
2383 834 2490 870 suo
2514 816 2767 871 dicimus
2786 831 2915 870 esse
2934 832 3031 869 ren
3045 815 3254 869 uenda.
3281 818 3446 880 Item,
3478 815 3776 872 Chronica

2115 905 2348 961 Eusebii
2370 904 2770 969 Caesariensis,
2794 909 2970 974 atque
2995 904 3262 974 ejusdem
3303 903 3569 960 Historiae
3590 903 3777 960 eccle-

2117 994 2368 1049 siasticze
2400 993 2605 1060 libros,
2642 993 2912 1065 quamvis
2946 991 3006 1046 in
3044 992 3232 1062 primo
3257 992 3615 1047 narrationis
3649 1010 3774 1048 sua:

2117 1082 2266 1137 libro
2297 1082 2569 1153 tepuerit,
2589 1086 2645 1136 et
2668 1088 2798 1152 post
2819 1081 2876 1134 in
2900 1079 3181 1135 laudibus
3198 1084 3374 1151 atque
3394 1081 3780 1136 excusatione

2118 1171 2384 1240 Origenis
2408 1169 2770 1224 schismatici
2822 1184 3006 1223 unum
3056 1168 3476 1239 conscripserit
3528 1168 3774 1223 librum.

2121 1260 2361 1330 PrOpter
2392 1275 2587 1313 rerum
2621 1263 2817 1312 tamen
2841 1257 3204 1328 singularem
3239 1256 3532 1324 notitiam,
3564 1257 3663 1328 qui
3699 1259 3776 1312 ad

2119 1347 2570 1402 instructionem
2606 1346 3356 1418 pertinent,usquequaque
3377 1362 3491 1400 non
3515 1346 3779 1401 dicimus

2123 1435 2931 1502 renuendos.ltem,0rosium
2951 1434 3142 1488 virum
3163 1434 3638 1490 eruditissimum
3654 1436 3776 1491 col-

2121 1524 2458 1588 laudamus,
2491 1524 2632 1594 quia
2660 1523 2826 1579 valde
2857 1523 3027 1578 nobis
3059 1523 3452 1578 necessariam
3486 1524 3778 1580 adversus

2121 1630 2480 1684 paganorum
2502 1611 2828 1668 calumnias
2854 1611 3147 1666 ordinavit
3168 1611 3777 1682 historiam,miraque

2123 1703 2404 1759 brevitate
2434 1701 2749 1757 contexuit.
2807 1704 2949 1779 Item
2992 1699 3345 1756 venerabilis
3396 1701 3503 1755 viri
3549 1701 3775 1757 Sedulii

2127 1791 2403 1847 Paschale
2421 1809 2589 1863 opus,
2609 1791 2763 1861 quod
2787 1789 3037 1845 heroicis
3055 1789 3368 1861 descripsit
3387 1789 3778 1858 versibus,in-

2127 1881 2279 1954 signi
2312 1881 2486 1937 laude
2519 1880 2890 1954 proferimus.
2914 1880 3079 1948 Item,
3110 1878 3353 1934 Juvenci
3382 1878 3778 1936 nihilominus

2125 1970 2484 2026 laboriosum
2507 1987 2654 2042 opus
2675 1986 2790 2025 non
2823 1968 3288 2039 spernimus,sed
3315 1969 3620 2023 miramur.
3652 1969 3779 2024 Ca2-

2125 2064 2316 2114 terum
2348 2077 2473 2130 quas
2533 2059 2605 2114 ab
2663 2057 2950 2113 haereticis
2999 2056 3331 2128 conscripta
3379 2056 3467 2112 vel
3498 2058 3782 2128 praadicta

2128 2154 2289 2212 sunt,
2315 2147 2652 2202 nullatenus
2683 2147 2889 2218 recipit
2917 2145 3208 2201 catholica
3238 2149 3292 2200 et
3328 2145 3651 2217 apostolica
3675 2150 3778 2202 Ec-

2129 2237 2305 2293 clesia
2334 2238 2617 2292 Romana.
2652 2237 2693 2291 E
2725 2237 2942 2307 quibus
2974 2251 3158 2307 pauca
3179 2251 3304 2307 quis
3333 2235 3406 2290 ad
3429 2235 3776 2290 memoriam

2128 2330 2435 2392 venerunt,
2468 2331 2522 2380 et
2561 2343 2596 2380 a
2624 2324 2938 2382 Catholicis
2966 2324 3210 2380 vitanda
3257 2327 3414 2391 sunt,
3473 2324 3782 2380 credimus

2129 2431 2258 2470 esse
2289 2415 2617 2470 subdenda.

2129 2546 2263 2602 CAP.
2293 2548 2384 2601 65.
2421 2578 2486 2586 —
2519 2547 2594 2602 De
2642 2544 2838 2600 notitia
2878 2545 3149 2600 librorum
3186 2543 3648 2615 apocryphorum,
3680 2546 3781 2614 qui

2201 2620 2469 2701 a_sancli:
2497 2619 2757 2673 Patrzbus
2794 2616 3044 2671 damnati
3089 2624 3217 2671 sunt
3265 2624 3472 2671 Merita
3529 2615 3772 2670 damna-

2200 2701 2371 2746 ιιοηθ.

2202 2807 2356 2873 (Dist.
2394 2807 2478 2876 15,
2506 2821 2625 2876 cap.
2661 2803 2973 2874 Sancta.)In
2994 2801 3202 2873 primis
3231 2801 3660 2858 Ariminensem
3681 2819 3774 2875 sy-

2129 2895 2346 2950 nodum
2373 2912 2404 2949 a
2428 2893 2770 2950 Constantio
2812 2892 3035 2948 Casare
3082 2891 3453 2948 Constantini
3480 2891 3600 2946 ﬁlio
3630 2907 3772 2947 con-

2128 2982 2757 3056 gregatam,mediante
2777 2981 2966 3036 Tauro
2991 2980 3264 3052 praefecto
3285 2995 3355 3034 ex
3373 2983 3522 3033 tunc
3547 2981 3607 3033 et
3629 2995 3789 3032 nunc

377 3082 507 3125 sere
530 3067 770 3122 nomina
801 3067 1035 3138 penitus
1064 3068 1431 3138 ignorantur,
1473 3074 1530 3123 et
1575 3071 1646 3124 ab
1684 3070 2020 3128 infidelibus
2055 3111 2099 3178 Ο
2136 3077 2193 3130 et
2224 3089 2412 3143 usque
2437 3072 2496 3125 in
2527 3076 2813 3127 aeternum
2846 3069 3196 3124 confitemur
3236 3084 3366 3123 esse
3416 3067 3781 3122 damnatam.

383 3159 480 3178 ---ι
517 3154 947 3178 J£-A:_r2.l:-l:_‘l
984 3155 1273 3178 _.-_-_ﬂ.-_
1337 3161 1434 3178 ---ι
1469 3156 1659 3178 -..Ξ----
1687 3163 1808 3178 ᾼμικ
1859 3176 2016 3178 ηηγήγ
2139 3166 2181 3178 τι
2245 3177 2251 3178 ,
2341 3160 2402 3178 ρι’
2461 3175 2477 3178 -
2528 3159 2702 3178 κνεηῴ,
2736 3158 2965 3178 ____!___
3002 3156 3152 3178 n_4_:
3189 3155 3433 3178 _...__L_I.'
3498 3157 3644 3178 _____I
3685 3173 3747 3178 --

381 3159 484 3213 aut
512 3155 686 3211 dictis
706 3154 947 3228 [idiotis]
982 3155 1301 3226 superﬂua,
1335 3161 1437 3211 aut
1469 3156 1661 3212 minus
1684 3163 1819 3230 apta
1850 3176 2026 3230 quam

383 3244 465 3300 rei
499 3243 638 3300 ordo
681 3243 873 3311 fuerit,
899 3244 1118 3315 scripta
1151 3260 1280 3299 esse
1305 3248 1611 3317 putantur,
1643 3246 1799 3302 sicut
1829 3248 2032 3318 cujus-

387 3334 522 3390 dam
540 3332 725 3405 Cyrici
750 3333 1013 3403 [Quirici]
1029 3341 1081 3387 et
1101 3332 1320 3399 Julitae,
1343 3335 1496 3391 sicut
1511 3335 1736 3407 Georgii
1759 3336 2034 3392 aliorum-

396 3438 509 3492 que
530 3421 870 3491 hujusmodi
899 3421 1229 3492 passiones,
1263 3439 1390 3493 quae
1413 3425 1484 3479 ab
1508 3423 1796 3481 haereticis
1837 3425 2034 3498 perbi-

323 3549 328 3554 -
396 3511 612 3564 bentur
630 3507 969 3580 conscriptae
995 3526 1008 3564 :
1041 3515 1279 3581 propter
1305 3513 1483 3582 quod,
1507 3517 1571 3566 ut
1593 3513 1810 3568 dictum
1835 3519 1944 3582 est,
1967 3531 2038 3570 ne

396 3597 484 3653 vel
509 3597 651 3652 levis
684 3598 1090 3653 subsannandi
1120 3599 1690 3670 orireturoccasio,in
1715 3607 1920 3659 saneta
1937 3607 2039 3659 R0-

400 3702 576 3742 mana
592 3686 843 3743 Ecclesia
859 3705 969 3744 non
988 3688 1281 3760 leguntur.
1300 3695 1621 3748 Nostamen
1639 3709 1771 3748 cum
1797 3693 2038 3765 praedic-

399 3781 460 3832 ta
491 3775 744 3833 Ecclesia
785 3793 989 3832 omnes
1039 3784 1347 3849 martyres,
1400 3786 1457 3836 et
1503 3797 1702 3837 eorum
1757 3783 2042 3854 gloriosos

400 3880 636 3936 agones,
671 3865 770 3934 qui
804 3864 918 3920 Deo
943 3866 1134 3935 magis
1169 3883 1344 3937 quam
1380 3868 1720 3925 hominibus
1744 3872 2040 3941 notisunt,

400 3952 560 4007 omni
585 3952 887 4008 devotione
927 3968 1297 4008 veneramur.
1349 3955 1518 4023 Item,
1569 3957 1733 4013 Vitas
1783 3959 2042 4028 Patrum,

398 4040 586 4110 Pauli,
620 4040 877 4107 Antonii,
913 4040 1228 4098 Hilarionis
1260 4047 1318 4098 et
1347 4045 1610 4101 omnium
1634 4047 2042 4116 Eremitarum,

402 4148 550 4203 quas
579 4135 776 4186 tamen
808 4130 896 4186 vir
931 4131 1312 4188 beatissimus
1351 4133 1590 4205 scripsit
1638 4136 2044 4208 Hieronymus,

402 4237 537 4274 cum
556 4220 716 4274 omni
735 4220 955 4275 honore
973 4220 1353 4292 suscipimus.
1383 4225 1546 4279 Item.
1575 4226 1746 4280 Actus
1777 4225 1928 4281 beati
1948 4227 2049 4282 Sil-

400 4309 580 4363 vestri
611 4308 944 4379 apostolica:
979 4309 1136 4366 sedis
1165 4311 1598 4382 praesulis,licet
1627 4316 1754 4384 ejus
1783 4316 1880 4388 qui
1906 4316 2049 4371 seri-

402 4396 521 4469 psit
545 4412 757 4450 nomen
789 4395 1154 4467 ignoremus,
1180 4416 1211 4453 a
1243 4400 1445 4455 multis
1466 4406 1661 4457 tamen
1694 4403 1750 4457 in
1777 4405 1918 4458 urbe
1942 4405 2043 4458 Ro-

2139 3166 2305 3228 Item,
2338 3159 2710 3216 itinerarium
2736 3158 2970 3214 nomine
3001 3156 3153 3213 Petri
3186 3155 3458 3228 apostoli,
3493 3157 3646 3227 quod
3681 3173 3787 3226 ap—

2142 3249 2392 3323 pellatur
2411 3248 2595 3305 sancti
2620 3247 2957 3313 Clementis,
2982 3245 3116 3301 libri
3135 3250 3263 3301 octo
3276 3244 3522 3317 [decem]
3542 3260 3787 3316 apocry-

2142 3339 2348 3410 phum.
2383 3341 2562 3393 Actus
2593 3337 2830 3392 nomine
2862 3336 3100 3390 Andreae
3141 3333 3411 3405 apostoli,
3446 3333 3789 3406 apocryphi.

2143 3431 2324 3483 Actus
2340 3427 2574 3482 nomine
2591 3426 2829 3482 Thomas
2854 3421 3664 3496 apostoli,apocryphi.Actus
3687 3439 3794 3476 au-

2145 3523 2261 3572 tem
2288 3517 2526 3572 nomine
2559 3515 2708 3571 Petri
2734 3512 3536 3585 apostoli,apocrypbi.Actus
3559 3511 3799 3566 nomine

2148 3605 2402 3677 Philippi
2432 3603 2701 3676 apostoli,
2745 3602 3083 3675 apocryphi.
3129 3599 3508 3672 Evangelium
3558 3599 3798 3654 nomine

2149 3694 2442 3758 'I‘haddaei,
2476 3692 2894 3765 apocryphum.
2919 3690 3296 3762 Evangelium
3323 3689 3562 3744 nomine
3585 3689 3797 3742 Barna-

2149 3783 2256 3853 bas,
2291 3782 2710 3854 apocryphum.
2740 3779 3116 3852 Evangelium
3140 3779 3377 3834 Thomas
3408 3776 3653 3849 apostoli
3678 3793 3797 3847 quo

2153 3871 2453 3928 Manichaei
2486 3876 2754 3936 utuntur,
2809 3869 3236 3943 apocryphum.
3288 3866 3668 3938 Evangelium
3700 3882 3801 3920 no-

2153 3960 2311 4016 mine
2341 3959 2749 4016 Bartholomaai
2778 3958 3050 4030 apostoli,
3084 3955 3505 4029 apocryphum.
3539 3955 3798 4026 Evange-

2153 4049 2297 4105 lium
2329 4051 2566 4104 nomine
2597 4048 2844 4103 Andreae
2874 4046 3146 4119 apostoli,
3180 4044 3605 4117 apocryphum.
3627 4044 3805 4099 Evan-

2155 4138 2304 4211 gelia
2335 4156 2460 4209 quae
2493 4137 2723 4194 falsavit
2757 4138 3070 4203 Lucianus,
3104 4133 3455 4206 apocrypha.
3490 4131 3807 4204 Evangelia

2157 4244 2287 4300 quas
2317 4225 2550 4282 falsavit
2577 4226 2754 4281 Ysius
2775 4224 3020 4294 [Esitius
3045 4223 3131 4278 vel
3164 4221 3536 4294 Hesychius],
3568 4237 3808 4292 apocry-

2158 4319 2293 4388 pha.
2318 4316 2490 4372 Liber
2506 4316 2841 4371 deinfantia
2865 4313 3202 4379 Salvatoris,
3238 4308 3808 4383 apocryphus.Liber

2159 4407 2231 4462 de
2263 4406 2563 4462 nativitate
2593 4403 2927 4472 Salvatoris,
2962 4407 3018 4457 et
3048 4403 3119 4457 de
3150 4405 3353 4457 saneta
3385 4397 3590 4468 Maria,
3627 4401 3684 4452 et
3735 4398 3808 4452 de

403 4500 580 4539 mana
595 4483 911 4540 Catholicis
935 4485 1044 4555 legi
1071 4489 1534 4561 cognovimus,et
1554 4508 1656 4562 pro
1679 4492 1919 4562 antiquo
1937 4510 2047 4548 usu
2078 4482 2125 4547 D
2157 4495 2466 4551 obstetrice
2494 4493 2831 4556 Salvatoris,
2857 4489 3452 4563 apocryphus.Liber,
3473 4485 3575 4559 qui
3605 4485 3771 4558 appel
3789 4518 3808 4526 -

405 4573 603 4630 multae
634 4573 743 4629 hoc
773 4573 1086 4630 imitantur
1111 4576 1401 4634 Ecclesiae.
1459 4581 1621 4648 item,
1656 4582 1948 4652 scriptura
1979 4583 2048 4638 de

407 4661 741 4717 inventione
774 4662 1379 4736 crucisDominicaa,et
1403 4668 1516 4722 alia
1547 4670 1838 4740 scriptura
1869 4672 1938 4725 de
1960 4671 2049 4726 in-

402 4750 675 4807 ventione
698 4751 905 4822 capitis
924 4751 1076 4806 beati
1097 4752 1341 4811 Joannis
1365 4757 1633 4827 Baptistae
1658 4757 1891 4814 novellae
1914 4760 2047 4830 qui-

406 4841 537 4896 dem
572 4839 954 4896 revelationes
972 4845 1131 4907 sunt,
1156 4858 1226 4898 en
1252 4844 1519 4900 nonnulli
1545 4863 1643 4902 eas
1664 4846 1944 4904 Catholici
1967 4847 2047 4904 le-

409 4933 574 5002 gunt.
607 4931 714 4986 Sed
736 4945 867 4985 cum
890 4929 1011 4984 haec
1031 4931 1098 4985 ad
1123 4931 1551 4990 Catholieorum
1575 4953 1785 4992 manus
1808 4938 2048 4993 advene-

407 5018 544 5089 rint,
577 5019 731 5075 beati
768 5018 1014 5091 apostoli
1044 5019 1207 5074 Pauli
1231 5024 1518 5078 sententia
1550 5027 1868 5097 praecedat:
1905 5031 2044 5083 0m-

402 5107 499 5165 m’a
524 5107 774 5179 probate,
800 5109 940 5178 quod
965 5109 1164 5164 bonum
1193 5115 1270 5166 est
1294 5121 1467 5167 tenete
1496 5113 1541 5179 (1
1564 5115 1738 5170 Thess.
1761 5115 1840 5187 v).
1878 5117 2046 5187 Item,

404 5197 654 5253 Ruﬁnus
682 5196 771 5252 vir
799 5196 1109 5268 religiosus
1127 5197 1413 5269 plurimos
1446 5204 1821 5259 ecclesiastici
1855 5204 2044 5276 cperis

403 5285 586 5344 edidit
615 5285 817 5353 libros,
846 5285 1159 5342 nonnullas
1181 5291 1374 5344 autem
1403 5292 1727 5362 scripturas
1759 5291 2043 5364 interpre-

407 5380 560 5431 tatus
589 5378 697 5431 est.
733 5375 842 5430 Sed
867 5375 1144 5446 quoniam
1180 5376 1385 5433 beatus
1434 5379 1820 5452 Hieronymus
1852 5381 1911 5436 in
1945 5382 2045 5437 ali-

407 5465 624 5532 quibus
651 5481 786 5521 eum
818 5465 888 5520 de
915 5464 1139 5521 arbitrii
1175 5465 1443 5524 libertate
1493 5470 1735 5538 notavit,
1779 5469 1878 5526 illa
1909 5488 2039 5527 sen-

406 5551 611 5624 timus,
627 5571 752 5626 quae
766 5555 1108 5627 praedictum
1131 5555 1366 5613 beatum
1387 5557 1803 5632 Hieronymum
1827 5560 2040 5618 sentire

2159 4586 2312 4639 latur
2343 4582 2623 4646 Pastoris,
2657 4579 3050 4652 apocryphus.
3077 4578 3235 4633 Libri
3267 4592 3474 4634 omnes
3497 4590 3648 4647 quos
3670 4575 3804 4630 fecit

2160 4672 2398 4728 Leutius
2427 4669 2756 4742 discipulus
2780 4666 3362 4740 diaboli,apocryphi.
3390 4664 3681 4734 Liber,qui
3705 4681 3803 4736 ap-

2158 4761 2408 4834 pellatur
2438 4756 3313 4829 fundamentum,apocryphus.
3339 4752 3533 4820 Liber,
3565 4751 3669 4823 qui
3699 4768 3804 4823 ap-

2158 4850 2411 4923 pellatur
2441 4850 2779 4914 thesaurus,
2804 4843 3396 4919 apocryphus.Liber,
3419 4840 3520 4913 qui
3551 4840 3804 4912 appella-

2159 4945 2251 4994 tur
2268 4939 2337 4993 de
2370 4938 2604 4993 ﬁliabus
2624 4936 2760 4991 Adae
2785 4933 2871 4988 vel
2907 4934 3174 4999 Genesis,
3197 4928 3590 5003 apocryphus.
3615 4928 3804 4986 Centi.

2159 5035 2402 5085 metrum
2430 5030 2498 5084 de
2515 5027 2748 5083 Christo
2773 5023 3100 5097 virgilianis
3122 5020 3600 5094 compaginatum
3627 5018 3802 5074 versi-

2158 5119 2287 5188 bus,
2303 5116 2726 5190 apocryphum.
2747 5113 2942 5183 Liber,
2966 5112 3066 5185 qui
3098 5110 3430 5184 appellatur
3456 5109 3638 5163 Actus
3659 5107 3796 5162 The-

2155 5207 2254 5263 clae
2277 5213 2334 5262 et
2367 5207 2523 5262 Pauli
2551 5201 2818 5275 apostoli,
2843 5201 3236 5274 apocryphus.
3263 5199 3452 5267 Liber,
3478 5195 3580 5269 qui
3611 5195 3802 5268 appel-

2153 5295 2308 5352 latur
2328 5293 2584 5365 Nepotis,
2609 5290 3000 5363 apocryphus.
3049 5289 3219 5346 Liber
3255 5285 3700 5361 proverbiorum
3727 5285 3799 5342 ab

2151 5382 2439 5438 bzereticis
2466 5380 2922 5451 conscriptus,et
2951 5379 3138 5434 sancti
3168 5377 3309 5433 Sixti
3340 5375 3577 5432 nomine
3598 5373 3795 5445 signa-

2149 5479 2267 5540 tus,
2302 5469 2694 5542 apocryphus.
2729 5467 3023 5524 Revelatio
3056 5484 3181 5539 qua
3240 5464 3571 5539 appellatur
3629 5461 3792 5518 Pauli

2151 5558 2500 5634 apocrypha.
2535 5557 2828 5615 Revelatio
2857 5575 2983 5631 quae
3015 5556 3348 5630 appellatur
3377 5553 3620 5612 Thema:
3642 5567 3782 5622 apo-
