3970 6058
302 149 411 202 283

1356 155 1365 163 ’
1396 155 1462 204 1).
1504 151 1748 203 IVONIS
1784 146 2276 203 CABNOTENSIS
2314 149 2627 203 EPISCOPI

3615 149 3728 204 284

304 272 435 329 CAP.
493 270 584 324 69.
640 299 711 342 +-
766 269 898 326 Item
954 271 1023 326 de
1069 273 1420 328 observandis
1476 269 1957 327 constitutionibus
1985 270 2039 335 Α
2071 268 2175 325 riis
2197 269 2446 326 aliorum
2469 285 2587 326 non
2608 268 2878 326 convenit
2921 269 3152 342 aliquos
3173 271 3462 341 judicare,
3496 277 3556 328 et
3585 288 3727 330 san-

375 341 776 466 ecclesé'gsticis.
855 343 1108 398 Basilius
1168 343 1268 399 lib.
1328 345 1403 399 De
1460 343 1674 414 Spiritu
1745 345 1954 408 sancto,

377 429 501 466 can.
612 455 626 466 .

377 429 501 484 cap.
535 429 626 468 ιι.

380 501 542 572 (Dist.
597 506 682 568 11,
717 518 763 558 c.
816 502 1367 572 Ecclesiasticarum).
1420 501 1956 558 Ecclesiasticarum

305 589 751 647 institutionum
793 591 1080 663 quasdam
1115 591 1458 664 Scripturis,
1492 591 1780 663 quasdam
1822 606 1958 645 vero

311 680 634 752 apostolica
662 680 977 736 traditione
1007 697 1110 752 per
1131 679 1537 736 successiones
1568 681 1626 734 in
1659 678 1958 750 mysterio,

311 770 557 826 traditas
590 769 950 841 recepimus;
975 770 1242 841 quaedam
1260 786 1392 825 vero
1423 768 1850 825 consuetudine
1872 784 1962 822 ro-

310 859 515 916 borata
544 858 886 931 approbavit
917 875 1084 914 usus.
1120 859 1346 924 Quibus
1377 875 1479 930 per
1517 857 1688 926 ritus,
1721 861 1777 912 et
1805 856 1958 912 idem

312 949 580 1019 utrisque
605 947 837 1020 pietatis
868 946 1110 1003 debetur
1141 947 1565 1017 aifectus,unde
1595 945 1728 1016 quis
1748 943 1840 998 vel
1864 942 1962 998 ali-

307 1035 659 1109 quantulum
691 1052 992 1092 sacrarum
1019 1041 1293 1108 expertus
1323 1035 1760 1107 Scripturarum
1790 1033 1960 1088 haesi-

305 1126 516 1182 taverit
537 1125 638 1180 ?Si
670 1125 824 1180 enim
862 1124 1349 1180 attentaverimus
1381 1123 1840 1179 consuetudines
1859 1127 1960 1177 Ec-

308 1214 644 1280 clesiaemon
671 1229 774 1285 per
805 1214 1132 1285 scripturas
1167 1231 1201 1268 a
1232 1213 1505 1269 Patribus
1545 1211 1792 1267 traditas
1811 1209 1960 1266 nihil

306 1304 614 1367 mstimare,
646 1307 936 1372 quantum
989 1302 1191 1375 religio
1240 1302 1576 1357 detrimenti
1621 1301 1816 1356 latura
1862 1300 1960 1367 sit,

310 1389 764 1464 dispicientibus
794 1390 1018 1462 liquido
1045 1391 1508 1457 constabit.Quie
1537 1389 1798 1454 enim,ut
1827 1388 1962 1445 inde

306 1481 628 1546 ordiamur,
654 1479 950 1551 scriptura
961 1479 1278 1535 salutiferae
1291 1478 1482 1535 crucis
1495 1476 1797 1549 signaculo
1815 1477 1958 1534 ﬁde-

305 1569 393 1626 les
412 1569 612 1626 docuit
631 1567 942 1640 insigniri?
956 1568 1090 1632 Qua:
1109 1567 1198 1623 vel
1221 1567 1508 1624 trifariam
1533 1567 1763 1639 digesta
1786 1582 1962 1637 super

309 1657 552 1715 calicem
587 1662 643 1714 et
673 1673 886 1730 panem
918 1657 1157 1729 prolixe
1189 1635 1795 1725 orationis,velvetiam
1829 1635 1964 1711 con-
1994 1635 2040 1701 Β

308 1746 655 1804 secrationis
702 1747 878 1802 verba
925 1744 1408 1802 commendavit?
1461 1744 1587 1802 Nan
1619 1761 1736 1800 non
1787 1744 1960 1800 modo

308 1836 463 1908 quod
483 1836 544 1892 in
566 1834 876 1908 Evangelia
899 1832 1348 1903 continetur,vel
1372 1833 1443 1889 ab
1463 1832 1742 1905 Apostolo
1771 1833 1961 1888 inser-

307 1929 436 1981 tum
468 1930 577 1993 est,
611 1925 672 1980 in
703 1923 946 1981 secretis
977 1923 1254 1992 dicimus,
1287 1923 1388 1979 sed
1420 1928 1476 1979 et
1523 1922 1638 1979 alia
1685 1921 1963 1994 perplura

310 2013 646 2085 adjicimus,
667 2028 942 2086 magnam
974 2013 1146 2085 quasi
1175 2012 1291 2069 vim
1324 2011 1802 2068 commendantis
1830 2027 1960 2082 my-

309 2102 525 2160 steriis.
557 2105 692 2169 Quae
719 2103 1000 2159 orientem
1049 2118 1256 2158 versus
1285 2117 1392 2157 nos
1422 2115 1588 2156 orare
1633 2097 1959 2156 litterarum

309 2192 499 2249 forma
551 2191 792 2248 docuit?
848 2191 1269 2247 Benedicemus
1310 2191 1529 2246 fontem
1587 2188 1961 2260 baptismatis

309 2280 436 2337 oleo
468 2279 928 2336 unctioniszbuc
958 2279 1183 2335 accedit
1213 2279 1369 2352 quod
1404 2283 1490 2334 ter
1518 2276 1957 2348 immergimus,

313 2385 464 2440 quos
491 2367 1011 2440 baptizamus,oleo
1045 2366 1548 2438 ungimus,verbis
1581 2365 1961 2422 abrenuntia-

317 2475 380 2515 re
405 2458 637 2514 Satanas
669 2461 726 2512 et
752 2457 979 2528 angelis
1009 2457 1137 2527 ejus
1177 2456 1590 2512 informamus.
1623 2455 1786 2511 Unde
1817 2455 1962 2523 hac,

314 2551 373 2606 et
402 2547 520 2604 alia
549 2546 609 2602 in
655 2545 813 2602 hunc
846 2546 1088 2602 modum
1135 2562 1250 2601 non
1283 2561 1492 2618 pauca,
1524 2543 1640 2599 nisi
1689 2544 1868 2600 tacita
1896 2561 1962 2600 ac

317 2636 566 2708 mystica
613 2634 929 2692 traditione
960 2651 994 2690 a
1026 2632 1299 2690 Patribus
1347 2633 1745 2690 ecclesiastico
1807 2650 1964 2690 more

315 2724 694 2782 reverentiori
720 2723 1029 2795 diligentia
1059 2728 1201 2779 sunt
1230 2723 1290 2779 in
1324 2723 1670 2780 ministeriis
1700 2722 1967 2779 observa-

314 2818 374 2870 ta
405 2812 666 2883 silentio,
698 2828 878 2884 quam
911 2812 1212 2884 publicata
1241 2811 1505 2884 scripto?

314 2902 452 2960 CAP.
481 2902 573 2956 70.
605 2931 672 2942 —
702 2900 786 2958 Ad
817 2917 949 2973 quos
982 2902 1392 2969 recurre-actum,
1416 2917 1543 2973 cum
1569 2915 1746 2957 sacra
1772 2899 1964 2971 Scrip-

2068 362 2294 414 ctorum
2347 359 2733 416 conciliorum
2781 375 3037 416 canones
3090 360 3444 433 relinquere,
3475 361 3566 418 vel
3617 363 3729 419 de—

2067 448 2374 503 cretalium
2405 447 2660 520 regulas,
2694 447 2752 502 id
2799 454 2909 514 est,
2941 465 3069 520 quae
3103 449 3394 506 habentur
3422 453 3580 523 apud
3614 468 3726 508 nos

2067 535 2247 592 simul
2267 553 2400 592 cum
2420 552 2663 602 canone,
2687 537 2744 592 in
2763 536 2879 593 illis
2902 539 3118 608 quibus
3139 538 3196 594 in
3227 540 3508 596 omnibus
3531 540 3728 597 eccle-

2069 624 2326 680 siasticis
2356 625 2584 681 utimur
2604 625 2938 696 judiciis,id
2969 631 3060 682 est
3088 628 3512 698 apostolorum,
3536 628 3728 685 Nice-

2070 729 2303 782 norum,
2322 716 2785 786 Ancyranorum,
2804 715 3389 788 Neoczesariensium,
3411 717 3728 790 Gangren-

2070 802 2251 869 sium,
2310 802 2815 872 Antiochensium,
2869 803 3442 877 Carthaginensium,
3497 806 3728 862 Africa-

2071 892 2366 962 nensium,
2399 892 2868 962 Laodicensium,
2903 893 3490 964 Chalcedonensium,
3524 896 3730 952 Sardi-

2071 982 2419 1045 censium,et
2431 997 2565 1036 cum
2585 980 2704 1036 illis
2719 981 3335 1052 regulteHomanorum
3353 984 3729 1056 pontificum,

2072 1069 2362 1140 Silvestri,
2385 1069 2599 1139 Siricii,
2629 1070 3222 1140 Innocentii,Zosimi,
3241 1071 3562 1139 Caelestini,
3586 1073 3734 1128 Leo-

2073 1158 2186 1224 nis,
2231 1158 2466 1224 Gelasii,
2500 1158 2727 1228 Hilarii,
2758 1160 3113 1230 Symmachi,
3147 1159 3458 1230 Simplicii,
3491 1161 3732 1216 Hormi-

2071 1248 2189 1302 sdaa
2221 1252 2278 1303 et
2325 1247 2582 1318 Gregorii
2625 1247 2903 1318 junioris.
2941 1248 3042 1303 Isti
3087 1249 3327 1304 omnino
3367 1254 3507 1305 sunt
3537 1255 3594 1306 et
3624 1267 3732 1322 per

2073 1335 2508 1408 quosjudicant
2528 1335 2873 1408 episcopi,et
2895 1353 2996 1406 per
3012 1353 3162 1409 quos
3187 1338 3446 1410 episcopi
3469 1339 3648 1394 simul
3666 1344 3730 1395 et

2071 1424 2262 1480 clerici
2276 1425 2642 1495 judicantur.
2676 1425 2844 1494 Nam,
2873 1426 2922 1481 si
2945 1424 3058 1481 tale
3079 1427 3386 1483 emerserit
3413 1427 3501 1482 vel
3535 1429 3728 1484 conti-

2071 1513 2220 1586 gerit
2240 1514 2604 1570 invisitatum
2629 1513 3116 1586 negotium,quod
3138 1515 3384 1571 minime
3409 1516 3602 1588 possit
3622 1533 3729 1587 per

2072 1603 2215 1658 istos
2249 1602 2426 1670 finiri,
2474 1607 2616 1658 tunc
2647 1604 2695 1658 si
2747 1602 2998 1673 illorum,
3033 1620 3286 1676 quorum
3341 1605 3726 1670 meministis,

2073 1691 2228 1748 dicta
2259 1692 2964 1765 Hieronymi,Augustini,
2999 1693 3229 1762 Isidori,
3250 1693 3339 1750 vel
3370 1697 3728 1751 oaeterorum

2070 1781 2346 1836 similiter
2375 1785 2714 1837 sanctorum
2730 1781 3033 1837 doctorum
3049 1782 3332 1838 similium
3346 1786 3580 1855 reperta
3603 1783 3731 1840 fue-

2069 1868 2211 1937 rint,
2235 1869 2693 1941 magnanimiter
2715 1872 2854 1924 sunt
2874 1869 3180 1925 retinenda
3193 1885 3260 1924 ac
3274 1869 3730 1941 promulganda,

2067 1957 2159 2014 vel
2182 1957 2252 2013 ad
2276 1956 2656 2029 apostolicam
2681 1957 2882 2012 sedem
2898 1957 3186 2013 referatur
3206 1957 3276 2012 de
3287 1956 3727 2021 talibus.Quam

2068 2047 2142 2102 ob
2171 2062 2409 2102 causam
2443 2044 2802 2101 luculentius
2831 2050 2889 2101 et
2921 2062 3134 2117 magna
3168 2061 3306 2102 voce
3340 2047 3730 2118 pronuntiare

2069 2152 2184 2193 non
2215 2135 2414 2205 timeo,
2449 2135 2586 2206 quia
2633 2134 2732 2205 qui
2765 2135 2867 2190 illa
2915 2151 3043 2207 quas
3078 2135 3338 2191 diximus
3380 2139 3724 2192 sanctorum

2069 2225 2305 2281 Patrum
2339 2228 2707 2294 statuta,quaa
2741 2225 2895 2296 apud
2929 2241 3036 2280 nos
3068 2241 3322 2281 canones
3354 2224 3728 2297 prastitulan-

2069 2315 2316 2380 tur,sive
2347 2313 2426 2369 sit
2451 2313 2914 2385 episcopus,sive
2948 2313 3344 2379 clericus,sive
3375 2313 3584 2380 laicus,
3605 2331 3725 2369 non

2069 2403 2466 2459 indifferenter
2498 2403 2802 2474 receperit,
2826 2403 2953 2472 ipse
2983 2402 3352 2458 convincitur
3381 2419 3488 2458 nec
3518 2403 3729 2458 catho-

2071 2491 2246 2548 licam
2277 2497 2334 2548 et
2355 2491 2734 2564 apostolicam
2760 2491 2933 2547 fidem
2968 2508 3074 2548 nec
3107 2498 3311 2547 sancta
3339 2508 3475 2547 vera
3503 2491 3728 2548 Christi

2071 2581 2385 2653 Evangelia
2413 2585 2666 2653 quatuor
2698 2580 2917 2636 utiliter
2946 2585 3004 2636 et
3035 2581 3369 2648 efficaciter,
3400 2584 3458 2636 et
3487 2581 3558 2636 ad
3593 2581 3728 2636 eti‘e‘

2071 2675 2232 2728 ctum
2263 2670 2635 2742 [profectum]
2669 2687 2842 2725 suum
2876 2669 3126 2726 retinere
3156 2669 3244 2727 vel
3275 2670 3534 2726 credere.

2072 2779 2206 2835 CAP.
2238 2777 2330 2835 'Z3.
2366 2809 2432 2818 —-
2461 2778 2798 2848 Augustinus
2826 2776 2962 2832 dicit
2987 2777 3166 2832 multa
3213 2793 3326 2833 esse
3355 2777 3416 2832 in
3444 2778 3729 2847 opusculis

2141 2851 2277 2922 suis,
2311 2863 2436 2922 quae
2465 2849 2949 2922 culparipossunt.
2994 2851 3222 2917 August.
3255 2849 3326 2904 ad
3357 2848 3729 2922 Vincentium

2149 2921 2451 2991 Victorem,
2484 2921 2580 2976 lib.
2613 2937 2650 2975 ιι
2684 2921 2766 2991 (L.
2799 2937 2855 2975 ιν
2879 2922 2953 2976 De
3001 2922 3194 2976 anima
3222 2929 3273 2977 et
3314 2923 3434 2992 ejus
3483 2921 3724 2991 origine,

388 2980 530 3070 tum
560 2974 871 3070 auctoritas
888 2988 1000 3070 gon
1028 2974 1293 3030 occurrit.
1331 2974 1410 3028 Ea:
1441 2972 1672 3029 decretis
1701 2975 1959 3029 lnnocen-
1993 3002 2035 3070 α
2145 2972 2350 3064 έάρξῖξ

385 3047 456 3101 tii
482 3059 663 3116 papae,
695 3061 814 3117 cap.
855 3044 941 3101 18.

390 3135 777 3203 (Dist.20,c.De
801 3133 1131 3208 quibus).De
1146 3132 1362 3206 quibus
1380 3132 1574 3188 causis
1597 3131 1778 3204 [cum]
1801 3129 1966 3186 nulla

312 3221 571 3280 solvendi
592 3221 928 3296 ligandique
951 3223 1270 3278 auctoritas
1291 3219 1350 3276 in
1371 3219 1968 3276 librisVeterisTesta-

313 3312 518 3377 menti,
550 3317 808 3384 quatuor
855 3310 1325 3384 Evangeliorum,
1370 3325 1506 3364 cum
1538 3308 1776 3381 scriptis
1823 3307 1962 3363 totis

314 3401 715 3474 apostolorum
768 3404 1066 3473 appareat,
1099 3400 1171 3455 ad
1221 3398 1420 3454 divina
1470 3414 1702 3453 recurre
1747 3396 1966 3468 scripta

317 3491 531 3546 Graeca.
567 3490 625 3545 Si
655 3505 761 3544 nec
794 3488 850 3544 in
884 3488 1023 3556 illis,
1050 3490 1120 3545 ad
1153 3488 1448 3544 catholicas
1481 3486 1752 3543 Ecclesia
1775 3485 1966 3541 histo-

318 3579 437 3634 rias
455 3577 771 3634 catholicas
791 3595 824 3634 a
845 3578 1184 3634 doctoribus
1218 3577 1522 3634 catholicis
1555 3575 1803 3648 scriptas
1837 3591 1967 3630 ma-

320 3682 461 3722 num
497 3666 751 3723 mitte.Si
785 3683 890 3723 nec
922 3667 979 3722 in
1013 3667 1155 3735 illis,
1178 3684 1432 3723 canones
1452 3665 1782 3738 apostolica
1813 3663 1969 3719 sedis

319 3755 640 3810 intuere.Si
672 3772 776 3810 nec
800 3757 858 3810 in
892 3755 1034 3823 illis,
1067 3761 1410 3811 sanctorum
1444 3753 1710 3826 exempla
1741 3753 1968 3825 perspi-

319 3844 537 3901 caciter
585 3845 912 3899 recordare.
947 3843 1110 3908 Quod
1153 3843 1201 3897 si
1230 3843 1324 3898 his
1357 3843 1633 3898 omnibus
1663 3841 1967 3911 inspectis,

320 3934 503 4006 hujus
534 3931 875 4006 quaestionis
907 3930 1161 4004 qualitas
1196 3948 1309 3986 non
1341 3930 1532 3986 lucide
1559 3930 1970 4002 investigatur,

323 4023 584 4081 seniores
605 4020 915 4096 provincias
944 4022 1320 4093 congrega,et
1342 4035 1441 4075 eos
1464 4018 1778 4090 interroga.
1806 4017 1971 4074 Faci-

321 4112 440 4169 lius
470 4127 725 4184 namque
753 4109 1242 4182 invenitur,quod
1277 4126 1310 4163 a
1341 4107 1611 4180 pluribus
1641 4106 1972 4164 senioribus

324 4201 627 4275 quaeritur.
659 4201 850 4256 Verus
879 4200 1056 4255 etiam
1109 4198 1495 4271 repromissor
1522 4197 1809 4253 Dominus
1839 4195 1921 4252 ait
1954 4213 1968 4252 :

321 4291 380 4347 Si
406 4290 514 4345 duo
542 4307 618 4344 ea:
643 4289 817 4357 vobis,
850 4289 935 4344 vel
967 4294 1080 4343 tres
1107 4289 1448 4344 conveniunt
1475 4302 1641 4359 super
1670 4294 1878 4342 terram
1907 4286 1971 4342 in

2142 3081 2310 3153 (Dist.
2338 3079 2394 3147 9,
2423 3096 2470 3135 ο.
2501 3079 2754 3152 Negare).
2787 3079 3011 3152 Negare
3057 3096 3174 3135 non
3205 3096 3449 3152 possum
3483 3096 3588 3136 nec
3620 3080 3728 3136 de-

2073 3169 2200 3234 beo,
2233 3169 2386 3225 sicut
2414 3169 2476 3224 in
2507 3168 2654 3241 ipsis
2687 3169 2973 3238 moribus,
3003 3168 3086 3224 ita
3116 3168 3302 3224 multa
3349 3185 3479 3226 esse
3508 3169 3569 3225 in
3601 3173 3750 3226 tam.

2074 3257 2279 3314 multis
2310 3257 2609 3330 opusculis
2642 3257 2946 3330 meis,quai
2980 3263 3230 3330 possunt
3267 3259 3431 3328 justo
3473 3258 3727 3330 judicio,

2073 3352 2130 3404 et
2159 3347 2323 3404 nulla
2351 3346 2680 3403 temeritate
2710 3345 2956 3419 culpari.

2075 3455 2212 3511 CAP.
2239 3455 2407 3509 74.-
2438 3453 2743 3524 Scriptores
2772 3454 3173 3508 canonicarum
3203 3453 3648 3523 Scripturarum,
3685 3460 3742 3509 et

2147 3528 2198 3582 si
2227 3541 2335 3582 non
2357 3524 2897 3594 intelligantur,n0n
2929 3535 3110 3579 tamen
3144 3540 3232 3580 eos
3260 3541 3476 3581 errasse
3505 3524 3740 3579 creden-

2147 3597 2278 3653 dum
2320 3613 2436 3653 esse
2455 3613 2475 3658 ;
2504 3596 2613 3651 alii
2664 3612 2796 3652 vero
2838 3595 3131 3666 scriptores
3173 3595 3223 3650 si
3274 3596 3607 3652 auctoritate
3651 3596 3742 3652 vel

2146 3670 2366 3725 ratione
2391 3669 2770 3741 probaverim,
2799 3682 2924 3741 qua:
2952 3667 3144 3723 dicunt
3174 3669 3423 3723 notanda
3451 3683 3582 3723 esse.
3618 3669 3738 3722 Au-

2148 3739 2430 3814 gustinus,
2467 3739 2626 3811 epist.
2662 3741 2728 3795 19
2759 3739 2828 3794 ait
2851 3741 3283 3811 Hieronymum.

2151 3831 2314 3901 (Dist.
2344 3828 2400 3897 9,
2421 3845 2466 3884 c.
2501 3829 2616 3901 Ego
2647 3829 2944 3899 solis).Ego
2971 3827 3112 3883 solis
3145 3827 3230 3884 eis
3253 3827 3606 3898 scriptorum
3631 3828 3736 3898 qui

2074 3919 2200 3990 jam
2232 3917 2497 3973 canonici
2525 3916 3111 3989 appellantur,didici
3138 3919 3294 3972 hunc
3323 3917 3595 3972 timorem
3626 3915 3737 3971 ho-

2080 4021 2404 4078 noremque
2436 4007 2680 4074 deferre,
2713 4011 2779 4061 ut
2801 4005 3031 4061 nullum
3073 4022 3275 4062 eorum
3301 4005 3610 4061 scribendo
3639 4019 3737 4060 er-

2080 4113 2244 4153 rasse
2266 4094 2490 4166 aliquid
2512 4094 2847 4150 firmissime
2870 4095 3247 4152 credam.Aut
3265 4095 3315 4150 si
3334 4094 3392 4150 in
3405 4094 3490 4150 eis
3507 4093 3734 4165 aliquid

2080 4186 2395 4254 offendero,
2419 4185 2574 4256 quod
2596 4184 2867 4240 videatur
2896 4183 3263 4240 contrarium
3297 4182 3552 4252 veritati,
3585 4181 3734 4238 nihil

2081 4274 2243 4331 aliud
2277 4289 2455 4344 quam
2484 4273 2833 4328 mendosum
2859 4272 3114 4328 codicem
3145 4289 3296 4340 esse,
3328 4270 3418 4327 vel
3451 4287 3568 4328 non
3597 4285 3731 4327 esse

249 4376 259 4390 ’
318 4379 540 4436 nomine
570 4391 706 4444 meo,
739 4376 804 4433 de
849 4378 1003 4432 omni
1031 4393 1090 4432 re
1129 4391 1512 4448 quamcunque
1555 4377 1843 4446 petierint,
1877 4375 1973 4445 ﬁet
2002 4373 2049 4440 Ῑ)
2079 4367 2415 4420 assecutum
2464 4363 2845 4434 interpretem
2895 4362 3052 4433 quod
3105 4361 3330 4417 dictum
3379 4364 3488 4428 est,
3519 4359 3604 4416 vel
3640 4375 3736 4416 me

320 4466 446 4523 illis
475 4483 509 4522 a
541 4468 702 4522 Patre
729 4481 847 4520 meo
880 4464 1091 4537 (Matth.
1123 4466 1308 4535 xvm).

323 4556 454 4612 CAP.
485 4555 576 4611 71.
609 4585 678 4595 —-
710 4555 838 4623 Quae
867 4555 928 4609 in
957 4569 1163 4610 canone
1215 4555 1577 4610 inveniuntur
1623 4553 1863 4624 ﬁrmiter
1889 4556 1973 4608 te-

393 4627 597 4691 nenda,
629 4640 754 4696 qua
797 4641 928 4680 vero
957 4627 1019 4680 in
1065 4627 1310 4681 aliorum
1338 4627 1556 4696 scriptis
1598 4627 1970 4695 reperiuntur,

396 4699 695 4770 diligenter
721 4712 836 4770 esse
861 4696 1627 4768 consideranda.Augustinus
1655 4700 1718 4751 in
1743 4696 1973 4766 prologo

398 4768 516 4827 lib.‘
529 4785 593 4826 tu
623 4768 689 4824 de
721 4769 1004 4824 Trinitate.

398 4862 552 4930 (Dist.
587 4861 642 4931 9,
675 4876 721 4917 c.
754 4859 883 4916 Noli
928 4859 1111 4930 meis).
1146 4857 1275 4913 Noli
1325 4856 1472 4914 meis
1520 4856 1752 4929 litteris,
1803 4855 1976 4930 quasi

325 4950 647 5023 Scripturis
678 4949 978 5005 canonicis
1013 4947 1434 5016 deservire,sed
1466 4947 1526 5002 in
1558 4945 1696 5019 illis,
1728 4952 1786 5003 et
1817 4947 1969 5018 quod

326 5057 444 5098 non
474 5039 918 5106 credebas,cum
951 5037 1246 5097 inveneris
1277 5037 1682 5092 incunctanter
1710 5035 1972 5092 crede.ln

325 5131 458 5186 istis
489 5133 685 5185 autem
723 5129 877 5200 quod
902 5133 1128 5184 certum
1165 5143 1281 5182 non
1312 5126 1570 5182 habebas
1605 5124 1719 5180 nisi
1750 5128 1974 5181 certum

325 5218 702 5284 intellexeris,
739 5216 856 5272 noli
891 5217 1056 5271 firme
1083 5221 1296 5271 tenere.

327 5328 461 5384 CAP.
495 5327 585 5382 72.
619 5357 684 5366 —
718 5326 960 5393 Quorum
995 5327 1223 5378 Patrum
1272 5323 1476 5393 scripta
1509 5323 1687 5389 magis
1723 5321 1836 5375 sint
1863 5337 1971 5376 au-

498 5392 763 5454 thentico.
796 5399 901 5452 Leo
925 5399 1151 5467 quartus
1179 5392 1448 5467 episcopis
1479 5392 1810 5448 Britannia.

401 5485 564 5556 (Dist.
595 5488 686 5556 20,
713 5503 756 5544 ε.
796 5491 871 5543 De
903 5485 1152 5555 libellis).
1181 5485 1257 5540 De
1281 5481 1498 5540 libellis
1529 5484 1585 5539 et
1614 5484 1970 5538 commenta-

2079 4453 2322 4508 minime
2341 4450 2696 4506 intellexisse
2736 4467 2849 4506 non
2884 4450 3199 4522 ambigam.
3234 4449 3393 4506 Alios
3423 4452 3620 4504 autem
3651 4449 3738 4505 ita

2077 4539 2304 4612 lego,ut
2325 4539 2693 4611 quantalibet
2714 4539 3024 4596 sanctitate
3049 4540 3438 4610 doctrinaque
3455 4537 3736 4610 polleant,

2079 4646 2194 4685 non
2227 4629 2356 4684 ideo
2388 4644 2585 4684 verum
2611 4628 2979 4700 putem,quia
3010 4627 3122 4699 ipsi
3154 4628 3238 4683 ita
3267 4630 3603 4694 senserunt,
3631 4627 3736 4682 sed

2078 4716 2218 4790 quia
2248 4716 2394 4772 mihi
2424 4716 2511 4771 vel
2541 4732 2644 4788 per
2675 4715 2808 4771 illos
2840 4719 3109 4772 auctores
3143 4714 3575 4783 canonicos,vel
3602 4731 3736 4786 pro-

2079 4805 2304 4861 babiles
2333 4805 2616 4873 rationes,
2650 4804 2805 4878 quod
2843 4820 2877 4860 a
2906 4819 3039 4860 vero
3073 4820 3190 4860 non
3233 4803 3566 4875 abhorreat,
3599 4818 3736 4875 per-

2081 4895 2328 4951 suadere
2359 4898 2695 4964 potuerunt.

2079 4983 2212 5040 CAP.
2247 4983 2335 5038 75.
2368 5014 2434 5024 —
2471 4982 2620 5052 Quod
2651 4998 2718 5038 ea
2750 4998 2870 5055 quae
2909 4981 3226 5053 privilegiis
3257 4981 3737 5055 universalis_E_c-

2150 5055 2334 5110 clesiw
2372 5050 2655 5110 contraria
2696 5050 3023 5124 probantur,
3075 5050 3238 5109 nulla
3271 5055 3488 5109 ratione
3533 5050 3737 5108 subsis-

2153 5130 2291 5182 tant.
2327 5124 2576 5181 Gelasius
2603 5127 2676 5180 De
2706 5127 2922 5181 vinculo
2949 5127 3344 5181 anathematis.

2153 5214 2342 5279 Forte,
2375 5216 2531 5285 quod
2564 5213 2776 5282 solent,
2810 5214 2919 5270 hoc
2951 5215 3172 5271 dicant.
3197 5213 3362 5279 Quod
3396 5211 3445 5268 si
3477 5211 3738 5283 synodus

2081 5301 2573 5358 Chalcedonensis
2638 5301 2993 5373 admittitur,
3059 5301 3259 5359 omnia
3297 5304 3569 5358 constare
3633 5301 3736 5358 de-

2081 5392 2257 5447 beant
2286 5408 2414 5463 que
2445 5390 2566 5447 illic
2599 5391 2869 5448 videntur
2893 5409 3023 5451 esse
3050 5391 3550 5466 deprompta.Aut
3577 5389 3737 5446 enim

2079 5495 2150 5538 ex
2177 5483 2298 5537 toto
2329 5479 2562 5537 admitti
2597 5484 2885 5554 oportere,
2913 5486 3015 5540 aut
3061 5482 3110 5540 si
3155 5497 3224 5539 ex
3253 5483 3420 5554 parte
3461 5479 3736 5552 repudia-
