3978 6060
223 261 335 313 285

1009 250 1320 304 DECRETI
1362 245 1545 299 PARS
1586 243 1677 292 IV.
1714 269 1778 277 —
1819 239 1915 290 DE
1954 238 2227 290 FESTIV.
2274 239 2361 290 ET
2398 240 2657 301 JEJUN.,
2702 241 2853 292 ETC.

3533 240 3640 294 286

214 383 357 441 bilis
385 388 497 449 est,
522 381 756 437 ﬁrmam
788 394 855 433 ex
883 379 1004 432 toto
1027 376 1295 430 constare
1325 386 1441 426 non
1476 382 1645 441 posse
1664 378 1869 436 cogno-
1898 363 1955 429 Α
1985 361 2343 433 subscripta,
2376 379 2553 418 manu
2604 362 2898 435 imperiali
2943 362 3304 431 conﬁrmata,
3345 363 3547 419 missis
3578 362 3638 419 in

214 478 388 531 scant
422 489 435 528 :
473 472 671 544 igitur,
713 466 993 539 quoniam
1021 463 1165 519 illud
1198 460 1524 518 secundum
1544 455 1873 526 Scripturas
1979 449 2184 544 locello
2217 453 2372 523 quod
2424 452 2613 544 cribro
2646 452 2912 544 [crebro;
2962 453 3126 544 alias,
3160 452 3635 544 scebrolcarna-

214 568 454 619 sanctas
476 559 972 627 traditionemque
998 554 1312 625 majorum,
1346 547 1669 605 secundum
1693 559 1869 599 cano-

214 670 321 709 nes
355 652 708 724 regulaeque
738 645 1009 701 Ecclesiae
1040 659 1142 715 pro
1174 640 1307 696 ﬁdei
1349 634 1782 724 communione,
1817 634 1872 724 et

210 721 460 799 veritate
491 738 780 796 catholica
810 740 865 791 et
909 732 1249 807 apostolica,
1282 745 1385 801 pro
1417 744 1533 799 qua
1563 724 1714 779 hanc
1746 721 1865 777 ﬁeri

212 833 387 889 sedes
438 827 759 902 apostolica
808 822 1114 895 delegavit,
1149 822 1481 889 factamque
1531 812 1802 877 ﬁrmavit,
1835 828 1869 865 a

210 926 342 978 tota
374 918 630 976 Ecclesia
652 914 1060 971 indubitanter
1081 907 1309 965 admitti
1338 925 1351 975 ;
1386 905 1498 961 alia
1521 909 1716 959 autem
1741 917 1867 973 quae

207 1027 317 1083 per
363 1008 857 1079 incompetentem
910 998 1429 1073 praesumptionem
1476 994 1596 1048 illic
1640 990 1865 1083 prolata

204 1080 372 1165 sunt,
404 1096 491 1153 vel
527 1096 720 1169 potius
749 1091 1051 1160 ventilata,
1076 1103 1202 1159 qua
1234 1086 1403 1141 sedes
1434 1080 1750 1154 apostolica
1772 1095 1863 1169 ge-

207 1189 396 1244 renda
428 1168 715 1256 delegavit
745 1182 914 1255 [forte
944 1180 1197 1248 deneg.],
1224 1191 1357 1229 mox
1388 1191 1419 1227 a
1449 1170 1678 1227 vicariis
1709 1168 1865 1223 sedis

204 1275 545 1349 apostolica:
577 1271 945 1328 contradieta
988 1267 1364 1322 manifestum
1397 1266 1505 1331 est,
1539 1276 1665 1331 quae
1697 1258 1865 1349 sedes

204 1346 537 1437 apostolica
581 1361 759 1416 etiam
793 1363 1022 1431 petente
1053 1354 1340 1411 Martiano
1382 1350 1643 1424 principe
1676 1346 1865 1437 nulla-

204 1436 389 1511 tenus
420 1450 784 1524 approbavit.
820 1451 951 1515 Quae
991 1444 1203 1519 praesul
1238 1442 1504 1499 Ecclesiae
1536 1436 1867 1494 Constanti-

206 1543 567 1616 nopolitanae
613 1544 754 1596 tunc
805 1535 1133 1603 Anatolius,
1169 1550 1273 1589 nec
1304 1550 1366 1587 se
1418 1527 1867 1602 praesumpsisse

208 1634 514 1705 professus
545 1633 654 1696 est,
688 1632 746 1684 et
777 1626 835 1681 in
871 1624 1206 1699 apostolicae
1248 1620 1405 1678 sedis
1437 1618 1719 1675 antistitis
1750 1634 1864 1671 non

208 1720 445 1793 negavit
468 1719 658 1792 posita
677 1718 984 1788 potestate.
1005 1714 1138 1805 Quae
1162 1712 1313 1805 ideo,
1336 1711 1487 1767 sicut
1508 1709 1731 1805 dictum
1756 1713 1864 1805 est,
1900 1737 1947 1803 Β

208 1811 383 1866 sedes
413 1806 736 1879 apostolica
783 1820 897 1860 non
950 1801 1174 1872 recipit,
1203 1800 1343 1871 quia
1390 1815 1517 1870 quae
1550 1795 1868 1870 privilegiis

207 1896 561 1955 universalis
594 1894 864 1951 Ecclesia:
896 1890 1187 1948 contraria
1209 1889 1551 1962 probantur,
1580 1884 1742 1941 nulla
1774 1902 1863 1940 ra-

204 1989 368 2044 tione
399 1984 739 2043 subsistunt
770 1980 1089 2055 [sustinet].
1142 1979 1289 2044 Quid
1322 1976 1499 2046 enim,
1533 1975 1672 2046 quia
1703 1975 1760 2029 in
1794 1975 1865 2027 li-

206 2078 333 2133 bris
365 2075 589 2133 sanctis
622 2089 772 2145 quos
804 2071 1010 2142 utique
1058 2084 1407 2125 veneramur
1453 2070 1509 2121 et
1540 2064 1863 2136 sequimur,

206 2166 486 2239 quoniam
518 2162 914 2231 quorumdam
947 2158 1064 2215 illic
1114 2162 1171 2213 et
1210 2156 1589 2229 profanitates
1620 2170 1748 2209 esse
1780 2154 1865 2208 fe-

207 2260 441 2323 runtur,
476 2258 532 2308 et
579 2252 801 2309 scelera
847 2254 1009 2322 gesta
1057 2250 1391 2313 narrantur,
1426 2250 1481 2299 et
1535 2244 1662 2299 ideo
1696 2242 1865 2298 nobis

206 2343 430 2414 pariter
461 2344 562 2398 aut
592 2340 923 2397 veneranda
967 2345 1104 2393 sunt
1151 2341 1252 2392 aut
1282 2334 1600 2406 sequenda,
1636 2332 1774 2404 quia
1804 2331 1863 2386 in

204 2432 330 2488 illis
362 2430 585 2488 sanctis
617 2429 787 2485 libris
817 2433 871 2483 et
903 2425 1339 2483 venerabilibus
1370 2421 1794 2479 continentur?

203 2540 343 2596 CAP.
375 2539 467 2592 76.
502 2567 570 2577 -
599 2535 1272 2606 Canstantinopolitanam
1293 2530 1863 2606 synodumeamgua;

277 2618 470 2665 contra
518 2609 784 2663 Photium
829 2599 977 2677 facta
1019 2611 1259 2677 estnon
1304 2599 1414 2658 esse
1464 2599 1859 2673 recipiendam.

275 2683 515 2738 Joannes
548 2681 665 2736 VIII
690 2676 1036 2751 patriarcha’
1064 2676 1318 2732 Photino.

279 2770 446 2826 Illam
478 2786 601 2839 quae
635 2772 837 2824 contra
869 2767 1139 2823 Photium
1166 2765 1312 2819 facta
1342 2766 1429 2818 est
1457 2758 1863 2817 Constantino-

203 2859 324 2932 poli
358 2859 649 2931 synodum
701 2856 925 2912 irritam
976 2855 1225 2910 facimus
1273 2856 1332 2907 et
1380 2851 1617 2906 omnino
1648 2848 1861 2905 delevi-

201 2965 365 3017 mus,
398 2953 523 3003 tum
556 2950 796 3019 propter
827 2945 961 3011 alia,
987 2949 1112 2999 tum
1139 2942 1418 3015 quoniam
1453 2940 1745 2995 Adrianus
1766 2956 1862 3010 pa-

200 3054 278 3110 pa
312 3052 427 3092 non
461 3034 814 3107 subscripsit
844 3034 902 3089 in
934 3050 1020 3090 ea.

1979 538 2113 595 liter
2139 545 2394 608 vocatur,
2424 540 2484 595 in
2525 541 2632 596 hac
2666 541 2929 596 Romana
2978 540 3122 595 urbe
3174 542 3245 595 ad
3277 541 3636 598 conﬁrman-

1981 630 2143 698 dum,
2176 629 2261 685 vel
2296 630 2353 683 in
2396 630 2685 701 superiori
2718 630 2840 686 loco
2889 629 3405 700 subscribendum,
3437 631 3635 703 Sergio

1980 719 2263 790 pontiﬁci,
2296 722 2496 791 utpote
2540 719 2715 791 capiti
2768 718 3027 774 omnium
3077 720 3451 775 sacerdotum
3484 719 3633 777 dire-

1976 808 2059 863 xit
2090 825 2102 862 :
2138 808 2236 880 qui
2268 807 2645 863 beatissimus
2677 807 2957 879 pontifex,
2983 816 3044 862 ut
3076 808 3298 863 dictum
3332 814 3441 873 est,
3476 810 3637 881 peni-
3700 852 3703 853 ν

1976 900 2072 952 tus
2102 897 2291 952 eidem
2343 896 2676 952 Justiniano
2725 898 2983 968 Augusto
3035 914 3150 952 non
3184 898 3491 969 acquievit,
3528 916 3634 955 nec

1976 987 2211 1042 eosdem
2243 990 2436 1041 tomos
2472 986 2773 1059 suscipere
2805 990 2905 1041 aut
2935 985 3171 1042 lectioni
3216 988 3473 1057 pandere
3500 1005 3630 1059 pas-

1975 1091 2080 1131 sus
2112 1080 2201 1132 est
2236 1094 2247 1131 :
2282 1092 2454 1148 porro
2487 1091 2585 1131 eos
2618 1080 2684 1131 ut
2732 1074 3022 1130 invalidos
3054 1076 3277 1146 respuit
3320 1080 3376 1131 et
3408 1077 3629 1146 rejecit,

1975 1164 2199 1237 eligens
2231 1168 2365 1220 ante
2398 1165 2544 1219 mori
2576 1180 2753 1236 quam
2804 1164 3127 1220 novitatum
3160 1165 3459 1221 erroribus
3490 1182 3631 1221 con-

1976 1253 2237 1310 sentiret.
2269 1256 2422 1309 Item.
2460 1254 2578 1309 Sub
2622 1254 2849 1309 Joanne
2878 1253 2979 1308 VII
3011 1270 3115 1325 pro
3146 1254 3322 1309 tomis
3359 1270 3508 1325 quos
3534 1272 3633 1310 an-

1974 1347 2070 1399 tea
2102 1345 2209 1398 sub
2245 1343 2486 1399 domino
2515 1342 2712 1415 Sergio
2764 1341 3094 1413 apostolicae
3147 1343 3305 1397 sedis
3354 1344 3630 1415 pontiﬁce

1974 1436 2236 1487 Romano
2265 1432 2643 1487 Justinianus
2698 1434 3005 1502 Augustus
3058 1430 3368 1501 direxerat,
3414 1431 3472 1485 in
3505 1432 3632 1502 qui-

1974 1520 2085 1575 bus
2135 1520 2395 1592 capitula
2444 1520 2673 1576 diversa
2721 1524 2992 1575 Rcmanm
3023 1518 3293 1575 Ecclesiae
3338 1519 3633 1575 contraria

1975 1610 2215 1680 scripta,
2250 1610 2397 1664 duos
2445 1608 2848 1681 metropolitas
2896 1609 3201 1681 episcopos
3234 1609 3631 1681 demandavit,

1978 1698 2237 1771 dirigens
2269 1715 2372 1770 per
2402 1713 2501 1754 eos
2531 1702 2589 1755 et
2635 1714 2886 1769 sacram,
2937 1714 3040 1770 per
3071 1714 3247 1770 quam
3283 1699 3629 1755 denomina-

1974 1792 2102 1843 tum
2154 1787 2490 1859 pontificem
2541 1788 2868 1858 conjuravit
2918 1803 2983 1842 ac
3037 1787 3382 1843 adhortatus
3427 1790 3537 1856 est,
3566 1792 3631 1843 ut

1977 1876 2308 1949 apostolica
2341 1876 2606 1932 Ecclesia;
2633 1876 2945 1932 concilium
2978 1880 3381 1948 congregaret,
3413 1881 3470 1932 et
3500 1892 3631 1949 quae

1976 1966 2026 2023 ei
2084 1966 2209 2022 visa
2258 1970 2456 2022 essent
2506 1964 2812 2034 stabiliret,
2874 1968 2932 2021 et
2980 1980 3223 2037 quaeque
3271 1966 3514 2021 adversa
3542 1981 3630 2022 re-

1977 2057 2210 2111 nuendo
2243 2059 2525 2111 cessaret.

1975 2143 2108 2201 CAP.
2141 2145 2229 2199 80.
2260 2175 2328 2183 —
2379 2142 2528 2211 Quod
2575 2144 2899 2198 Sardzcense
2939 2142 3243 2197 concilium
3294 2143 3629 2199 Arianorum

2044 2220 2237 2286 fuerit.
2271 2215 2607 2286 Augustinus
2653 2219 2845 2271 contra
2888 2215 3239 2270 Cresconium
3286 2217 3629 2284 grammati-

2045 2304 2166 2343 cum
2198 2287 2339 2342 libro
2371 2289 2552 2342 tertio.

2044 2375 2211 2430 Disce
2243 2376 2396 2446 quod
2430 2374 2642 2441 nescis,
2674 2374 3020 2430 Sardicense
3041 2372 3356 2429 concilium
3388 2374 3629 2430 Ariano-

1972 2480 2103 2518 rum
2136 2463 2263 2517 t‘uit.
2299 2464 2431 2518 Item
2463 2462 2603 2517 libro
2650 2470 2862 2534 quarto.
2915 2461 3261 2518 Sardicense
3309 2462 3625 2518 concilium

1969 2552 2322 2608 Arianorum
2356 2552 2483 2605 fuit.

1972 2641 2107 2696 CAP.
2141 2640 2229 2694 81.
2264 2669 2332 2677 -
2362 2639 2670 2693 Historiam
2718 2639 3011 2694 Sozomeni
3057 2642 3125 2693 ab
3170 2638 3478 2708 apostolica
3506 2638 3629 2695 sede

2042 2712 2303 2767 recusari.
2337 2711 2657 2780 Fulgentius
2687 2710 3061 2766 Alexandrino
3091 2714 3143 2764 et
3192 2710 3478 2765 Anastasio
3509 2711 3626 2765 An-

2041 2784 2283 2839 tiocheno
2311 2783 2596 2854 episcopis.

2041 2874 2103 2927 In
2136 2871 2380 2925 historia
2428 2870 2735 2925 Sozomeni
2784 2870 2854 2924 de
2903 2869 3159 2941 quodam
3211 2868 3491 2938 Eudoxio,
3525 2871 3628 2942 qui

1969 2960 2631 3032 Constantinopolitanae
2689 2957 2958 3014 Ecclesia
3017 2957 3421 3031 episcopatum
3482 2960 3626 3016 arri-

1974 3050 2174 3122 puisse
2196 3049 2431 3116 dicitur,
2456 3048 2654 3121 aliqua
2674 3052 3013 3105 narrantur.
3044 3048 3156 3104 Sed
3182 3048 3375 3121 ipsam
3399 3065 3630 3121 quoque

270 3143 409 3199 CAP.
440 3143 530 3197 77.
566 3174 633 3183 —
663 3144 737 3197 De
763 3140 968 3197 eodem.
992 3141 1227 3195 Joannes
1255 3153 1405 3210 papa
1438 3136 1793 3207 apocrisariis
1892 3104 1935 3173 α
1974 3138 2279 3195 historiam
2310 3138 2481 3195 sedes
2503 3136 2825 3209 apostolica
2846 3136 3148 3210 suscipere
3164 3141 3419 3206 recusat,
3442 3154 3629 3209 quan-

968 3228 1103 3266 81128.

273 3303 493 3359 Dicetis
525 3303 679 3373 quod
715 3301 846 3357 illas
890 3301 1146 3373 synodos
1180 3314 1309 3371 quae
1357 3300 1558 3352 contra
1589 3296 1859 3351 Photium

204 3394 317 3449 sub
353 3392 610 3447 Adriano
643 3408 795 3463 papa
845 3391 1041 3445 Romae
1074 3389 1159 3444 vel
1192 3385 1694 3457 Constantinopoli
1726 3390 1863 3441 sunt

207 3482 395 3549 iactae,
429 3498 735 3537 cessamus
767 3485 823 3536 et
852 3480 923 3535 de
956 3494 1199 3533 numero
1240 3480 1579 3533 sanctarum
1613 3476 1863 3548 synodo-

204 3588 340 3626 rum
376 3570 663 3626 delemus.

200 3679 333 3735 CAP.
367 3678 459 3732 78.
493 3706 562 3718 —
597 3677 708 3744 Quo
739 3684 983 3746 tempore
1031 3683 1186 3730 sexta
1213 3674 1464 3746 synodus
1492 3678 1640 3746 facta
1669 3674 1762 3728 sit.
1798 3673 1859 3727 In

268 3750 498 3821 prologo
530 3748 781 3804 historiae
834 3748 1112 3802 Anastasii
1159 3745 1574 3802 bibliothecarii
1601 3748 1861 3801 Romanae

273 3822 554 3876 Ecclesiae.

273 3835 554 3877 accusa).

271 3910 513 3965 Frustra
550 3908 815 3980 garriunt
850 3906 1088 3978 quidam
1142 3904 1402 3961 dicentes
1452 3909 1583 3977 post
1613 3909 1861 3974 quatuor

200 4014 393 4053 annos
426 3997 607 4053 fuisse
658 3996 842 4052 factas
886 3999 1056 4051 sextae
1089 3995 1294 4066 synodi
1323 3993 1695 4064 capitulares,
1731 4010 1857 4065 qua)

201 4087 520 4141 diffamatis
566 4090 729 4150 sunt,
780 4086 1019 4139 formas.
1074 4084 1239 4149 Item,
1292 4098 1361 4137 ex
1408 4082 1537 4153 ipsa
1587 4081 1859 4136 chronica

198 4174 580 4229 adnotatione
612 4178 879 4246 patenter
910 4175 1171 4243 apparet,
1195 4172 1349 4241 quod
1384 4168 1646 4225 collectio
1677 4187 1710 4224 a
1731 4186 1859 4224 san-

198 4269 296 4319 cta
327 4263 643 4317 universali
676 4267 839 4317 sexta
870 4262 1093 4332 synodo
1126 4275 1309 4331 usque
1360 4260 1430 4313 ad
1479 4258 1707 4314 deditas
1740 4258 1856 4313 for-

201 4369 329 4408 mas
362 4351 502 4405 anni
532 4351 737 4421 viginti
768 4354 826 4405 et
857 4354 1082 4419 septem
1115 4348 1251 4403 sint.

196 4461 335 4516 CAP.
366 4457 462 4513 79.
494 4488 561 4537 -ς-
590 4456 850 4537 Sergium
869 4470 1070 4537 papam
1088 4456 1311 4524 pr0pter
1332 4452 1584 4525 quadam
1615 4453 1857 4537 capitula
1890 4473 1936 4537 D

269 4538 433 4587 extra
473 4530 648 4583 ritum
696 4527 1124 4583 ecclesiasticum
1171 4541 1409 4590 annexa,
1443 4540 1553 4579 non
1581 4527 1855 4595 subscrip-

266 4604 415 4658 sisse
442 4599 668 4673 synodo,
693 4614 857 4673 quam
883 4599 1235 4673 Justinianus
1250 4599 1567 4673 imperator
1598 4598 1657 4651 in
1688 4598 1858 4665 Regia

270 4674 408 4728 urbe
436 4669 747 4741 collegerat.
786 4671 867 4724 Ea:
899 4669 1035 4725 libro
1067 4669 1409 4738 Pontiﬁcali.

271 4760 461 4832 Sergii
496 4776 657 4832 papae
707 4758 1071 4830 temporibus
1118 4756 1487 4812 Justinianus
1517 4754 1857 4827 imperator,

200 4849 519 4907 concilium
551 4848 611 4903 in
642 4847 787 4903 urbe
806 4847 985 4919 Regia
1008 4846 1351 4917 fierijussit,
1381 4845 1438 4899 in
1462 4862 1575 4917 quo
1607 4844 1854 4915 etlegati

200 4938 361 4996 sedis
377 4936 707 5011 apostolicae
730 4940 1146 5001 convenerunt,
1171 4939 1228 4991 et
1250 4934 1477 5005 decepti
1499 4934 1858 5007 subscripse-

203 5031 365 5083 runt.
388 5024 788 5098 Compellebat
810 5029 1008 5080 autem
1033 5027 1089 5079 et
1110 5024 1305 5095 ipsum
1334 5022 1720 5090 subscribere,
1754 5025 1855 5080 sed

202 5117 547 5173 nullatenus
580 5114 870 5187 acquievit
890 5131 993 5187 pro
1025 5129 1090 5170 eo
1124 5114 1275 5186 quod
1300 5114 1566 5186 quaedam
1602 5114 1858 5185 capitula

198 5212 365 5264 extra
394 5205 578 5262 ritum
626 5203 1091 5261 ecclesiasticum
1142 5203 1373 5259 fuerant
1400 5202 1459 5257 in
1492 5202 1576 5257 eis
1607 5219 1854 5259 annexa.

194 5296 333 5361 Quae
364 5294 537 5368 quasi
571 5291 935 5366 synodaliter
984 5291 1252 5364 definita,
1285 5296 1342 5347 et
1388 5292 1446 5347 in
1479 5292 1733 5365 septima
1758 5310 1855 5366 sy-

198 5385 355 5441 nodo
401 5381 755 5454 conscripta,
807 5397 871 5437 ac
920 5397 954 5436 ι
1000 5380 1191 5436 tribus
1243 5380 1614 5452 patriarchis,
1664 5381 1722 5437 id
1770 5384 1859 5438 est

198 5470 876 5544 Constantinopolitano,
935 5468 1323 5525 Alexandrino
1373 5473 1429 5525 et
1482 5470 1856 5537 Antiocheno,

198 5564 286 5621 vel
319 5562 544 5620 caeteris
577 5559 930 5633 praesulibus
955 5559 1055 5632 qui
1087 5558 1146 5614 in
1175 5562 1438 5631 tempore
1469 5564 1857 5618 convenerant

1970 3228 2043 3284 do
2077 3228 2261 3284 multa
2306 3227 2609 3295 mentitur,
2642 3232 2697 3283 et
2736 3227 3107 3283 Theodorum
3162 3227 3507 3283 inconsueto
3538 3228 3628 3283 ni-

1971 3318 2156 3373 mium
2206 3316 2425 3385 laudat,
2480 3321 2658 3389 atque
2716 3334 2905 3389 usque
2954 3317 3025 3372 ad
3078 3316 3229 3372 diem
3280 3316 3477 3372 obitus
3535 3317 3627 3372 sui

1971 3422 2252 3479 magnum
2286 3407 2585 3462 doctorem
2636 3405 2905 3462 Ecclesiae
2937 3404 3223 3479 perhibet.
3258 3405 3462 3461 Restat
3490 3420 3626 3477 ergo

1971 3500 2035 3551 ut
2084 3496 2129 3552 si
2184 3495 2318 3567 quis
2373 3495 2533 3552 illam
2584 3496 2893 3551 historiam
2946 3496 3180 3567 recipit,
3225 3494 3445 3566 synodo
3495 3510 3627 3565 qua

1971 3585 2076 3656 piae
2136 3584 2432 3639 memoriae
2498 3584 2819 3640 Justiniani
2882 3584 3248 3657 temporibus
3310 3583 3379 3638 de
3437 3582 3626 3639 tribus

1970 3672 2243 3745 capitulis
2276 3674 2429 3728 facta
2458 3676 2567 3741 est,
2598 3673 2979 3729 contradicat.
3014 3672 3122 3739 Qui
3159 3688 3291 3728 vero
3324 3671 3461 3727 huic
3497 3688 3630 3726 con-

1968 3760 2253 3817 tradicere
2307 3777 2421 3816 non
2471 3760 2643 3830 valet,
2698 3760 2859 3817 illam
2910 3760 3220 3817 historiam
3270 3774 3509 3817 necesse
3539 3762 3630 3817 est

1970 3855 2033 3906 ut
2064 3849 2327 3922 repellat.

1966 3944 2104 3997 CAP.
2138 3940 2230 3993 82.
2282 3969 2351 4011 -τ
2397 3938 2613 4010 Scripta
2656 3938 2877 3994 Eusebii
2927 3939 2991 3995 de
3040 3947 3346 4011 temporum
3395 3939 3629 3995 historia

2038 4010 2406 4083 suscipienda.
2442 4012 2780 4083 Augustinus
2802 4011 2867 4066 de
2894 4010 3157 4068 doctrina,
3178 4012 3626 4069 Christianorum

2040 4082 2193 4138 libro
2218 4099 2277 4148 ιι,
2307 4098 2425 4152 cap.
2460 4082 2548 4137 39.

2039 4171 2199 4237 Quod
2232 4170 2519 4225 Eusebius
2551 4171 2687 4226 fecit
2716 4171 2786 4225 de
2821 4174 3153 4240 temporum
3184 4169 3451 4238 historia,
3487 4185 3624 4241 pro-

1966 4266 2095 4333 pter
2141 4260 2474 4316 divinorum
2525 4259 2811 4316 librorum
2863 4258 3222 4330 quastiones
3272 4275 3400 4330 quae
3445 4274 3622 4315 usum

1966 4352 2094 4421 ejus
2121 4349 2407 4421 ﬂagitant,
2441 4349 2825 4420 suscipimus.

1966 4440 2101 4497 CAP.
2135 4439 2224 4492 83.
2258 4468 2327 4479 —-
2358 4439 2429 4493 De
2459 4437 2694 4509 quodam
2741 4453 2869 4505 rege
2916 4437 3194 4494 Edissenae
3233 4437 3495 4492 civitatis.
3529 4438 3625 4492 Re-

2038 4512 2362 4580 sponsiones
2392 4509 2627 4564 Adriani
2672 4525 2837 4581 papae
2888 4519 3078 4566 contra
3120 4511 3444 4579 obiectiones
3487 4525 3623 4579 quo-

2038 4582 2297 4636 rumdam
2329 4582 2399 4635 ad
2427 4583 2690 4651 Agarum,
2724 4597 2841 4651 cap.
2876 4582 2959 4636 18.

2038 4671 2438 4725 Praedecessor
2467 4674 2665 4725 noster
2715 4675 2927 4725 sancta
2980 4669 3402 4725 recordationis
3435 4669 3623 4724 domi-

1970 4778 2081 4816 nus
2103 4758 2441 4831 Stephanus
2461 4775 2611 4830 papa
2632 4759 2931 4829 quondam
2955 4758 3394 4829 sanctissimus,
3426 4757 3485 4812 in
3517 4774 3620 4814 su-

1970 4849 2231 4920 pradicto
2265 4847 2511 4905 concilio
2549 4849 2889 4919 praesidens,
2911 4848 3064 4903 inter
3093 4848 3353 4919 plurima
3373 4848 3628 4903 veridica

1969 4938 2309 4994 testimonia
2340 4953 2443 5009 per
2472 4937 2855 5009 semetipsum
2878 4953 3150 4993 asserens
3170 4935 3368 4992 docuit
3393 4936 3493 4992 ita.
3516 4936 3625 4991 Sed

1973 5044 2076 5083 nec
2104 5027 2244 5082 illud
2261 5033 2349 5083 est
2372 5026 2861 5099 prmtereundum,
2882 5026 3035 5098 quod
3059 5026 3340 5082 relatione
3363 5024 3625 5081 fidelium

1970 5117 2040 5172 de
2067 5116 2337 5188 partibus
2355 5114 2597 5171 orientis
2615 5115 3054 5171 advenientium
3076 5132 3229 5188 saepe
3253 5114 3621 5186 agnovimus:

1970 5206 2027 5259 in
2063 5204 2280 5277 quibus
2330 5205 2465 5260 licet
2511 5205 2886 5276 Evangelium
2941 5204 3132 5275 sileat,
3177 5210 3374 5261 tamen
3408 5220 3623 5275 nequa-

1969 5311 2146 5366 quam
2181 5294 2238 5348 in
2273 5295 2547 5349 omnibus
2571 5292 2912 5350 incredibile
2945 5296 3079 5350 ﬁdei
3104 5296 3401 5362 meritum,
3427 5299 3485 5350 et
3515 5292 3624 5347 hoc

1970 5386 2302 5440 afﬁrmante
2348 5384 2474 5455 ipso
2528 5384 2839 5456 Evangelio
2873 5401 2886 5440 :
2919 5385 3089 5440 Multa
3132 5384 3355 5456 quidem
3401 5387 3451 5439 et
3504 5381 3624 5436 alia

1968 5475 2128 5547 signa
2176 5473 2311 5545 fecit
2349 5474 2525 5543 Iesus,
2576 5488 2697 5544 qua
2746 5489 2853 5529 non
2906 5477 3120 5547 scripta
3170 5477 3302 5529 sunt
3360 5473 3419 5526 in
3479 5471 3621 5529 libro

1972 5566 2069 5621 hoc
2122 5563 2301 5634 (Joan.
2350 5565 2467 5633 xx).
2528 5561 2791 5633 Denique
2851 5562 3033 5619 t'ertur
3089 5562 3161 5619 ab
3192 5561 3617 5631 asserentibus,
