3970 6058
322 195 429 250 287

1409 207 1476 258 D.
1520 205 1762 259 IVONIS
1795 204 2288 260 CARNOTENBIB
2321 207 2638 262 EPISCOPI

3624 209 3737 265 288

323 321 475 392 quod
507 320 863 394 Redemptor
902 321 1148 381 humani
1182 326 1408 395 generis
1459 327 1967 400 appropinquante
1994 329 2046 397 Α
2078 332 2137 386 et
2167 328 2457 399 instituta,
2490 334 2548 388 et
2592 331 2723 388 vita:
2773 347 2997 400 eorum,
3031 334 3133 388 sed
3184 336 3242 389 et
3285 332 3494 409 regula
3545 335 3737 392 sancti

321 410 416 466 die
445 412 738 483 passionis
771 412 1004 469 cuidam
1048 416 1166 488 regi
1200 416 1504 472 Edessenze
1531 416 1782 474 civitatis
1813 418 1966 473 desi-

320 499 549 555 deranti
584 502 963 574 corporaliter
990 520 1121 558 eum
1156 521 1411 574 cernere,
1443 509 1500 560 et
1529 509 1594 560 ut
1620 507 1970 577 persecutio-

320 604 427 645 nes
455 589 787 646 Judaaorum
838 593 1148 664 aufugiens
1196 595 1268 649 ad
1317 593 1482 650 illum
1529 597 1882 663 convolaret,
1912 599 1969 651 et

321 679 556 734 auditas
603 679 1020 737 miraculorum
1069 682 1373 753 Opiniones
1422 689 1477 739 et
1513 685 1830 740 sanitatum
1864 701 1964 740 cu-

321 769 578 824 rationes
633 768 716 822 illi
775 773 830 824 et
888 769 1100 840 populo
1158 787 1265 826 suo
1321 773 1666 844 impertiret,
1727 791 1964 846 respon-

321 858 480 914 disse
515 874 528 912 :
566 881 586 907 ι
623 859 780 925 Quod
816 858 862 913 si
896 859 1100 914 faciem
1134 876 1320 915 meam
1355 862 1734 934 corporaliter
1763 880 1964 919 cerne-

319 962 382 1002 re
412 947 599 1018 cupis,
632 964 701 1002 en
745 947 847 1002 tibi
879 947 1078 1003 vultus
1128 949 1240 1003 mei
1292 951 1545 1021 speciem
1575 953 1963 1008 transforma-

316 1039 436 1090 tam
468 1035 527 1090 in
558 1035 737 1090 linteo
768 1036 976 1109 dirigo,
1012 1055 1113 1109 per
1141 1055 1316 1110 quam
1351 1044 1407 1095 et
1437 1041 1708 1096 desiderii
1741 1043 1824 1096 tui
1858 1043 1964 1097 fer-

314 1139 509 1179 vorem
544 1125 874 1198 refrigeres,
909 1131 967 1181 et
996 1129 1150 1198 quod
1185 1131 1255 1185 de
1287 1145 1381 1184 me
1412 1130 1709 1199 audivisti,
1742 1130 1961 1202 impos-

315 1211 485 1269 sibile
513 1230 886 1288 nequaquam
922 1215 1044 1270 ﬁeri
1079 1218 1392 1274 existimes.
1417 1219 1728 1291 Postquam
1762 1224 1961 1275 tamen

313 1301 680 1374 complevero
731 1319 799 1358 ea
844 1320 970 1375 quae
1003 1305 1073 1361 de
1123 1323 1214 1362 me
1257 1307 1472 1379 scripta
1519 1313 1676 1375 sunt,
1712 1308 1961 1380 dirigam

312 1389 419 1444 tibi
450 1407 635 1445 unum
685 1407 753 1446 ex
801 1392 1108 1464 discipulis
1157 1396 1326 1465 meis,
1377 1395 1478 1467 qui
1507 1396 1609 1450 tibi
1660 1401 1716 1452 et
1746 1399 1962 1471 populo

312 1482 414 1534 tuo
459 1479 738 1536 sanitates
790 1480 1110 1552 impertiat,
1143 1488 1201 1538 et
1249 1484 1318 1539 ad
1371 1484 1788 1540 sublimitatem
1827 1486 1961 1541 fidei

310 1583 412 1624 vos
445 1569 742 1640 perducat.
781 1590 808 1618 η

310 1656 448 1712 CAP.
507 1656 597 1731 84.
654 1690 720 1731 _—
775 1659 895 1714 Soli
969 1659 1021 1714 ei
1076 1661 1244 1716 libros
1319 1661 1704 1719 haeretisomm
1775 1662 1962 1731 tegere

379 1729 787 1805 concedendum,
824 1747 956 1794 esse,
984 1732 1085 1805 gui
1132 1733 1189 1786 in
1226 1739 1336 1788 Deo
1375 1743 1429 1789 et
1468 1737 1527 1790 in
1576 1735 1684 1805 ﬁde
1711 1729 1962 1805 ﬁrmatus

381 1799 561 1925 {ebcipi
616 1803 826 1872 nequit.
885 1799 1030 1858 Beda
1083 1820 1248 1875 super
1299 1799 1597 1876 parabolas
1656 1799 1962 1865 Sdlomonis

411 1889 427 1926 t
468 1888 528 1927 ro
558 1887 596 1927 ι.

384 1958 505 2014 Soli
553 1960 604 2015 ei
658 1961 996 2017 conceditur
1052 1962 1458 2022 haereticorum
1512 1965 1692 2023 libros
1747 1967 1958 2040 legere,

313 2047 416 2118 qui
445 2065 479 2104 a
508 2047 624 2105 Deo
674 2049 960 2107 solidatus
1010 2059 1100 2108 est
1132 2056 1190 2109 in
1242 2054 1356 2110 ﬁde
1405 2055 1714 2128 catholica,
1749 2061 1812 2112 ut
1842 2074 1962 2113 ver-

310 2136 521 2193 borum
551 2137 860 2195 dulcedine
892 2139 979 2196 vel
1023 2141 1242 2198 astutia
1284 2149 1538 2216 nequeat
1566 2147 1638 2201 ab
1665 2162 1732 2201 ea
1762 2161 1957 2218 segre-

352 2243 461 2282 ari.

310 2240 440 2370 gn.
468 2317 585 2393 _85.
639 2347 711 2358 —
767 2318 916 2386 Quod
965 2319 1326 2393 subtilitatem
1389 2323 1688 2393 tegentium
1752 2324 1956 2391 turbat,

379 2388 479 2463 qui
523 2405 611 2463 eos
643 2407 692 2463 _a
736 2391 1104 2463 saeculari/ms
1157 2392 1358 2449 litteris
1407 2388 1651 2463 legendis
1694 2388 1956 2454 omnimo;

2077 418 2267 474 Patris
2300 420 2484 476 nostri
2515 421 2735 492 Basilii,
2769 422 2907 494 quid
2939 422 3096 478 aliud
3129 427 3289 489 sunt,
3325 424 3439 481 nisi
3470 423 3619 481 bene
3649 425 3734 480 vi-

2075 509 2334 564 ventium
2363 513 2418 566 et
2438 510 2836 567 obedientium
2859 513 3307 584 monachorum,
3334 513 3735 572 instrumenta

2076 595 2361 654 virtutum
2380 598 2408 652 ‘l

2076 684 2219 762 CAP._
2241 687 2330 741 89.
2366 718 2442 762 -Α
2463 688 2612 756 Quod
2641 689 3025 762 Hieronymus,
3047 695 3099 746 et
3121 691 3436 748 Gennadius
3464 691 3733 748 ecclesia-

2143 758 2305 835 sticos
2332 759 2630 835 scriptores
2658 764 2725 835 in
2747 758 2860 816 uno
2881 762 3163 818 volumine
3184 765 3730 835 comprehenderint.

2147 829 2391 886 Isidorus
2419 829 2886 904 Etymotogiarum
2917 835 3014 889 tib.
3049 851 3130 900 v1,
3163 829 3372 903 cap.'7.

2146 918 2534 992 Hieronymus
2564 926 2740 993 atque
2769 923 3107 978 Gennadius
3129 923 3558 980 ecclesiasticos
3590 924 3734 980 scri-

2072 1010 2267 1076 ptores
2296 1013 2418 1064 toto
2459 1011 2598 1065 orbe
2630 1016 2956 1082 querentes
3004 1012 3210 1066 ordine
3241 1012 3534 1084 prosecuti
3570 1020 3728 1081 sunt,

2071 1110 2393 1168 eorumque
2422 1099 2620 1154 studia
2651 1099 2708 1153 in
2744 1116 2860 1154 uno
2907 1099 3225 1155 voluminis
3272 1099 3536 1156 indiculo
3568 1117 3732 1157 com-

2072 1184 2529 1255 prehenderunt.

2070 1274 2202 1326 CAP.
2232 1273 2321 1329 90.
2361 1305 2422 1350 τ-
2455 1280 2532 1350 De
2559 1277 2768 1350 vilitate
2806 1278 3148 1332 voluminum
3203 1278 3456 1350 Dionysii
3483 1279 3731 1350 Areopa-

2331 1346 2482 1416 gilw.
2512 1348 2658 1402 Beda
2687 1365 2851 1418 super
2879 1351 3038 1404 Actus
3068 1346 3460 1417 apostolorum.

2142 1432 2454 1507 Dionysius
2486 1439 2837 1508 Areopagita
2859 1438 3166 1510 episcopus
3196 1440 3505 1495 ordinatus
3529 1438 3727 1494 Corin-

2068 1520 2348 1591 thiorum,
2401 1525 2545 1578 rexit
2593 1525 2910 1581 Ecclesiam
2955 1527 3230 1597 gloriose,
3283 1529 3594 1599 multaque
3651 1529 3725 1584 ad

2072 1609 2387 1667 utilitatem
2421 1612 2688 1669 Ecclesiae
2722 1615 3096 1685 pertinentia,
3129 1632 3256 1687 quae
3288 1615 3575 1672 hactenus
3608 1633 3727 1672 ma-

1991 1696 2040 1762 B
2071 1705 2230 1771 nent,
2266 1700 2484 1774 ingenii
2531 1703 2622 1758 sui
2672 1702 2970 1758 volumina
3019 1703 3259 1776 reliquit
3293 1721 3305 1759 :
3338 1721 3662 1777 cognomen
3695 1723 3729 1762 a

2072 1787 2197 1843 loco
2229 1789 2320 1843 cui
2354 1797 2599 1860 prmerat
2628 1791 2945 1862 accipiens,
2977 1799 3339 1865 Areopagus.

2070 1880 2200 1933 CAP.
2233 1879 2322 1932 91.
2355 1907 2422 1922 -
2455 1879 2528 1934 De
2572 1879 2900 1936 discretione
2946 1882 3162 1952 Regulae
3209 1881 3390 1937 sancti
3418 1882 3724 1940 Benedicti.

2277 1952 2571 2021 Gregorius
2599 1953 2957 2020 Dialogorum
2991 1952 3141 2010 libro
3173 1970 3234 2021 ιι,
3264 1971 3384 2026 cap.
3416 1955 3507 2010 36.

2142 2039 2492 2094 Benedictus
2523 2040 2759 2111 scripsit
2809 2042 3232 2097 monachorum
3277 2041 3566 2114 regulam,
3599 2043 3728 2100 dis-

2067 2127 2322 2184 cretione
2353 2130 2732 2200 praecipuam,
2760 2146 3031 2186 sermone
3062 2130 3442 2188 luculentam.

2101 2235 2237 2291 CAP.
2267 2236 2360 2289 92.
2391 2266 2460 2276 —
2488 2235 2642 2290 Actio
2683 2236 2918 2291 secunda
2958 2237 3410 2293 Chalcedonensis
3437 2238 3689 2295 concilii.

2137 2325 2388 2381 Gloriosi
2409 2325 2642 2397 judices
2671 2325 2945 2381 dixerunt
2968 2342 2981 2381 :
3004 2326 3292 2383 Dominus
3316 2333 3516 2384 noster
3543 2328 3729 2400 impe-

2065 2419 2227 2469 rator
2265 2415 2588 2469 secundum
2641 2415 2952 2470 canonicas
3001 2414 3316 2486 Epistolas,
3347 2421 3406 2470 et
3433 2416 3728 2472 constitu-

429 2459 439 2469 .
643 2460 653 2470 .
1175 2465 1184 2474 ,
1460 2459 1477 2463 -
2067 2459 2214 2469 ...ω
2265 2459 2588 2469 ..νη-...μη
2642 2459 2952 2470 -..πων-υ
3001 2459 3040 2468 ..
3091 2459 3316 2481 ._..-.....,
3348 2459 3693 2472 "seu"..-

379 2459 856 2576 ἦθέξξηξίξξ
899 2479 1015 2518 “se
1063 2468 1328 2521 mima"
1380 2466 1520 2522 Beda
1559 2483 1725 2540 super
1752 2471 1955 2538 Regum
2062 2504 2252 2558 tiones
2279 2508 2613 2558 sanctorum
2648 2503 2911 2573 Patrum,
2936 2459 3221 2574 Gregorii,
3254 2503 3723 2576 Basilii,Hilarii,

379 2531 477 2586 lib.
512 2534 562 2588 ll
589 2532 728 2604 (cap.
762 2535 860 2603 lx).

379 2620 544 2692 (Dist.
594 2622 684 2687 37,
727 2637 774 2676 c.
833 2623 1034 2679 Turbat
1088 2626 1362 2696 acumen).
1423 2627 1648 2683 Turbat
1705 2644 1951 2684 acumen

305 2709 624 2782 legentium
685 2717 742 2765 et
790 2712 1036 2768 deficere
1083 2715 1256 2786 cogit,
1305 2715 1402 2786 qui
1451 2732 1550 2772 eos
1607 2734 1642 2771 ιι
1690 2717 1953 2790 legendis

304 2797 686 2853 saecularibus
717 2797 926 2853 litteris
967 2801 1326 2859 omnimodis
1355 2805 1608 2862 aestimat
1639 2807 1952 2878 prohiben-

304 2886 426 2952 dos,
464 2885 682 2955 quibus
727 2886 973 2942 ubilibet
1020 2889 1254 2946 inventa
1298 2891 1469 2948 utilia
1516 2895 1678 2965 quasi
1711 2912 1820 2952 sua
1848 2913 1952 2953 su-

304 2989 464 3030 mere
495 2972 648 3030 licet.
668 2974 939 3046 Alioquin
965 2992 1069 3031 nec
1102 2978 1328 3050 Moyses
1349 2987 1406 3035 et
1427 2981 1628 3038 Daniel
1660 2985 1951 3056 sapientia

300 3061 390 3118 vel
422 3061 635 3118 litteris
665 3062 1088 3134 Egyptiorum,
1121 3066 1642 3142 Chaldteorumque
1691 3088 1753 3128 se
1784 3079 1947 3145 pate-

301 3153 508 3206 rentur
536 3151 756 3206 erudiri
787 3169 1034 3223 quorum
1068 3157 1259 3212 tamen
1295 3159 1743 3230 superstitiones
1776 3163 1953 3220 simul

301 3243 360 3296 et
379 3238 622 3296 delicias
645 3239 1040 3298 adhorrebant
1065 3260 1078 3298 :
1115 3260 1218 3300 nec
1243 3245 1366 3318 ipse
1388 3249 1666 3320 magister
1685 3252 1948 3322 gentium

302 3327 530 3402 aliquot
557 3347 764 3387 versus
796 3336 1096 3404 poetarum
1129 3334 1254 3392 suis
1283 3335 1371 3391 vel
1415 3339 1589 3396 dictis
1618 3339 1951 3412 indidisset,

303 3419 391 3474 vel
423 3419 680 3492 scriptis.

306 3507 438 3562 CAP.
471 3509 560 3562 86.
597 3539 663 3549 —
710 3510 941 3582 Legibus
989 3512 1385 3582 imperatorum
1433 3533 1544 3572 non
1592 3520 1650 3574 in
1697 3521 1955 3579 omnibus

376 3581 769 3636 controversiis
809 3581 1188 3640 ecclesiasticis
1234 3589 1494 3645 utendum
1522 3606 1652 3646 esse.
1697 3593 1953 3650 Nicotaus

371 3665 518 3738 papa
549 3653 606 3705 in
637 3652 872 3738 concilio
889 3659 1044 3738 apud
1080 3658 1451 3738 Convicinum
1483 3664 1586 3734 (ep.
1619 3665 1708 3730 32,
1735 3667 1806 3720 ad
1835 3669 1954 3738 epi-

377 3736 560 3792 scopos
586 3724 783 3793 synodi
812 3725 872 3780 Si
879 3725 1284 3798 lvanectensis).

376 3812 537 3878 (Dist.
592 3813 676 3880 10,
725 3829 772 3867 c.
824 3816 959 3886 Lege
1005 3816 1282 3890 imperat).
1336 3821 1482 3892 Lege
1529 3822 1951 3896 imperatorum

306 3916 422 3956 non
453 3899 508 3954 in
560 3901 838 3958 omnibus
884 3903 1301 3962 ecclesiasticis
1350 3913 1759 3969 controversiis
1791 3919 1954 3971 uten-

305 3989 449 4046 dum
494 3995 603 4059 est,
650 3994 969 4062 praesertim
1001 4009 1130 4048 cum
1187 3995 1566 4053 inveniuntur
1607 4003 1953 4074 evangelica!

308 4078 758 4152 [ecclesiastica]
824 4097 890 4137 ac
949 4082 1243 4140 canonica;
1298 4087 1585 4143 sanctioni
1641 4089 1953 4162 aliquoties

304 4168 557 4225 obviare.
608 4169 719 4226 Lex
759 4169 1184 4243 imperatorum
1233 4191 1350 4230 non
1397 4182 1487 4232 est
1534 4194 1716 4251 supra
1763 4180 1950 4252 legem

306 4257 432 4324 Dei,
463 4257 565 4313 sed
598 4259 827 4314 subtus.

2062 2593 2389 2662 Athanasii,
2424 2593 2716 2648 Ambrosii
2749 2597 2805 2649 et
2831 2591 3027 2665 Cyrilli
3071 2592 3280 2661 credit,
3311 2598 3368 2649 et
3399 2593 3560 2650 nullo
3593 2610 3724 2650 mo-

2063 2681 2137 2736 do
2167 2682 2240 2738 ab
2269 2697 2471 2738 eorum
2505 2682 2618 2736 {ide
2648 2681 2885 2737 recedit.

2507 2772 2640 2824 CAP.
2671 2771 2762 2826 93.
2792 2801 2860 2810 —
2890 2771 3039 2826 Actio
3070 2770 3266 2827 tertia.

2131 2857 2380 2915 Gloriosi
2435 2859 2727 2930 principes
2785 2859 3058 2914 dixerunt
3110 2875 3122 2912 :
3174 2857 3481 2914 Piissimus
3525 2859 3717 2931 impe-

2061 2951 2220 3002 rator
2269 2948 2441 3017 juxta
2490 2947 2971 3003 constitutionem
3031 2952 3368 3004 sanctorum
3431 2952 3720 3005 trecento-

1980 3051 2024 3120 ρ
2059 3053 2193 3092 rum
2225 3037 2426 3092 decem
2453 3041 2510 3091 et
2539 3041 2667 3092 octo
2689 3036 2950 3102 Patrum,
2968 3041 3025 3093 et
3054 3035 3558 3093 confirmationem
3582 3053 3720 3093 cen-

2065 3129 2189 3180 tum
2223 3125 2654 3197 quinquaginta
2681 3129 2944 3193 Patrum,
2976 3129 3032 3182 et
3061 3125 3450 3197 expositiones
3483 3131 3722 3182 sancto-

2064 3231 2195 3269 rum
2229 3213 2514 3286 Gregorii,
2545 3213 2766 3280 Basilii,
2802 3213 3029 3281 Hilarii,
3060 3213 3390 3281 Athanasii,
3421 3215 3723 3271 Ambrosii

2063 3307 2117 3359 et
2147 3301 2344 3375 Cyrilli
2375 3301 2580 3369 credit,
2617 3307 2672 3359 et
2701 3303 2773 3358 ab
2819 3319 3018 3360 eorum
3070 3303 3184 3359 ﬁde
3231 3302 3394 3359 nullo
3425 3304 3598 3360 modo
3630 3320 3723 3362 re-

2063 3393 2238 3448 cedit.

2063 3481 2195 3539 CAP.
2249 3481 2341 3538 94.
2399 3511 2468 3522 --
2533 3481 2607 3536 De
2664 3481 2836 3623 libri;s
2895 3480 3117 3606 Gelasii.
3185 3483 3268 3536 Ea:
3324 3481 3466 3538 tibro
3525 3483 3724 3540 Ponti-

2837 3569 2970 3608 cat.

2837 3569 2970 3608 σαιι.

2133 3639 2398 3698 Gelasius
2423 3641 2558 3697 fecit
2581 3640 2766 3697 libros
2788 3641 3049 3713 quinque
3073 3641 3352 3697 adversus
3384 3641 3723 3699 Nestorium

2062 3736 2118 3787 et
2165 3731 2484 3802 Eutychen,
2539 3731 2674 3785 fecit
2726 3735 2782 3784 et
2833 3733 3118 3785 tractatus
3176 3729 3235 3784 in
3291 3730 3526 3785 modum
3572 3735 3721 3787 Am-

2062 3819 2266 3876 brosii.
2316 3824 2482 3889 Item,
2535 3819 2716 3874 libros
2764 3819 2912 3874 duos
2961 3819 3243 3874 adversus
3292 3817 3535 3886 Arium;
3585 3818 3724 3876 fecit

2062 3913 2258 3964 autem
2289 3913 2346 3964 et
2372 3912 2874 3964 sacramentorum
2909 3907 3302 3979 praefationes,
3331 3911 3390 3962 et
3421 3907 3722 3965 orationes

2061 4002 2231 4053 cauto
2270 4012 2562 4066 sermone,
2594 4001 2652 4052 et
2701 3995 2982 4068 epistolas
3014 3996 3146 4052 fidei
3180 3995 3418 4052 elimato
3448 4011 3722 4054 sermone

2063 4088 2301 4142 multas.

2252 4179 2383 4230 CAP.
2414 4175 2502 4229 95.
2535 4204 2605 4214 -
2634 4175 2706 4230 De
2741 4173 2911 4229 libris
2941 4172 3263 4240 Clementis,
3299 4173 3521 4229 ibidem.

2131 4263 2396 4320 Clemens
2430 4263 2564 4318 fecit
2593 4263 2740 4318 duas
2785 4262 3067 4334 epistolas
3099 4278 3226 4333 quin
3258 4262 3562 4318 catholica:
3605 4279 3718 4318 no-

305 4345 441 4425 CAP.
475 4347 565 4401 87.
616 4375 685 4425 j-
735 4349 1008 4425 Cypriani
1053 4354 1335 4425 opuscula,
1381 4356 1693 4425 Athanasii,
1745 4360 1954 4418 Hilarii
1983 4421 2012 4425 _
2061 4353 2387 4408 minantur-

375 4417 1206 4512 (‘i’rm‘ajthinunullp'fgnvulsa.
1254 4417 1618 4500 Hieronymus
1647 4417 1717 4487 ad
1746 4417 1952 4491 Laetam

2132 4459 2193 4498 .P.
2225 4443 2314 4496 96.
2349 4473 2415 4482 —
2449 4442 2521 4496 De
2549 4440 2808 4512 synodico
2840 4439 3020 4494 libello
3052 4438 3316 4511 Gregorii.
3349 4439 3496 4496 Beda
3526 4440 3583 4496 in
3616 4441 3718 4496 Hi-

376 4487 450 4542 de
474 4486 822 4544 institutione
850 4490 1006 4559 ﬁlix.

375 4573 646 4666 Cypriani
678 4579 962 4650 opuscula
991 4595 1224 4655 semper
1256 4584 1315 4640 in
1365 4603 1541 4644 manu
1577 4595 1771 4648 teneat
1807 4595 1953 4666 (ﬁlia

305 4667 452 4733 tua),
483 4665 787 4722 Athanasii
815 4669 1114 4740 epistolas,
1137 4677 1192 4728 et
1222 4674 1423 4730 Hilarii
1454 4678 1636 4734 libros
1668 4680 1952 4740 inoffenso

305 4753 577 4809 decurrat
625 4755 788 4826 pede.
825 4757 1060 4813 Illorum
1089 4762 1458 4830 tractatibus,
1491 4765 1726 4822 illorum
1771 4770 1953 4827 delec-

303 4846 457 4898 tetur
503 4841 778 4915 ingeniis,
809 4844 868 4900 in
918 4863 1167 4918 quorum
1217 4849 1385 4908 libris
1432 4853 1621 4925 pietas
1651 4856 1783 4914 ﬁdei
1833 4877 1949 4918 non

301 4931 551 4987 vacillat.
583 4937 828 4990 Czeteros
859 4936 944 4992 sic
975 4935 1147 5010 legat,
1184 4942 1250 4995 ut
1277 4943 1464 5014 magis
1487 4944 1734 5016 judicet,
1769 4965 1946 5020 quam

301 5025 605 5092 sequatur.

300 5111 436 5167 CAP.
468 5110 660 5192 88.._-
690 5113 879 5192 Libros
907 5115 1299 5192 catholicorum
1350 5121 1577 5178 Patrum
1611 5125 1710 5192 qui
1735 5136 1947 5185 sancto-

369 5182 697 5269 rum‘vit‘am
741 5184 1214 5269 ςίρξίξνὶὺιιηιλιοπ
1242 5193 1583 5251 reficiendos.
1617 5182 1719 5252 Ἐω
1747 5182 1948 5269 regula

369 5256 550 5309 sancti
581 5256 878 5325 Benedicti,
910 5275 1029 5330 cap.
1055 5261 1144 5316 73.

369 5343 510 5407 Quis
535 5343 682 5400 liber
725 5351 1062 5403 sanctorum
1114 5349 1530 5408 catholicorum
1567 5356 1802 5413 Patrum
1837 5359 1944 5416 hoc

301 5445 414 5485 non
448 5437 700 5502 resonat,
734 5441 800 5492 ut
842 5441 995 5493 recto
1027 5454 1202 5494 cursu
1236 5443 1644 5512 perveniamus
1673 5447 1744 5502 ad
1776 5452 1940 5506 Crea-

298 5520 482 5575 torem
531 5525 843 5582 nostrum?
892 5543 997 5584 nec
1051 5545 1165 5586 non
1215 5536 1271 5588 et
1315 5531 1654 5594 collationes
1703 5536 1940 5598 Patrum

2369 4515 2543 4569 storia
2571 4514 2892 4583 Anglorum,
2924 4512 3065 4567 libro
3096 4528 3158 4580 ιι,
3193 4527 3316 4583 cup.
3350 4512 3400 4568 1.

2133 4600 2420 4657 Libellum
2480 4601 2825 4674 synodicum
2883 4599 3176 4672 episcopis
3237 4599 3417 4656 Italiae
3473 4599 3544 4655 de
3611 4615 3715 4656 ne-

2061 4690 2333 4746 cessariis
2392 4690 2660 4746 Ecclesiae
2717 4689 2913 4746 causis
2966 4688 3350 4745 utilissimum
3397 4689 3719 4762 Gregorius

2061 4780 2412 4852 composuit.

2059 4868 2195 4925 CAP.
2226 4869 2320 4951 97.
2353 4901 2419 4910 -
2449 4870 2532 4951 _De
2560 4866 3211 4951 quadraginta'homitiis
3237 4867 3541 4951 .Gregoriin
3575 4865 3715 4922 Gre-

2128 4943 2316 5066 lgorius
2376 4937 2646 5012 episcopus
2702 4937 2793 4996 in'
2816 4937 3046 5012 prologo
3105 4937 3473 5012 quadraginta
3521 4937 3715 4995 home-

2154 5029 2358 5068 tarum.

2128 5100 2443 5173 Gregorius
2487 5101 2820 5173 episcopus,
2875 5114 3078 5154 servus
3129 5113 3430 5155 servorum
3465 5097 3586 5162 Dei,
3621 5098 3721 5155 Se-

2057 5191 2313 5245 cundino
2345 5191 2708 5262 coepiscopo.
2743 5191 2899 5244 Inter
2930 5204 3096 5244 sacra
3145 5187 3464 5244 missarum
3497 5186 3723 5244 solem-

2057 5276 2177 5342 nia,
2211 5293 2278 5332 ex
2309 5277 2402 5332 his
2434 5295 2560 5349 quae
2610 5277 2819 5332 diebus
2869 5277 3044 5332 certis
3073 5277 3132 5330 in
3182 5275 3429 5333 ecclesia
3461 5275 3570 5332 hac
3599 5275 3718 5349 legi

2055 5383 2124 5422 ex
2154 5381 2316 5421 more
2347 5365 2558 5432 solent,
2591 5365 2776 5422 sancti
2823 5364 3123 5438 Evangelii
3155 5363 3432 5422 lectiones
3463 5365 3714 5437 exposui

2056 5453 2490 5528 quadraginta;
2538 5460 2594 5511 et
2645 5453 3040 5527 quarumdam
3090 5453 3330 5526 quidem
3363 5455 3582 5510 dictata
3610 5471 3710 5510 ex-

2055 5542 2267 5616 positio
2309 5543 2604 5602 assistenti
2635 5543 2788 5617 plebi
2837 5548 2927 5601 est
2957 5542 3201 5601 recitata
3252 5560 3357 5616 per
3387 5542 3708 5614 notarium,
