3978 6060
229 296 339 351 289

1033 290 1341 344 DECRETI
1379 290 1563 343 PARS
1597 288 1694 342 IV.
1724 316 1793 327 -—
1827 289 1923 341 DE
1960 288 2230 342 FESTIV.
2270 293 2363 344 ET
2395 294 2656 356 JEJUN.,
2696 295 2849 347 ETC.

3541 300 3647 354 290

218 421 618 494 quarumdam
677 432 812 474 vero
871 415 1337 489 explanationem
1409 430 1607 470 coram
1664 412 1878 485 populo
1912 415 1963 482 Α
1996 418 2117 469 stro
2150 414 2353 471 debuit
2374 417 2600 487 judicio
2632 417 3302 491 approbari,praesertim
3333 424 3642 482 cumidem

217 512 351 583 ipse
412 509 648 565 locutus
703 523 860 576 sum,
917 511 1094 578 atque
1152 505 1256 571 ita,
1310 506 1374 558 ut
1433 502 1733 574 loquebar,
1785 518 1881 558 ex-

218 605 394 672 cepta
422 603 532 655 est.

289 711 428 764 CAP.
451 706 542 761 98.
576 735 642 745 —
676 705 746 759 De
774 701 1128 774 dispositione
1157 699 1498 756 earumdem.
1537 698 1760 753 Ibidem.

292 813 543 869 Easdem
570 810 847 867 homilias
870 824 936 864 eo
961 825 1076 880 quo
1099 807 1263 863 dictae
1289 810 1428 862 sunt
1450 804 1881 859 ordineinduo-

216 904 333 959 bus
364 900 666 957 codicibus
696 915 912 971 ponere
935 896 1155 963 curavi,
1181 899 1237 951 et
1259 896 1482 967 priores
1528 893 1764 965 quidem
1800 893 1883 947 vi-

216 990 370 1065 ginti
399 1007 524 1061 quae
552 988 718 1044 dictae
751 990 909 1055 sunt,
934 991 992 1041 et
1014 984 1364 1057 posteriores
1395 982 1663 1039 totidem.

364 1100 497 1154 CAP.
529 1097 619 1151 99.
651 1125 723 1137 —
753 1094 912 1150 Gesta
941 1094 1155 1164 quinta:
1182 1090 1400 1163 synodi,
1433 1090 1521 1145 die
1550 1090 1738 1144 tertia.

291 1205 613 1277 Sequimur
645 1218 747 1275 per
777 1199 975 1257 omnia
1015 1202 1251 1256 sanctos
1296 1198 1495 1252 Patres
1526 1199 1581 1251 et
1613 1197 1885 1252 doctores

214 1293 490 1351 Ecclesiae
532 1290 948 1352 Athanasium,
980 1287 1290 1355 Hilarium,
1321 1284 1630 1354 Basilium,
1665 1284 1882 1353 Grego-

216 1383 378 1439 rium
410 1378 769 1450 theologum,
800 1384 857 1434 et
887 1378 1235 1450 Gregorium
1270 1375 1625 1447 Nyssenum,
1650 1370 1886 1427 Ambro-

215 1475 403 1541 sium,
425 1472 845 1543 Augustinum,
868 1467 1279 1540 Theophilum,
1298 1467 1588 1522 Joannem
1607 1465 1888 1520 Constan-

214 1564 701 1636 tinopolitanum,
719 1560 1021 1634 Cyrillum.
1045 1560 1317 1615 Leonem.
1338 1556 1651 1613 Proculum
1671 1572 1683 1609 :
1706 1559 1763 1611 et
1792 1568 1888 1608 su.

215 1654 512 1726 scipimus
533 1651 730 1708 omnia
752 1667 880 1722 quae
910 1650 978 1703 de
1005 1653 1163 1704 recta
1186 1643 1887 1713 ﬁde,etcondemnatione

218 1743 627 1799 haereticorum
644 1737 1226 1811 exposuerunt,susci
1235 1736 1432 1808 pimus
1446 1740 1643 1791 autem
1665 1737 1722 1789 et
1740 1730 1887 1788 alios

219 1837 463 1887 sanctos
485 1837 543 1885 et
578 1829 930 1884 orthodoxos
979 1827 1202 1892 Patres,
1227 1826 1325 1895 qui
1348 1825 1405 1878 in
1432 1828 1636 1879 sancta
1656 1822 1755 1877 Dei
1780 1824 1886 1875 Ec-

214 1919 400 1977 clesia
431 1923 648 1974 rectam
683 1917 857 1971 fidem
891 1913 1440 1986 irreprebensibiter
1469 1928 1654 1982 usque
1696 1911 1756 1965 in
1807 1911 1875 1964 ti-

219 2026 358 2065 nem
389 2007 517 2063 vitte
549 2023 667 2063 suae
701 2005 1188 2077 praedicaverunt.

213 2116 353 2171 CAP.
394 2116 510 2168 100.
544 2143 613 2155 ——-
642 2113 716 2167 De
746 2112 1168 2181 conﬁrmatione
1200 2110 1377 2165 libelli
1409 2108 1666 2165 Ennodii.
1696 2107 1874 2179 Syno-

686 2184 786 2239 dus
816 2200 862 2239 e.
889 2182 1203 2253 Symmachi
1229 2198 1409 2253 papae.

287 2274 558 2347 Synodus
589 2272 768 2329 dixit:
794 2276 870 2327 Ea
893 2288 1018 2341 quae
1050 2272 1109 2325 in
1136 2270 1332 2326 libello
1367 2285 1539 2341 quem
1576 2266 1872 2324 Ennodius

215 2368 426 2420 nostra
458 2362 804 2418 auctoritate
834 2360 1205 2431 conscripsit,
1231 2360 1379 2415 sicut
1410 2360 1467 2414 in
1502 2362 1704 2414 nostra
1734 2375 1872 2428 prse-

220 2452 415 2509 sentia
437 2451 651 2507 retecta
668 2455 827 2518 sunt,
852 2454 917 2505 ut
935 2450 1188 2521 propriis
1211 2448 1488 2505 manibus
1506 2448 1873 2515 roborentur,

217 2547 705 2613 rogamus,atque
727 2544 793 2595 ut
813 2540 872 2594 in
895 2543 1238 2611 perpetuum
1264 2536 1878 2603 conserventur,sicut

216 2630 567 2702 praedictum
599 2633 709 2697 est,
722 2636 915 2683 vestra
932 2626 1252 2699 apostolica
1272 2625 1619 2683 auctoritate
1645 2626 1874 2679 tirmen-

219 2725 341 2775 tur.
373 2717 763 2790 Symmachus
793 2717 1134 2788 respondit:
1171 2715 1312 2771 Fiat.

214 2827 355 2881 CAP.
388 2824 510 2879 lOl.
547 2855 612 2865 —
647 2822 788 2891 Quid
817 2823 961 2877 idem
998 2822 1275 2881 Ennodius
1329 2820 1531 2877 sentiat
1578 2820 1644 2874 de
1689 2827 1871 2875 aucto-

292 2898 465 2951 ritate
498 2896 727 2951 Ποπιαηὶ
752 2893 1052 2965 pontiﬁcis.
1085 2893 1345 2950 Nicotaus
1388 2910 1536 2964 papa
1565 2892 1586 2945 I
1617 2892 1876 2947 Michaeti

293 2970 538 3036 Augusto
568 2968 678 3038 (ep.
709 2970 744 3021 2
776 2966 857 3021 vel
886 2966 962 3037 8).

292 3056 456 3111 Sicut
470 3072 722 3127 magnus
736 3053 950 3111 Christi
963 3053 1265 3109 confessor
1285 3051 1583 3107 Ennodius
1610 3051 1877 3107 Ticinen-

1991 502 2267 575 Joannes,
2292 504 2427 561 licet
2452 506 2650 561 multae
2684 507 2941 563 scientiae
2964 524 3094 565 esse
3116 511 3483 581 przedicetur,
3502 514 3644 571 olim

1994 608 2107 647 non
2132 609 2273 649 sane
2297 612 2500 667 sapere
2527 597 2583 651 in
2608 596 2964 668 quibusdam
2990 598 3279 670 frequenti
3307 617 3539 659 rumore
3563 604 3647 658 di-

1992 686 2238 738 ceretur.
2268 685 2470 755 Itaque
2497 686 2648 757 quod
2683 684 2969 741 hactenus
3000 687 3288 743 omissum
3322 694 3433 755 est,
3456 696 3649 748 vestra

1992 770 2287 827 industria
2307 772 2661 845 suppleat,et
2684 774 2851 830 nobis
2874 776 3184 847 prwfatum
3207 794 3354 849 opus
3378 780 3505 836 sine
3528 780 3650 836 ulla

1993 861 2363 918 cunctatione
2388 864 2604 931 mittat,
2625 869 2939 935 quatenus,
2967 865 3107 919 dum
3136 883 3169 920 a
3193 867 3378 922 nostri
3415 874 3649 939 aposto-

1992 948 2147 1005 latus
2162 950 2387 1020 judicio
2413 951 2585 1007 fuerit
2606 953 2931 1024 approbato
2944 970 3020 1021 m,
3045 954 3117 1009 ab
3140 956 3414 1013 omnibus
3438 958 3646 1014 incun-

1991 1042 2218 1094 ctanter
2249 1046 2451 1097 nostra
2481 1042 2829 1097 auctoritate
2859 1043 3155 1114 acceptius
3184 1043 3490 1101 habeatur.

1991 1144 2126 1200 CAP.
2162 1147 2285 1223 l0_5.
2319 1177 2387 1223 Τ-
2418 1149 2491 1203 De
2516 1150 2825 1223 canonibus
2876 1151 3247 1223 apostolorum
3277 1153 3411 1223 quid
3458 1156 3517 1207 in
3566 1156 3646 1210 eis

2063 1218 2444 1295 recipiendum
2474 1220 2567 1295 sit,
2602 1221 2734 1295 quid
2776 1218 3043 1276 nonfLeo
3076 1223 3177 1295 IX,
3206 1218 3399 1295 contra
3444 1227 3644 1295 episto-

2065 1289 2185 1343 tum
2218 1290 2417 1346 Nicetz
2446 1289 2658 1347 abbatis
2688 1294 2754 1347 de
2777 1293 3115 1347 monasterio
3143 1289 3330 1349 studii.

2064 1377 2222 1447 (Dist.
2264 1378 2345 1445 l6,
2377 1395 2496 1449 cap.
2533 1379 2870 1450 Clementis.)
2919 1380 3238 1436 Clementis
3291 1381 3535 1451 librum,
3584 1385 3643 1440 id

1995 1469 2084 1520 est
2114 1465 2480 1523 Itinerarium
2511 1468 2663 1522 Petri
2695 1468 2967 1538 apostoli,
2990 1474 3046 1524 et
3076 1485 3328 1525 canones
3358 1473 3657 1543 apostolo-

1994 1570 2125 1609 rum
2160 1558 2548 1611 numerarunt
2578 1558 2762 1612 sancti
2797 1557 2995 1613 Patres
3018 1558 3170 1614 inter
3191 1561 3648 1633 apocrypha,ex-

1995 1643 2180 1715 ceptis
2214 1644 2489 1715 capitulis
2519 1643 2970 1716 quinquaginta,
3000 1663 3127 1717 quae
3159 1647 3539 1705 decreverunt
3558 1667 3645 1707 re-
3688 1634 3691 1639 ί

1996 1731 2149 1803 gulis
2177 1732 2516 1789 orlbodoxis
2544 1734 2940 1806 adjungenda.

1916 1791 1963 1855 Β
1994 1791 2125 1877 CAP.
2160 1822 2281 1878 106.
2314 1854 2381 1863 —
2411 1824 2543 1900 Item
2580 1791 2643 1878 de
2692 1791 2894 1900 “idem.
2934 1823 3097 1900 Sexta
3142 1826 3405 1900 synodus,
3436 1844 3556 1900 cap.
3587 1828 3645 1884 2.

2410 1895 2692 1965 (Constan.
2727 1896 2786 1950 in
2825 1896 3031 1963 Trullo,
3064 1912 3111 1951 c.
3143 1895 3223 1969 2⁷.)

2063 1980 2219 2052 (Dist.
2259 1983 2343 2050 16,
2376 1984 2720 2054 c.‘Ptacuit.)
2753 1983 2980 2038 Placuit
3013 1984 3144 2039 huic
3176 1991 3391 2041 sancta:
3424 1987 3645 2059 synodo

1993 2073 2058 2124 ut
2081 2072 2292 2126 amodo
2314 2071 2658 2128 conﬁrmata
2680 2076 2736 2128 et
2759 2076 2884 2128 rata
2902 2072 3021 2128 sint
3042 2090 3333 2130 canonum
3359 2076 3647 2148 apostolo-

1992 2174 2121 2214 rum
2152 2160 2221 2213 85
2251 2160 2526 2231 capitula.

1993 2265 2126 2322 CAP.
2164 2268 2284 2345 lO7_.
2307 2268 2643 2345 —_Canones
2667 2270 3033 2345 apostolorum
3053 2272 3188 2326 aliis
3215 2272 3466 2327 conciliis
3494 2288 3645 2345 pra-

2052 2339 2343 2409 ponendos.
2371 2341 2452 2394 Ea:
2479 2343 2809 2411 praefatione
2831 2341 3024 2395 Isidori
3044 2345 3101 2397 in
3127 2359 3261 2413 opus
3280 2339 3574 2399 canonum.

1974 2476 1977 2477 ν
2062 2426 2215 2497 (Ead.
2247 2427 2371 2482 dist.
2404 2430 2529 2483 eod.
2564 2429 2637 2499 ο.)
2668 2430 2924 2485 Isidorus
2965 2436 3253 2486 mercator
3298 2433 3635 2504 [peccator],

1991 2532 2197 2571 servus
2215 2516 2447 2583 Christi,
2470 2533 2747 2573 conservo
2774 2535 2900 2584 suo,
2926 2523 2981 2572 et
3003 2520 3228 2589 parenti
3259 2521 3416 2586 fidei,
3441 2522 3499 2576 in
3523 2522 3637 2578 Do-

1990 2604 2149 2659 mino
2177 2604 2451 2660 salutem.
2488 2607 2723 2676 Propter
2751 2622 2952 2661 eorum
2977 2608 3384 2663 auctoritatem
3413 2610 3639 2665 caeteris

1991 2693 2254 2748 conciliis
2276 2694 2702 2767 przeposuimus
2726 2712 2975 2751 canones
2989 2696 3083 2766 qui
3107 2696 3388 2751 dicuntur
3408 2702 3639 2769 aposto-

1991 2780 2206 2851 lorum,
2230 2780 2365 2838 licet
2386 2800 2417 2836 a
2440 2782 2795 2853 quibusdam
2830 2782 3145 2854 apocrypbi
3177 2782 3469 2850 dicantur,
3493 2800 3640 2855 quo-

1991 2869 2147 2925 niam
2184 2870 2496 2943 pOpulares
2531 2871 2773 2942 [plures]
2796 2887 2896 2926 eos
2920 2871 3228 2943 recipiunt,
3251 2875 3308 2927 et
3328 2872 3517 2927 sancti
3540 2872 3643 2927 Pa-

1989 2961 2107 3013 tres
2141 2975 2337 3015 eorum
2371 2959 2691 3016 sententias
2723 2960 2988 3029 synodali
3020 2961 3369 3016 auctoritate
3399 2962 3643 3017 robora-

1988 3051 2219 3114 verunt,
2248 3051 2304 3102 et
2324 3047 2477 3103 inter
2497 3049 2810 3104 canonicas
2841 3054 3166 3120 posuerunt
3196 3049 3646 3106 constitutiones

217 3144 306 3200 sis
331 3144 644 3216 episcopus
667 3143 766 3214 qui
791 3143 863 3198 ab
885 3142 1197 3197 Hormisda
1220 3140 1546 3212 apostolica
1583 3139 1874 3195 memoriae
1907 3161 1950 3228 Ο
1993 3137 2138 3190 Item.
2164 3136 2396 3228 l’rimus
2418 3138 2579 3205 ordo,
2606 3143 2671 3192 ut
2691 3138 3031 3208 praedictum
3065 3145 3171 3207 est,
3198 3138 3268 3194 de
3295 3138 3644 3194 celebrando

217 3232 793 3303 Constantinopolim
813 3231 1403 3297 missus,innumeras
1417 3230 1681 3285 miserias
1695 3229 1885 3290 aGrrr,

220 3340 426 3381 corum
452 3323 687 3379 vesania
710 3338 813 3394 pro
841 3323 952 3377 fide
972 3320 1183 3375 Christi
1210 3323 1268 3374 et
1299 3324 1454 3374 statu
1478 3318 1745 3374 Ecclesia!
1772 3335 1885 3374 non

222 3412 410 3469 semel
462 3410 722 3483 pertulit,
750 3427 817 3465 ex
850 3410 1135 3482 prepheta
1166 3409 1238 3463 de
1269 3408 1362 3462 his
1393 3407 1705 3462 meminit:
1739 3408 1884 3462 Nun-

223 3500 359 3573 quid
388 3500 721 3571 gloriabitur
749 3497 959 3553 securis
992 3502 1183 3553 contra
1223 3513 1353 3551 eum
1399 3495 1496 3566 qui
1541 3504 1683 3551 secat
1712 3497 1770 3550 in
1799 3511 1885 3564 ea,

226 3592 324 3645 aut
366 3589 708 3645 exattabitur
749 3603 906 3642 serra
954 3592 1148 3641 contra
1194 3601 1318 3640 eam
1368 3585 1464 3656 qui
1512 3586 1680 3639 trahit
1724 3587 1890 3640 eam?

224 3680 389 3747 (Isai.
425 3678 501 3749 χ.)

233 3786 370 3842 CAP.
408 3784 528 3840 {02.
557 3785 780 3839 —Item
818 3781 893 3838 de
930 3781 1137 3837 eodem.
1169 3783 1411 3837 Joannes
1457 3782 1592 3848 VIII,
1626 3780 1886 3837 Berrario

799 3854 1077 3924 [Bercari]
1109 3853 1322 3908 abbati.

309 3943 481 4001 Absit
511 3961 545 3998 a
573 3942 687 4014 piis
721 3942 1019 3997 mentibus
1051 3942 1187 4012 quid
1224 3941 1294 3995 de
1333 3939 1579 3995 Romani
1611 3940 1888 3997 culminis

231 4033 513 4107 pontiﬁce
534 4030 845 4087 sinistrum
871 4030 1253 4093 sentire,cum
1279 4030 1447 4084 beato
1469 4029 1730 4084 Ennodio
1748 4046 1889 4084 con-

234 4122 457 4177 fessore
514 4120 838 4175 Ticinensis
872 4118 1033 4174 urbis
1066 4117 1327 4173 antistite
1357 4118 1649 4173 scribente
1680 4119 1885 4173 docea-

234 4226 373 4265 mur
402 4210 541 4281 quia
575 4214 723 4264 Deus
755 4208 1132 4279 omnipotens
1164 4211 1265 4261 aut
1294 4205 1483 4261 claros
1516 4207 1585 4261 ad
1623 4210 1785 4263 tanta
1802 4207 1887 4263 fa-

231 4298 412 4370 stigia
440 4297 627 4368 erigit,
659 4301 794 4351 aute
825 4300 978 4351 certe
1011 4311 1160 4367 quos
1190 4294 1366 4367 elegit
1392 4294 1669 4351 illustrat.

232 4409 367 4461 CAP.
404 4405 527 4459 103.
566 4434 626 4444 -
672 4405 749 4458 De
798 4401 1190 4459 commentario
1254 4401 1486 4457 Rheticii
1532 4402 1886 4473 Augustodu-

305 4479 497 4531 nensis
527 4475 787 4547 episcOpi,
813 4476 868 4529 in
904 4474 1193 4528 Canticum
1222 4475 1576 4528 canticorum.
1610 4474 1882 4547 Hierony-

306 4529 431 4602 mus
456 4529 742 4617 thymi.
774 4529 862 4601 ad.
892 4547 1257 4616 Florentium,
1288 4560 1414 4616 quae
1441 4546 1639 4615 incipit
1670 4562 1688 4600 :
1726 4544 1787 4600 In
1820 4529 1889 4600 ὅθ.
1918 4529 1962 4593 Ῑ)

308 4618 453 4673 mihi
491 4625 671 4689 parte.

305 4709 392 4762 0b
426 4707 533 4763 hoc
572 4711 629 4762 et
658 4722 764 4777 ego
798 4706 1058 4773 obsecro,
1091 4709 1151 4759 et
1180 4708 1245 4758 tu
1278 4707 1341 4759 ut
1373 4707 1533 4774 petas
1564 4703 1886 4774 plurimum

234 4812 456 4867 quaeso,
490 4800 554 4849 ut
584 4794 689 4849 tibi
720 4794 870 4849 beati
903 4793 1151 4848 Rheticii
1186 4792 1739 4863 Augustodunensis
1768 4791 1889 4862 epi-

234 4884 396 4955 scopi
431 4883 920 4939 commentarium
950 4882 1019 4936 ad
1044 4881 1497 4936 describendum
1522 4880 1886 4951 largiatur,in

233 4988 350 5043 quo
380 4973 683 5028 Canticum
720 4970 1083 5025 canticorum
1116 4968 1357 5024 sublimi
1391 4984 1486 5023 ore
1516 4968 1815 5024 disseruit.

232 5081 372 5135 CAP.
406 5077 529 5132 104.
556 5109 625 5118 -—-
656 5078 727 5130 De
781 5078 991 5131 Joanne
1038 5076 1214 5139 Scuto,
1256 5074 1398 5144 quod
1449 5075 1504 5128 in
1564 5074 1890 5144 quibusdam

346 5151 477 5205 bene
497 5164 604 5204 non
627 5147 876 5203 senserit.
901 5148 1156 5202 Nicotaus
1182 5146 1380 5201 Carolo
1409 5147 1528 5213 regi
1549 5146 1778 5216 majori.

307 5254 577 5309 Relatum
610 5258 701 5309 est
729 5252 1082 5324 apostolatui
1109 5256 1312 5307 nostro
1343 5252 1495 5321 quod
1531 5267 1680 5322 opus
1734 5252 1884 5307 beati

239 5343 497 5415 Dionysii
530 5341 892 5413 Areopagitae
922 5342 1073 5410 quod
1103 5342 1171 5394 de
1192 5340 1405 5395 divinis
1436 5340 1777 5396 nominibus
1798 5339 1885 5396 vel

235 5430 577 5487 ccelestibus
608 5429 914 5484 ordinibus
944 5428 1140 5483 Graeco
1163 5427 1474 5499 descripsit
1495 5427 1886 5501 eloquio,qui-

237 5522 372 5576 dam
407 5519 496 5572 vir
523 5519 799 5583 Joannes,
824 5533 1033 5588 genere
1064 5518 1294 5586 Scotus,
1321 5532 1506 5587 nuper
1530 5516 1585 5571 in
1613 5518 1885 5574 Latinum

238 5606 629 5667 transtulerit.
653 5607 815 5671 Quod
840 5608 1014 5676 juxta
1042 5621 1266 5662 morem
1299 5604 1466 5660 nobis
1496 5605 1672 5687 mitti,
1705 5610 1762 5663 et
1790 5624 1888 5664 no-

1995 3224 2240 3280 concilio
2273 3226 2529 3281 insertus
2562 3225 2829 3294 habetur,
2862 3230 2919 3281 et
2947 3226 3319 3297 postmodum
3353 3242 3647 3283 canonum

1997 3313 2393 3384 apostolorum
2428 3331 2489 3369 ac
2517 3315 2842 3385 primorum
2876 3314 3331 3386 apostolicorum
3368 3315 3445 3383 (id
3479 3320 3587 3382 est,
3616 3334 3649 3371 τι

1997 3407 2197 3457 sancto
2230 3402 2521 3458 Clemente
2552 3420 2742 3474 usque
2764 3404 2831 3458 ad
2853 3407 3119 3458 sanctum
3153 3402 3523 3471 Silvestrum)
3546 3405 3647 3459 de-

1997 3496 2286 3546 cretorum
2308 3495 2478 3562 atque
2496 3492 2857 3548 diversorum
2882 3491 3265 3548 conciliorum
3289 3491 3644 3549 breviarium

1995 3581 2386 3653 interpolator
2415 3597 2669 3652 sequens
2700 3581 2963 3636 ordinem
3000 3598 3195 3637 suum.
3224 3583 3355 3636 Item
3384 3581 3449 3637 de
3463 3582 3648 3638 eodem

1996 3670 2334 3741 Zepherinus
2371 3686 2513 3741 papa
2561 3671 2825 3741 episcopis
2872 3685 2971 3740 per
3015 3670 3267 3725 Siciliam
3315 3674 3644 3727 constitutis.

1997 3758 2153 3828 (Dist.
2190 3760 2274 3821 16.
2306 3775 2353 3813 c.
2386 3759 2725 3830 Sexaginta).
2759 3759 3072 3831 Sexaginta
3128 3759 3377 3829 apostoli
3410 3765 3647 3817 senten-

1996 3847 2110 3903 tias
2142 3848 2513 3919 prtetixerunt
2542 3864 2675 3903 cum
2702 3847 2833 3903 aliis
2856 3848 3313 3921 quamplurimis
3334 3850 3646 3924 episcopis,

1998 3942 2054 3993 et
2079 3939 2390 3993 servandas
2421 3942 2797 3993 censuerunt.

1996 4026 2130 4081 CAP.
2169 4028 2267 4083 l08
2322 4059 2386 4067 —
2420 4028 2489 4099 De
2516 4028 2586 4080 70
2615 4028 2877 4099 capitulis
2919 4029 3139 4084 Nicaeni
3183 4029 3427 4084 concilii.
3474 4030 3645 4083 Attia-

2297 4098 2493 4153 nasius
2520 4098 2933 4154 Alexandrinus
2962 4100 3136 4153 Marco
3156 4115 3341 4168 papa.

2067 4188 2230 4255 (Dist.
2284 4188 2370 4247 16.
2422 4204 2468 4242 c.
2530 4188 2929 4257 Septuaginta).
2992 4186 3375 4256 Septuaginta
3426 4187 3647 4243 Nicaani

1997 4277 2224 4332 concilii
2247 4275 2504 4346 capitula
2524 4292 2651 4345 quae
2675 4277 2745 4329 de
2770 4276 3010 4346 przefata
3030 4276 3518 4346 synodoJubente
3540 4277 3643 4331 do-

1996 4364 2157 4419 mino
2180 4380 2307 4418 meo
2330 4364 2676 4430 Alexandro,
2692 4364 2921 4419 decreto
2944 4364 3208 4421 omnium
3232 4364 3641 4437 episcoporum

1996 4452 2335 4522 attuli,quia
2356 4456 2497 4507 sunt
2516 4452 2651 4521 igne
2673 4453 3001 4519 combusta,
3025 4457 3319 4522 optamus,
3344 4458 3462 4509 uta
3487 4454 3644 4510 sedis

1994 4546 2208 4597 sanctae
2252 4540 2518 4596 Ecclesiae
2566 4547 2769 4596 vestra;
2817 4542 3182 4610 auctoritate,
3215 4543 3512 4614 percipere
3544 4558 3647 4615 per

1997 4635 2315 4701 praesentes
2336 4628 2556 4700 legatos
2581 4644 2932 4684 mereamur.
2959 4631 3111 4684 Item.
3139 4631 3525 4686 Praesentibus
3546 4648 3646 4687 no-

1997 4718 2108 4787 bis,
2138 4717 2290 4771 80in
2321 4721 2645 4772 memorata
2666 4718 2888 4788 synodo
2919 4718 3177 4789 capitula
3208 4723 3453 4774 tractata
3484 4725 3643 4787 sunt,

1998 4806 2221 4862 scilicet
2236 4807 2304 4860 40
2326 4823 2358 4861 a
2380 4805 2618 4867 Graecis,
2642 4805 2840 4860 Graeca
2861 4806 3017 4861 edita
3046 4805 3269 4878 lingua,
3294 4811 3349 4862 et
3374 4809 3442 4862 40
3473 4825 3506 4863 a
3540 4810 3646 4864 La-

1997 4895 2157 4958 tinis,
2192 4894 2464 4950 similiter
2495 4893 2697 4948 Latina
2725 4894 2879 4948 edita
2911 4892 3132 4964 lingua.
3166 4897 3274 4951 Sed
3323 4896 3513 4951 visum
3558 4900 3651 4952 est

1998 4984 2103 5038 318
2124 4982 2655 5054 episcOpis,Spiritu
2680 4988 2883 5037 sancto
2898 4982 3135 5052 repletis
3150 4983 3206 5037 in
3224 4985 3500 5053 praedicto
3514 5001 3651 5041 con-

1998 5072 2131 5127 cilio
2176 5070 2569 5142 congregatis,
2592 5074 2649 5125 et
2681 5070 2930 5125 maxime
2953 5071 3079 5141 jam
3112 5071 3266 5127 dicto
3298 5072 3647 5143 Alexandro,

1999 5166 2056 5215 et
2084 5160 2414 5231 apostolicis
2446 5160 2603 5214 sedis
2635 5159 3133 5229 apocrisiariis,ut
3159 5160 3358 5217 decem
3391 5162 3651 5232 capitula

1999 5248 2742 5315 adunarenturaliis,atque
2764 5249 3039 5319 congruis
3062 5249 3205 5305 locis
3229 5250 3647 5318 insererentur,

1997 5344 2054 5393 et
2085 5338 2155 5392 ad
2190 5338 2437 5391 formam
2467 5338 2536 5390 7O
2567 5336 3111 5408 discipulorum,vel
3134 5338 3311 5392 totius
3342 5336 3499 5391 orbis
3530 5339 3647 5390 ter-

1998 5444 2071 5481 ra:
2102 5426 2432 5495 linguarum
2494 5426 2870 5497 septuaginta
2899 5426 3048 5481 tanti
3074 5433 3130 5481 et
3158 5431 3278 5481 tam
3311 5422 3647 5481 excellentis

1996 5514 2227 5570 concilii
2263 5514 2465 5570 ﬁerent
2488 5512 2907 5585 capitula,qu&3
2929 5529 3158 5571 omnem
3178 5510 3644 5571 Christianorum

1998 5603 2387 5659 intormarent
2415 5602 2637 5658 orbem.
