3970 6058
377 289 481 344 291

1457 293 1524 343 D.
1565 289 1801 342 IVONIS
1839 285 2334 338 CARNOTENSIS
2373 286 2694 340 EPISCOPI

3695 286 3808 341 292

373 417 504 470 CAP.
545 410 662 490 109.
697 441 763 452 -
795 412 931 467 Item
963 411 1038 490 de
1075 410 1280 490 cogem.
1320 412 1541 490 Marcus
1587 426 1748 490 papa_
1784 408 2023 464 Athana-
2054 420 2108 485 Α
2143 424 2438 478 neramur,
2462 409 2662 480 justas
2693 411 2749 463 et
2779 407 3006 463 divinas
3037 407 3389 476 sententias,
3426 411 3483 464 et
3512 427 3630 466 non
3665 415 3805 468 tan-

600 484 705 551 sio,
736 491 788 539 et
818 483 1074 539 omnibus
1103 484 1488 555 Egyptiorum
1511 483 1794 554 episcopis.

448 590 524 646 De
545 588 934 660 capitulorum
961 607 1230 645 verorum
1250 590 1470 646 Nicani
1492 589 1721 646 concilii
1738 586 2024 658 exempla-

371 678 556 748 ribus,
581 678 673 734 cui
697 695 796 734 vos
821 678 1158 734 interfuisse
1180 678 1389 737 litteris
1410 683 1619 735 vestrae
1643 677 2025 734 fraternitatis

369 767 770 837 signiﬁcastis,
793 785 827 823 a
861 768 1102 839 nostris,
1127 768 1228 840 qui
1260 786 1377 825 una
1403 768 1702 825 vobiscum
1734 766 2017 822 interfue

368 859 507 912 runt
535 855 1008 926 diligentioribus
1041 857 1458 928 requisivimus
1505 855 2019 924 collocutionibus,

369 945 468 1017 qui
489 946 594 1010 ita,
618 949 682 1000 ut
701 950 906 1000 vestrae
929 949 1152 1002 testatas
1178 952 1320 1002 sunt
1343 946 1572 1013 litteris,
1591 962 1824 1002 omnem
1851 945 2019 1000 nobis

368 1033 632 1090 ordinem
654 1039 1065 1106 exposuerunt,
1081 1039 1137 1090 et
1157 1034 1470 1108 epistolam
1493 1040 1749 1092 vestram
1772 1051 1874 1105 per
1895 1049 2018 1089 om-

366 1123 463 1179 nia
494 1139 688 1178 veram
731 1140 862 1179 esse
912 1123 1111 1179 testati
1144 1130 1308 1193 sunt,
1342 1142 1456 1180 non
1490 1129 1555 1180 ut
1588 1142 1695 1180 nos
1725 1127 1919 1180 vestra
1947 1139 2018 1179 ex

364 1215 527 1283 parte
556 1210 780 1283 aliquid
813 1213 1122 1268 sinistrum
1151 1213 1596 1281 arbitraremur,
1613 1214 1710 1269 sed
1738 1214 1888 1284 quod
1913 1228 2020 1268 nos

362 1304 418 1356 et
437 1318 565 1370 vos,
587 1301 838 1372 illosque
861 1301 1084 1373 absque
1107 1302 1226 1359 ulla
1249 1303 1307 1358 in
1330 1309 1631 1375 posterum
1664 1302 2019 1358 titubatione

364 1406 540 1446 unum
579 1390 799 1446 sentire
839 1395 1201 1462 optaremus,
1225 1397 1281 1447 et
1305 1398 1508 1448 sancta
1530 1393 1791 1448 Romana
1821 1391 2018 1447 Eccle-

361 1479 451 1534 sia
483 1495 612 1550 quaa
634 1495 869 1551 semper
890 1479 1271 1535 immaculata
1292 1481 1530 1547 mansit,
1555 1485 1611 1536 et
1631 1481 1868 1536 domino
1892 1497 2016 1551 pro-

361 1568 614 1637 vidente,
639 1572 696 1623 et
721 1568 887 1623 beato
919 1567 1086 1624 Petro
1118 1585 1286 1640 opem
1320 1569 1538 1624 ferente
1569 1568 1628 1623 in
1665 1573 1860 1624 tuturo
1891 1585 2018 1623 ma-

363 1656 546 1728 nebit,
583 1655 710 1712 sine
739 1655 862 1712 ulla
893 1655 1298 1713 haereticorum
1332 1656 1734 1726 insultatione,
1760 1657 1931 1713 ﬁrma
1959 1659 2016 1712 et

2134 499 2260 551 tum
2293 515 2396 568 pro
2429 514 2672 554 suorum
2700 495 3083 552 multitudine
3114 498 3504 554 observantur
3532 516 3566 554 a
3600 501 3801 560 nobis.

2133 603 2268 658 CAP.
2321 604 2438 659 115.
2481 634 2549 644 —-
2609 605 2680 658 De
2735 606 3061 659 auctoritate
3118 613 3353 674 quatuor
3405 607 3796 664 conciliorum.

2380 676 2728 731 Novellarum
2759 675 3147 731 constitutione
3179 677 3299 744 115,
3333 692 3454 748 cap.
3489 680 3540 734 1.

2204 764 2466 828 Quatuor
2497 770 2834 821 sanctorum
2868 764 3251 821 conciliorum
3282 781 3540 822 canones
3577 784 3681 840 pro
3709 768 3794 823 le-

2131 851 2304 923 gibus
2335 851 2687 908 habeantur.

2129 962 2260 1013 CAP.
2293 960 2411 1014 116.
2444 990 2512 999 —
2543 960 2672 1026 Quae
2729 962 2844 1015 sint
2899 966 3138 1030 quatuor
3187 959 3450 1016 concilia.
3499 961 3795 1031 Gregorius

2340 1031 2489 1086 clero
2518 1035 2571 1087 et
2600 1031 2748 1102 plebi
2775 1033 3070 1101 Ravennae,
3106 1030 3266 1102 epist.
3295 1031 3351 1098 2,
3385 1032 3483 1089 lib.
3513 1050 3570 1088 v.

2199 1135 2560 1191 Veneramur
2589 1140 2854 1192 sanctam
2887 1135 3180 1192 Niczsnam
3217 1138 3531 1209 synodum,
3557 1139 3619 1194 in
3671 1157 3791 1212 qua

2130 1224 2336 1292 Arius;
2369 1224 3106 1296 Constantinopolitauam,
3133 1227 3192 1280 in
3227 1242 3344 1298 qua
3373 1227 3789 1299 Macedonius;

2129 1312 2482 1385 Ephesinam
2518 1313 2796 1385 primam,
2827 1315 2886 1369 in
2918 1330 3036 1385 qua
3061 1314 3399 1383 Nestorius;
3432 1321 3491 1372 et
3521 1324 3790 1376 sanctam

2127 1401 2661 1458 Chalcedonensem
2694 1406 3008 1474 synodum,
3030 1403 3090 1458 in
3123 1419 3240 1474 qua
3271 1404 3428 1460 idem
3457 1404 3788 1478 Nestorius,

2128 1492 2442 1548 Dioscorus
2466 1496 2641 1563 atque
2662 1491 2952 1564 Eutyches
2977 1493 3240 1548 damnati
3263 1499 3424 1549 sunt.
3450 1494 3506 1550 Si
3531 1495 3665 1566 quis
3690 1512 3791 1552 au-

2128 1586 2242 1637 tem
2265 1585 2468 1636 contra
2488 1581 2696 1636 harum
2721 1586 2974 1652 quatuor
2993 1582 3354 1654 synodorum
3369 1582 3570 1649 fidem,
3587 1588 3644 1640 et
3657 1601 3788 1642 con-

2126 1676 2214 1726 tra
2237 1675 2452 1726 sanctae
2473 1670 2767 1726 memorias
2803 1671 3004 1727 Leonis
3036 1688 3199 1744 papae
3229 1676 3457 1728 tomum
3488 1677 3666 1744 atque
3693 1674 3787 1731 de-

360 1746 686 1845 immobilis
700 1747 866 1845 timui
890 1747 1723 1845 ιθφροςθρθτεὶξιθτϐιιῌὶείὶξι
1738 1747 2010 1845 ρεταᾳιξξ,
2044 1780 2092 1845 Β
2123 1759 2451 1814 finitionem
2469 1758 2687 1832 aliquid
2707 1774 2970 1830 unquam
3000 1759 3163 1832 loqui
3195 1761 3521 1833 praisumit,
3546 1762 3788 1819 anathe-

362 1836 676 1908 diligenter
698 1835 1064 1908 inquirentes
1097 1837 1155 1891 in
1189 1841 1390 1892 sancto
1421 1842 1626 1892 nostra:
1649 1843 1707 1892 et
1731 1835 2012 1908 apostoli-

358 1941 438 1981 ca
458 1924 615 1980 sedis
638 1924 876 1980 servitio
902 1924 1187 1997 [scrinio],
1215 1925 1416 1981 eadem
1441 1942 1566 1996 quae
1590 1930 1803 1982 sanctae
1827 1942 2014 1981 recor-

357 2012 609 2068 dationis
651 2013 1064 2084 praedecessori
1097 2030 1224 2069 meo
1257 2013 1534 2069 Silvestre
1589 2018 1729 2069 sunt
1771 2014 2010 2081 directa,

358 2100 919 2172 septuaginta,sicut
948 2100 1352 2174 signiﬁcastis,
1373 2099 1628 2172 capitula
1657 2099 1840 2158 illzesa
1860 2101 2014 2157 inve-

359 2205 579 2244 nimus.

355 2277 492 2333 CAP.
527 2278 645 2333 110.
671 2309 736 2318 —-
765 2280 899 2335 Item
926 2279 992 2336 de
1035 2279 1219 2336 eodem
1268 2281 1499 2350 epistola
1546 2279 1749 2337 Isidori
1805 2280 1861 2335 in
1914 2295 2010 2335 ca-

962 2353 1075 2422 pite
1112 2367 1405 2408 canonum.

428 2435 599 2492 Plura
624 2453 803 2509 quam
836 2437 935 2494 illa
961 2439 1168 2511 viginti
1208 2440 1483 2512 capitula,
1521 2459 1648 2515 quas
1702 2439 1854 2512 apud
1907 2454 2012 2494 nos

353 2524 648 2582 habentur
669 2526 918 2583 Niczenae
949 2528 1156 2600 synodi
1191 2530 1516 2601 reperimus
1547 2536 1602 2587 et
1647 2530 1704 2584 in
1757 2527 2010 2584 decretis

349 2614 495 2670 Julii
527 2631 688 2688 papas
717 2617 788 2670 7O
818 2617 1084 2688 ejusdem
1117 2619 1323 2690 synodi
1346 2636 1474 2676 esse
1500 2621 1708 2677 debere
1731 2618 2006 2690 legimus.

349 2728 480 2807 (ΖΑΒ.
517 2730 742 2807 111._:-_-
796 2731 1037 2807 Itemde
1073 2733 1290 2807 eodem.
1334 2736 1515 2791 Julius
1561 2751 1705 2807 papa
1752 2732 2006 2800 Eusebio,

422 2801 622 2872 Tegneo
653 2801 1024 2874 [Theoyonio],
1054 2804 1344 2872 Theodoro,
1367 2815 1420 2862 et
1448 2801 1732 2875 Berinfho,
1769 2810 1879 2861 etc.

418 2907 718 2979 Sequntur
742 2907 861 2964 haec
895 2925 964 2964 ex
995 2911 1272 2980 praedicto
1331 2913 1576 2968 concilio
1623 2913 1854 2967 Nicaeno
1903 2927 2005 2966 ca-

345 2995 554 3068 pitula.
579 2997 640 3052 Id
671 3006 781 3064 est,
820 2999 903 3064 18,
945 2999 1028 3067 19,
1060 3001 1151 3065 21,
1181 3000 1270 3065 23,
1301 3002 1391 3069 26,
1423 3005 1515 3072 27,
1547 3002 1636 3067 28,
1669 3003 1759 3069 30,
1789 3001 1878 3068 40,
1913 3001 2003 3066 41,

346 3085 436 3156 45,
469 3086 557 3149 47,
591 3087 680 3152 49,
709 3088 800 3156 51,
832 3087 923 3154 52,
955 3088 1046 3155 53,
1077 3088 1169 3155 54,
1210 3089 1302 3158 55,
1351 3090 1442 3159 56,
1491 3090 1585 3160 58,
1633 3090 1724 3159 59,
1773 3090 1862 3156 60,
1911 3090 2002 3154 61,

347 3174 438 3242 62,
471 3175 563 3241 63,
594 3175 686 3233 66.

347 3279 476 3336 Car.
514 3282 634 3335 112.
664 3310 734 3321 -ο
765 3281 914 3348 Quod
940 3283 1162 3356 nultum
1191 3283 1490 3339 comitium
1519 3285 1606 3339 vel
1629 3289 1889 3356 praeferre
1916 3285 2002 3356 oet

419 3367 744 3423 comparare
773 3369 830 3408 se
858 3352 1055 3409 audeat
1085 3357 1310 3411 Νίσαιηο
1339 3357 1594 3413 concilio.
1617 3352 1717 3413 Leo
1744 3352 2000 3412 Anatolio

421 3425 676 3493 episcopo
707 3429 813 3495 (ep.
846 3423 960 3494 51).

345 3509 520 3566 Nulla
565 3511 802 3566 sibimet
845 3512 914 3567 de
971 3512 1457 3586 multiplicatione
1505 3515 1810 3588 synodalia
1862 3533 1998 3571 con-

343 3597 704 3670 gregationis
727 3600 977 3657 concilia
997 3602 1396 3672 blandiantur,
1424 3622 1606 3676 neque
1633 3605 1907 3661 trecentis
1931 3605 1999 3660 il-

343 3685 416 3741 lis
447 3687 768 3743 octodecim
802 3689 1095 3764 episcOpis
1127 3693 1562 3764 quantumlibet
1590 3694 1880 3766 copiosior
1897 3711 2000 3749 nu-

343 3790 545 3831 merus
588 3779 962 3834 sacerdotum
1012 3781 1098 3836 vel
1150 3798 1490 3854 comparare
1521 3800 1581 3838 se
1609 3783 1698 3838 vel
1730 3786 2000 3855 praeferre

339 3863 712 3936 audeat,cum
737 3872 898 3924 tanto
921 3869 1203 3926 divinitus
1227 3871 1528 3943 privilegio
1550 3872 1782 3927 Nicaana
1804 3873 1883 3927 sit
1904 3889 1998 3944 sy-

341 3953 533 4010 nodus
555 3961 990 4025 consecrata,ut
1011 3957 1132 4014 sive
1153 3975 1256 4030 per
1277 3960 1582 4031 pauciores
1606 3960 1727 4016 sive
1750 3977 1853 4032 per
1874 3960 1999 4032 piu-

339 4059 432 4100 res
461 4045 858 4102 ecclesiastica
881 4047 1106 4119 judicia
1147 4047 1535 4117 celebrentur,
1569 4050 1728 4104 omni
1762 4049 1997 4121 penitus

339 4134 689 4192 auctoritate
720 4135 798 4192 sit
827 4153 1099 4208 vacuum,
1132 4137 1419 4209 quidquid
1451 4138 1522 4193 ab
1549 4137 1782 4194 illorum
1820 4138 1997 4194 fuerit

337 4223 757 4281 constitutione
789 4225 1037 4282 divisum
1074 4227 1440 4298 [diversum].

407 4336 544 4394 CAP.
581 4340 701 4395 113.
735 4370 804 4382 -
832 4343 967 4398 Item
995 4341 1061 4398 de
1087 4345 1421 4400 auctoritate
1449 4343 1669 4400 Νέοωηὶ
1696 4342 1941 4399 concilii.

405 4442 558 4514 (Post
575 4446 802 4516 pauca.)
835 4446 1033 4503 Sancti
1064 4448 1148 4503 illi
1180 4457 1238 4505 et
1264 4451 1629 4507 venerabiles
1659 4450 1991 4522 Patres,qui

337 4530 399 4586 in
429 4531 576 4587 urbe
601 4531 838 4590 Nicaena
868 4535 1156 4609 sacrilego
1199 4538 1356 4604 Ario,
1389 4556 1522 4594 curn
1552 4556 1663 4596 sua
1696 4539 1995 4611 impietate

336 4619 640 4690 damnato,
661 4637 974 4680 mansuras
993 4642 1181 4697 usque
1211 4627 1271 4682 in
1304 4630 1481 4684 ﬁnem
1508 4628 1706 4685 saeculi
1729 4628 1886 4699 leges
1908 4644 1995 4684 ec-

336 4706 803 4766 clesiasticarum
835 4728 1127 4770 canonum
1161 4715 1572 4782 condiderunt,
1605 4721 1663 4771 et
1695 4718 1848 4787 apud
1885 4733 1996 4772 nos

335 4795 396 4850 in
427 4799 550 4853 toto
581 4798 721 4854 orbe
749 4803 1063 4870 terrarum,
1097 4802 1155 4857 in
1189 4803 1316 4858 suis
1347 4804 1869 4860 constitutionibus
1906 4803 1992 4858 vi-

334 4889 500 4953 vunt,
516 4890 572 4941 et
593 4885 642 4942 si
665 4888 804 4959 quid
831 4905 1084 4961 usquam
1107 4889 1274 4946 aliter
1294 4907 1470 4962 quam
1494 4897 1829 4949 statuerunt
1845 4909 1990 4965 prie-

335 4973 616 5043 sumitur,
649 4976 774 5033 sine
805 4978 1174 5034 cunctatione
1205 4985 1491 5035 cessatur.

335 5079 467 5136 CAP.
506 5083 628 5137 114.
659 5113 730 5124 -
761 5085 891 5139 Item
938 5083 1003 5139 de
1048 5087 1382 5141 auctoritate
1412 5087 1647 5153 Nicaeni,
1679 5095 1728 5142 et
1759 5087 1987 5144 Chalce-

403 5153 658 5279 dopensis
714 5157 962 5212 concilii.
1014 5156 1272 5212 Nicotaus
1318 5174 1462 5230 papa
1507 5159 1762 5216 Michaeti
1813 5162 1986 5232 impe-

404 5240 470 5279 ra
495 5239 606 5279 ori.

404 5239 585 5281 ratori
594 5266 606 5280 .

401 5316 519 5370 Nos
552 5331 667 5371 non
699 5331 1084 5372 numerosum
1115 5319 1345 5372 tantum
1377 5321 1710 5374 sanctorum
1759 5319 1984 5390 episco-

330 5417 540 5471 porum
567 5404 879 5474 collegium
912 5405 1129 5461 Niceni
1164 5405 1247 5461 vel
1277 5406 1768 5462 Chalcedonensis
1790 5409 1981 5463 conci-

330 5487 1028 5566 liorum,ceterorumque
1051 5499 1392 5552 sanctorum
1412 5495 1650 5552 Patrum
1671 5496 1981 5568 synodicae

330 5577 778 5638 constitutiones
808 5583 1132 5656 sequimur,
1167 5585 1267 5642 sed
1313 5583 1548 5642 illorum
1581 5585 1851 5643 liberales
1882 5603 1978 5644 ve-

2124 1864 2220 1902 ma
2248 1848 2346 1902 sit.

2119 1959 2255 2010 CAP.
2291 1954 2412 2007 117.
2447 1984 2514 1994 -
2542 1954 2674 2026 Item
2714 1954 2779 2009 de
2810 1954 3030 2026 eodem,
3064 1962 3116 2010 et
3164 1954 3229 2009 de
3276 1957 3468 2026 quinto
3527 1956 3787 2012 concilio.

2191 2027 2518 2098 Gregorius,
2551 2025 2890 2098 epistot.724,
2924 2025 3022 2080 lib.
3054 2042 3094 2094 ι,
3124 2025 3333 2082 Joanni
3358 2028 3613 2098 episc0po
3647 2028 3786 2084 Gon-

2189 2095 2708 2171 stantinOpotitano,
2767 2097 3000 2171 Eulogio
3055 2095 3466 2171 Alexandrino,
3530 2095 3788 2171 Gregorio

2191 2169 2542 2235 Antiocheno,
2576 2169 2779 2223 Joanni
2824 2168 3341 2239 Hierosolymitano,
3387 2175 3440 2226 et
3493 2168 3789 2227 Anastasio

2188 2239 2539 2308 patriarchae
2565 2240 2896 2295 Antiocheno
2927 2258 2960 2295 a
2985 2241 3236 2312 paribus.

2191 2329 2346 2400 (Dist.
2382 2329 2469 2395 15,
2501 2344 2548 2382 c.
2579 2330 2738 2384 Sicut
2771 2329 3002 2400 sancti.)
3032 2329 3197 2384 Sicut
3253 2331 3440 2386 sancti
3487 2330 3786 2401 Evangelii

2119 2420 2372 2486 quatuor
2395 2415 2598 2485 libros,
2625 2416 2710 2471 sic
2731 2420 2985 2487 quatuor
3007 2416 3255 2474 concilia
3287 2419 3586 2490 suscipere
3609 2425 3666 2475 et
3686 2437 3783 2476 ve-

2120 2504 2312 2560 nerari
2346 2521 2437 2560 me
2471 2504 2993 2560 faleor.Nicaenum
3025 2505 3272 2573 scilicet,
3297 2506 3356 2560 in
3390 2523 3506 2579 quo
3539 2523 3777 2578 perver-

2119 2609 2254 2648 sum
2291 2593 2413 2647 Arii
2445 2594 2660 2664 dogma
2689 2593 3774 2667 destruitur,Constantinopolitanum

2119 2697 2350 2753 quoque
2381 2681 2439 2737 in
2472 2698 2587 2753 quo
2619 2682 2890 2736 Eunomii
2925 2687 2982 2737 et
3014 2682 3335 2738 Macedonii
3357 2699 3520 2738 error
3541 2686 3780 2741 convin-

2117 2771 2658 2842 citur,Ephesinum
2682 2771 2857 2825 etiam
2884 2770 3032 2843 prim
3045 2771 3231 2841 um,in
3255 2787 3370 2843 quo
3389 2772 3638 2829 Nestorii
3664 2774 3776 2829 im-

2118 2859 2306 2930 pietas
2330 2860 2655 2930 judicatur,
2678 2859 3154 2916 Chalcedonense
3176 2876 3329 2928 vero,
3356 2860 3414 2916 in
3447 2877 3562 2933 quo
3591 2861 3774 2934 Euty-

2117 2948 2668 3020 chisDioscorisque
2684 2948 2938 3018 pravitas
2954 2949 3774 3020 reprobatur,totadevotione

2116 3036 2879 3107 complector,integerrima
2901 3038 3776 3110 approbationecustodio,quia

2034 3140 2078 3208 ρ
2117 3125 2175 3180 in
2209 3125 2321 3192 his,
2363 3125 2522 3181 velut
2553 3127 2612 3181 in
2641 3127 2928 3197 quadrato
2960 3125 3174 3197 lapide,
3206 3131 3418 3183 sanctas
3449 3127 3582 3184 ﬁdei
3614 3134 3775 3184 stru-

2116 3219 2279 3270 ctura
2307 3214 2633 3286 consurgit,
2667 3222 2726 3270 et
2754 3215 3073 3286 cujuslibet
3109 3216 3244 3270 vitae
3295 3221 3471 3287 atque
3523 3217 3775 3274 actionis

2111 3320 2317 3358 norma
2333 3303 2621 3358 consistit.
2638 3303 2917 3375 Quisquis
2941 3303 3299 3360 soliditatem
3325 3321 3526 3360 eorum
3551 3323 3666 3361 non
3692 3310 3773 3362 te-

2111 3398 2228 3463 net,
2251 3392 2481 3448 etiamsi
2515 3393 2664 3460 lapis
2694 3409 2823 3449 esse
2854 3393 3134 3462 cernitur,
3167 3398 3364 3449 tamen
3394 3399 3556 3450 extra
3587 3395 3770 3450 (edifi-

2109 3482 2264 3536 cium
2289 3483 2462 3552 jacet.
2497 3482 2778 3544 Quintum
2811 3498 3045 3555 quoque
3074 3482 3390 3538 concilium
3421 3499 3688 3550 veneror,
3703 3483 3766 3540 in

2109 3587 2224 3641 quo
2241 3571 2511 3639 epistola,
2532 3587 2658 3641 quas
2684 3571 2794 3626 Ihas
2817 3570 3054 3640 dicitur,
3072 3571 3284 3627 erroris
3300 3571 3474 3642 plena
3485 3573 3764 3643 reproba-

2107 3664 2226 3712 tur.
2261 3658 2603 3713 Theodorus
2634 3674 2945 3729 personam
2989 3658 3331 3714 mediatoris
3361 3659 3462 3714 Dei
3493 3664 3549 3714 et
3581 3659 3769 3715 homi~

2109 3763 2248 3802 num
2271 3747 2332 3801 in
2351 3747 2581 3802 duabus
2599 3747 2948 3803 substantiis
2976 3747 3425 3818 [subsistentiis]
3457 3765 3772 3820 separans,

2108 3837 2179 3892 ad
2203 3836 2526 3907 impietatis
2550 3835 2855 3907 perﬁdiam
2888 3837 3166 3892 cecidisse
3198 3835 3595 3905 convincitur;
3621 3838 3773 3894 scri-

2111 3928 2209 3996 pta
2241 3940 2476 3995 quoque
2504 3923 2826 3990 Theodore,
2859 3941 2962 3995 per
3009 3941 3134 3996 quas
3168 3925 3229 3980 Β.
3263 3924 3464 3995 Cyrilli
3493 3925 3640 3980 ﬁdes
3673 3943 3768 3983 re-

2106 4011 2670 4084 prehenditur,ausu
2695 4012 3001 4068 dementire
3015 4013 3240 4083 prolata
3253 4015 3771 4071 refutantur.Cun-

2106 4108 2230 4157 ctus
2259 4118 2393 4157 vero
2425 4117 2572 4172 quas
2596 4103 2838 4172 praefata
2853 4103 3184 4158 veneranda
3202 4101 3452 4158 concilia
3474 4109 3770 4174 respuunt

2106 4207 2389 4262 personas
2421 4206 2669 4260 respuo;
2704 4206 2852 4262 quas
2880 4195 3238 4246 venerantur
3264 4191 3770 4262 amplector,quia

2105 4279 2244 4334 dum
2281 4277 2596 4334 universali
2630 4284 2773 4334 sunt
2802 4295 3090 4335 consensu
3117 4279 3464 4347 constituta,
3490 4295 3553 4335 se
3574 4289 3630 4335 et
3651 4297 3768 4336 non

2103 4367 2204 4422 illa
2228 4367 2478 4423 destruit
2495 4367 2770 4438 quisquis
2801 4368 3108 4438 praesumit
3127 4372 3228 4423 aut
3252 4367 3476 4424 solvere
3496 4385 3646 4440 quos
3671 4385 3766 4425 re-

2105 4454 2309 4527 ligant,
2333 4461 2434 4510 aut
2463 4455 2646 4527 ligare
2666 4473 2816 4527 quos
2837 4455 3092 4513 solvunt.
3118 4456 3397 4528 Quisquis
3427 4473 3564 4529 ergo
3595 4457 3764 4514 aliud

2106 4545 2282 4616 sapit,
2309 4544 2624 4600 anathema
2653 4545 2746 4600 sit.

2102 4652 2234 4706 CAP.
2273 4650 2391 4703 118.
2419 4679 2488 4692 -
2528 4650 2665 4723 Item
2697 4650 2775 4723 Ade
2824 4652 3153 4723 auctoritate
3203 4656 3448 4723 quatuor
3501 4651 3762 4708 concilio-

2172 4737 2320 4847 rzim,
2345 4725 2395 4776 et
2425 4722 2625 4792 quinti.
2680 4721 2973 4793 Gregorius
3003 4721 3308 4778 Secundino
3348 4739 3499 4778 servo
3548 4724 3650 4779 Dei
3680 4726 3768 4779 in-

2172 4811 2201 4847 c
2226 4807 2342 4847 uso.

2172 4807 2342 4848 cluso.

2171 4881 2410 4945 Quoties
2441 4881 2501 4936 in
2534 4886 2786 4953 quatuor
2814 4882 3128 4954 pracipuis
3173 4882 3410 4940 sedibus
3459 4883 3759 4940 antistites

2101 4970 2466 5038 ordinantur,
2497 4971 2807 5041 synodales
2839 4971 2953 5028 sibi
2985 4971 3266 5043 epistolas
3323 4973 3580 5029 vicissim
3614 4974 3757 5029 mit-

2098 5062 2247 5125 tant,
2273 5059 2333 5113 in
2364 5057 2580 5128 quibus
2608 5075 2670 5114 se
2701 5063 2966 5115 sanctam
2999 5059 3533 5116 Cbalcedonensem
3576 5078 3758 5133 syno-

2097 5149 2401 5216 dum,cum
2427 5146 2558 5202 aliis
2580 5148 2951 5219 generalibus
2968 5149 3208 5221 synodis
3223 5150 3520 5206 custodire
3535 5150 3758 5205 fatean-

2095 5240 2215 5303 tur,
2239 5236 2391 5292 sicut
2421 5239 2478 5290 et
2509 5252 2616 5291 nos
2647 5236 3055 5308 adversamur,
3095 5245 3152 5294 et
3199 5237 3576 5295 anathemate
3631 5237 3754 5309 ple-

2094 5325 2338 5380 ctendos
2360 5322 2654 5391 ducimus,
2679 5323 2730 5379 si
2753 5325 2853 5396 qui
2874 5326 2945 5383 de
2968 5327 3081 5382 ﬁde
3101 5327 3369 5398 ejusdem
3401 5325 3609 5398 synodi
3641 5325 3753 5381 ali-

2093 5413 2230 5484 quid
2293 5412 2664 5481 imminuere,
2689 5412 2775 5469 vel
2830 5414 3052 5486 aliquid
3083 5415 3142 5469 in
3175 5431 3242 5471 ea
3271 5415 3485 5470 addere
3518 5430 3744 5486 praesu-

2091 5503 2284 5554 munt.
2305 5498 2448 5553 Nam
2481 5501 2742 5570 Synodus
2763 5518 2890 5573 quis
2913 5508 3044 5573 post
3065 5520 3192 5558 eam
3217 5502 3570 5575 generaliter
3592 5503 3750 5560 facta

2088 5592 2198 5654 est,
2221 5586 2437 5644 idcirco
2465 5604 2499 5643 a
2529 5588 2698 5646 nobis
2728 5591 3029 5662 recipitur,
3062 5592 3202 5664 quia
3230 5592 3499 5662 ejusdem
3530 5591 3743 5664 synodi
