  <div class='ocr_page' id='page_1' title='image "/cluster/home/n/w/nwhite01/storage/ocr_20150623/161/hvd.32044054760194/192.png"; bbox 0 0 3978 6060; ppageno 0'>
   <div class='ocr_carea' id='block_1_1' title="bbox 158 287 270 343">
    <p class='ocr_par' dir='ltr' id='par_1_1' title="bbox 158 287 270 343">
     <span class='ocr_line' id='line_1_1' title="bbox 158 287 270 343; baseline 0.018 -2"><span class='ocrx_word' id='word_1_1' title='bbox 158 287 270 343; x_wconf 82' lang='grc'>293</span> 
     </span>
    </p>
   </div>
   <div class='ocr_carea' id='block_1_2' title="bbox 945 281 2792 350">
    <p class='ocr_par' dir='ltr' id='par_1_2' title="bbox 945 281 2792 350">
     <span class='ocr_line' id='line_1_2' title="bbox 945 281 2792 350; baseline -0.001 -13"><span class='ocrx_word' id='word_1_2' title='bbox 945 284 1255 338; x_wconf 77' lang='lat' dir='ltr'>DECRETI</span> <span class='ocrx_word' id='word_1_3' title='bbox 1296 285 1480 336; x_wconf 81' lang='lat' dir='ltr'>PARS</span> <span class='ocrx_word' id='word_1_4' title='bbox 1518 283 1613 335; x_wconf 86' lang='lat' dir='ltr'>IV.</span> <span class='ocrx_word' id='word_1_5' title='bbox 1646 310 1713 319; x_wconf 90' lang='lat'><strong><em>—</em></strong></span> <span class='ocrx_word' id='word_1_6' title='bbox 1752 284 1847 335; x_wconf 79' lang='lat' dir='ltr'>DE</span> <span class='ocrx_word' id='word_1_7' title='bbox 1887 282 2161 335; x_wconf 78' lang='lat' dir='ltr'>FESTIV.</span> <span class='ocrx_word' id='word_1_8' title='bbox 2203 281 2292 334; x_wconf 84' lang='lat' dir='ltr'>ET</span> <span class='ocrx_word' id='word_1_9' title='bbox 2332 283 2595 350; x_wconf 57' lang='lat' dir='ltr'>JEJUI‘L,</span> <span class='ocrx_word' id='word_1_10' title='bbox 2636 283 2792 339; x_wconf 82' lang='lat' dir='ltr'>ETC.</span> 
     </span>
    </p>
   </div>
   <div class='ocr_carea' id='block_1_3' title="bbox 3470 284 3583 341">
    <p class='ocr_par' dir='ltr' id='par_1_3' title="bbox 3470 284 3583 341">
     <span class='ocr_line' id='line_1_3' title="bbox 3470 284 3583 341; baseline 0.018 -2"><span class='ocrx_word' id='word_1_11' title='bbox 3470 284 3583 341; x_wconf 77' lang='grc'>294</span> 
     </span>
    </p>
   </div>
   <div class='ocr_carea' id='block_1_4' title="bbox 164 403 3584 479">
    <p class='ocr_par' dir='ltr' id='par_1_4' title="bbox 164 403 3584 479">
     <span class='ocr_line' id='line_1_4' title="bbox 164 403 3584 479; baseline -0.001 -12"><span class='ocrx_word' id='word_1_12' title='bbox 164 414 227 468; x_wconf 90' lang='lat' dir='ltr'>in</span> <span class='ocrx_word' id='word_1_13' title='bbox 260 409 540 469; x_wconf 87' lang='lat' dir='ltr'>omnibus</span> <span class='ocrx_word' id='word_1_14' title='bbox 591 423 845 479; x_wconf 87' lang='lat' dir='ltr'>sequens</span> <span class='ocrx_word' id='word_1_15' title='bbox 894 410 1181 475; x_wconf 76' lang='lat' dir='ltr'>tenorem,</span> <span class='ocrx_word' id='word_1_16' title='bbox 1213 404 1375 460; x_wconf 89' lang='lat' dir='ltr'>illius</span> <span class='ocrx_word' id='word_1_17' title='bbox 1406 406 1811 461; x_wconf 75' lang='lat' dir='ltr'>auctoritatem</span> <span class='ocrx_word' id='word_1_18' title='bbox 1843 412 1895 477; x_wconf 79' lang='grc' dir='ltr'>Α</span> <span class='ocrx_word' id='word_1_19' title='bbox 1925 404 2184 476; x_wconf 91' lang='lat' dir='ltr'>synodus</span> <span class='ocrx_word' id='word_1_20' title='bbox 2210 403 2569 460; x_wconf 87' lang='lat' dir='ltr'>universalis</span> <span class='ocrx_word' id='word_1_21' title='bbox 2598 420 2851 460; x_wconf 81' lang='lat' dir='ltr'><strong>canones</strong></span> <span class='ocrx_word' id='word_1_22' title='bbox 2873 403 3302 463; x_wconf 88' lang='lat' dir='ltr'>ecclesiasticos</span> <span class='ocrx_word' id='word_1_23' title='bbox 3324 409 3584 479; x_wconf 85' lang='lat' dir='ltr'>promul-</span> 
     </span>
    </p>
   </div>
   <div class='ocr_carea' id='block_1_5' title="bbox 162 500 447 558">
    <p class='ocr_par' dir='ltr' id='par_1_5' title="bbox 162 500 447 558">
     <span class='ocr_line' id='line_1_5' title="bbox 162 500 447 558; baseline -0.007 0"><span class='ocrx_word' id='word_1_24' title='bbox 162 500 447 558; x_wconf 76' lang='lat' dir='ltr'>custodit.</span> 
     </span>
    </p>
   </div>
   <div class='ocr_carea' id='block_1_6' title="bbox 165 598 1828 671">
    <p class='ocr_par' dir='ltr' id='par_1_6' title="bbox 165 598 1828 671">
     <span class='ocr_line' id='line_1_6' title="bbox 165 598 1828 671; baseline -0.007 -7"><span class='ocrx_word' id='word_1_25' title='bbox 165 611 301 664; x_wconf 78' lang='lat' dir='ltr'>CAP.</span> <span class='ocrx_word' id='word_1_26' title='bbox 356 606 483 662; x_wconf 76' lang='grc'>419.</span> <span class='ocrx_word' id='word_1_27' title='bbox 516 634 587 644; x_wconf 94' lang='grc'><strong><em>-</em></strong></span> <span class='ocrx_word' id='word_1_28' title='bbox 616 605 752 659; x_wconf 85' lang='lat' dir='ltr'>Item</span> <span class='ocrx_word' id='word_1_29' title='bbox 782 602 849 657; x_wconf 85' lang='lat' dir='ltr'>de</span> <span class='ocrx_word' id='word_1_30' title='bbox 877 602 1177 657; x_wconf 81' lang='lat' dir='ltr'>autoritate</span> <span class='ocrx_word' id='word_1_31' title='bbox 1206 602 1395 671; x_wconf 79' lang='lat' dir='ltr'>quinti</span> <span class='ocrx_word' id='word_1_32' title='bbox 1426 598 1645 656; x_wconf 81' lang='lat' dir='ltr'>conciti.</span> <span class='ocrx_word' id='word_1_33' title='bbox 1679 598 1828 653; x_wconf 83' lang='lat' dir='ltr'>Beda</span> 
     </span>
    </p>
   </div>
   <div class='ocr_carea' id='block_1_7' title="bbox 769 672 1227 744">
    <p class='ocr_par' dir='ltr' id='par_1_7' title="bbox 769 672 1227 744">
     <span class='ocr_line' id='line_1_7' title="bbox 769 672 1227 744; baseline -0.007 -15"><span class='ocrx_word' id='word_1_34' title='bbox 769 674 835 729; x_wconf 84' lang='lat' dir='ltr'>de</span> <span class='ocrx_word' id='word_1_35' title='bbox 866 672 1227 744; x_wconf 79' lang='lat' dir='ltr'>temporibus.</span> 
     </span>
    </p>
   </div>
   <div class='ocr_carea' id='block_1_8' title="bbox 240 778 1826 858">
    <p class='ocr_par' dir='ltr' id='par_1_8' title="bbox 240 778 1826 858">
     <span class='ocr_line' id='line_1_8' title="bbox 240 778 1826 858; baseline -0.006 -18"><span class='ocrx_word' id='word_1_36' title='bbox 240 785 510 858; x_wconf 87' lang='lat' dir='ltr'>Synodus</span> <span class='ocrx_word' id='word_1_37' title='bbox 544 781 828 855; x_wconf 68' lang='lat' dir='ltr'>Aquileia:</span> <span class='ocrx_word' id='word_1_38' title='bbox 882 782 1056 845; x_wconf 87' lang='lat' dir='ltr'>facta,</span> <span class='ocrx_word' id='word_1_39' title='bbox 1118 781 1190 835; x_wconf 93' lang='lat' dir='ltr'>ob</span> <span class='ocrx_word' id='word_1_40' title='bbox 1249 779 1608 851; x_wconf 83' lang='lat' dir='ltr'>imperitiam</span> <span class='ocrx_word' id='word_1_41' title='bbox 1668 778 1826 847; x_wconf 85' lang='lat' dir='ltr'>ﬁdei,</span> 
     </span>
    </p>
   </div>
   <div class='ocr_carea' id='block_1_9' title="bbox 170 868 1825 947">
    <p class='ocr_par' dir='ltr' id='par_1_9' title="bbox 170 868 1825 947">
     <span class='ocr_line' id='line_1_9' title="bbox 170 868 1825 947; baseline -0.005 -17"><span class='ocrx_word' id='word_1_42' title='bbox 170 876 447 947; x_wconf 86' lang='lat' dir='ltr'>quintum</span> <span class='ocrx_word' id='word_1_43' title='bbox 480 870 812 927; x_wconf 82' lang='lat' dir='ltr'>universale</span> <span class='ocrx_word' id='word_1_44' title='bbox 836 869 1150 926; x_wconf 90' lang='lat' dir='ltr'>concilium</span> <span class='ocrx_word' id='word_1_45' title='bbox 1167 868 1695 939; x_wconf 83' lang='lat' dir='ltr'>susciperedifﬁdit</span> <span class='ocrx_word' id='word_1_46' title='bbox 1724 868 1825 921; x_wconf 89' lang='lat' dir='ltr'>do-</span> 
     </span>
    </p>
   </div>
   <div class='ocr_carea' id='block_1_10' title="bbox 175 956 1825 1030">
    <p class='ocr_par' dir='ltr' id='par_1_10' title="bbox 175 956 1825 1030">
     <span class='ocr_line' id='line_1_10' title="bbox 175 956 1825 1030; baseline -0.005 -12"><span class='ocrx_word' id='word_1_47' title='bbox 175 978 285 1018; x_wconf 88' lang='lat' dir='ltr'>nec</span> <span class='ocrx_word' id='word_1_48' title='bbox 316 961 680 1017; x_wconf 89' lang='lat' dir='ltr'>salutaribus</span> <span class='ocrx_word' id='word_1_49' title='bbox 711 959 862 1015; x_wconf 88' lang='lat' dir='ltr'>beati</span> <span class='ocrx_word' id='word_1_50' title='bbox 898 974 1061 1030; x_wconf 79' lang='lat' dir='ltr'>papas</span> <span class='ocrx_word' id='word_1_51' title='bbox 1100 957 1288 1029; x_wconf 90' lang='lat' dir='ltr'>Sergii</span> <span class='ocrx_word' id='word_1_52' title='bbox 1324 957 1564 1012; x_wconf 93' lang='lat' dir='ltr'>monitis</span> <span class='ocrx_word' id='word_1_53' title='bbox 1605 956 1825 1010; x_wconf 88' lang='lat' dir='ltr'>instru-</span> 
     </span>
    </p>
   </div>
   <div class='ocr_carea' id='block_1_11' title="bbox 176 1045 1828 1122">
    <p class='ocr_par' dir='ltr' id='par_1_11' title="bbox 176 1045 1828 1122">
     <span class='ocr_line' id='line_1_11' title="bbox 176 1045 1828 1122; baseline -0.005 -15"><span class='ocrx_word' id='word_1_54' title='bbox 176 1057 273 1107; x_wconf 89' lang='lat' dir='ltr'>cta</span> <span class='ocrx_word' id='word_1_55' title='bbox 302 1057 361 1106; x_wconf 88' lang='lat' dir='ltr'>et</span> <span class='ocrx_word' id='word_1_56' title='bbox 388 1050 520 1122; x_wconf 89' lang='lat' dir='ltr'>ipsa</span> <span class='ocrx_word' id='word_1_57' title='bbox 548 1049 689 1104; x_wconf 88' lang='lat' dir='ltr'>huic</span> <span class='ocrx_word' id='word_1_58' title='bbox 717 1064 854 1104; x_wconf 88' lang='lat' dir='ltr'>cum</span> <span class='ocrx_word' id='word_1_59' title='bbox 886 1047 1111 1103; x_wconf 67' lang='lat' dir='ltr'>caeteris</span> <span class='ocrx_word' id='word_1_60' title='bbox 1143 1046 1362 1102; x_wconf 82' lang='lat' dir='ltr'>Christi</span> <span class='ocrx_word' id='word_1_61' title='bbox 1408 1045 1687 1101; x_wconf 86' lang='lat' dir='ltr'>Ecclesiis</span> <span class='ocrx_word' id='word_1_62' title='bbox 1727 1061 1828 1099; x_wconf 92' lang='lat' dir='ltr'>an-</span> 
     </span>
    </p>
   </div>
   <div class='ocr_carea' id='block_1_12' title="bbox 174 1142 705 1196">
    <p class='ocr_par' dir='ltr' id='par_1_12' title="bbox 174 1142 705 1196">
     <span class='ocr_line' id='line_1_12' title="bbox 174 1142 705 1196; baseline -0.008 0"><span class='ocrx_word' id='word_1_63' title='bbox 174 1156 359 1196; x_wconf 89' lang='lat' dir='ltr'>nuere</span> <span class='ocrx_word' id='word_1_64' title='bbox 388 1142 705 1195; x_wconf 81' lang='lat' dir='ltr'>consentit.</span> 
     </span>
    </p>
   </div>
   <div class='ocr_carea' id='block_1_13' title="bbox 168 1240 1834 1312">
    <p class='ocr_par' dir='ltr' id='par_1_13' title="bbox 168 1240 1834 1312">
     <span class='ocr_line' id='line_1_13' title="bbox 168 1240 1834 1312; baseline -0.005 -9"><span class='ocrx_word' id='word_1_65' title='bbox 168 1247 306 1303; x_wconf 78' lang='lat' dir='ltr'>CAP.</span> <span class='ocrx_word' id='word_1_66' title='bbox 364 1247 485 1301; x_wconf 86' lang='grc'>120.</span> <span class='ocrx_word' id='word_1_67' title='bbox 540 1275 610 1285; x_wconf 96' lang='grc'><strong><em>-</em></strong></span> <span class='ocrx_word' id='word_1_68' title='bbox 647 1246 721 1299; x_wconf 88' lang='lat' dir='ltr'>De</span> <span class='ocrx_word' id='word_1_69' title='bbox 749 1244 1081 1298; x_wconf 76' lang='lat' dir='ltr'>auctoritate</span> <span class='ocrx_word' id='word_1_70' title='bbox 1122 1250 1287 1298; x_wconf 77' lang='lat' dir='ltr'>sextae</span> <span class='ocrx_word' id='word_1_71' title='bbox 1341 1240 1558 1312; x_wconf 84' lang='lat' dir='ltr'>synodi.</span> <span class='ocrx_word' id='word_1_72' title='bbox 1617 1240 1719 1295; x_wconf 86' lang='lat' dir='ltr'>Leo</span> <span class='ocrx_word' id='word_1_73' title='bbox 1779 1240 1834 1294; x_wconf 87' lang='grc' dir='ltr'><em>ιι</em></span> 
     </span>
    </p>
   </div>
   <div class='ocr_carea' id='block_1_14' title="bbox 672 1314 1335 1385">
    <p class='ocr_par' dir='ltr' id='par_1_14' title="bbox 672 1314 1335 1385">
     <span class='ocr_line' id='line_1_14' title="bbox 672 1314 1335 1385; baseline -0.005 -15"><span class='ocrx_word' id='word_1_74' title='bbox 672 1316 1037 1372; x_wconf 85' lang='lat' dir='ltr'>Constantino</span> <span class='ocrx_word' id='word_1_75' title='bbox 1071 1314 1335 1385; x_wconf 81' lang='lat' dir='ltr'>Augusto.</span> 
     </span>
    </p>
   </div>
   <div class='ocr_carea' id='block_1_15' title="bbox 242 1410 1831 1487">
    <p class='ocr_par' dir='ltr' id='par_1_15' title="bbox 242 1410 1831 1487">
     <span class='ocr_line' id='line_1_15' title="bbox 242 1410 1831 1487; baseline -0.004 -17"><span class='ocrx_word' id='word_1_76' title='bbox 242 1417 492 1487; x_wconf 81' lang='lat' dir='ltr'>Legatos</span> <span class='ocrx_word' id='word_1_77' title='bbox 523 1414 705 1485; x_wconf 87' lang='lat' dir='ltr'>hujus</span> <span class='ocrx_word' id='word_1_78' title='bbox 747 1412 1091 1484; x_wconf 67' lang='lat' dir='ltr'>apostolicae</span> <span class='ocrx_word' id='word_1_79' title='bbox 1142 1412 1299 1468; x_wconf 88' lang='lat' dir='ltr'>sedis</span> <span class='ocrx_word' id='word_1_80' title='bbox 1349 1410 1556 1466; x_wconf 84' lang='lat' dir='ltr'>matris</span> <span class='ocrx_word' id='word_1_81' title='bbox 1615 1413 1831 1464; x_wconf 60' lang='lat' dir='ltr'>nostra;</span> 
     </span>
    </p>
   </div>
   <div class='ocr_carea' id='block_1_16' title="bbox 173 1498 1830 1573">
    <p class='ocr_par' dir='ltr' id='par_1_16' title="bbox 173 1498 1830 1573">
     <span class='ocr_line' id='line_1_16' title="bbox 173 1498 1830 1573; baseline -0.004 -14"><span class='ocrx_word' id='word_1_82' title='bbox 173 1509 451 1559; x_wconf 71' lang='lat' dir='ltr'>Romanis</span> <span class='ocrx_word' id='word_1_83' title='bbox 483 1502 777 1569; x_wconf 69' lang='lat' dir='ltr'>Ecclesiae,</span> <span class='ocrx_word' id='word_1_84' title='bbox 830 1518 1029 1559; x_wconf 91' lang='lat' dir='ltr'>servos</span> <span class='ocrx_word' id='word_1_85' title='bbox 1081 1501 1317 1573; x_wconf 87' lang='lat' dir='ltr'>pietatis</span> <span class='ocrx_word' id='word_1_86' title='bbox 1373 1503 1582 1555; x_wconf 71' lang='lat' dir='ltr'>vestrae</span> <span class='ocrx_word' id='word_1_87' title='bbox 1638 1498 1830 1553; x_wconf 91' lang='lat' dir='ltr'>Theo-</span> 
     </span>
    </p>
   </div>
   <div class='ocr_carea' id='block_1_17' title="bbox 171 1588 1831 1665">
    <p class='ocr_par' dir='ltr' id='par_1_17' title="bbox 171 1588 1831 1665">
     <span class='ocr_line' id='line_1_17' title="bbox 171 1588 1831 1665; baseline -0.004 -17"><span class='ocrx_word' id='word_1_88' title='bbox 171 1594 386 1648; x_wconf 88' lang='lat' dir='ltr'>dorum</span> <span class='ocrx_word' id='word_1_89' title='bbox 444 1596 502 1647; x_wconf 90' lang='lat' dir='ltr'>et</span> <span class='ocrx_word' id='word_1_90' title='bbox 559 1592 874 1665; x_wconf 83' lang='lat' dir='ltr'>Georgium</span> <span class='ocrx_word' id='word_1_91' title='bbox 952 1592 1361 1662; x_wconf 83' lang='lat' dir='ltr'>presbyteros,</span> <span class='ocrx_word' id='word_1_92' title='bbox 1418 1594 1474 1644; x_wconf 90' lang='lat' dir='ltr'>et</span> <span class='ocrx_word' id='word_1_93' title='bbox 1543 1588 1831 1644; x_wconf 89' lang='lat' dir='ltr'>Joannem</span> 
     </span>
    </p>
   </div>
   <div class='ocr_carea' id='block_1_18' title="bbox 177 1677 1832 1747">
    <p class='ocr_par' dir='ltr' id='par_1_18' title="bbox 177 1677 1832 1747">
     <span class='ocr_line' id='line_1_18' title="bbox 177 1677 1832 1747; baseline -0.004 -11"><span class='ocrx_word' id='word_1_94' title='bbox 177 1682 534 1747; x_wconf 87' lang='lat' dir='ltr'>diaconum,</span> <span class='ocrx_word' id='word_1_95' title='bbox 606 1684 665 1736; x_wconf 89' lang='lat' dir='ltr'>et</span> <span class='ocrx_word' id='word_1_96' title='bbox 722 1679 1179 1735; x_wconf 89' lang='lat' dir='ltr'>Constantinum</span> <span class='ocrx_word' id='word_1_97' title='bbox 1252 1677 1685 1733; x_wconf 90' lang='lat' dir='ltr'>subdiaconum</span> <span class='ocrx_word' id='word_1_98' title='bbox 1744 1691 1832 1731; x_wconf 90' lang='lat' dir='ltr'>re-</span> 
     </span>
    </p>
   </div>
   <div class='ocr_carea' id='block_1_19' title="bbox 1935 494 3581 567">
    <p class='ocr_par' dir='ltr' id='par_1_19' title="bbox 1935 494 3581 567">
     <span class='ocr_line' id='line_1_19' title="bbox 1935 494 3581 567; baseline 0.005 -20"><span class='ocrx_word' id='word_1_99' title='bbox 1935 498 2122 565; x_wconf 80' lang='lat' dir='ltr'>geret.</span> <span class='ocrx_word' id='word_1_100' title='bbox 2155 495 2309 549; x_wconf 80' lang='lat' dir='ltr'>Actio</span> <span class='ocrx_word' id='word_1_101' title='bbox 2339 494 2397 561; x_wconf 90' lang='lat'>6,</span> <span class='ocrx_word' id='word_1_102' title='bbox 2454 497 2596 549; x_wconf 87' lang='lat' dir='ltr'>tomo</span> <span class='ocrx_word' id='word_1_103' title='bbox 2626 495 2674 562; x_wconf 95' lang='lat' dir='ltr'>I,</span> <span class='ocrx_word' id='word_1_104' title='bbox 2726 498 2918 549; x_wconf 85' lang='lat' dir='ltr'>contra</span> <span class='ocrx_word' id='word_1_105' title='bbox 2957 495 3162 564; x_wconf 81' lang='lat' dir='ltr'>falsam</span> <span class='ocrx_word' id='word_1_106' title='bbox 3211 497 3244 549; x_wconf 93' lang='lat'><strong>7</strong></span> <span class='ocrx_word' id='word_1_107' title='bbox 3290 498 3581 567; x_wconf 85' lang='lat' dir='ltr'>synodum.</span> 
     </span>
    </p>
   </div>
   <div class='ocr_carea' id='block_1_20' title="bbox 1934 582 3583 655">
    <p class='ocr_par' dir='ltr' id='par_1_20' title="bbox 1934 582 3583 655">
     <span class='ocr_line' id='line_1_20' title="bbox 1934 582 3583 655; baseline 0.002 -17"><span class='ocrx_word' id='word_1_108' title='bbox 1934 582 2194 654; x_wconf 88' lang='lat' dir='ltr'>Septima</span> <span class='ocrx_word' id='word_1_109' title='bbox 2232 584 2492 655; x_wconf 81' lang='lat' dir='ltr'>synodus</span> <span class='ocrx_word' id='word_1_110' title='bbox 2522 582 2812 653; x_wconf 89' lang='lat' dir='ltr'>quomodo</span> <span class='ocrx_word' id='word_1_111' title='bbox 2852 582 3087 653; x_wconf 90' lang='lat' dir='ltr'>dicitur,</span> <span class='ocrx_word' id='word_1_112' title='bbox 3138 600 3267 654; x_wconf 65' lang='lat' dir='ltr'>qua</span> <span class='ocrx_word' id='word_1_113' title='bbox 3297 600 3411 639; x_wconf 92' lang='lat' dir='ltr'>non</span> <span class='ocrx_word' id='word_1_114' title='bbox 3444 603 3583 641; x_wconf 86' lang='lat' dir='ltr'>oon-</span> 
     </span>
    </p>
   </div>
   <div class='ocr_carea' id='block_1_21' title="bbox 1934 670 3574 745">
    <p class='ocr_par' dir='ltr' id='par_1_21' title="bbox 1934 670 3574 745">
     <span class='ocr_line' id='line_1_21' title="bbox 1934 670 3574 745; baseline 0.002 -19"><span class='ocrx_word' id='word_1_115' title='bbox 1934 673 2137 727; x_wconf 88' lang='lat' dir='ltr'>cordat</span> <span class='ocrx_word' id='word_1_116' title='bbox 2167 672 2633 743; x_wconf 66' lang='lat' dir='ltr'>priscedentibns</span> <span class='ocrx_word' id='word_1_117' title='bbox 2666 687 2767 728; x_wconf 82' lang='lat' dir='ltr'>sex</span> <span class='ocrx_word' id='word_1_118' title='bbox 2802 670 3235 727; x_wconf 89' lang='lat' dir='ltr'>universalibus</span> <span class='ocrx_word' id='word_1_119' title='bbox 3283 674 3574 745; x_wconf 81' lang='lat' dir='ltr'>synodis?</span> 
     </span>
    </p>
   </div>
   <div class='ocr_carea' id='block_1_22' title="bbox 1937 761 3592 834">
    <p class='ocr_par' dir='ltr' id='par_1_22' title="bbox 1937 761 3592 834">
     <span class='ocr_line' id='line_1_22' title="bbox 1937 761 3592 834; baseline 0.002 -17"><span class='ocrx_word' id='word_1_120' title='bbox 1937 764 2123 818; x_wconf 91' lang='lat' dir='ltr'>Omne</span> <span class='ocrx_word' id='word_1_121' title='bbox 2152 763 2304 833; x_wconf 90' lang='lat' dir='ltr'>quod</span> <span class='ocrx_word' id='word_1_122' title='bbox 2338 762 2659 834; x_wconf 89' lang='lat' dir='ltr'>septimum</span> <span class='ocrx_word' id='word_1_123' title='bbox 2710 761 2948 832; x_wconf 90' lang='lat' dir='ltr'>ponitur</span> <span class='ocrx_word' id='word_1_124' title='bbox 2995 779 3365 834; x_wconf 90' lang='lat' dir='ltr'>consequens</span> <span class='ocrx_word' id='word_1_125' title='bbox 3418 764 3592 820; x_wconf 87' lang='lat' dir='ltr'>debet</span> 
     </span>
    </p>
   </div>
   <div class='ocr_carea' id='block_1_23' title="bbox 1936 851 3590 922">
    <p class='ocr_par' dir='ltr' id='par_1_23' title="bbox 1936 851 3590 922">
     <span class='ocr_line' id='line_1_23' title="bbox 1936 851 3590 922; baseline 0.002 -16"><span class='ocrx_word' id='word_1_126' title='bbox 1936 852 2150 907; x_wconf 88' lang='lat' dir='ltr'>habere</span> <span class='ocrx_word' id='word_1_127' title='bbox 2182 868 2317 906; x_wconf 88' lang='lat' dir='ltr'>cum</span> <span class='ocrx_word' id='word_1_128' title='bbox 2351 852 2525 906; x_wconf 88' lang='lat' dir='ltr'>rebus</span> <span class='ocrx_word' id='word_1_129' title='bbox 2560 851 3028 922; x_wconf 71' lang='lat' dir='ltr'>praenumeratis.</span> <span class='ocrx_word' id='word_1_130' title='bbox 3067 852 3127 906; x_wconf 87' lang='lat' dir='ltr'>Si</span> <span class='ocrx_word' id='word_1_131' title='bbox 3161 868 3295 908; x_wconf 91' lang='lat' dir='ltr'>vero</span> <span class='ocrx_word' id='word_1_132' title='bbox 3336 853 3397 908; x_wconf 92' lang='lat' dir='ltr'>in</span> <span class='ocrx_word' id='word_1_133' title='bbox 3429 853 3590 909; x_wconf 92' lang='lat' dir='ltr'>nullo</span> 
     </span>
    </p>
   </div>
   <div class='ocr_carea' id='block_1_24' title="bbox 1936 939 3592 1011">
    <p class='ocr_par' dir='ltr' id='par_1_24' title="bbox 1936 939 3592 1011">
     <span class='ocr_line' id='line_1_24' title="bbox 1936 939 3592 1011; baseline 0.002 -16"><span class='ocrx_word' id='word_1_134' title='bbox 1936 942 2111 995; x_wconf 85' lang='lat' dir='ltr'>rebus</span> <span class='ocrx_word' id='word_1_135' title='bbox 2135 940 3045 1011; x_wconf 70' lang='lat' dir='ltr'>praanumeratisparticipat,neo</span> <span class='ocrx_word' id='word_1_136' title='bbox 3067 939 3151 995; x_wconf 91' lang='lat' dir='ltr'>eis</span> <span class='ocrx_word' id='word_1_137' title='bbox 3174 942 3592 999; x_wconf 87' lang='lat' dir='ltr'>connumerari</span> 
     </span>
    </p>
   </div>
   <div class='ocr_carea' id='block_1_25' title="bbox 1938 1028 3585 1100">
    <p class='ocr_par' dir='ltr' id='par_1_25' title="bbox 1938 1028 3585 1100">
     <span class='ocr_line' id='line_1_25' title="bbox 1938 1028 3585 1100; baseline 0 -15"><span class='ocrx_word' id='word_1_138' title='bbox 1938 1034 2148 1100; x_wconf 86' lang='lat' dir='ltr'>potest.</span> <span class='ocrx_word' id='word_1_139' title='bbox 2180 1030 2337 1083; x_wconf 88' lang='lat' dir='ltr'>Item.</span> <span class='ocrx_word' id='word_1_140' title='bbox 2369 1028 2583 1083; x_wconf 74' lang='lat' dir='ltr'>Sancta</span> <span class='ocrx_word' id='word_1_141' title='bbox 2612 1032 2775 1083; x_wconf 80' lang='lat' dir='ltr'>sexta</span> <span class='ocrx_word' id='word_1_142' title='bbox 2804 1029 3088 1098; x_wconf 87' lang='lat' dir='ltr'>synodus,</span> <span class='ocrx_word' id='word_1_143' title='bbox 3120 1032 3179 1083; x_wconf 91' lang='lat' dir='ltr'>et</span> <span class='ocrx_word' id='word_1_144' title='bbox 3213 1031 3585 1097; x_wconf 89' lang='lat' dir='ltr'>universalis,</span> 
     </span>
    </p>
   </div>
   <div class='ocr_carea' id='block_1_26' title="bbox 1938 1116 3589 1189">
    <p class='ocr_par' dir='ltr' id='par_1_26' title="bbox 1938 1116 3589 1189">
     <span class='ocr_line' id='line_1_26' title="bbox 1938 1116 3589 1189; baseline 0.002 -18"><span class='ocrx_word' id='word_1_145' title='bbox 1938 1122 2072 1189; x_wconf 90' lang='lat' dir='ltr'>post</span> <span class='ocrx_word' id='word_1_146' title='bbox 2102 1116 2530 1188; x_wconf 85' lang='lat' dir='ltr'>promulgatam</span> <span class='ocrx_word' id='word_1_147' title='bbox 2566 1117 2638 1170; x_wconf 92' lang='lat' dir='ltr'>ab</span> <span class='ocrx_word' id='word_1_148' title='bbox 2669 1132 2738 1170; x_wconf 92' lang='lat' dir='ltr'>ea</span> <span class='ocrx_word' id='word_1_149' title='bbox 2783 1116 3189 1171; x_wconf 88' lang='lat' dir='ltr'>deﬁnitionem</span> <span class='ocrx_word' id='word_1_150' title='bbox 3230 1124 3433 1173; x_wconf 90' lang='lat' dir='ltr'>contra</span> <span class='ocrx_word' id='word_1_151' title='bbox 3462 1119 3589 1174; x_wconf 86' lang='lat' dir='ltr'>Mo-</span> 
     </span>
    </p>
   </div>
   <div class='ocr_carea' id='block_1_27' title="bbox 1937 1203 3592 1278">
    <p class='ocr_par' dir='ltr' id='par_1_27' title="bbox 1937 1203 3592 1278">
     <span class='ocr_line' id='line_1_27' title="bbox 1937 1203 3592 1278; baseline 0.001 -18"><span class='ocrx_word' id='word_1_152' title='bbox 1937 1205 2273 1272; x_wconf 88' lang='lat' dir='ltr'>nothelitas,</span> <span class='ocrx_word' id='word_1_153' title='bbox 2304 1204 2686 1261; x_wconf 85' lang='lat' dir='ltr'>Constantino</span> <span class='ocrx_word' id='word_1_154' title='bbox 2708 1203 3060 1275; x_wconf 85' lang='lat' dir='ltr'>imperatore</span> <span class='ocrx_word' id='word_1_155' title='bbox 3082 1205 3179 1277; x_wconf 89' lang='lat' dir='ltr'>qui</span> <span class='ocrx_word' id='word_1_156' title='bbox 3200 1221 3592 1278; x_wconf 83' lang='lat' dir='ltr'>congregave-</span> 
     </span>
    </p>
   </div>
   <div class='ocr_carea' id='block_1_28' title="bbox 1938 1292 3584 1363">
    <p class='ocr_par' dir='ltr' id='par_1_28' title="bbox 1938 1292 3584 1363">
     <span class='ocr_line' id='line_1_28' title="bbox 1938 1292 3584 1363; baseline 0.002 -14"><span class='ocrx_word' id='word_1_157' title='bbox 1938 1300 2029 1349; x_wconf 91' lang='lat' dir='ltr'>rat</span> <span class='ocrx_word' id='word_1_158' title='bbox 2056 1311 2208 1359; x_wconf 91' lang='lat' dir='ltr'>eam,</span> <span class='ocrx_word' id='word_1_159' title='bbox 2241 1309 2356 1349; x_wconf 89' lang='lat' dir='ltr'>non</span> <span class='ocrx_word' id='word_1_160' title='bbox 2405 1292 2593 1348; x_wconf 90' lang='lat' dir='ltr'>multo</span> <span class='ocrx_word' id='word_1_161' title='bbox 2626 1297 2758 1363; x_wconf 88' lang='lat' dir='ltr'>post</span> <span class='ocrx_word' id='word_1_162' title='bbox 2787 1292 3088 1363; x_wconf 74' lang='lat' dir='ltr'>defuncto,</span> <span class='ocrx_word' id='word_1_163' title='bbox 3140 1298 3198 1349; x_wconf 89' lang='lat' dir='ltr'>et</span> <span class='ocrx_word' id='word_1_164' title='bbox 3244 1295 3584 1352; x_wconf 86' lang='lat' dir='ltr'>Justiniano</span> 
     </span>
    </p>
   </div>
   <div class='ocr_carea' id='block_1_29' title="bbox 1940 1382 3593 1456">
    <p class='ocr_par' dir='ltr' id='par_1_29' title="bbox 1940 1382 3593 1456">
     <span class='ocr_line' id='line_1_29' title="bbox 1940 1382 3593 1456; baseline 0.002 -19"><span class='ocrx_word' id='word_1_165' title='bbox 1940 1384 2061 1439; x_wconf 93' lang='lat' dir='ltr'>ﬁlio</span> <span class='ocrx_word' id='word_1_166' title='bbox 2094 1384 2223 1453; x_wconf 87' lang='lat' dir='ltr'>ejus</span> <span class='ocrx_word' id='word_1_167' title='bbox 2255 1390 2533 1454; x_wconf 83' lang='lat' dir='ltr'>regnante</span> <span class='ocrx_word' id='word_1_168' title='bbox 2564 1400 2665 1453; x_wconf 89' lang='lat' dir='ltr'>pro</span> <span class='ocrx_word' id='word_1_169' title='bbox 2709 1398 2776 1436; x_wconf 91' lang='lat' dir='ltr'>eo</span> <span class='ocrx_word' id='word_1_170' title='bbox 2820 1382 3026 1437; x_wconf 89' lang='lat' dir='ltr'>eadem</span> <span class='ocrx_word' id='word_1_171' title='bbox 3079 1388 3286 1439; x_wconf 88' lang='lat' dir='ltr'>sancta</span> <span class='ocrx_word' id='word_1_172' title='bbox 3332 1386 3593 1456; x_wconf 89' lang='lat' dir='ltr'>synodus</span> 
     </span>
    </p>
   </div>
   <div class='ocr_carea' id='block_1_30' title="bbox 1940 1471 3594 1545">
    <p class='ocr_par' dir='ltr' id='par_1_30' title="bbox 1940 1471 3594 1545">
     <span class='ocr_line' id='line_1_30' title="bbox 1940 1471 3594 1545; baseline 0.002 -19"><span class='ocrx_word' id='word_1_173' title='bbox 1940 1471 2226 1527; x_wconf 90' lang='lat' dir='ltr'>divinitus</span> <span class='ocrx_word' id='word_1_174' title='bbox 2258 1471 2566 1542; x_wconf 88' lang='lat' dir='ltr'>inspirata,</span> <span class='ocrx_word' id='word_1_175' title='bbox 2602 1471 2812 1525; x_wconf 83' lang='lat' dir='ltr'>iterum</span> <span class='ocrx_word' id='word_1_176' title='bbox 2851 1472 3363 1545; x_wconf 87' lang='lat' dir='ltr'>Constantinopoli</span> <span class='ocrx_word' id='word_1_177' title='bbox 3387 1477 3594 1545; x_wconf 88' lang='lat' dir='ltr'>quarto</span> 
     </span>
    </p>
   </div>
   <div class='ocr_carea' id='block_1_31' title="bbox 1941 1561 3592 1631">
    <p class='ocr_par' dir='ltr' id='par_1_31' title="bbox 1941 1561 3592 1631">
     <span class='ocr_line' id='line_1_31' title="bbox 1941 1561 3592 1631; baseline 0.002 -16"><span class='ocrx_word' id='word_1_178' title='bbox 1941 1565 2044 1615; x_wconf 88' lang='lat' dir='ltr'>aut</span> <span class='ocrx_word' id='word_1_179' title='bbox 2075 1561 2278 1631; x_wconf 89' lang='lat' dir='ltr'>quinto</span> <span class='ocrx_word' id='word_1_180' title='bbox 2308 1576 2461 1615; x_wconf 89' lang='lat' dir='ltr'>anno</span> <span class='ocrx_word' id='word_1_181' title='bbox 2491 1564 2845 1630; x_wconf 88' lang='lat' dir='ltr'>congregata</span> <span class='ocrx_word' id='word_1_182' title='bbox 2866 1564 2974 1629; x_wconf 83' lang='lat' dir='ltr'>est,</span> <span class='ocrx_word' id='word_1_183' title='bbox 3007 1564 3065 1615; x_wconf 90' lang='lat' dir='ltr'>et</span> <span class='ocrx_word' id='word_1_184' title='bbox 3097 1577 3350 1618; x_wconf 84' lang='lat' dir='ltr'>canones</span> <span class='ocrx_word' id='word_1_185' title='bbox 3384 1578 3592 1618; x_wconf 86' lang='lat' dir='ltr'>nume-</span> 
     </span>
    </p>
   </div>
   <div class='ocr_carea' id='block_1_32' title="bbox 1943 1649 3591 1723">
    <p class='ocr_par' dir='ltr' id='par_1_32' title="bbox 1943 1649 3591 1723">
     <span class='ocr_line' id='line_1_32' title="bbox 1943 1649 3591 1723; baseline 0.002 -20"><span class='ocrx_word' id='word_1_186' title='bbox 1943 1666 2005 1703; x_wconf 93' lang='lat' dir='ltr'>ro</span> <span class='ocrx_word' id='word_1_187' title='bbox 2038 1654 2275 1705; x_wconf 87' lang='lat' dir='ltr'>centum</span> <span class='ocrx_word' id='word_1_188' title='bbox 2306 1650 2455 1705; x_wconf 91' lang='lat' dir='ltr'>duos</span> <span class='ocrx_word' id='word_1_189' title='bbox 2487 1649 2558 1704; x_wconf 90' lang='lat' dir='ltr'>ad</span> <span class='ocrx_word' id='word_1_190' title='bbox 2586 1649 3013 1719; x_wconf 89' lang='lat' dir='ltr'>correptionem</span> <span class='ocrx_word' id='word_1_191' title='bbox 3036 1649 3303 1706; x_wconf 66' lang='lat' dir='ltr'>Ecclesiae</span> <span class='ocrx_word' id='word_1_192' title='bbox 3334 1650 3591 1723; x_wconf 89' lang='lat' dir='ltr'>promul-</span> 
     </span>
    </p>
   </div>
   <div class='ocr_carea' id='block_1_33' title="bbox 170 1742 2121 1857">
    <p class='ocr_par' dir='ltr' id='par_1_33' title="bbox 170 1742 2121 1857">
     <span class='ocr_line' id='line_1_33' title="bbox 170 1742 2121 1857; baseline -0.006 -31"><span class='ocrx_word' id='word_1_193' title='bbox 170 1771 534 1843; x_wconf 89' lang='lat' dir='ltr'>gionarium,</span> <span class='ocrx_word' id='word_1_194' title='bbox 553 1786 684 1825; x_wconf 87' lang='lat' dir='ltr'>cum</span> <span class='ocrx_word' id='word_1_195' title='bbox 712 1769 841 1824; x_wconf 91' lang='lat' dir='ltr'>aliis</span> <span class='ocrx_word' id='word_1_196' title='bbox 868 1786 993 1841; x_wconf 72' lang='lat' dir='ltr'>quae</span> <span class='ocrx_word' id='word_1_197' title='bbox 1018 1786 1051 1824; x_wconf 92' lang='lat' dir='ltr'>a</span> <span class='ocrx_word' id='word_1_198' title='bbox 1080 1769 1261 1824; x_wconf 71' lang='lat' dir='ltr'>beata:</span> <span class='ocrx_word' id='word_1_199' title='bbox 1289 1767 1584 1823; x_wconf 58' lang='lat' dir='ltr'>memoriae</span> <span class='ocrx_word' id='word_1_200' title='bbox 1618 1766 1835 1838; x_wconf 69' lang='lat' dir='ltr'>praede-</span> <span class='ocrx_word' id='word_1_201' title='bbox 1864 1783 1913 1848; x_wconf 83' lang='lat' dir='ltr'><strong>B</strong></span> <span class='ocrx_word' id='word_1_202' title='bbox 1943 1742 2121 1857; x_wconf 50' lang='lat'>53&quot;“.</span> 
     </span>
    </p>
   </div>
   <div class='ocr_carea' id='block_1_34' title="bbox 172 1855 1833 1930">
    <p class='ocr_par' dir='ltr' id='par_1_34' title="bbox 172 1855 1833 1930">
     <span class='ocr_line' id='line_1_34' title="bbox 172 1855 1833 1930; baseline -0.004 -15"><span class='ocrx_word' id='word_1_203' title='bbox 172 1874 408 1915; x_wconf 81' lang='lat' dir='ltr'>cessare</span> <span class='ocrx_word' id='word_1_204' title='bbox 438 1865 639 1915; x_wconf 90' lang='lat' dir='ltr'>nostro</span> <span class='ocrx_word' id='word_1_205' title='bbox 670 1858 975 1930; x_wconf 82' lang='lat' dir='ltr'>Agathone</span> <span class='ocrx_word' id='word_1_206' title='bbox 1020 1874 1169 1930; x_wconf 91' lang='lat' dir='ltr'>papa</span> <span class='ocrx_word' id='word_1_207' title='bbox 1202 1875 1266 1912; x_wconf 85' lang='lat' dir='ltr'>ex</span> <span class='ocrx_word' id='word_1_208' title='bbox 1300 1860 1587 1928; x_wconf 71' lang='lat' dir='ltr'>praecepto</span> <span class='ocrx_word' id='word_1_209' title='bbox 1614 1855 1833 1910; x_wconf 89' lang='lat' dir='ltr'>sereni-</span> 
     </span>
    </p>
   </div>
   <div class='ocr_carea' id='block_1_35' title="bbox 170 1945 1835 2016">
    <p class='ocr_par' dir='ltr' id='par_1_35' title="bbox 170 1945 1835 2016">
     <span class='ocr_line' id='line_1_35' title="bbox 170 1945 1835 2016; baseline -0.004 -12"><span class='ocrx_word' id='word_1_210' title='bbox 170 1950 319 2004; x_wconf 86' lang='lat' dir='ltr'>tatis</span> <span class='ocrx_word' id='word_1_211' title='bbox 356 1953 565 2004; x_wconf 69' lang='lat' dir='ltr'>vestrm</span> <span class='ocrx_word' id='word_1_212' title='bbox 584 1948 936 2003; x_wconf 89' lang='lat' dir='ltr'>transmissa</span> <span class='ocrx_word' id='word_1_213' title='bbox 968 1951 1126 2016; x_wconf 89' lang='lat' dir='ltr'>sunt,</span> <span class='ocrx_word' id='word_1_214' title='bbox 1152 1946 1455 2001; x_wconf 90' lang='lat' dir='ltr'>etdivinas</span> <span class='ocrx_word' id='word_1_215' title='bbox 1492 1945 1716 1998; x_wconf 83' lang='lat' dir='ltr'>litteras</span> <span class='ocrx_word' id='word_1_216' title='bbox 1744 1959 1835 1998; x_wconf 90' lang='lat' dir='ltr'>ve-</span> 
     </span>
    </p>
   </div>
   <div class='ocr_carea' id='block_1_36' title="bbox 172 2030 1833 2109">
    <p class='ocr_par' dir='ltr' id='par_1_36' title="bbox 172 2030 1833 2109">
     <span class='ocr_line' id='line_1_36' title="bbox 172 2030 1833 2109; baseline -0.004 -17"><span class='ocrx_word' id='word_1_217' title='bbox 172 2044 357 2107; x_wconf 90' lang='lat' dir='ltr'>stras,</span> <span class='ocrx_word' id='word_1_218' title='bbox 385 2042 443 2091; x_wconf 92' lang='lat' dir='ltr'>et</span> <span class='ocrx_word' id='word_1_219' title='bbox 471 2040 635 2109; x_wconf 89' lang='lat' dir='ltr'>gesta</span> <span class='ocrx_word' id='word_1_220' title='bbox 658 2040 872 2091; x_wconf 74' lang='lat' dir='ltr'>sanctae</span> <span class='ocrx_word' id='word_1_221' title='bbox 904 2034 1107 2105; x_wconf 88' lang='lat' dir='ltr'>synodi</span> <span class='ocrx_word' id='word_1_222' title='bbox 1138 2050 1273 2089; x_wconf 91' lang='lat' dir='ltr'>cum</span> <span class='ocrx_word' id='word_1_223' title='bbox 1298 2034 1513 2105; x_wconf 85' lang='lat' dir='ltr'>gaudio</span> <span class='ocrx_word' id='word_1_224' title='bbox 1538 2030 1719 2087; x_wconf 85' lang='lat' dir='ltr'>multo</span> <span class='ocrx_word' id='word_1_225' title='bbox 1739 2047 1833 2086; x_wconf 86' lang='lat' dir='ltr'>ex-</span> 
     </span>
    </p>
   </div>
   <div class='ocr_carea' id='block_1_37' title="bbox 172 2122 1839 2196">
    <p class='ocr_par' dir='ltr' id='par_1_37' title="bbox 172 2122 1839 2196">
     <span class='ocr_line' id='line_1_37' title="bbox 172 2122 1839 2196; baseline -0.004 -15"><span class='ocrx_word' id='word_1_226' title='bbox 172 2126 468 2182; x_wconf 87' lang='lat' dir='ltr'>sultantes</span> <span class='ocrx_word' id='word_1_227' title='bbox 492 2126 547 2180; x_wconf 91' lang='lat' dir='ltr'>in</span> <span class='ocrx_word' id='word_1_228' title='bbox 574 2125 819 2180; x_wconf 89' lang='lat' dir='ltr'>Domino</span> <span class='ocrx_word' id='word_1_229' title='bbox 837 2122 1640 2196; x_wconf 89' lang='lat' dir='ltr'>suscepimus.Cognovimus</span> <span class='ocrx_word' id='word_1_230' title='bbox 1656 2137 1839 2192; x_wconf 82' lang='lat' dir='ltr'>quan-</span> 
     </span>
    </p>
   </div>
   <div class='ocr_carea' id='block_1_38' title="bbox 175 2210 1834 2285">
    <p class='ocr_par' dir='ltr' id='par_1_38' title="bbox 175 2210 1834 2285">
     <span class='ocr_line' id='line_1_38' title="bbox 175 2210 1834 2285; baseline -0.003 -15"><span class='ocrx_word' id='word_1_231' title='bbox 175 2216 249 2270; x_wconf 93' lang='lat' dir='ltr'>do</span> <span class='ocrx_word' id='word_1_232' title='bbox 276 2222 485 2270; x_wconf 89' lang='lat' dir='ltr'>sancta</span> <span class='ocrx_word' id='word_1_233' title='bbox 525 2219 582 2270; x_wconf 87' lang='lat' dir='ltr'>et</span> <span class='ocrx_word' id='word_1_234' title='bbox 622 2212 974 2268; x_wconf 88' lang='lat' dir='ltr'>universalis</span> <span class='ocrx_word' id='word_1_235' title='bbox 999 2213 1282 2285; x_wconf 89' lang='lat' dir='ltr'>synodus,</span> <span class='ocrx_word' id='word_1_236' title='bbox 1306 2229 1429 2283; x_wconf 63' lang='lat' dir='ltr'>quae</span> <span class='ocrx_word' id='word_1_237' title='bbox 1452 2226 1553 2282; x_wconf 90' lang='lat' dir='ltr'>per</span> <span class='ocrx_word' id='word_1_238' title='bbox 1583 2210 1834 2283; x_wconf 87' lang='lat' dir='ltr'>gratiam</span> 
     </span>
    </p>
   </div>
   <div class='ocr_carea' id='block_1_39' title="bbox 176 2298 1839 2375">
    <p class='ocr_par' dir='ltr' id='par_1_39' title="bbox 176 2298 1839 2375">
     <span class='ocr_line' id='line_1_39' title="bbox 176 2298 1839 2375; baseline -0.004 -16"><span class='ocrx_word' id='word_1_239' title='bbox 176 2304 280 2359; x_wconf 90' lang='lat' dir='ltr'>Dei</span> <span class='ocrx_word' id='word_1_240' title='bbox 310 2320 378 2359; x_wconf 83' lang='lat' dir='ltr'>ex</span> <span class='ocrx_word' id='word_1_241' title='bbox 400 2302 691 2375; x_wconf 80' lang='lat' dir='ltr'>imperiali</span> <span class='ocrx_word' id='word_1_242' title='bbox 716 2309 904 2358; x_wconf 88' lang='lat' dir='ltr'>vestro</span> <span class='ocrx_word' id='word_1_243' title='bbox 920 2305 1205 2374; x_wconf 66' lang='lat' dir='ltr'>praecepto</span> <span class='ocrx_word' id='word_1_244' title='bbox 1227 2317 1415 2373; x_wconf 90' lang='lat' dir='ltr'>nuper</span> <span class='ocrx_word' id='word_1_245' title='bbox 1428 2298 1839 2355; x_wconf 85' lang='lat' dir='ltr'>Constantino-</span> 
     </span>
    </p>
   </div>
   <div class='ocr_carea' id='block_1_40' title="bbox 178 2387 1839 2464">
    <p class='ocr_par' dir='ltr' id='par_1_40' title="bbox 178 2387 1839 2464">
     <span class='ocr_line' id='line_1_40' title="bbox 178 2387 1839 2464; baseline -0.004 -17"><span class='ocrx_word' id='word_1_246' title='bbox 178 2392 296 2462; x_wconf 90' lang='lat' dir='ltr'>poli</span> <span class='ocrx_word' id='word_1_247' title='bbox 320 2398 677 2464; x_wconf 89' lang='lat' dir='ltr'>congregata</span> <span class='ocrx_word' id='word_1_248' title='bbox 700 2391 1023 2459; x_wconf 88' lang='lat' dir='ltr'>est,eadem</span> <span class='ocrx_word' id='word_1_249' title='bbox 1048 2407 1176 2462; x_wconf 65' lang='lat' dir='ltr'>quae</span> <span class='ocrx_word' id='word_1_250' title='bbox 1200 2387 1554 2445; x_wconf 89' lang='lat' dir='ltr'>universalis</span> <span class='ocrx_word' id='word_1_251' title='bbox 1577 2388 1839 2456; x_wconf 83' lang='lat' dir='ltr'>synodus</span> 
     </span>
    </p>
   </div>
   <div class='ocr_carea' id='block_1_41' title="bbox 177 2474 1837 2551">
    <p class='ocr_par' dir='ltr' id='par_1_41' title="bbox 177 2474 1837 2551">
     <span class='ocr_line' id='line_1_41' title="bbox 177 2474 1837 2551; baseline -0.004 -16"><span class='ocrx_word' id='word_1_252' title='bbox 177 2497 307 2551; x_wconf 66' lang='lat' dir='ltr'>quae</span> <span class='ocrx_word' id='word_1_253' title='bbox 338 2482 399 2535; x_wconf 92' lang='lat' dir='ltr'>in</span> <span class='ocrx_word' id='word_1_254' title='bbox 422 2480 533 2536; x_wconf 92' lang='lat' dir='ltr'>hac</span> <span class='ocrx_word' id='word_1_255' title='bbox 552 2479 873 2551; x_wconf 89' lang='lat' dir='ltr'>apostolica</span> <span class='ocrx_word' id='word_1_256' title='bbox 904 2480 1040 2535; x_wconf 88' lang='lat' dir='ltr'>sede</span> <span class='ocrx_word' id='word_1_257' title='bbox 1070 2481 1361 2549; x_wconf 84' lang='lat' dir='ltr'>convenit,</span> <span class='ocrx_word' id='word_1_258' title='bbox 1390 2476 1484 2532; x_wconf 89' lang='lat' dir='ltr'>cui</span> <span class='ocrx_word' id='word_1_259' title='bbox 1508 2481 1565 2532; x_wconf 88' lang='lat' dir='ltr'>et</span> <span class='ocrx_word' id='word_1_260' title='bbox 1594 2474 1837 2531; x_wconf 89' lang='lat' dir='ltr'>humili-</span> 
     </span>
    </p>
   </div>
   <div class='ocr_carea' id='block_1_42' title="bbox 178 2564 1837 2640">
    <p class='ocr_par' dir='ltr' id='par_1_42' title="bbox 178 2564 1837 2640">
     <span class='ocr_line' id='line_1_42' title="bbox 178 2564 1837 2640; baseline -0.004 -15"><span class='ocrx_word' id='word_1_261' title='bbox 178 2575 273 2625; x_wconf 87' lang='lat' dir='ltr'>tas</span> <span class='ocrx_word' id='word_1_262' title='bbox 305 2574 507 2625; x_wconf 88' lang='lat' dir='ltr'>nostra</span> <span class='ocrx_word' id='word_1_263' title='bbox 537 2568 789 2640; x_wconf 73' lang='lat' dir='ltr'>praefuit,</span> <span class='ocrx_word' id='word_1_264' title='bbox 815 2569 1008 2638; x_wconf 87' lang='lat' dir='ltr'>sapuit</span> <span class='ocrx_word' id='word_1_265' title='bbox 1030 2572 1085 2623; x_wconf 94' lang='lat' dir='ltr'>et</span> <span class='ocrx_word' id='word_1_266' title='bbox 1107 2567 1371 2622; x_wconf 88' lang='lat' dir='ltr'>deﬁnivit</span> <span class='ocrx_word' id='word_1_267' title='bbox 1400 2567 1472 2620; x_wconf 91' lang='lat' dir='ltr'>de</span> <span class='ocrx_word' id='word_1_268' title='bbox 1497 2566 1610 2620; x_wconf 91' lang='lat' dir='ltr'>ﬁde</span> <span class='ocrx_word' id='word_1_269' title='bbox 1634 2564 1837 2620; x_wconf 91' lang='lat' dir='ltr'>catho-</span> 
     </span>
    </p>
   </div>
   <div class='ocr_carea' id='block_1_43' title="bbox 186 2657 1840 2723">
    <p class='ocr_par' dir='ltr' id='par_1_43' title="bbox 186 2657 1840 2723">
     <span class='ocr_line' id='line_1_43' title="bbox 186 2657 1840 2723; baseline -0.002 -10"><span class='ocrx_word' id='word_1_270' title='bbox 186 2659 323 2713; x_wconf 88' lang='lat' dir='ltr'>lica.</span> <span class='ocrx_word' id='word_1_271' title='bbox 358 2660 509 2713; x_wconf 82' lang='lat' dir='ltr'>Item.</span> <span class='ocrx_word' id='word_1_272' title='bbox 536 2657 822 2723; x_wconf 87' lang='lat' dir='ltr'>Quoniam</span> <span class='ocrx_word' id='word_1_273' title='bbox 856 2657 1007 2711; x_wconf 90' lang='lat' dir='ltr'>sicut</span> <span class='ocrx_word' id='word_1_274' title='bbox 1037 2657 1260 2711; x_wconf 90' lang='lat' dir='ltr'>dictum</span> <span class='ocrx_word' id='word_1_275' title='bbox 1283 2659 1391 2717; x_wconf 86' lang='lat' dir='ltr'>est,</span> <span class='ocrx_word' id='word_1_276' title='bbox 1431 2660 1635 2710; x_wconf 92' lang='lat' dir='ltr'>sancta</span> <span class='ocrx_word' id='word_1_277' title='bbox 1675 2657 1840 2710; x_wconf 88' lang='lat' dir='ltr'>sexta</span> 
     </span>
    </p>
   </div>
   <div class='ocr_carea' id='block_1_44' title="bbox 181 2743 1836 2819">
    <p class='ocr_par' dir='ltr' id='par_1_44' title="bbox 181 2743 1836 2819">
     <span class='ocr_line' id='line_1_44' title="bbox 181 2743 1836 2819; baseline -0.002 -18"><span class='ocrx_word' id='word_1_278' title='bbox 181 2747 448 2819; x_wconf 90' lang='lat' dir='ltr'>synodus</span> <span class='ocrx_word' id='word_1_279' title='bbox 481 2750 648 2802; x_wconf 66' lang='lat' dir='ltr'>rectis</span> <span class='ocrx_word' id='word_1_280' title='bbox 681 2746 811 2801; x_wconf 90' lang='lat' dir='ltr'>ﬁdei</span> <span class='ocrx_word' id='word_1_281' title='bbox 847 2744 1252 2800; x_wconf 80' lang='lat' dir='ltr'>deﬁnitionem</span> <span class='ocrx_word' id='word_1_282' title='bbox 1285 2743 1535 2815; x_wconf 77' lang='lat' dir='ltr'>perfecte</span> <span class='ocrx_word' id='word_1_283' title='bbox 1559 2743 1836 2812; x_wconf 68' lang='lat' dir='ltr'>praedica-</span> 
     </span>
    </p>
   </div>
   <div class='ocr_carea' id='block_1_45' title="bbox 180 2832 1836 2907">
    <p class='ocr_par' dir='ltr' id='par_1_45' title="bbox 180 2832 1836 2907">
     <span class='ocr_line' id='line_1_45' title="bbox 180 2832 1836 2907; baseline -0.003 -17"><span class='ocrx_word' id='word_1_284' title='bbox 180 2836 284 2902; x_wconf 89' lang='lat' dir='ltr'>vit,</span> <span class='ocrx_word' id='word_1_285' title='bbox 314 2852 493 2907; x_wconf 91' lang='lat' dir='ltr'>quam</span> <span class='ocrx_word' id='word_1_286' title='bbox 524 2840 581 2890; x_wconf 92' lang='lat' dir='ltr'>et</span> <span class='ocrx_word' id='word_1_287' title='bbox 603 2833 924 2906; x_wconf 91' lang='lat' dir='ltr'>apostolica</span> <span class='ocrx_word' id='word_1_288' title='bbox 946 2834 1113 2889; x_wconf 88' lang='lat' dir='ltr'>sedes</span> <span class='ocrx_word' id='word_1_289' title='bbox 1138 2832 1291 2889; x_wconf 86' lang='lat' dir='ltr'>beati</span> <span class='ocrx_word' id='word_1_290' title='bbox 1315 2832 1466 2888; x_wconf 87' lang='lat' dir='ltr'>Petri</span> <span class='ocrx_word' id='word_1_291' title='bbox 1490 2832 1604 2898; x_wconf 91' lang='lat' dir='ltr'>cui,</span> <span class='ocrx_word' id='word_1_292' title='bbox 1630 2847 1836 2902; x_wconf 88' lang='lat' dir='ltr'>quam-</span> 
     </span>
    </p>
   </div>
   <div class='ocr_carea' id='block_1_46' title="bbox 176 2920 1838 2996">
    <p class='ocr_par' dir='ltr' id='par_1_46' title="bbox 176 2920 1838 2996">
     <span class='ocr_line' id='line_1_46' title="bbox 176 2920 1838 2996; baseline -0.002 -18"><span class='ocrx_word' id='word_1_293' title='bbox 176 2926 267 2980; x_wconf 91' lang='lat' dir='ltr'>vis</span> <span class='ocrx_word' id='word_1_294' title='bbox 301 2925 554 2996; x_wconf 90' lang='lat' dir='ltr'>indigni,</span> <span class='ocrx_word' id='word_1_295' title='bbox 581 2924 972 2990; x_wconf 88' lang='lat' dir='ltr'>deservimus,</span> <span class='ocrx_word' id='word_1_296' title='bbox 1005 2927 1336 2977; x_wconf 89' lang='lat' dir='ltr'>reverenter</span> <span class='ocrx_word' id='word_1_297' title='bbox 1375 2920 1654 2992; x_wconf 89' lang='lat' dir='ltr'>suscepit,</span> <span class='ocrx_word' id='word_1_298' title='bbox 1706 2936 1838 2991; x_wconf 92' lang='lat' dir='ltr'>pro-</span> 
     </span>
    </p>
   </div>
   <div class='ocr_carea' id='block_1_47' title="bbox 178 3010 1841 3085">
    <p class='ocr_par' dir='ltr' id='par_1_47' title="bbox 178 3010 1841 3085">
     <span class='ocr_line' id='line_1_47' title="bbox 178 3010 1841 3085; baseline -0.003 -15"><span class='ocrx_word' id='word_1_299' title='bbox 178 3022 382 3085; x_wconf 89' lang='lat' dir='ltr'>pterea</span> <span class='ocrx_word' id='word_1_300' title='bbox 400 3019 455 3069; x_wconf 91' lang='lat' dir='ltr'>et</span> <span class='ocrx_word' id='word_1_301' title='bbox 470 3031 595 3079; x_wconf 90' lang='lat' dir='ltr'>nos,</span> <span class='ocrx_word' id='word_1_302' title='bbox 615 3029 723 3085; x_wconf 93' lang='lat' dir='ltr'>per</span> <span class='ocrx_word' id='word_1_303' title='bbox 745 3018 1006 3069; x_wconf 90' lang='lat' dir='ltr'>nostram</span> <span class='ocrx_word' id='word_1_304' title='bbox 1028 3010 1841 3078; x_wconf 88' lang='lat' dir='ltr'>constitutionem,adoranda</span> 
     </span>
    </p>
   </div>
   <div class='ocr_carea' id='block_1_48' title="bbox 176 3098 1837 3174">
    <p class='ocr_par' dir='ltr' id='par_1_48' title="bbox 176 3098 1837 3174">
     <span class='ocr_line' id='line_1_48' title="bbox 176 3098 1837 3174; baseline -0.004 -16"><span class='ocrx_word' id='word_1_305' title='bbox 176 3104 305 3158; x_wconf 66' lang='lat' dir='ltr'>haec</span> <span class='ocrx_word' id='word_1_306' title='bbox 326 3108 384 3159; x_wconf 92' lang='lat' dir='ltr'>et</span> <span class='ocrx_word' id='word_1_307' title='bbox 417 3103 739 3174; x_wconf 91' lang='lat' dir='ltr'>apostolica</span> <span class='ocrx_word' id='word_1_308' title='bbox 778 3103 946 3157; x_wconf 83' lang='lat' dir='ltr'>sedes</span> <span class='ocrx_word' id='word_1_309' title='bbox 968 3118 1036 3156; x_wconf 93' lang='lat' dir='ltr'>ea</span> <span class='ocrx_word' id='word_1_310' title='bbox 1059 3118 1183 3172; x_wconf 74' lang='lat' dir='ltr'>quae</span> <span class='ocrx_word' id='word_1_311' title='bbox 1219 3102 1279 3155; x_wconf 92' lang='lat' dir='ltr'>in</span> <span class='ocrx_word' id='word_1_312' title='bbox 1311 3099 1413 3154; x_wconf 91' lang='lat' dir='ltr'>illa</span> <span class='ocrx_word' id='word_1_313' title='bbox 1445 3105 1585 3155; x_wconf 91' lang='lat' dir='ltr'>sunt</span> <span class='ocrx_word' id='word_1_314' title='bbox 1616 3098 1837 3155; x_wconf 88' lang='lat' dir='ltr'>consti-</span> 
     </span>
    </p>
   </div>
   <div class='ocr_carea' id='block_1_49' title="bbox 178 3189 1833 3264">
    <p class='ocr_par' dir='ltr' id='par_1_49' title="bbox 178 3189 1833 3264">
     <span class='ocr_line' id='line_1_49' title="bbox 178 3189 1833 3264; baseline -0.001 -17"><span class='ocrx_word' id='word_1_315' title='bbox 178 3198 310 3247; x_wconf 87' lang='lat' dir='ltr'>tuta</span> <span class='ocrx_word' id='word_1_316' title='bbox 331 3193 675 3264; x_wconf 86' lang='lat' dir='ltr'>comprobat</span> <span class='ocrx_word' id='word_1_317' title='bbox 697 3196 753 3246; x_wconf 91' lang='lat' dir='ltr'>et</span> <span class='ocrx_word' id='word_1_318' title='bbox 773 3191 1126 3246; x_wconf 89' lang='lat' dir='ltr'>auctoritate</span> <span class='ocrx_word' id='word_1_319' title='bbox 1151 3190 1301 3244; x_wconf 89' lang='lat' dir='ltr'>beati</span> <span class='ocrx_word' id='word_1_320' title='bbox 1327 3189 1477 3243; x_wconf 91' lang='lat' dir='ltr'>Petri</span> <span class='ocrx_word' id='word_1_321' title='bbox 1502 3190 1833 3245; x_wconf 81' lang='lat' dir='ltr'>confirmat.</span> 
     </span>
    </p>
   </div>
   <div class='ocr_carea' id='block_1_50' title="bbox 179 3277 1837 3352">
    <p class='ocr_par' dir='ltr' id='par_1_50' title="bbox 179 3277 1837 3352">
     <span class='ocr_line' id='line_1_50' title="bbox 179 3277 1837 3352; baseline -0.002 -16"><span class='ocrx_word' id='word_1_322' title='bbox 179 3282 499 3352; x_wconf 89' lang='lat' dir='ltr'>Propterea</span> <span class='ocrx_word' id='word_1_323' title='bbox 521 3283 670 3335; x_wconf 91' lang='lat' dir='ltr'>sicut</span> <span class='ocrx_word' id='word_1_324' title='bbox 703 3280 1018 3348; x_wconf 88' lang='lat' dir='ltr'>recipimus</span> <span class='ocrx_word' id='word_1_325' title='bbox 1050 3283 1105 3333; x_wconf 88' lang='lat' dir='ltr'>et</span> <span class='ocrx_word' id='word_1_326' title='bbox 1155 3278 1399 3332; x_wconf 87' lang='lat' dir='ltr'>ﬁrmiter</span> <span class='ocrx_word' id='word_1_327' title='bbox 1446 3277 1837 3348; x_wconf 68' lang='lat' dir='ltr'>pradicamus</span> 
     </span>
    </p>
   </div>
   <div class='ocr_carea' id='block_1_51' title="bbox 183 3366 1834 3442">
    <p class='ocr_par' dir='ltr' id='par_1_51' title="bbox 183 3366 1834 3442">
     <span class='ocr_line' id='line_1_51' title="bbox 183 3366 1834 3442; baseline -0.003 -18"><span class='ocrx_word' id='word_1_328' title='bbox 183 3372 451 3442; x_wconf 88' lang='lat' dir='ltr'>quinque</span> <span class='ocrx_word' id='word_1_329' title='bbox 482 3374 716 3424; x_wconf 89' lang='lat' dir='ltr'>sanctas</span> <span class='ocrx_word' id='word_1_330' title='bbox 749 3372 806 3423; x_wconf 87' lang='lat' dir='ltr'>et</span> <span class='ocrx_word' id='word_1_331' title='bbox 829 3367 1192 3422; x_wconf 90' lang='lat' dir='ltr'>universales</span> <span class='ocrx_word' id='word_1_332' title='bbox 1215 3367 1496 3437; x_wconf 92' lang='lat' dir='ltr'>synodos,</span> <span class='ocrx_word' id='word_1_333' title='bbox 1530 3366 1585 3419; x_wconf 88' lang='lat' dir='ltr'>id</span> <span class='ocrx_word' id='word_1_334' title='bbox 1620 3370 1709 3420; x_wconf 93' lang='lat' dir='ltr'>est</span> <span class='ocrx_word' id='word_1_335' title='bbox 1737 3366 1834 3420; x_wconf 91' lang='lat' dir='ltr'>Ni-</span> 
     </span>
    </p>
   </div>
   <div class='ocr_carea' id='block_1_52' title="bbox 184 3453 1834 3528">
    <p class='ocr_par' dir='ltr' id='par_1_52' title="bbox 184 3453 1834 3528">
     <span class='ocr_line' id='line_1_52' title="bbox 184 3453 1834 3528; baseline -0.003 -15"><span class='ocrx_word' id='word_1_336' title='bbox 184 3453 1533 3528; x_wconf 84' lang='lat' dir='ltr'>caenam,Constantinopolitanam,Ephesinam</span> <span class='ocrx_word' id='word_1_337' title='bbox 1558 3455 1834 3525; x_wconf 90' lang='lat' dir='ltr'>primam,</span> 
     </span>
    </p>
   </div>
   <div class='ocr_carea' id='block_1_53' title="bbox 186 3543 1833 3616">
    <p class='ocr_par' dir='ltr' id='par_1_53' title="bbox 186 3543 1833 3616">
     <span class='ocr_line' id='line_1_53' title="bbox 186 3543 1833 3616; baseline -0.004 -13"><span class='ocrx_word' id='word_1_338' title='bbox 186 3546 747 3613; x_wconf 88' lang='lat' dir='ltr'>Chalcedonensem,</span> <span class='ocrx_word' id='word_1_339' title='bbox 798 3544 1059 3616; x_wconf 85' lang='lat' dir='ltr'>itemque</span> <span class='ocrx_word' id='word_1_340' title='bbox 1098 3543 1833 3614; x_wconf 88' lang='lat' dir='ltr'>Constantinopolitanam,</span> 
     </span>
    </p>
   </div>
   <div class='ocr_carea' id='block_1_54' title="bbox 186 3630 1833 3707">
    <p class='ocr_par' dir='ltr' id='par_1_54' title="bbox 186 3630 1833 3707">
     <span class='ocr_line' id='line_1_54' title="bbox 186 3630 1833 3707; baseline -0.002 -18"><span class='ocrx_word' id='word_1_341' title='bbox 186 3652 339 3707; x_wconf 89' lang='lat' dir='ltr'>quas</span> <span class='ocrx_word' id='word_1_342' title='bbox 359 3650 564 3689; x_wconf 90' lang='lat' dir='ltr'>omnes</span> <span class='ocrx_word' id='word_1_343' title='bbox 596 3634 853 3688; x_wconf 88' lang='lat' dir='ltr'>Ecclesia</span> <span class='ocrx_word' id='word_1_344' title='bbox 876 3632 1090 3687; x_wconf 89' lang='lat' dir='ltr'>Christi</span> <span class='ocrx_word' id='word_1_345' title='bbox 1115 3632 1425 3686; x_wconf 89' lang='lat' dir='ltr'>conﬁrmat</span> <span class='ocrx_word' id='word_1_346' title='bbox 1456 3637 1513 3685; x_wconf 91' lang='lat' dir='ltr'>et</span> <span class='ocrx_word' id='word_1_347' title='bbox 1542 3630 1833 3701; x_wconf 89' lang='lat' dir='ltr'>sequitur,</span> 
     </span>
    </p>
   </div>
   <div class='ocr_carea' id='block_1_55' title="bbox 192 3719 1838 3794">
    <p class='ocr_par' dir='ltr' id='par_1_55' title="bbox 192 3719 1838 3794">
     <span class='ocr_line' id='line_1_55' title="bbox 192 3719 1838 3794; baseline -0.004 -15"><span class='ocrx_word' id='word_1_348' title='bbox 192 3724 278 3779; x_wconf 91' lang='lat' dir='ltr'>sic</span> <span class='ocrx_word' id='word_1_349' title='bbox 311 3728 366 3777; x_wconf 91' lang='lat' dir='ltr'>et</span> <span class='ocrx_word' id='word_1_350' title='bbox 399 3722 552 3778; x_wconf 86' lang='lat' dir='ltr'>hanc</span> <span class='ocrx_word' id='word_1_351' title='bbox 578 3738 704 3794; x_wconf 71' lang='lat' dir='ltr'>qua:</span> <span class='ocrx_word' id='word_1_352' title='bbox 737 3737 925 3793; x_wconf 91' lang='lat' dir='ltr'>nuper</span> <span class='ocrx_word' id='word_1_353' title='bbox 947 3719 1453 3790; x_wconf 90' lang='lat' dir='ltr'>Constantinopoli</span> <span class='ocrx_word' id='word_1_354' title='bbox 1478 3720 1588 3775; x_wconf 93' lang='lat' dir='ltr'>sub</span> <span class='ocrx_word' id='word_1_355' title='bbox 1625 3720 1838 3775; x_wconf 86' lang='lat' dir='ltr'>sereni-</span> 
     </span>
    </p>
   </div>
   <div class='ocr_carea' id='block_1_56' title="bbox 183 3808 1834 3879">
    <p class='ocr_par' dir='ltr' id='par_1_56' title="bbox 183 3808 1834 3879">
     <span class='ocr_line' id='line_1_56' title="bbox 183 3808 1834 3879; baseline -0.004 -12"><span class='ocrx_word' id='word_1_356' title='bbox 183 3817 308 3868; x_wconf 88' lang='lat' dir='ltr'>tate</span> <span class='ocrx_word' id='word_1_357' title='bbox 341 3818 533 3866; x_wconf 85' lang='lat' dir='ltr'>vestra</span> <span class='ocrx_word' id='word_1_358' title='bbox 564 3811 714 3865; x_wconf 82' lang='lat' dir='ltr'>facta</span> <span class='ocrx_word' id='word_1_359' title='bbox 740 3815 849 3879; x_wconf 86' lang='lat' dir='ltr'>est,</span> <span class='ocrx_word' id='word_1_360' title='bbox 882 3809 1037 3864; x_wconf 91' lang='lat' dir='ltr'>sicut</span> <span class='ocrx_word' id='word_1_361' title='bbox 1065 3825 1165 3864; x_wconf 89' lang='lat' dir='ltr'>eas</span> <span class='ocrx_word' id='word_1_362' title='bbox 1196 3812 1541 3879; x_wconf 89' lang='lat' dir='ltr'>sequentem</span> <span class='ocrx_word' id='word_1_363' title='bbox 1576 3813 1631 3863; x_wconf 91' lang='lat' dir='ltr'>et</span> <span class='ocrx_word' id='word_1_364' title='bbox 1661 3808 1834 3862; x_wconf 80' lang='lat' dir='ltr'>inter-</span> 
     </span>
    </p>
   </div>
   <div class='ocr_carea' id='block_1_57' title="bbox 184 3896 1835 3969">
    <p class='ocr_par' dir='ltr' id='par_1_57' title="bbox 184 3896 1835 3969">
     <span class='ocr_line' id='line_1_57' title="bbox 184 3896 1835 3969; baseline -0.001 -16"><span class='ocrx_word' id='word_1_365' title='bbox 184 3903 515 3969; x_wconf 87' lang='lat' dir='ltr'>pretantem</span> <span class='ocrx_word' id='word_1_366' title='bbox 540 3898 720 3953; x_wconf 89' lang='lat' dir='ltr'>simili</span> <span class='ocrx_word' id='word_1_367' title='bbox 747 3898 1117 3953; x_wconf 90' lang='lat' dir='ltr'>veneratione</span> <span class='ocrx_word' id='word_1_368' title='bbox 1159 3897 1538 3968; x_wconf 83' lang='lat' dir='ltr'>suscipimus,</span> <span class='ocrx_word' id='word_1_369' title='bbox 1572 3902 1628 3951; x_wconf 91' lang='lat' dir='ltr'>et</span> <span class='ocrx_word' id='word_1_370' title='bbox 1660 3896 1835 3968; x_wconf 91' lang='lat' dir='ltr'>digne</span> 
     </span>
    </p>
   </div>
   <div class='ocr_carea' id='block_1_58' title="bbox 180 3986 1141 4059">
    <p class='ocr_par' dir='ltr' id='par_1_58' title="bbox 180 3986 1141 4059">
     <span class='ocr_line' id='line_1_58' title="bbox 180 3986 1141 4059; baseline 0 -18"><span class='ocrx_word' id='word_1_371' title='bbox 180 3989 268 4043; x_wconf 90' lang='lat' dir='ltr'>eis</span> <span class='ocrx_word' id='word_1_372' title='bbox 298 3987 711 4043; x_wconf 88' lang='lat' dir='ltr'>connumerari</span> <span class='ocrx_word' id='word_1_373' title='bbox 743 3986 1141 4059; x_wconf 85' lang='lat' dir='ltr'>praecipimus.</span> 
     </span>
    </p>
   </div>
   <div class='ocr_carea' id='block_1_59' title="bbox 181 4092 1837 4165">
    <p class='ocr_par' dir='ltr' id='par_1_59' title="bbox 181 4092 1837 4165">
     <span class='ocr_line' id='line_1_59' title="bbox 181 4092 1837 4165; baseline 0 -17"><span class='ocrx_word' id='word_1_374' title='bbox 181 4093 316 4148; x_wconf 65' lang='lat' dir='ltr'>Car.</span> <span class='ocrx_word' id='word_1_375' title='bbox 352 4095 475 4149; x_wconf 84' lang='grc'><strong>121.</strong></span> <span class='ocrx_word' id='word_1_376' title='bbox 501 4126 567 4135; x_wconf 93' lang='grc'><strong>-</strong></span> <span class='ocrx_word' id='word_1_377' title='bbox 596 4094 747 4149; x_wconf 83' lang='lat' dir='ltr'>Actio</span> <span class='ocrx_word' id='word_1_378' title='bbox 767 4096 977 4165; x_wconf 13' lang='lat' dir='ltr'>quarta,</span> <span class='ocrx_word' id='word_1_379' title='bbox 997 4096 1171 4149; x_wconf 73' lang='lat' dir='ltr'>sextae</span> <span class='ocrx_word' id='word_1_380' title='bbox 1201 4092 1399 4165; x_wconf 85' lang='lat' dir='ltr'>synodi</span> <span class='ocrx_word' id='word_1_381' title='bbox 1436 4094 1632 4148; x_wconf 89' lang='lat' dir='ltr'>Petrus</span> <span class='ocrx_word' id='word_1_382' title='bbox 1680 4092 1837 4149; x_wconf 86' lang='lat' dir='ltr'>Nico-</span> 
     </span>
    </p>
   </div>
   <div class='ocr_carea' id='block_1_60' title="bbox 654 4164 1372 4235">
    <p class='ocr_par' dir='ltr' id='par_1_60' title="bbox 654 4164 1372 4235">
     <span class='ocr_line' id='line_1_60' title="bbox 654 4164 1372 4235; baseline -0.003 -15"><span class='ocrx_word' id='word_1_383' title='bbox 654 4165 852 4221; x_wconf 69' lang='lat' dir='ltr'>mediae</span> <span class='ocrx_word' id='word_1_384' title='bbox 892 4164 1173 4235; x_wconf 83' lang='lat' dir='ltr'>episcopus</span> <span class='ocrx_word' id='word_1_385' title='bbox 1204 4164 1372 4219; x_wconf 75' lang='lat' dir='ltr'>dixit.</span> 
     </span>
    </p>
   </div>
   <div class='ocr_carea' id='block_1_61' title="bbox 257 4262 1835 4334">
    <p class='ocr_par' dir='ltr' id='par_1_61' title="bbox 257 4262 1835 4334">
     <span class='ocr_line' id='line_1_61' title="bbox 257 4262 1835 4334; baseline 0.001 -17"><span class='ocrx_word' id='word_1_386' title='bbox 257 4264 430 4334; x_wconf 84' lang='lat' dir='ltr'>(Dist.</span> <span class='ocrx_word' id='word_1_387' title='bbox 466 4264 553 4333; x_wconf 85' lang='grc'>16,</span> <span class='ocrx_word' id='word_1_388' title='bbox 573 4278 701 4334; x_wconf 86' lang='lat' dir='ltr'>cap.</span> <span class='ocrx_word' id='word_1_389' title='bbox 730 4262 913 4318; x_wconf 83' lang='lat' dir='ltr'>Habeo</span> <span class='ocrx_word' id='word_1_390' title='bbox 938 4262 1192 4332; x_wconf 87' lang='lat' dir='ltr'>librum.)</span> <span class='ocrx_word' id='word_1_391' title='bbox 1224 4263 1417 4317; x_wconf 85' lang='lat' dir='ltr'>Habeo</span> <span class='ocrx_word' id='word_1_392' title='bbox 1450 4262 1663 4317; x_wconf 90' lang='lat' dir='ltr'>librum</span> <span class='ocrx_word' id='word_1_393' title='bbox 1691 4278 1835 4318; x_wconf 86' lang='lat' dir='ltr'>con-</span> 
     </span>
    </p>
   </div>
   <div class='ocr_carea' id='block_1_62' title="bbox 182 4350 1838 4423">
    <p class='ocr_par' dir='ltr' id='par_1_62' title="bbox 182 4350 1838 4423">
     <span class='ocr_line' id='line_1_62' title="bbox 182 4350 1838 4423; baseline 0 -16"><span class='ocrx_word' id='word_1_394' title='bbox 182 4352 473 4407; x_wconf 87' lang='lat' dir='ltr'>tinentem</span> <span class='ocrx_word' id='word_1_395' title='bbox 498 4368 747 4408; x_wconf 86' lang='lat' dir='ltr'>canones</span> <span class='ocrx_word' id='word_1_396' title='bbox 780 4356 993 4407; x_wconf 65' lang='lat' dir='ltr'>sanctae</span> <span class='ocrx_word' id='word_1_397' title='bbox 1017 4350 1224 4423; x_wconf 90' lang='lat' dir='ltr'>synodi</span> <span class='ocrx_word' id='word_1_398' title='bbox 1260 4355 1451 4407; x_wconf 59' lang='lat' dir='ltr'>sextis.</span> <span class='ocrx_word' id='word_1_399' title='bbox 1498 4351 1838 4407; x_wconf 88' lang='lat' dir='ltr'>Patriarcha</span> 
     </span>
    </p>
   </div>
   <div class='ocr_carea' id='block_1_63' title="bbox 182 4439 1834 4512">
    <p class='ocr_par' dir='ltr' id='par_1_63' title="bbox 182 4439 1834 4512">
     <span class='ocr_line' id='line_1_63' title="bbox 182 4439 1834 4512; baseline 0.001 -16"><span class='ocrx_word' id='word_1_400' title='bbox 182 4442 337 4496; x_wconf 84' lang='lat' dir='ltr'>dixit</span> <span class='ocrx_word' id='word_1_401' title='bbox 368 4458 380 4496; x_wconf 94' lang='lat'>:</span> <span class='ocrx_word' id='word_1_402' title='bbox 418 4440 662 4506; x_wconf 89' lang='lat' dir='ltr'>Quidam</span> <span class='ocrx_word' id='word_1_403' title='bbox 691 4458 791 4512; x_wconf 90' lang='lat' dir='ltr'>per</span> <span class='ocrx_word' id='word_1_404' title='bbox 821 4441 1218 4511; x_wconf 88' lang='lat' dir='ltr'>ignorantiam</span> <span class='ocrx_word' id='word_1_405' title='bbox 1233 4439 1710 4496; x_wconf 89' lang='lat' dir='ltr'>scandalizantur</span> <span class='ocrx_word' id='word_1_406' title='bbox 1731 4457 1834 4511; x_wconf 89' lang='lat' dir='ltr'>pro</span> 
     </span>
    </p>
   </div>
   <div class='ocr_carea' id='block_1_64' title="bbox 182 4517 1913 4601">
    <p class='ocr_par' dir='ltr' id='par_1_64' title="bbox 182 4517 1913 4601">
     <span class='ocr_line' id='line_1_64' title="bbox 182 4517 1913 4601; baseline -0.002 -16"><span class='ocrx_word' id='word_1_407' title='bbox 182 4529 513 4585; x_wconf 89' lang='lat' dir='ltr'>canonibus</span> <span class='ocrx_word' id='word_1_408' title='bbox 544 4529 676 4585; x_wconf 87' lang='lat' dir='ltr'>istis</span> <span class='ocrx_word' id='word_1_409' title='bbox 706 4530 966 4585; x_wconf 89' lang='lat' dir='ltr'>dicentes</span> <span class='ocrx_word' id='word_1_410' title='bbox 1000 4546 1012 4584; x_wconf 88' lang='lat'><strong>:</strong></span> <span class='ocrx_word' id='word_1_411' title='bbox 1043 4530 1321 4600; x_wconf 90' lang='lat' dir='ltr'>Nunquid</span> <span class='ocrx_word' id='word_1_412' title='bbox 1372 4534 1534 4585; x_wconf 84' lang='lat' dir='ltr'>sexta</span> <span class='ocrx_word' id='word_1_413' title='bbox 1576 4530 1838 4601; x_wconf 84' lang='lat' dir='ltr'>synodus</span> <span class='ocrx_word' id='word_1_414' title='bbox 1867 4517 1913 4581; x_wconf 88' lang='lat' dir='ltr'><strong>D</strong></span> 
     </span>
    </p>
   </div>
   <div class='ocr_carea' id='block_1_65' title="bbox 179 4618 1836 4691">
    <p class='ocr_par' dir='ltr' id='par_1_65' title="bbox 179 4618 1836 4691">
     <span class='ocr_line' id='line_1_65' title="bbox 179 4618 1836 4691; baseline 0.001 -18"><span class='ocrx_word' id='word_1_415' title='bbox 179 4635 440 4674; x_wconf 85' lang='lat' dir='ltr'>canones</span> <span class='ocrx_word' id='word_1_416' title='bbox 464 4619 629 4673; x_wconf 85' lang='lat' dir='ltr'>fecit?</span> <span class='ocrx_word' id='word_1_417' title='bbox 649 4618 849 4674; x_wconf 81' lang='lat' dir='ltr'>Sciant</span> <span class='ocrx_word' id='word_1_418' title='bbox 870 4635 1007 4690; x_wconf 92' lang='lat' dir='ltr'>ergo</span> <span class='ocrx_word' id='word_1_419' title='bbox 1032 4618 1311 4690; x_wconf 89' lang='lat' dir='ltr'>quoniam</span> <span class='ocrx_word' id='word_1_420' title='bbox 1337 4622 1541 4675; x_wconf 89' lang='lat' dir='ltr'>sancta</span> <span class='ocrx_word' id='word_1_421' title='bbox 1572 4620 1836 4691; x_wconf 86' lang='lat' dir='ltr'>synodus</span> 
     </span>
    </p>
   </div>
   <div class='ocr_carea' id='block_1_66' title="bbox 182 4708 1836 4779">
    <p class='ocr_par' dir='ltr' id='par_1_66' title="bbox 182 4708 1836 4779">
     <span class='ocr_line' id='line_1_66' title="bbox 182 4708 1836 4779; baseline 0 -16"><span class='ocrx_word' id='word_1_422' title='bbox 182 4712 351 4763; x_wconf 83' lang='lat' dir='ltr'>sexta</span> <span class='ocrx_word' id='word_1_423' title='bbox 378 4708 492 4762; x_wconf 87' lang='lat' dir='ltr'>sub</span> <span class='ocrx_word' id='word_1_424' title='bbox 533 4708 916 4763; x_wconf 90' lang='lat' dir='ltr'>Constantino</span> <span class='ocrx_word' id='word_1_425' title='bbox 948 4712 1301 4779; x_wconf 85' lang='lat' dir='ltr'>congregata</span> <span class='ocrx_word' id='word_1_426' title='bbox 1331 4712 1443 4775; x_wconf 90' lang='lat' dir='ltr'>est,</span> <span class='ocrx_word' id='word_1_427' title='bbox 1490 4712 1694 4763; x_wconf 87' lang='lat' dir='ltr'>contra</span> <span class='ocrx_word' id='word_1_428' title='bbox 1737 4723 1836 4764; x_wconf 90' lang='lat' dir='ltr'>eos</span> 
     </span>
    </p>
   </div>
   <div class='ocr_carea' id='block_1_67' title="bbox 184 4795 1836 4867">
    <p class='ocr_par' dir='ltr' id='par_1_67' title="bbox 184 4795 1836 4867">
     <span class='ocr_line' id='line_1_67' title="bbox 184 4795 1836 4867; baseline 0.001 -17"><span class='ocrx_word' id='word_1_429' title='bbox 184 4797 285 4867; x_wconf 91' lang='lat' dir='ltr'>qui</span> <span class='ocrx_word' id='word_1_430' title='bbox 324 4796 597 4851; x_wconf 87' lang='lat' dir='ltr'>dicebant</span> <span class='ocrx_word' id='word_1_431' title='bbox 629 4813 807 4851; x_wconf 89' lang='lat' dir='ltr'>unam</span> <span class='ocrx_word' id='word_1_432' title='bbox 841 4795 1241 4866; x_wconf 90' lang='lat' dir='ltr'>operationem</span> <span class='ocrx_word' id='word_1_433' title='bbox 1274 4800 1331 4850; x_wconf 92' lang='lat' dir='ltr'>et</span> <span class='ocrx_word' id='word_1_434' title='bbox 1373 4795 1731 4851; x_wconf 84' lang='lat' dir='ltr'>voluntatem</span> <span class='ocrx_word' id='word_1_435' title='bbox 1775 4796 1836 4851; x_wconf 91' lang='lat' dir='ltr'>in</span> 
     </span>
    </p>
   </div>
   <div class='ocr_carea' id='block_1_68' title="bbox 182 4883 1838 4957">
    <p class='ocr_par' dir='ltr' id='par_1_68' title="bbox 182 4883 1838 4957">
     <span class='ocr_line' id='line_1_68' title="bbox 182 4883 1838 4957; baseline 0 -17"><span class='ocrx_word' id='word_1_436' title='bbox 182 4885 441 4940; x_wconf 88' lang='lat' dir='ltr'>Christo.</span> <span class='ocrx_word' id='word_1_437' title='bbox 470 4886 528 4939; x_wconf 87' lang='lat' dir='ltr'>In</span> <span class='ocrx_word' id='word_1_438' title='bbox 558 4902 673 4957; x_wconf 86' lang='lat' dir='ltr'>qua</span> <span class='ocrx_word' id='word_1_439' title='bbox 697 4885 884 4940; x_wconf 90' lang='lat' dir='ltr'>sancti</span> <span class='ocrx_word' id='word_1_440' title='bbox 909 4886 1108 4940; x_wconf 88' lang='lat' dir='ltr'>Patres</span> <span class='ocrx_word' id='word_1_441' title='bbox 1131 4884 1263 4940; x_wconf 92' lang='lat' dir='ltr'>illos</span> <span class='ocrx_word' id='word_1_442' title='bbox 1295 4883 1677 4939; x_wconf 81' lang='lat' dir='ltr'>uthaereticos</span> <span class='ocrx_word' id='word_1_443' title='bbox 1698 4901 1838 4940; x_wconf 88' lang='lat' dir='ltr'>ana-</span> 
     </span>
    </p>
   </div>
   <div class='ocr_carea' id='block_1_69' title="bbox 180 4972 1829 5044">
    <p class='ocr_par' dir='ltr' id='par_1_69' title="bbox 180 4972 1829 5044">
     <span class='ocr_line' id='line_1_69' title="bbox 180 4972 1829 5044; baseline -0.001 -15"><span class='ocrx_word' id='word_1_444' title='bbox 180 4973 731 5041; x_wconf 82' lang='lat' dir='ltr'>thematizaverunt,</span> <span class='ocrx_word' id='word_1_445' title='bbox 767 4978 823 5028; x_wconf 85' lang='lat' dir='ltr'>et</span> <span class='ocrx_word' id='word_1_446' title='bbox 855 4973 1240 5029; x_wconf 84' lang='lat' dir='ltr'>orthodoxam</span> <span class='ocrx_word' id='word_1_447' title='bbox 1280 4974 1455 5028; x_wconf 89' lang='lat' dir='ltr'>ﬁdem</span> <span class='ocrx_word' id='word_1_448' title='bbox 1488 4972 1829 5044; x_wconf 83' lang='lat' dir='ltr'>explanave-</span> 
     </span>
    </p>
   </div>
   <div class='ocr_carea' id='block_1_70' title="bbox 184 5061 1837 5135">
    <p class='ocr_par' dir='ltr' id='par_1_70' title="bbox 184 5061 1837 5135">
     <span class='ocr_line' id='line_1_70' title="bbox 184 5061 1837 5135; baseline -0.001 -16"><span class='ocrx_word' id='word_1_449' title='bbox 184 5069 348 5129; x_wconf 85' lang='lat' dir='ltr'>runt,</span> <span class='ocrx_word' id='word_1_450' title='bbox 407 5068 465 5118; x_wconf 84' lang='lat' dir='ltr'>et</span> <span class='ocrx_word' id='word_1_451' title='bbox 519 5063 713 5119; x_wconf 88' lang='lat' dir='ltr'>soluta</span> <span class='ocrx_word' id='word_1_452' title='bbox 767 5063 1027 5135; x_wconf 88' lang='lat' dir='ltr'>synodus</span> <span class='ocrx_word' id='word_1_453' title='bbox 1057 5068 1144 5118; x_wconf 87' lang='lat' dir='ltr'>est</span> <span class='ocrx_word' id='word_1_454' title='bbox 1172 5061 1550 5117; x_wconf 91' lang='lat' dir='ltr'>Constantini</span> <span class='ocrx_word' id='word_1_455' title='bbox 1601 5062 1837 5117; x_wconf 93' lang='lat' dir='ltr'>decimo</span> 
     </span>
    </p>
   </div>
   <div class='ocr_carea' id='block_1_71' title="bbox 183 5150 1838 5223">
    <p class='ocr_par' dir='ltr' id='par_1_71' title="bbox 183 5150 1838 5223">
     <span class='ocr_line' id='line_1_71' title="bbox 183 5150 1838 5223; baseline 0.001 -18"><span class='ocrx_word' id='word_1_456' title='bbox 183 5155 399 5222; x_wconf 91' lang='lat' dir='ltr'>quarto</span> <span class='ocrx_word' id='word_1_457' title='bbox 428 5169 601 5207; x_wconf 89' lang='lat' dir='ltr'>anno.</span> <span class='ocrx_word' id='word_1_458' title='bbox 633 5152 769 5206; x_wconf 89' lang='lat' dir='ltr'>Post</span> <span class='ocrx_word' id='word_1_459' title='bbox 802 5157 1054 5223; x_wconf 89' lang='lat' dir='ltr'>quatuor</span> <span class='ocrx_word' id='word_1_460' title='bbox 1081 5168 1213 5207; x_wconf 88' lang='lat' dir='ltr'>vero</span> <span class='ocrx_word' id='word_1_461' title='bbox 1246 5156 1347 5206; x_wconf 91' lang='lat' dir='ltr'>aut</span> <span class='ocrx_word' id='word_1_462' title='bbox 1366 5150 1624 5221; x_wconf 91' lang='lat' dir='ltr'>quinque</span> <span class='ocrx_word' id='word_1_463' title='bbox 1652 5166 1838 5206; x_wconf 88' lang='lat' dir='ltr'>annos</span> 
     </span>
    </p>
   </div>
   <div class='ocr_carea' id='block_1_72' title="bbox 184 5238 1836 5312">
    <p class='ocr_par' dir='ltr' id='par_1_72' title="bbox 184 5238 1836 5312">
     <span class='ocr_line' id='line_1_72' title="bbox 184 5238 1836 5312; baseline 0 -18"><span class='ocrx_word' id='word_1_464' title='bbox 184 5241 365 5296; x_wconf 90' lang='lat' dir='ltr'>iidem</span> <span class='ocrx_word' id='word_1_465' title='bbox 390 5240 576 5296; x_wconf 87' lang='lat' dir='ltr'>sancti</span> <span class='ocrx_word' id='word_1_466' title='bbox 600 5240 800 5296; x_wconf 89' lang='lat' dir='ltr'>Patres</span> <span class='ocrx_word' id='word_1_467' title='bbox 823 5240 1157 5312; x_wconf 83' lang='lat' dir='ltr'>congregati</span> <span class='ocrx_word' id='word_1_468' title='bbox 1182 5244 1344 5311; x_wconf 83' lang='lat' dir='ltr'>sunt,</span> <span class='ocrx_word' id='word_1_469' title='bbox 1364 5241 1474 5312; x_wconf 79' lang='lat' dir='ltr'>sub</span> <span class='ocrx_word' id='word_1_470' title='bbox 1495 5238 1836 5294; x_wconf 89' lang='lat' dir='ltr'>Justiniano</span> 
     </span>
    </p>
   </div>
   <div class='ocr_carea' id='block_1_73' title="bbox 186 5326 1839 5400">
    <p class='ocr_par' dir='ltr' id='par_1_73' title="bbox 186 5326 1839 5400">
     <span class='ocr_line' id='line_1_73' title="bbox 186 5326 1839 5400; baseline 0 -17"><span class='ocrx_word' id='word_1_471' title='bbox 186 5328 307 5384; x_wconf 90' lang='lat' dir='ltr'>ﬁlio</span> <span class='ocrx_word' id='word_1_472' title='bbox 333 5329 724 5399; x_wconf 88' lang='lat' dir='ltr'>Constantini,</span> <span class='ocrx_word' id='word_1_473' title='bbox 748 5334 801 5384; x_wconf 90' lang='lat' dir='ltr'>et</span> <span class='ocrx_word' id='word_1_474' title='bbox 822 5328 1133 5400; x_wconf 79' lang='lat' dir='ltr'>praedictos</span> <span class='ocrx_word' id='word_1_475' title='bbox 1158 5344 1412 5384; x_wconf 92' lang='lat' dir='ltr'>canones</span> <span class='ocrx_word' id='word_1_476' title='bbox 1436 5326 1839 5399; x_wconf 87' lang='lat' dir='ltr'>promulgave-</span> 
     </span>
    </p>
   </div>
   <div class='ocr_carea' id='block_1_74' title="bbox 184 5416 1835 5487">
    <p class='ocr_par' dir='ltr' id='par_1_74' title="bbox 184 5416 1835 5487">
     <span class='ocr_line' id='line_1_74' title="bbox 184 5416 1835 5487; baseline -0.001 -15"><span class='ocrx_word' id='word_1_477' title='bbox 184 5421 421 5487; x_wconf 89' lang='lat' dir='ltr'>verunt,</span> <span class='ocrx_word' id='word_1_478' title='bbox 457 5422 522 5472; x_wconf 88' lang='lat' dir='ltr'>ut</span> <span class='ocrx_word' id='word_1_479' title='bbox 551 5416 752 5473; x_wconf 89' lang='lat' dir='ltr'>nullus</span> <span class='ocrx_word' id='word_1_480' title='bbox 772 5417 844 5473; x_wconf 90' lang='lat' dir='ltr'>de</span> <span class='ocrx_word' id='word_1_481' title='bbox 863 5418 947 5473; x_wconf 92' lang='lat' dir='ltr'>eis</span> <span class='ocrx_word' id='word_1_482' title='bbox 966 5417 1213 5472; x_wconf 89' lang='lat' dir='ltr'>dubitet.</span> <span class='ocrx_word' id='word_1_483' title='bbox 1238 5416 1343 5480; x_wconf 90' lang='lat' dir='ltr'>Qui</span> <span class='ocrx_word' id='word_1_484' title='bbox 1378 5416 1535 5470; x_wconf 90' lang='lat' dir='ltr'>enim</span> <span class='ocrx_word' id='word_1_485' title='bbox 1560 5416 1670 5471; x_wconf 86' lang='lat' dir='ltr'>sub</span> <span class='ocrx_word' id='word_1_486' title='bbox 1689 5416 1835 5471; x_wconf 89' lang='lat' dir='ltr'>Con-</span> 
     </span>
    </p>
   </div>
   <div class='ocr_carea' id='block_1_75' title="bbox 189 5503 1837 5577">
    <p class='ocr_par' dir='ltr' id='par_1_75' title="bbox 189 5503 1837 5577">
     <span class='ocr_line' id='line_1_75' title="bbox 189 5503 1837 5577; baseline 0 -16"><span class='ocrx_word' id='word_1_487' title='bbox 189 5506 453 5561; x_wconf 87' lang='lat' dir='ltr'>stantino</span> <span class='ocrx_word' id='word_1_488' title='bbox 472 5507 528 5559; x_wconf 93' lang='lat' dir='ltr'>in</span> <span class='ocrx_word' id='word_1_489' title='bbox 547 5506 769 5577; x_wconf 89' lang='lat' dir='ltr'>synodo</span> <span class='ocrx_word' id='word_1_490' title='bbox 786 5505 1229 5571; x_wconf 79' lang='lat' dir='ltr'>fuerunt,iidem</span> <span class='ocrx_word' id='word_1_491' title='bbox 1244 5504 1353 5575; x_wconf 90' lang='lat' dir='ltr'>ipsi</span> <span class='ocrx_word' id='word_1_492' title='bbox 1371 5504 1478 5559; x_wconf 92' lang='lat' dir='ltr'>sub</span> <span class='ocrx_word' id='word_1_493' title='bbox 1497 5503 1837 5561; x_wconf 89' lang='lat' dir='ltr'>Justiniano</span> 
     </span>
    </p>
   </div>
   <div class='ocr_carea' id='block_1_76' title="bbox 188 5592 1839 5666">
    <p class='ocr_par' dir='ltr' id='par_1_76' title="bbox 188 5592 1839 5666">
     <span class='ocr_line' id='line_1_76' title="bbox 188 5592 1839 5666; baseline 0.002 -19"><span class='ocrx_word' id='word_1_494' title='bbox 188 5593 320 5651; x_wconf 84' lang='lat' dir='ltr'>istis</span> <span class='ocrx_word' id='word_1_495' title='bbox 343 5592 675 5651; x_wconf 84' lang='lat' dir='ltr'>canonibus</span> <span class='ocrx_word' id='word_1_496' title='bbox 698 5595 1201 5666; x_wconf 88' lang='lat' dir='ltr'>subscripserunt.</span> <span class='ocrx_word' id='word_1_497' title='bbox 1233 5593 1550 5665; x_wconf 89' lang='lat' dir='ltr'>Oportebat</span> <span class='ocrx_word' id='word_1_498' title='bbox 1578 5592 1735 5648; x_wconf 88' lang='lat' dir='ltr'>enim</span> <span class='ocrx_word' id='word_1_499' title='bbox 1776 5599 1839 5650; x_wconf 85' lang='lat' dir='ltr'>ut</span> 
     </span>
    </p>
   </div>
   <div class='ocr_carea' id='block_1_77' title="bbox 1942 1834 3594 1909">
    <p class='ocr_par' dir='ltr' id='par_1_77' title="bbox 1942 1834 3594 1909">
     <span class='ocr_line' id='line_1_77' title="bbox 1942 1834 3594 1909; baseline 0.002 -19"><span class='ocrx_word' id='word_1_500' title='bbox 1942 1838 2096 1909; x_wconf 44' lang='lat' dir='ltr'>CAP.</span> <span class='ocrx_word' id='word_1_501' title='bbox 2141 1835 2264 1909; x_wconf 65' lang='grc'>122.</span> <span class='ocrx_word' id='word_1_502' title='bbox 2313 1864 2381 1875; x_wconf 85' lang='grc'><strong><em>--</em></strong></span> <span class='ocrx_word' id='word_1_503' title='bbox 2440 1836 2573 1909; x_wconf 57' lang='grc' dir='ltr'>Περὶ</span> <span class='ocrx_word' id='word_1_504' title='bbox 2628 1834 2694 1889; x_wconf 86' lang='lat' dir='ltr'>de</span> <span class='ocrx_word' id='word_1_505' title='bbox 2768 1837 3070 1909; x_wconf 83' lang='lat' dir='ltr'>aucoritate</span> <span class='ocrx_word' id='word_1_506' title='bbox 3127 1846 3300 1894; x_wconf 69' lang='lat' dir='ltr'>sextae</span> <span class='ocrx_word' id='word_1_507' title='bbox 3375 1836 3594 1909; x_wconf 83' lang='lat' dir='ltr'>synodi.</span> 
     </span>
    </p>
   </div>
   <div class='ocr_carea' id='block_1_78' title="bbox 2012 1905 3597 2034">
    <p class='ocr_par' dir='ltr' id='par_1_78' title="bbox 2012 1905 3597 2034">
     <span class='ocr_line' id='line_1_78' title="bbox 2012 1905 3597 2034; baseline 0.003 -72"><span class='ocrx_word' id='word_1_508' title='bbox 2012 1905 2295 2034; x_wconf 53' lang='lat' dir='ltr'>Adriznus</span> <span class='ocrx_word' id='word_1_509' title='bbox 2319 1923 2467 1978; x_wconf 83' lang='lat' dir='ltr'>papa</span> <span class='ocrx_word' id='word_1_510' title='bbox 2500 1907 2720 1962; x_wconf 86' lang='lat' dir='ltr'>Tarasio</span> <span class='ocrx_word' id='word_1_511' title='bbox 2745 1906 3108 1978; x_wconf 71' lang='lat' dir='ltr'>patriarchae.</span> <span class='ocrx_word' id='word_1_512' title='bbox 3156 1909 3309 1965; x_wconf 84' lang='lat' dir='ltr'>Actio</span> <span class='ocrx_word' id='word_1_513' title='bbox 3352 1905 3597 1966; x_wconf 74' lang='lat' dir='ltr'>secunda</span> 
     </span>
     <span class='ocr_line' id='line_1_79' title="bbox 2014 1995 2351 2034; baseline -0.006 0"><span class='ocrx_word' id='word_1_514' title='bbox 2014 1995 2150 2034; x_wconf 88' lang='lat' dir='ltr'>suno</span> <span class='ocrx_word' id='word_1_515' title='bbox 2190 1996 2219 2032; x_wconf 19' lang='lat' dir='ltr'>ri</span> <span class='ocrx_word' id='word_1_516' title='bbox 2250 1996 2351 2034; x_wconf 86' lang='lat' dir='ltr'>vu.</span> 
     </span>
    </p>
   </div>
   <div class='ocr_carea' id='block_1_79' title="bbox 2014 1995 2351 2051">
    <p class='ocr_par' dir='ltr' id='par_1_79' title="bbox 2014 1995 2351 2051">
     <span class='ocr_line' id='line_1_80' title="bbox 2014 1995 2351 2051; baseline -0.003 -18"><span class='ocrx_word' id='word_1_517' title='bbox 2014 1995 2219 2051; x_wconf 81' lang='lat' dir='ltr'>synoai</span> <span class='ocrx_word' id='word_1_518' title='bbox 2250 1996 2351 2035; x_wconf 86' lang='lat' dir='ltr'>vu.</span> 
     </span>
    </p>
   </div>
   <div class='ocr_carea' id='block_1_80' title="bbox 2018 2067 3599 2141">
    <p class='ocr_par' dir='ltr' id='par_1_80' title="bbox 2018 2067 3599 2141">
     <span class='ocr_line' id='line_1_81' title="bbox 2018 2067 3599 2141; baseline 0.002 -20"><span class='ocrx_word' id='word_1_519' title='bbox 2018 2067 2182 2138; x_wconf 84' lang='lat' dir='ltr'>(Dist.</span> <span class='ocrx_word' id='word_1_520' title='bbox 2215 2067 2304 2137; x_wconf 77' lang='lat' dir='ltr'>i6,</span> <span class='ocrx_word' id='word_1_521' title='bbox 2339 2084 2460 2138; x_wconf 89' lang='lat' dir='ltr'>cap.</span> <span class='ocrx_word' id='word_1_522' title='bbox 2496 2067 2724 2121; x_wconf 74' lang='lat' dir='ltr'>Sextum</span> <span class='ocrx_word' id='word_1_523' title='bbox 2753 2070 2904 2137; x_wconf 87' lang='lat' dir='ltr'>syn.)</span> <span class='ocrx_word' id='word_1_524' title='bbox 2934 2068 3207 2123; x_wconf 84' lang='lat' dir='ltr'>Sanctam</span> <span class='ocrx_word' id='word_1_525' title='bbox 3240 2073 3465 2124; x_wconf 83' lang='lat' dir='ltr'>sextam</span> <span class='ocrx_word' id='word_1_526' title='bbox 3500 2086 3599 2141; x_wconf 88' lang='lat' dir='ltr'>sy-</span> 
     </span>
    </p>
   </div>
   <div class='ocr_carea' id='block_1_81' title="bbox 1947 2156 3588 2228">
    <p class='ocr_par' dir='ltr' id='par_1_81' title="bbox 1947 2156 3588 2228">
     <span class='ocr_line' id='line_1_82' title="bbox 1947 2156 3588 2228; baseline 0.001 -17"><span class='ocrx_word' id='word_1_527' title='bbox 1947 2158 2168 2212; x_wconf 89' lang='lat' dir='ltr'>nodum</span> <span class='ocrx_word' id='word_1_528' title='bbox 2202 2156 2416 2228; x_wconf 88' lang='lat' dir='ltr'>recipio</span> <span class='ocrx_word' id='word_1_529' title='bbox 2464 2173 2598 2211; x_wconf 91' lang='lat' dir='ltr'>cum</span> <span class='ocrx_word' id='word_1_530' title='bbox 2649 2156 2925 2212; x_wconf 90' lang='lat' dir='ltr'>omnibus</span> <span class='ocrx_word' id='word_1_531' title='bbox 2976 2158 3304 2213; x_wconf 88' lang='lat' dir='ltr'>canonibus</span> <span class='ocrx_word' id='word_1_532' title='bbox 3353 2158 3477 2215; x_wconf 91' lang='lat' dir='ltr'>suis</span> <span class='ocrx_word' id='word_1_533' title='bbox 3528 2158 3588 2213; x_wconf 90' lang='lat' dir='ltr'>in</span> 
     </span>
    </p>
   </div>
   <div class='ocr_carea' id='block_1_82' title="bbox 1945 2245 3595 2318">
    <p class='ocr_par' dir='ltr' id='par_1_82' title="bbox 1945 2245 3595 2318">
     <span class='ocr_line' id='line_1_83' title="bbox 1945 2245 3595 2318; baseline 0.001 -18"><span class='ocrx_word' id='word_1_534' title='bbox 1945 2246 2164 2317; x_wconf 89' lang='lat' dir='ltr'>quibus</span> <span class='ocrx_word' id='word_1_535' title='bbox 2192 2245 2445 2302; x_wconf 90' lang='lat' dir='ltr'>dicitur:</span> <span class='ocrx_word' id='word_1_536' title='bbox 2484 2247 2543 2300; x_wconf 78' lang='lat' dir='ltr'>tn</span> <span class='ocrx_word' id='word_1_537' title='bbox 2577 2246 2931 2317; x_wconf 88' lang='lat' dir='ltr'>quibusdam</span> <span class='ocrx_word' id='word_1_538' title='bbox 2965 2246 3217 2318; x_wconf 87' lang='lat' dir='ltr'>picturis</span> <span class='ocrx_word' id='word_1_539' title='bbox 3256 2252 3595 2303; x_wconf 88' lang='lat' dir='ltr'>sanctcrum</span> 
     </span>
    </p>
   </div>
   <div class='ocr_carea' id='block_1_83' title="bbox 1943 2334 3599 2407">
    <p class='ocr_par' dir='ltr' id='par_1_83' title="bbox 1943 2334 3599 2407">
     <span class='ocr_line' id='line_1_84' title="bbox 1943 2334 3599 2407; baseline 0.002 -19"><span class='ocrx_word' id='word_1_540' title='bbox 1943 2334 2272 2405; x_wconf 83' lang='lat' dir='ltr'>imaginum</span> <span class='ocrx_word' id='word_1_541' title='bbox 2297 2351 2488 2405; x_wconf 89' lang='lat' dir='ltr'>agnus</span> <span class='ocrx_word' id='word_1_542' title='bbox 2511 2334 2890 2405; x_wconf 66' lang='lat' dir='ltr'>priscursoris</span> <span class='ocrx_word' id='word_1_543' title='bbox 2907 2334 3089 2407; x_wconf 89' lang='lat' dir='ltr'>digito</span> <span class='ocrx_word' id='word_1_544' title='bbox 3105 2342 3383 2391; x_wconf 89' lang='lat' dir='ltr'>ostensus</span> <span class='ocrx_word' id='word_1_545' title='bbox 3397 2335 3599 2406; x_wconf 88' lang='lat' dir='ltr'>depin-</span> 
     </span>
    </p>
   </div>
   <div class='ocr_carea' id='block_1_84' title="bbox 1945 2422 3598 2495">
    <p class='ocr_par' dir='ltr' id='par_1_84' title="bbox 1945 2422 3598 2495">
     <span class='ocr_line' id='line_1_85' title="bbox 1945 2422 3598 2495; baseline 0.002 -19"><span class='ocrx_word' id='word_1_546' title='bbox 1945 2422 2238 2494; x_wconf 85' lang='lat' dir='ltr'>gitur,qui</span> <span class='ocrx_word' id='word_1_547' title='bbox 2262 2422 2317 2476; x_wconf 92' lang='lat' dir='ltr'>in</span> <span class='ocrx_word' id='word_1_548' title='bbox 2344 2428 2547 2493; x_wconf 88' lang='lat' dir='ltr'>typum</span> <span class='ocrx_word' id='word_1_549' title='bbox 2570 2422 2769 2493; x_wconf 66' lang='lat' dir='ltr'>gratiae</span> <span class='ocrx_word' id='word_1_550' title='bbox 2812 2427 3157 2495; x_wconf 88' lang='lat' dir='ltr'>assumptus</span> <span class='ocrx_word' id='word_1_551' title='bbox 3183 2440 3382 2480; x_wconf 90' lang='lat' dir='ltr'>verum</span> <span class='ocrx_word' id='word_1_552' title='bbox 3427 2424 3598 2480; x_wconf 89' lang='lat' dir='ltr'>nobis</span> 
     </span>
    </p>
   </div>
   <div class='ocr_carea' id='block_1_85' title="bbox 1945 2510 3600 2583">
    <p class='ocr_par' dir='ltr' id='par_1_85' title="bbox 1945 2510 3600 2583">
     <span class='ocr_line' id='line_1_86' title="bbox 1945 2510 3600 2583; baseline 0.001 -17"><span class='ocrx_word' id='word_1_553' title='bbox 1945 2527 2049 2582; x_wconf 90' lang='lat' dir='ltr'>per</span> <span class='ocrx_word' id='word_1_554' title='bbox 2076 2510 2265 2582; x_wconf 83' lang='lat' dir='ltr'>legem</span> <span class='ocrx_word' id='word_1_555' title='bbox 2299 2511 2480 2583; x_wconf 92' lang='lat' dir='ltr'>Moysi</span> <span class='ocrx_word' id='word_1_556' title='bbox 2512 2514 2925 2582; x_wconf 62' lang='lat' dir='ltr'>premonstrat</span> <span class='ocrx_word' id='word_1_557' title='bbox 2945 2513 3174 2583; x_wconf 87' lang='lat' dir='ltr'>Agnum</span> <span class='ocrx_word' id='word_1_558' title='bbox 3206 2512 3409 2569; x_wconf 86' lang='lat' dir='ltr'>Jesum</span> <span class='ocrx_word' id='word_1_559' title='bbox 3433 2513 3600 2568; x_wconf 92' lang='lat' dir='ltr'>Chri-</span> 
     </span>
    </p>
   </div>
   <div class='ocr_carea' id='block_1_86' title="bbox 1948 2599 3598 2673">
    <p class='ocr_par' dir='ltr' id='par_1_86' title="bbox 1948 2599 3598 2673">
     <span class='ocr_line' id='line_1_87' title="bbox 1948 2599 3598 2673; baseline 0.002 -19"><span class='ocrx_word' id='word_1_560' title='bbox 1948 2604 2107 2654; x_wconf 89' lang='lat' dir='ltr'>stum</span> <span class='ocrx_word' id='word_1_561' title='bbox 2139 2599 2452 2655; x_wconf 90' lang='lat' dir='ltr'>Dominum</span> <span class='ocrx_word' id='word_1_562' title='bbox 2478 2603 2769 2654; x_wconf 76' lang='lat' dir='ltr'>nostrum.</span> <span class='ocrx_word' id='word_1_563' title='bbox 2793 2599 3067 2670; x_wconf 85' lang='lat' dir='ltr'>Antiquis</span> <span class='ocrx_word' id='word_1_564' title='bbox 3099 2599 3275 2669; x_wconf 81' lang='lat' dir='ltr'>igitur</span> <span class='ocrx_word' id='word_1_565' title='bbox 3306 2602 3513 2673; x_wconf 91' lang='lat' dir='ltr'>ﬁguris</span> <span class='ocrx_word' id='word_1_566' title='bbox 3539 2604 3598 2657; x_wconf 89' lang='lat' dir='ltr'>et</span> 
     </span>
    </p>
   </div>
   <div class='ocr_carea' id='block_1_87' title="bbox 1949 2686 3600 2759">
    <p class='ocr_par' dir='ltr' id='par_1_87' title="bbox 1949 2686 3600 2759">
     <span class='ocr_line' id='line_1_88' title="bbox 1949 2686 3600 2759; baseline 0.001 -17"><span class='ocrx_word' id='word_1_567' title='bbox 1949 2688 2175 2743; x_wconf 89' lang='lat' dir='ltr'>umbris</span> <span class='ocrx_word' id='word_1_568' title='bbox 2208 2688 2278 2743; x_wconf 92' lang='lat' dir='ltr'>ad</span> <span class='ocrx_word' id='word_1_569' title='bbox 2310 2686 2572 2742; x_wconf 89' lang='lat' dir='ltr'>veritatis</span> <span class='ocrx_word' id='word_1_570' title='bbox 2606 2687 3135 2759; x_wconf 64' lang='lat' dir='ltr'>praﬁgurationem</span> <span class='ocrx_word' id='word_1_571' title='bbox 3158 2687 3427 2745; x_wconf 64' lang='lat' dir='ltr'>Ecclesiae</span> <span class='ocrx_word' id='word_1_572' title='bbox 3456 2706 3600 2745; x_wconf 88' lang='lat' dir='ltr'>san-</span> 
     </span>
    </p>
   </div>
   <div class='ocr_carea' id='block_1_88' title="bbox 1947 2775 3596 2850">
    <p class='ocr_par' dir='ltr' id='par_1_88' title="bbox 1947 2775 3596 2850">
     <span class='ocr_line' id='line_1_89' title="bbox 1947 2775 3596 2850; baseline 0.002 -19"><span class='ocrx_word' id='word_1_573' title='bbox 1947 2781 2049 2831; x_wconf 78' lang='lat' dir='ltr'>ctae</span> <span class='ocrx_word' id='word_1_574' title='bbox 2072 2775 2302 2832; x_wconf 86' lang='lat' dir='ltr'>traditis</span> <span class='ocrx_word' id='word_1_575' title='bbox 2324 2775 2741 2845; x_wconf 89' lang='lat' dir='ltr'>valedicentes,</span> <span class='ocrx_word' id='word_1_576' title='bbox 2762 2776 3014 2848; x_wconf 89' lang='lat' dir='ltr'>gratiam</span> <span class='ocrx_word' id='word_1_577' title='bbox 3044 2780 3101 2831; x_wconf 92' lang='lat' dir='ltr'>et</span> <span class='ocrx_word' id='word_1_578' title='bbox 3130 2777 3431 2833; x_wconf 89' lang='lat' dir='ltr'>veritatem</span> <span class='ocrx_word' id='word_1_579' title='bbox 3454 2795 3596 2850; x_wconf 59' lang='lat' dir='ltr'>pras-</span> 
     </span>
    </p>
   </div>
   <div class='ocr_carea' id='block_1_89' title="bbox 1948 2864 3599 2938">
    <p class='ocr_par' dir='ltr' id='par_1_89' title="bbox 1948 2864 3599 2938">
     <span class='ocr_line' id='line_1_90' title="bbox 1948 2864 3599 2938; baseline 0.002 -19"><span class='ocrx_word' id='word_1_580' title='bbox 1948 2865 2215 2932; x_wconf 85' lang='lat' dir='ltr'>ferimus,</span> <span class='ocrx_word' id='word_1_581' title='bbox 2243 2870 2301 2920; x_wconf 91' lang='lat' dir='ltr'>et</span> <span class='ocrx_word' id='word_1_582' title='bbox 2332 2864 2487 2920; x_wconf 89' lang='lat' dir='ltr'>sicut</span> <span class='ocrx_word' id='word_1_583' title='bbox 2508 2864 2937 2936; x_wconf 86' lang='lat' dir='ltr'>plenitudinem</span> <span class='ocrx_word' id='word_1_584' title='bbox 2958 2864 3104 2937; x_wconf 85' lang='lat' dir='ltr'>legis</span> <span class='ocrx_word' id='word_1_585' title='bbox 3130 2866 3471 2938; x_wconf 88' lang='lat' dir='ltr'>recipimus.</span> <span class='ocrx_word' id='word_1_586' title='bbox 3498 2868 3599 2925; x_wconf 87' lang='lat' dir='ltr'>Ve-</span> 
     </span>
    </p>
   </div>
   <div class='ocr_carea' id='block_1_90' title="bbox 1949 2953 3602 3027">
    <p class='ocr_par' dir='ltr' id='par_1_90' title="bbox 1949 2953 3602 3027">
     <span class='ocr_line' id='line_1_91' title="bbox 1949 2953 3602 3027; baseline 0.002 -19"><span class='ocrx_word' id='word_1_587' title='bbox 1949 2971 2079 3009; x_wconf 92' lang='lat' dir='ltr'>rum</span> <span class='ocrx_word' id='word_1_588' title='bbox 2103 2954 2285 3027; x_wconf 87' lang='lat' dir='ltr'>igitur</span> <span class='ocrx_word' id='word_1_589' title='bbox 2305 2958 2560 3025; x_wconf 88' lang='lat' dir='ltr'>Agnum,</span> <span class='ocrx_word' id='word_1_590' title='bbox 2594 2953 2696 3025; x_wconf 90' lang='lat' dir='ltr'>qui</span> <span class='ocrx_word' id='word_1_591' title='bbox 2727 2954 3044 3009; x_wconf 88' lang='lat' dir='ltr'>Dominum</span> <span class='ocrx_word' id='word_1_592' title='bbox 3093 2960 3357 3011; x_wconf 88' lang='lat' dir='ltr'>nostrum</span> <span class='ocrx_word' id='word_1_593' title='bbox 3404 2958 3602 3012; x_wconf 81' lang='lat' dir='ltr'>Iesum</span> 
     </span>
    </p>
   </div>
   <div class='ocr_carea' id='block_1_91' title="bbox 1949 3042 3603 3118">
    <p class='ocr_par' dir='ltr' id='par_1_91' title="bbox 1949 3042 3603 3118">
     <span class='ocr_line' id='line_1_92' title="bbox 1949 3042 3603 3118; baseline 0.002 -21"><span class='ocrx_word' id='word_1_594' title='bbox 1949 3042 2271 3111; x_wconf 88' lang='lat' dir='ltr'>Christum,</span> <span class='ocrx_word' id='word_1_595' title='bbox 2298 3043 2624 3099; x_wconf 89' lang='lat' dir='ltr'>secundum</span> <span class='ocrx_word' id='word_1_596' title='bbox 2658 3043 2983 3099; x_wconf 89' lang='lat' dir='ltr'>humanam</span> <span class='ocrx_word' id='word_1_597' title='bbox 3007 3043 3328 3116; x_wconf 81' lang='lat' dir='ltr'>imaginem</span> <span class='ocrx_word' id='word_1_598' title='bbox 3354 3045 3603 3118; x_wconf 86' lang='lat' dir='ltr'>elﬁgiat,</span> 
     </span>
    </p>
   </div>
   <div class='ocr_carea' id='block_1_92' title="bbox 1868 3132 3597 3213">
    <p class='ocr_par' dir='ltr' id='par_1_92' title="bbox 1868 3132 3597 3213">
     <span class='ocr_line' id='line_1_93' title="bbox 1868 3132 3597 3213; baseline 0.002 -27"><span class='ocrx_word' id='word_1_599' title='bbox 1868 3145 1911 3213; x_wconf 69' lang='grc' dir='ltr'><strong>ρ</strong></span> <span class='ocrx_word' id='word_1_600' title='bbox 1952 3133 2159 3188; x_wconf 89' lang='lat' dir='ltr'>amodo</span> <span class='ocrx_word' id='word_1_601' title='bbox 2191 3149 2293 3204; x_wconf 90' lang='lat' dir='ltr'>pro</span> <span class='ocrx_word' id='word_1_602' title='bbox 2326 3133 2506 3188; x_wconf 81' lang='lat' dir='ltr'>veteri</span> <span class='ocrx_word' id='word_1_603' title='bbox 2539 3148 2714 3205; x_wconf 89' lang='lat' dir='ltr'>agno,</span> <span class='ocrx_word' id='word_1_604' title='bbox 2750 3132 2809 3188; x_wconf 92' lang='lat' dir='ltr'>in</span> <span class='ocrx_word' id='word_1_605' title='bbox 2842 3132 3205 3205; x_wconf 88' lang='lat' dir='ltr'>imaginibus</span> <span class='ocrx_word' id='word_1_606' title='bbox 3238 3134 3475 3207; x_wconf 91' lang='lat' dir='ltr'>depingi</span> <span class='ocrx_word' id='word_1_607' title='bbox 3501 3135 3597 3206; x_wconf 91' lang='lat' dir='ltr'>ju-</span> 
     </span>
    </p>
   </div>
   <div class='ocr_carea' id='block_1_93' title="bbox 1956 3222 2185 3276">
    <p class='ocr_par' dir='ltr' id='par_1_93' title="bbox 1956 3222 2185 3276">
     <span class='ocr_line' id='line_1_94' title="bbox 1956 3222 2185 3276; baseline -0.004 0"><span class='ocrx_word' id='word_1_608' title='bbox 1956 3222 2185 3276; x_wconf 88' lang='lat' dir='ltr'>bemus.</span> 
     </span>
    </p>
   </div>
   <div class='ocr_carea' id='block_1_94' title="bbox 1947 3318 3593 3392">
    <p class='ocr_par' dir='ltr' id='par_1_94' title="bbox 1947 3318 3593 3392">
     <span class='ocr_line' id='line_1_95' title="bbox 1947 3318 3593 3392; baseline 0.002 -19"><span class='ocrx_word' id='word_1_609' title='bbox 1947 3318 2081 3373; x_wconf 79' lang='lat' dir='ltr'>CAP.</span> <span class='ocrx_word' id='word_1_610' title='bbox 2116 3320 2504 3392; x_wconf 17' lang='lat' dir='ltr'>123.A_—-_Item</span> <span class='ocrx_word' id='word_1_611' title='bbox 2534 3318 2598 3373; x_wconf 89' lang='lat' dir='ltr'>de</span> <span class='ocrx_word' id='word_1_612' title='bbox 2628 3319 2864 3392; x_wconf 52' lang='lat' dir='ltr'>eodem.</span> <span class='ocrx_word' id='word_1_613' title='bbox 2894 3319 3155 3390; x_wconf 78' lang='lat' dir='ltr'>Epistula</span> <span class='ocrx_word' id='word_1_614' title='bbox 3207 3319 3457 3390; x_wconf 69' lang='lat' dir='ltr'>septimae</span> <span class='ocrx_word' id='word_1_615' title='bbox 3496 3336 3593 3392; x_wconf 82' lang='lat' dir='ltr'>sy-</span> 
     </span>
    </p>
   </div>
   <div class='ocr_carea' id='block_1_95' title="bbox 2137 3388 3393 3461">
    <p class='ocr_par' dir='ltr' id='par_1_95' title="bbox 2137 3388 3393 3461">
     <span class='ocr_line' id='line_1_96' title="bbox 2137 3388 3393 3461; baseline -0.001 -19"><span class='ocrx_word' id='word_1_616' title='bbox 2137 3390 2271 3444; x_wconf 83' lang='lat' dir='ltr'>nodi</span> <span class='ocrx_word' id='word_1_617' title='bbox 2300 3388 2370 3443; x_wconf 87' lang='lat' dir='ltr'>ad</span> <span class='ocrx_word' id='word_1_618' title='bbox 2398 3392 2781 3445; x_wconf 84' lang='lat' dir='ltr'>Justinianum</span> <span class='ocrx_word' id='word_1_619' title='bbox 2806 3388 2986 3461; x_wconf 78' lang='lat' dir='ltr'>ﬁlium</span> <span class='ocrx_word' id='word_1_620' title='bbox 3020 3388 3393 3445; x_wconf 75' lang='lat' dir='ltr'>Constantini.</span> 
     </span>
    </p>
   </div>
   <div class='ocr_carea' id='block_1_96' title="bbox 2017 3478 3590 3550">
    <p class='ocr_par' dir='ltr' id='par_1_96' title="bbox 2017 3478 3590 3550">
     <span class='ocr_line' id='line_1_97' title="bbox 2017 3478 3590 3550; baseline 0.003 -19"><span class='ocrx_word' id='word_1_621' title='bbox 2017 3478 2177 3548; x_wconf 87' lang='lat' dir='ltr'>(Dist.</span> <span class='ocrx_word' id='word_1_622' title='bbox 2206 3479 2293 3544; x_wconf 88' lang='grc'>16,</span> <span class='ocrx_word' id='word_1_623' title='bbox 2316 3494 2364 3533; x_wconf 89' lang='lat' dir='ltr'>c.</span> <span class='ocrx_word' id='word_1_624' title='bbox 2398 3480 2722 3550; x_wconf 82' lang='lat' dir='ltr'>Quoniam.)</span> <span class='ocrx_word' id='word_1_625' title='bbox 2749 3510 2811 3519; x_wconf 95' lang='lat'><strong>—</strong></span> <span class='ocrx_word' id='word_1_626' title='bbox 2830 3478 3113 3544; x_wconf 90' lang='lat' dir='ltr'>Quoniam</span> <span class='ocrx_word' id='word_1_627' title='bbox 3140 3483 3352 3535; x_wconf 70' lang='lat' dir='ltr'>sancta:</span> <span class='ocrx_word' id='word_1_628' title='bbox 3377 3482 3434 3535; x_wconf 92' lang='lat' dir='ltr'>et</span> <span class='ocrx_word' id='word_1_629' title='bbox 3460 3478 3590 3535; x_wconf 88' lang='lat' dir='ltr'>uni-</span> 
     </span>
    </p>
   </div>
   <div class='ocr_carea' id='block_1_97' title="bbox 1942 3565 3589 3640">
    <p class='ocr_par' dir='ltr' id='par_1_97' title="bbox 1942 3565 3589 3640">
     <span class='ocr_line' id='line_1_98' title="bbox 1942 3565 3589 3640; baseline 0.002 -21"><span class='ocrx_word' id='word_1_630' title='bbox 1942 3565 2196 3621; x_wconf 88' lang='lat' dir='ltr'>versales</span> <span class='ocrx_word' id='word_1_631' title='bbox 2240 3568 2447 3638; x_wconf 87' lang='lat' dir='ltr'>synodi</span> <span class='ocrx_word' id='word_1_632' title='bbox 2502 3567 2710 3639; x_wconf 88' lang='lat' dir='ltr'>quinta</span> <span class='ocrx_word' id='word_1_633' title='bbox 2749 3569 2859 3622; x_wconf 93' lang='lat' dir='ltr'>sub</span> <span class='ocrx_word' id='word_1_634' title='bbox 2910 3568 3247 3623; x_wconf 90' lang='lat' dir='ltr'>Justiniano</span> <span class='ocrx_word' id='word_1_635' title='bbox 3301 3572 3589 3640; x_wconf 86' lang='lat' dir='ltr'>Augusto,</span> 
     </span>
    </p>
   </div>
   <div class='ocr_carea' id='block_1_98' title="bbox 1945 3656 3591 3731">
    <p class='ocr_par' dir='ltr' id='par_1_98' title="bbox 1945 3656 3591 3731">
     <span class='ocr_line' id='line_1_99' title="bbox 1945 3656 3591 3731; baseline 0.003 -22"><span class='ocrx_word' id='word_1_636' title='bbox 1945 3659 2107 3710; x_wconf 85' lang='lat' dir='ltr'>sexta</span> <span class='ocrx_word' id='word_1_637' title='bbox 2138 3656 2247 3711; x_wconf 91' lang='lat' dir='ltr'>sub</span> <span class='ocrx_word' id='word_1_638' title='bbox 2273 3658 2657 3711; x_wconf 88' lang='lat' dir='ltr'>Constantino</span> <span class='ocrx_word' id='word_1_639' title='bbox 2704 3660 2873 3712; x_wconf 87' lang='lat' dir='ltr'>Patre</span> <span class='ocrx_word' id='word_1_640' title='bbox 2904 3662 3004 3712; x_wconf 90' lang='lat' dir='ltr'>tuo</span> <span class='ocrx_word' id='word_1_641' title='bbox 3039 3662 3304 3730; x_wconf 83' lang='lat' dir='ltr'>Augusto</span> <span class='ocrx_word' id='word_1_642' title='bbox 3334 3659 3403 3715; x_wconf 90' lang='lat' dir='ltr'>de</span> <span class='ocrx_word' id='word_1_643' title='bbox 3436 3674 3591 3731; x_wconf 84' lang='lat' dir='ltr'>mys-</span> 
     </span>
    </p>
   </div>
   <div class='ocr_carea' id='block_1_99' title="bbox 1944 3743 3589 3817">
    <p class='ocr_par' dir='ltr' id='par_1_99' title="bbox 1944 3743 3589 3817">
     <span class='ocr_line' id='line_1_100' title="bbox 1944 3743 3589 3817; baseline 0.002 -19"><span class='ocrx_word' id='word_1_644' title='bbox 1944 3743 2089 3799; x_wconf 91' lang='lat' dir='ltr'>terio</span> <span class='ocrx_word' id='word_1_645' title='bbox 2122 3744 2255 3799; x_wconf 88' lang='lat' dir='ltr'>ﬁdei</span> <span class='ocrx_word' id='word_1_646' title='bbox 2294 3743 2636 3815; x_wconf 89' lang='lat' dir='ltr'>plenissime</span> <span class='ocrx_word' id='word_1_647' title='bbox 2667 3745 3039 3817; x_wconf 88' lang='lat' dir='ltr'>disputantes</span> <span class='ocrx_word' id='word_1_648' title='bbox 3071 3763 3323 3802; x_wconf 89' lang='lat' dir='ltr'>canones</span> <span class='ocrx_word' id='word_1_649' title='bbox 3357 3764 3471 3802; x_wconf 94' lang='lat' dir='ltr'>non</span> <span class='ocrx_word' id='word_1_650' title='bbox 3505 3748 3589 3802; x_wconf 83' lang='lat' dir='ltr'>fe-</span> 
     </span>
    </p>
   </div>
   <div class='ocr_carea' id='block_1_100' title="bbox 1944 3832 3592 3908">
    <p class='ocr_par' dir='ltr' id='par_1_100' title="bbox 1944 3832 3592 3908">
     <span class='ocr_line' id='line_1_101' title="bbox 1944 3832 3592 3908; baseline 0.001 -20"><span class='ocrx_word' id='word_1_651' title='bbox 1944 3837 2174 3898; x_wconf 90' lang='lat' dir='ltr'>cerunt,</span> <span class='ocrx_word' id='word_1_652' title='bbox 2208 3832 2363 3888; x_wconf 90' lang='lat' dir='ltr'>sicut</span> <span class='ocrx_word' id='word_1_653' title='bbox 2393 3838 2647 3906; x_wconf 89' lang='lat' dir='ltr'>quatuor</span> <span class='ocrx_word' id='word_1_654' title='bbox 2678 3838 2892 3891; x_wconf 68' lang='lat' dir='ltr'>caeteris</span> <span class='ocrx_word' id='word_1_655' title='bbox 2943 3835 3304 3892; x_wconf 87' lang='lat' dir='ltr'>universales</span> <span class='ocrx_word' id='word_1_656' title='bbox 3357 3835 3592 3908; x_wconf 89' lang='lat' dir='ltr'>synodi,</span> 
     </span>
    </p>
   </div>
   <div class='ocr_carea' id='block_1_101' title="bbox 1944 3923 3593 3998">
    <p class='ocr_par' dir='ltr' id='par_1_101' title="bbox 1944 3923 3593 3998">
     <span class='ocr_line' id='line_1_102' title="bbox 1944 3923 3593 3998; baseline 0.002 -22"><span class='ocrx_word' id='word_1_657' title='bbox 1944 3926 2251 3993; x_wconf 88' lang='lat' dir='ltr'>propterea</span> <span class='ocrx_word' id='word_1_658' title='bbox 2306 3940 2418 3978; x_wconf 90' lang='lat' dir='ltr'>non</span> <span class='ocrx_word' id='word_1_659' title='bbox 2478 3925 2890 3981; x_wconf 88' lang='lat' dir='ltr'>convenientes</span> <span class='ocrx_word' id='word_1_660' title='bbox 2938 3924 2995 3980; x_wconf 92' lang='lat' dir='ltr'>in</span> <span class='ocrx_word' id='word_1_661' title='bbox 3030 3925 3183 3983; x_wconf 87' lang='lat' dir='ltr'>hanc</span> <span class='ocrx_word' id='word_1_662' title='bbox 3230 3923 3593 3998; x_wconf 87' lang='lat' dir='ltr'>imperialem</span> 
     </span>
    </p>
   </div>
   <div class='ocr_carea' id='block_1_102' title="bbox 1944 4010 2853 4084">
    <p class='ocr_par' dir='ltr' id='par_1_102' title="bbox 1944 4010 2853 4084">
     <span class='ocr_line' id='line_1_103' title="bbox 1944 4010 2853 4084; baseline 0.006 -20"><span class='ocrx_word' id='word_1_663' title='bbox 1944 4010 2172 4077; x_wconf 90' lang='lat' dir='ltr'>urbem,</span> <span class='ocrx_word' id='word_1_664' title='bbox 2197 4027 2451 4067; x_wconf 89' lang='lat' dir='ltr'>canones</span> <span class='ocrx_word' id='word_1_665' title='bbox 2481 4012 2853 4084; x_wconf 88' lang='lat' dir='ltr'>scripsimus.</span> 
     </span>
    </p>
   </div>
   <div class='ocr_carea' id='block_1_103' title="bbox 1945 4117 3589 4191">
    <p class='ocr_par' dir='ltr' id='par_1_103' title="bbox 1945 4117 3589 4191">
     <span class='ocr_line' id='line_1_104' title="bbox 1945 4117 3589 4191; baseline 0.001 -18"><span class='ocrx_word' id='word_1_666' title='bbox 1945 4117 2076 4173; x_wconf 68' lang='lat' dir='ltr'>Car.</span> <span class='ocrx_word' id='word_1_667' title='bbox 2115 4117 2233 4175; x_wconf 82' lang='grc'><strong>124.</strong></span> <span class='ocrx_word' id='word_1_668' title='bbox 2268 4150 2335 4159; x_wconf 94' lang='grc'><strong>-</strong></span> <span class='ocrx_word' id='word_1_669' title='bbox 2374 4120 2505 4175; x_wconf 81' lang='lat' dir='ltr'>Item</span> <span class='ocrx_word' id='word_1_670' title='bbox 2555 4120 2628 4174; x_wconf 89' lang='lat' dir='ltr'>de</span> <span class='ocrx_word' id='word_1_671' title='bbox 2678 4119 3099 4189; x_wconf 82' lang='lat' dir='ltr'>conﬁrmatione</span> <span class='ocrx_word' id='word_1_672' title='bbox 3147 4126 3324 4177; x_wconf 70' lang='lat' dir='ltr'>sextae</span> <span class='ocrx_word' id='word_1_673' title='bbox 3370 4118 3589 4191; x_wconf 80' lang='lat' dir='ltr'>synodi.</span> 
     </span>
    </p>
   </div>
   <div class='ocr_carea' id='block_1_104' title="bbox 2448 4191 3088 4260">
    <p class='ocr_par' dir='ltr' id='par_1_104' title="bbox 2448 4191 3088 4260">
     <span class='ocr_line' id='line_1_105' title="bbox 2448 4191 3088 4260; baseline -0.002 -15"><span class='ocrx_word' id='word_1_674' title='bbox 2448 4194 2531 4245; x_wconf 65' lang='lat' dir='ltr'>Ea:</span> <span class='ocrx_word' id='word_1_675' title='bbox 2560 4191 2706 4244; x_wconf 87' lang='lat' dir='ltr'>libro</span> <span class='ocrx_word' id='word_1_676' title='bbox 2741 4191 3088 4260; x_wconf 83' lang='lat' dir='ltr'>Pontiﬁcali.</span> 
     </span>
    </p>
   </div>
   <div class='ocr_carea' id='block_1_105' title="bbox 2015 4276 3597 4351">
    <p class='ocr_par' dir='ltr' id='par_1_105' title="bbox 2015 4276 3597 4351">
     <span class='ocr_line' id='line_1_106' title="bbox 2015 4276 3597 4351; baseline 0.004 -22"><span class='ocrx_word' id='word_1_677' title='bbox 2015 4276 2323 4348; x_wconf 90' lang='lat' dir='ltr'>Philippus</span> <span class='ocrx_word' id='word_1_678' title='bbox 2354 4277 2664 4333; x_wconf 75' lang='lat' dir='ltr'>haereticus</span> <span class='ocrx_word' id='word_1_679' title='bbox 2687 4279 2757 4333; x_wconf 90' lang='lat' dir='ltr'>ad</span> <span class='ocrx_word' id='word_1_680' title='bbox 2790 4278 3153 4351; x_wconf 89' lang='lat' dir='ltr'>imperialem</span> <span class='ocrx_word' id='word_1_681' title='bbox 3186 4283 3489 4351; x_wconf 90' lang='lat' dir='ltr'>promotus</span> <span class='ocrx_word' id='word_1_682' title='bbox 3508 4284 3597 4336; x_wconf 85' lang='lat' dir='ltr'>est</span> 
     </span>
    </p>
   </div>
   <div class='ocr_carea' id='block_1_106' title="bbox 1944 4366 3593 4439">
    <p class='ocr_par' dir='ltr' id='par_1_106' title="bbox 1944 4366 3593 4439">
     <span class='ocr_line' id='line_1_107' title="bbox 1944 4366 3593 4439; baseline 0.003 -20"><span class='ocrx_word' id='word_1_683' title='bbox 1944 4380 2159 4435; x_wconf 87' lang='lat' dir='ltr'>arcem,</span> <span class='ocrx_word' id='word_1_684' title='bbox 2182 4366 2353 4437; x_wconf 85' lang='lat' dir='ltr'>cujus</span> <span class='ocrx_word' id='word_1_685' title='bbox 2376 4371 2434 4421; x_wconf 92' lang='lat' dir='ltr'>et</span> <span class='ocrx_word' id='word_1_686' title='bbox 2453 4370 2718 4422; x_wconf 89' lang='lat' dir='ltr'>sanctam</span> <span class='ocrx_word' id='word_1_687' title='bbox 2749 4382 2880 4423; x_wconf 91' lang='lat' dir='ltr'>cum</span> <span class='ocrx_word' id='word_1_688' title='bbox 2906 4368 3068 4438; x_wconf 90' lang='lat' dir='ltr'>pravi</span> <span class='ocrx_word' id='word_1_689' title='bbox 3100 4368 3397 4439; x_wconf 76' lang='lat' dir='ltr'>dogmatis</span> <span class='ocrx_word' id='word_1_690' title='bbox 3427 4384 3593 4425; x_wconf 82' lang='lat' dir='ltr'>exse-</span> 
     </span>
    </p>
   </div>
   <div class='ocr_carea' id='block_1_107' title="bbox 1945 4453 3596 4528">
    <p class='ocr_par' dir='ltr' id='par_1_107' title="bbox 1945 4453 3596 4528">
     <span class='ocr_line' id='line_1_108' title="bbox 1945 4453 3596 4528; baseline 0.003 -20"><span class='ocrx_word' id='word_1_691' title='bbox 1945 4453 2203 4509; x_wconf 86' lang='lat' dir='ltr'>cratione</span> <span class='ocrx_word' id='word_1_692' title='bbox 2233 4455 2494 4527; x_wconf 90' lang='lat' dir='ltr'>suscepit</span> <span class='ocrx_word' id='word_1_693' title='bbox 2523 4456 2745 4525; x_wconf 90' lang='lat' dir='ltr'>sedem,</span> <span class='ocrx_word' id='word_1_694' title='bbox 2771 4456 3105 4528; x_wconf 66' lang='lat' dir='ltr'>apostolicae</span> <span class='ocrx_word' id='word_1_695' title='bbox 3146 4457 3302 4513; x_wconf 91' lang='lat' dir='ltr'>sedis</span> <span class='ocrx_word' id='word_1_696' title='bbox 3348 4456 3596 4514; x_wconf 87' lang='lat' dir='ltr'>concilia</span> 
     </span>
    </p>
   </div>
   <div class='ocr_carea' id='block_1_108' title="bbox 1946 4542 3595 4614">
    <p class='ocr_par' dir='ltr' id='par_1_108' title="bbox 1946 4542 3595 4614">
     <span class='ocr_line' id='line_1_109' title="bbox 1946 4542 3595 4614; baseline 0.004 -18"><span class='ocrx_word' id='word_1_697' title='bbox 1946 4542 2190 4614; x_wconf 90' lang='lat' dir='ltr'>respuit,</span> <span class='ocrx_word' id='word_1_698' title='bbox 2214 4543 2393 4614; x_wconf 91' lang='lat' dir='ltr'>hujus</span> <span class='ocrx_word' id='word_1_699' title='bbox 2415 4544 2496 4599; x_wconf 90' lang='lat' dir='ltr'>rei</span> <span class='ocrx_word' id='word_1_700' title='bbox 2519 4561 2697 4599; x_wconf 90' lang='lat' dir='ltr'>causa</span> <span class='ocrx_word' id='word_1_701' title='bbox 2728 4545 2849 4601; x_wconf 90' lang='lat' dir='ltr'>zelo</span> <span class='ocrx_word' id='word_1_702' title='bbox 2884 4546 3018 4602; x_wconf 86' lang='lat' dir='ltr'>ﬁdei</span> <span class='ocrx_word' id='word_1_703' title='bbox 3058 4562 3343 4603; x_wconf 88' lang='lat' dir='ltr'>accensus</span> <span class='ocrx_word' id='word_1_704' title='bbox 3397 4546 3595 4602; x_wconf 85' lang='lat' dir='ltr'>omnis</span> 
     </span>
    </p>
   </div>
   <div class='ocr_carea' id='block_1_109' title="bbox 1945 4630 3595 4708">
    <p class='ocr_par' dir='ltr' id='par_1_109' title="bbox 1945 4630 3595 4708">
     <span class='ocr_line' id='line_1_110' title="bbox 1945 4630 3595 4708; baseline 0.004 -23"><span class='ocrx_word' id='word_1_705' title='bbox 1945 4635 2127 4686; x_wconf 79' lang='lat' dir='ltr'>coetus</span> <span class='ocrx_word' id='word_1_706' title='bbox 2164 4630 2436 4687; x_wconf 73' lang='lat' dir='ltr'>Romamn</span> <span class='ocrx_word' id='word_1_707' title='bbox 2464 4632 2631 4689; x_wconf 90' lang='lat' dir='ltr'>urbis</span> <span class='ocrx_word' id='word_1_708' title='bbox 2662 4634 3004 4707; x_wconf 89' lang='lat' dir='ltr'>imaginem,</span> <span class='ocrx_word' id='word_1_709' title='bbox 3040 4652 3215 4708; x_wconf 91' lang='lat' dir='ltr'>quam</span> <span class='ocrx_word' id='word_1_710' title='bbox 3247 4635 3428 4691; x_wconf 63' lang='lat' dir='ltr'>Graeci</span> <span class='ocrx_word' id='word_1_711' title='bbox 3477 4652 3595 4708; x_wconf 84' lang='lat' dir='ltr'>pan</span> 
     </span>
    </p>
   </div>
   <div class='ocr_carea' id='block_1_110' title="bbox 1945 4721 3591 4794">
    <p class='ocr_par' dir='ltr' id='par_1_110' title="bbox 1945 4721 3591 4794">
     <span class='ocr_line' id='line_1_111' title="bbox 1945 4721 3591 4794; baseline 0.005 -22"><span class='ocrx_word' id='word_1_712' title='bbox 1945 4725 2175 4785; x_wconf 90' lang='lat' dir='ltr'>vocant,</span> <span class='ocrx_word' id='word_1_713' title='bbox 2200 4736 2300 4775; x_wconf 82' lang='lat' dir='ltr'>sex</span> <span class='ocrx_word' id='word_1_714' title='bbox 2320 4721 2719 4777; x_wconf 90' lang='lat' dir='ltr'>continentem</span> <span class='ocrx_word' id='word_1_715' title='bbox 2744 4728 2977 4779; x_wconf 87' lang='lat' dir='ltr'>sanctas</span> <span class='ocrx_word' id='word_1_716' title='bbox 3010 4728 3066 4780; x_wconf 90' lang='lat' dir='ltr'>et</span> <span class='ocrx_word' id='word_1_717' title='bbox 3092 4723 3459 4780; x_wconf 83' lang='lat' dir='ltr'>universales</span> <span class='ocrx_word' id='word_1_718' title='bbox 3490 4741 3591 4794; x_wconf 84' lang='lat' dir='ltr'>sy-</span> 
     </span>
    </p>
   </div>
   <div class='ocr_carea' id='block_1_111' title="bbox 1944 4808 3597 4877">
    <p class='ocr_par' dir='ltr' id='par_1_111' title="bbox 1944 4808 3597 4877">
     <span class='ocr_line' id='line_1_112' title="bbox 1944 4808 3597 4877; baseline 0.004 -15"><span class='ocrx_word' id='word_1_719' title='bbox 1944 4808 2151 4877; x_wconf 91' lang='lat' dir='ltr'>nodos,</span> <span class='ocrx_word' id='word_1_720' title='bbox 2185 4810 2245 4865; x_wconf 94' lang='lat' dir='ltr'>in</span> <span class='ocrx_word' id='word_1_721' title='bbox 2290 4810 2539 4866; x_wconf 88' lang='lat' dir='ltr'>ecclesia</span> <span class='ocrx_word' id='word_1_722' title='bbox 2591 4811 2754 4867; x_wconf 85' lang='lat' dir='ltr'>Beati</span> <span class='ocrx_word' id='word_1_723' title='bbox 2808 4812 2963 4867; x_wconf 88' lang='lat' dir='ltr'>Petri</span> <span class='ocrx_word' id='word_1_724' title='bbox 3015 4813 3215 4869; x_wconf 83' lang='lat' dir='ltr'>erexit.</span> <span class='ocrx_word' id='word_1_725' title='bbox 3278 4814 3434 4869; x_wconf 81' lang='lat' dir='ltr'>Item.</span> <span class='ocrx_word' id='word_1_726' title='bbox 3486 4818 3597 4869; x_wconf 86' lang='lat' dir='ltr'>Leo</span> 
     </span>
    </p>
   </div>
   <div class='ocr_carea' id='block_1_112' title="bbox 1947 4898 3598 4976">
    <p class='ocr_par' dir='ltr' id='par_1_112' title="bbox 1947 4898 3598 4976">
     <span class='ocr_line' id='line_1_113' title="bbox 1947 4898 3598 4976; baseline 0.001 -19"><span class='ocrx_word' id='word_1_727' title='bbox 1947 4898 2158 4957; x_wconf 90' lang='lat' dir='ltr'>Junior</span> <span class='ocrx_word' id='word_1_728' title='bbox 2185 4900 2445 4970; x_wconf 92' lang='lat' dir='ltr'>suscepit</span> <span class='ocrx_word' id='word_1_729' title='bbox 2466 4904 2731 4955; x_wconf 88' lang='lat' dir='ltr'>sanctam</span> <span class='ocrx_word' id='word_1_730' title='bbox 2762 4905 2984 4957; x_wconf 84' lang='lat' dir='ltr'>sextam</span> <span class='ocrx_word' id='word_1_731' title='bbox 3012 4903 3322 4975; x_wconf 89' lang='lat' dir='ltr'>synodum,</span> <span class='ocrx_word' id='word_1_732' title='bbox 3341 4918 3469 4976; x_wconf 72' lang='lat' dir='ltr'>qua:</span> <span class='ocrx_word' id='word_1_733' title='bbox 3494 4918 3598 4974; x_wconf 91' lang='lat' dir='ltr'>per</span> 
     </span>
    </p>
   </div>
   <div class='ocr_carea' id='block_1_113' title="bbox 1948 4989 3597 5063">
    <p class='ocr_par' dir='ltr' id='par_1_113' title="bbox 1948 4989 3597 5063">
     <span class='ocr_line' id='line_1_114' title="bbox 1948 4989 3597 5063; baseline -0.001 -16"><span class='ocrx_word' id='word_1_734' title='bbox 1948 4992 2043 5047; x_wconf 91' lang='lat' dir='ltr'>Dei</span> <span class='ocrx_word' id='word_1_735' title='bbox 2077 4989 2502 5062; x_wconf 90' lang='lat' dir='ltr'>providentiam</span> <span class='ocrx_word' id='word_1_736' title='bbox 2536 5006 2724 5062; x_wconf 90' lang='lat' dir='ltr'>nuper</span> <span class='ocrx_word' id='word_1_737' title='bbox 2746 4991 2900 5063; x_wconf 85' lang='lat' dir='ltr'>regia</span> <span class='ocrx_word' id='word_1_738' title='bbox 2922 4991 2978 5046; x_wconf 91' lang='lat' dir='ltr'>in</span> <span class='ocrx_word' id='word_1_739' title='bbox 3004 4992 3150 5046; x_wconf 89' lang='lat' dir='ltr'>urbe</span> <span class='ocrx_word' id='word_1_740' title='bbox 3173 4991 3464 5047; x_wconf 87' lang='lat' dir='ltr'>celebrata</span> <span class='ocrx_word' id='word_1_741' title='bbox 3487 4994 3597 5060; x_wconf 91' lang='lat' dir='ltr'>est,</span> 
     </span>
    </p>
   </div>
   <div class='ocr_carea' id='block_1_114' title="bbox 1947 5076 3600 5153">
    <p class='ocr_par' dir='ltr' id='par_1_114' title="bbox 1947 5076 3600 5153">
     <span class='ocr_line' id='line_1_115' title="bbox 1947 5076 3600 5153; baseline -0.001 -17"><span class='ocrx_word' id='word_1_742' title='bbox 1947 5081 2143 5136; x_wconf 74' lang='lat' dir='ltr'>Graaco</span> <span class='ocrx_word' id='word_1_743' title='bbox 2165 5076 2396 5149; x_wconf 92' lang='lat' dir='ltr'>eloquio</span> <span class='ocrx_word' id='word_1_744' title='bbox 2432 5078 2732 5150; x_wconf 87' lang='lat' dir='ltr'>scriptam,</span> <span class='ocrx_word' id='word_1_745' title='bbox 2757 5085 3110 5151; x_wconf 87' lang='lat' dir='ltr'>exsequente</span> <span class='ocrx_word' id='word_1_746' title='bbox 3152 5097 3217 5135; x_wconf 87' lang='lat' dir='ltr'>ac</span> <span class='ocrx_word' id='word_1_747' title='bbox 3249 5080 3600 5153; x_wconf 82' lang='lat' dir='ltr'>praesidente</span> 
     </span>
    </p>
   </div>
   <div class='ocr_carea' id='block_1_115' title="bbox 1947 5166 3599 5243">
    <p class='ocr_par' dir='ltr' id='par_1_115' title="bbox 1947 5166 3599 5243">
     <span class='ocr_line' id='line_1_116' title="bbox 1947 5166 3599 5243; baseline 0 -20"><span class='ocrx_word' id='word_1_748' title='bbox 1947 5167 2216 5241; x_wconf 82' lang='lat' dir='ltr'>piissimo</span> <span class='ocrx_word' id='word_1_749' title='bbox 2250 5183 2315 5221; x_wconf 91' lang='lat' dir='ltr'>ac</span> <span class='ocrx_word' id='word_1_750' title='bbox 2367 5166 2828 5225; x_wconf 87' lang='lat' dir='ltr'>clementissimo</span> <span class='ocrx_word' id='word_1_751' title='bbox 2884 5186 3089 5242; x_wconf 82' lang='lat' dir='ltr'>magno</span> <span class='ocrx_word' id='word_1_752' title='bbox 3140 5170 3405 5243; x_wconf 90' lang='lat' dir='ltr'>principe</span> <span class='ocrx_word' id='word_1_753' title='bbox 3452 5171 3599 5225; x_wconf 87' lang='lat' dir='ltr'>Con-</span> 
     </span>
    </p>
   </div>
   <div class='ocr_carea' id='block_1_116' title="bbox 1950 5256 2234 5312">
    <p class='ocr_par' dir='ltr' id='par_1_116' title="bbox 1950 5256 2234 5312">
     <span class='ocr_line' id='line_1_117' title="bbox 1950 5256 2234 5312; baseline -0.007 0"><span class='ocrx_word' id='word_1_754' title='bbox 1950 5256 2234 5312; x_wconf 88' lang='lat' dir='ltr'>stantino.</span> 
     </span>
    </p>
   </div>
   <div class='ocr_carea' id='block_1_117' title="bbox 1945 5343 3597 5475">
    <p class='ocr_par' dir='ltr' id='par_1_117' title="bbox 1945 5343 3597 5475">
     <span class='ocr_line' id='line_1_118' title="bbox 1945 5343 3597 5475; baseline -0.004 -73"><span class='ocrx_word' id='word_1_755' title='bbox 1945 5348 2082 5403; x_wconf 78' lang='lat' dir='ltr'>CAP.</span> <span class='ocrx_word' id='word_1_756' title='bbox 2137 5343 2261 5398; x_wconf 77' lang='grc'>125.</span> <span class='ocrx_word' id='word_1_757' title='bbox 2290 5370 2360 5383; x_wconf 89' lang='grc'><strong><em>--</em></strong></span> <span class='ocrx_word' id='word_1_758' title='bbox 2407 5344 2543 5400; x_wconf 88' lang='lat' dir='ltr'>Item</span> <span class='ocrx_word' id='word_1_759' title='bbox 2581 5345 2647 5400; x_wconf 84' lang='lat' dir='ltr'>de</span> <span class='ocrx_word' id='word_1_760' title='bbox 2693 5348 2897 5475; x_wconf 63' lang='grc' dir='ltr'>εοάεὸηέ.</span> <span class='ocrx_word' id='word_1_761' title='bbox 2951 5349 3095 5405; x_wconf 90' lang='lat' dir='ltr'>Beda</span> <span class='ocrx_word' id='word_1_762' title='bbox 3124 5349 3191 5403; x_wconf 88' lang='lat' dir='ltr'>de</span> <span class='ocrx_word' id='word_1_763' title='bbox 3234 5345 3597 5418; x_wconf 82' lang='lat' dir='ltr'>temporibus,</span> 
     </span>
     <span class='ocr_line' id='line_1_119' title="bbox 2653 5435 2897 5475; baseline 0.008 -2"><span class='ocrx_word' id='word_1_764' title='bbox 2653 5435 2774 5475; x_wconf 81' lang='lat' dir='ltr'>can.</span> <span class='ocrx_word' id='word_1_765' title='bbox 2886 5463 2897 5475; x_wconf 93' lang='lat'>.</span> 
     </span>
    </p>
   </div>
   <div class='ocr_carea' id='block_1_118' title="bbox 2653 5435 2897 5490">
    <p class='ocr_par' dir='ltr' id='par_1_118' title="bbox 2653 5435 2897 5490">
     <span class='ocr_line' id='line_1_120' title="bbox 2653 5435 2897 5490; baseline 0.008 -17"><span class='ocrx_word' id='word_1_766' title='bbox 2653 5435 2774 5490; x_wconf 87' lang='lat' dir='ltr'>cap.</span> <span class='ocrx_word' id='word_1_767' title='bbox 2808 5435 2897 5475; x_wconf 79' lang='lat'>0:).</span> 
     </span>
    </p>
   </div>
   <div class='ocr_carea' id='block_1_119' title="bbox 2019 5502 3597 5579">
    <p class='ocr_par' dir='ltr' id='par_1_119' title="bbox 2019 5502 3597 5579">
     <span class='ocr_line' id='line_1_121' title="bbox 2019 5502 3597 5579; baseline 0 -20"><span class='ocrx_word' id='word_1_768' title='bbox 2019 5506 2179 5573; x_wconf 87' lang='lat' dir='ltr'>(Dist.</span> <span class='ocrx_word' id='word_1_769' title='bbox 2214 5502 2303 5571; x_wconf 77' lang='lat' dir='ltr'>t6,</span> <span class='ocrx_word' id='word_1_770' title='bbox 2335 5519 2382 5558; x_wconf 93' lang='lat' dir='ltr'>c.</span> <span class='ocrx_word' id='word_1_771' title='bbox 2432 5504 2639 5578; x_wconf 74' lang='lat' dir='ltr'>Sexta).</span> <span class='ocrx_word' id='word_1_772' title='bbox 2665 5539 2733 5549; x_wconf 90' lang='grc'>--</span> <span class='ocrx_word' id='word_1_773' title='bbox 2765 5508 2935 5564; x_wconf 82' lang='lat' dir='ltr'>Sexta</span> <span class='ocrx_word' id='word_1_774' title='bbox 2987 5508 3245 5579; x_wconf 86' lang='lat' dir='ltr'>synodus</span> <span class='ocrx_word' id='word_1_775' title='bbox 3296 5502 3597 5560; x_wconf 85' lang='lat' dir='ltr'>universa-</span> 
     </span>
    </p>
   </div>
   <div class='ocr_carea' id='block_1_120' title="bbox 1949 5590 3599 5665">
    <p class='ocr_par' dir='ltr' id='par_1_120' title="bbox 1949 5590 3599 5665">
     <span class='ocr_line' id='line_1_122' title="bbox 1949 5590 3599 5665; baseline 0.001 -18"><span class='ocrx_word' id='word_1_776' title='bbox 1949 5592 2024 5649; x_wconf 85' lang='lat' dir='ltr'>lis</span> <span class='ocrx_word' id='word_1_777' title='bbox 2055 5590 2559 5664; x_wconf 85' lang='lat' dir='ltr'>Constantinopoli</span> <span class='ocrx_word' id='word_1_778' title='bbox 2590 5594 2879 5652; x_wconf 89' lang='lat' dir='ltr'>celebrata</span> <span class='ocrx_word' id='word_1_779' title='bbox 2899 5600 3081 5665; x_wconf 85' lang='lat' dir='ltr'>est,et</span> <span class='ocrx_word' id='word_1_780' title='bbox 3100 5593 3296 5650; x_wconf 82' lang='lat' dir='ltr'>Graeco</span> <span class='ocrx_word' id='word_1_781' title='bbox 3326 5606 3599 5650; x_wconf 84' lang='lat' dir='ltr'>sermone</span> 
     </span>
    </p>
   </div>
  </div>
