3970 6058
375 283 482 336 295

1462 282 1529 330 D.
1575 276 1811 331 IVONIS
1845 273 2335 330 CARNOTENSIS
2371 272 2686 327 EPISCOPI

3687 273 3802 327 296

377 403 731 476 conscripta,
760 401 1127 474 temporibus
1158 417 1318 474 papae
1339 397 1681 471 Agathonis,
1705 413 2023 469 exsequen-
2053 398 2107 462 Α
2140 395 2272 449 dem
2304 399 2360 449 et
2386 393 2517 450 laus
2549 395 2676 465 ejus
2699 395 2758 450 in
2790 395 2996 451 eodem
3028 394 3279 467 septimo
3310 395 3557 452 concilio
3587 401 3800 452 sancto

374 499 431 552 te
462 511 530 550 ac
560 492 854 550 residente
879 489 1147 563 piissimo
1171 489 1432 562 principe
1451 487 1834 544 Constantino
1866 488 2024 542 intra

376 583 666 656 palatium
697 597 898 651 suum,
931 578 1224 650 simulque
1253 578 1464 649 legatis
1484 576 1816 650 apostolicis
1842 576 2021 643 sedis,

377 677 437 730 et
456 671 746 745 episcopis
770 674 1006 726 centum
1030 666 1460 740 quinquaginta
1479 665 2022 722 residentibus.Pri-

377 779 477 819 ma
497 762 656 818 enim
676 757 1046 825 universalis,
1067 758 1326 830 synodus
1343 757 1402 811 in
1420 755 1651 812 Nicasna
1672 759 2024 827 congregata

380 856 470 908 est
499 855 700 906 contra
731 849 956 914 Arium,
1006 850 1399 901 trecentorum
1449 849 1508 900 et
1537 844 1858 900 octodecim
1920 847 2023 898 Pa-

379 945 541 997 trum
567 937 930 1008 temporibus
959 934 1097 990 Julii
1133 951 1294 1006 papaa
1317 934 1427 990 sub
1451 932 1831 990 Constantino
1863 932 2022 1004 prin-

379 1029 526 1100 cipe.
561 1025 855 1092 Secunda,
887 1023 947 1078 in
996 1020 1525 1093 Constantinopoli,
1560 1025 1792 1076 centum
1843 1019 2021 1090 quin-

379 1115 664 1188 quaginta
676 1113 1145 1181 Patrum,contra
1157 1109 1651 1176 Macedonium,et
1675 1108 2021 1176 Eudoxium,

377 1203 744 1276 temporibus
796 1200 1030 1257 Damasi
1073 1217 1235 1272 papae
1297 1205 1356 1255 et
1404 1198 1665 1255 Gratiani
1714 1195 2016 1270 principis,

378 1293 615 1364 quando
645 1291 954 1347 Nectarius
984 1290 1249 1360 ejusdem
1284 1288 1445 1344 urbis
1477 1289 1789 1360 episcopus
1820 1290 1911 1342 est
1932 1302 2022 1341 or-

379 1383 642 1437 dinatus.
694 1379 910 1448 Tertia,
944 1379 1003 1434 in
1047 1377 1296 1449 Epheso,
1349 1378 1736 1432 ducentorum
1786 1375 2024 1432 Patrum

381 1475 586 1527 contra
607 1467 942 1525 Nestorium
992 1469 1267 1538 Augustae
1320 1465 1483 1520 urbis
1527 1464 1865 1536 episcopum
1911 1463 2021 1518 sub

379 1558 707 1615 Theodosio
727 1572 940 1628 magno
963 1554 1307 1628 principe,et
1330 1571 1480 1626 papa
1495 1552 1822 1609 Caelestino.
1840 1553 2021 1617 Quar-

378 1653 461 1720 ta,
489 1649 550 1704 in
573 1646 954 1715 Chalcedone,
995 1649 1400 1700 sexcentorum
1431 1648 1490 1698 et
1515 1643 1756 1714 triginta
1785 1646 2023 1697 Patrum

381 1738 491 1793 sub
524 1738 712 1792 Leone
763 1752 934 1807 papa,
979 1732 1345 1803 temporibus
1385 1731 1659 1788 Martiani
1717 1731 2021 1803 principis,

380 1829 583 1882 contra
609 1824 902 1895 Eutychen
921 1821 1475 1879 nefandissimorum
1497 1820 1805 1892 prmsulem
1829 1837 2027 1876 mona-

380 1915 646 1971 chorum.
669 1912 882 1978 Quinta
921 1912 980 1966 in
1003 1909 1507 1980 Constantinopoli
1537 1909 1903 1981 temporibus
1925 1910 2023 1964 Vi-

380 2003 506 2075 gilii
528 2019 711 2073 papae,
731 2001 842 2056 sub
863 1999 1199 2056 Justiniano
1229 1999 1512 2071 principe,
1537 2003 1739 2054 contra
1759 1998 2024 2068 Theodo-

381 2106 534 2156 rum,
568 2093 625 2143 et
654 2104 858 2143 omnes
890 2086 1212 2143 haereticos.
1247 2087 1416 2142 Sexta
1438 2088 1506 2142 de
1524 2104 1639 2158 qua
1665 2087 1724 2141 in
1753 2085 2025 2157 praesenti

382 2177 658 2233 diximus.
693 2177 847 2232 Item.
881 2175 1302 2231 Constantinus
1326 2176 1640 2247 imperator
1671 2175 1805 2231 fecit
1835 2175 2024 2246 pictu-

381 2284 476 2323 ras
509 2266 566 2320 in
600 2266 828 2336 porticu
857 2265 1051 2320 Sancti
1095 2263 1268 2333 Petri,
1320 2281 1448 2335 qua:
1480 2271 1609 2319 acta
1640 2281 1739 2319 sex
1791 2267 2022 2319 sancta-

380 2371 511 2412 rum
535 2354 894 2427 synodorum
927 2351 1350 2408 universalium
1379 2353 1761 2409 continerent.
1788 2356 1932 2406 Nam
1969 2357 2026 2407 et

379 2442 725 2515 hujusmodi
749 2442 1009 2514 picturas
1034 2459 1167 2496 curn
1204 2441 1559 2498 haberentur
1589 2442 1648 2497 in
1673 2441 1816 2497 urbe
1839 2441 2027 2511 regia,

270 2608 272 2610 ν
379 2532 686 2604 Philippus
708 2532 968 2602 jusserat
999 2531 1236 2597 auferri,
1272 2530 1596 2602 statuitque
1625 2529 1880 2602 papulus
1917 2531 2030 2585 Ro-

388 2635 602 2674 manus
633 2635 705 2674 ne
739 2616 995 2673 haeretici
1019 2617 1391 2688 imperatoris
1423 2635 1636 2674 nomen
1688 2618 1746 2672 in
1796 2618 2032 2673 chartas

386 2712 490 2763 aut
519 2708 767 2780 ﬁguram
799 2705 970 2762 solidi
1004 2707 1392 2778 susciperent.
1431 2707 1589 2762 Unde
1619 2724 1723 2762 nec
1753 2708 1880 2777 ejus
1907 2707 2032 2760 efﬁ-

387 2797 510 2867 gies
539 2797 598 2850 in
629 2795 872 2850 ecclesia
901 2795 1233 2850 introducta
1281 2798 1390 2861 est,
1427 2813 1530 2852 nec
1559 2812 1772 2852 nomen
1795 2796 1865 2851 ad
1890 2795 2032 2850 mis~

388 2900 586 2938 sarum
616 2881 902 2939 solemnia
935 2882 1248 2954 prolatum.

387 2998 521 3052 CAP.
559 2997 678 3052 126.
704 3028 771 3037 --
802 2999 1190 3068 Responsiones
1220 2997 1458 3052 Adriani
1499 3013 1664 3068 papa?
1708 3004 1906 3054 contra
1937 2999 2032 3054 ob-

520 3069 787 3139 jectiones
817 3069 1201 3141 quorumdam,
1243 3071 1316 3124 ad
1346 3071 1614 3136 carotum,
1647 3085 1764 3140 cap.
1799 3071 1887 3125 35.

2132 483 2448 555 reperitur.

2133 572 2267 628 CAP.
2307 573 2426 628 130.
2459 603 2529 615 -
2555 575 2632 629 De
2657 572 2896 630 secunda
2946 573 3174 630 Nicaeae
3214 575 3426 646 synodo
3471 575 3619 631 inter
3665 575 3800 630 uni-

2715 646 2954 701 versales
2982 653 3192 701 octava.

2203 731 2616 788 Constantinus
2660 749 2793 789 cum
2843 737 3007 790 Irene
3059 738 3242 790 matre
3290 735 3556 806 regnavit
3599 752 3795 791 annos

2133 821 2356 891 decem,
2393 822 2696 877 mensibus
2745 823 2977 879 duobus
3025 823 3234 879 diebus
3268 824 3521 879 duobus.
3562 824 3791 880 Horum

2134 927 2286 965 anno
2320 928 2471 966 nono
2503 912 2656 966 facta
2695 917 2787 968 est
2818 913 3079 984 synodus
3113 913 3346 970 Nictena
3376 915 3638 969 secunda
3668 919 3790 970 tre-

2133 1002 2437 1054 centorum
2469 1000 2900 1072 quinquaginta
2932 1004 3274 1057 sanctorum
3308 1002 3569 1058 Patrum.

2523 1105 2653 1162 CAP.
2690 1106 2812 1162 131.
2847 1139 2912 1148 —
2943 1109 3081 1162 Item
3110 1107 3176 1163 de
3204 1108 3391 1164 eodem

2202 1195 2367 1248 Anno
2402 1193 2628 1266 imperii
2658 1196 2850 1252 [renes
2883 1200 2940 1251 et
2957 1197 3328 1252 Constantini
3353 1201 3577 1266 octavo,
3607 1196 3792 1252 exivit

2131 1281 2453 1336 Tharasius
2485 1283 2963 1356 archiepiscopus
3003 1284 3419 1341 sanctissimus
3451 1285 3789 1341 Constanti-

2134 1369 2435 1441 nopoleos,
2486 1371 2544 1426 in
2588 1370 2882 1428 Nicaanam
2907 1373 3229 1442 civitatem,
3275 1381 3333 1430 et
3373 1374 3666 1431 celebrata
3695 1378 3792 1431 est

2134 1463 2338 1514 sancta
2368 1464 2568 1516 octava
2600 1461 2951 1518 universalis
2981 1464 3266 1536 synodus.

2133 1566 2268 1621 CAP.
2306 1566 2425 1621 132.
2459 1597 2529 1606 —
2558 1568 2630 1622 De
2657 1570 2770 1622 octo
2799 1570 3208 1624 universalibus
3227 1570 3502 1627 conciliis.
3527 1571 3613 1626 Ea:
3641 1570 3787 1628 libro

2417 1637 2618 1694 diurno
2645 1641 2910 1710 professio
2940 1641 3173 1697 Romani
3200 1642 3495 1712 pontiﬁcis.

2207 1725 2364 1796 (οἱα,
2400 1727 2488 1796 16,
2520 1743 2566 1782 c.
2601 1728 2848 1799 Sancta.)
2878 1728 3093 1785 Sancta
3122 1746 3227 1784 V111
3260 1729 3613 1785 universalia
3642 1746 3788 1785 con-

2138 1813 2293 1882 cilia,
2327 1814 2383 1869 id
2416 1819 2505 1870 est
2547 1833 2566 1870 ι
2617 1815 2936 1884 Nicaanum,
2969 1834 3011 1872 ιι
3042 1817 3785 1889 Constantinopolitanum,

2133 1920 2196 1957 ni
2225 1903 2608 1974 Ephesinum,
2627 1922 2704 1971 ιν,
2728 1905 3222 1962 Cbaceldonense.
3250 1909 3415 1974 Item,
3438 1924 3473 1962 v
3494 1907 3786 1963 Constan-

2135 1992 2588 2063 tinopolitanum
2622 2002 2675 2049 et
2697 2012 2772 2050 vi.
2806 1994 2950 2051 Item
3001 1996 3298 2051 Nicwnum
3347 2014 3443 2052 vn.
3498 1996 3786 2052 Octavum

2135 2097 2370 2152 quoque
2430 2081 3167 2156 Constantinopolitanum,
3232 2103 3418 2157 usque
3469 2087 3539 2141 ad
3599 2103 3790 2142 unum

2137 2169 2362 2240 apicem
2393 2170 2755 2227 immutilata
2784 2189 3034 2239 servare,
3056 2181 3113 2230 et
3143 2176 3262 2245 pari
3297 2175 3516 2230 honore
3537 2178 3594 2230 et
3614 2191 3790 2230 vene-

2137 2256 2362 2313 ratione
2379 2259 2556 2330 digna
2579 2259 2813 2327 habere;
2833 2267 2889 2316 et
2913 2278 3041 2332 quae
3065 2264 3459 2332 praedicarunt
3488 2263 3537 2318 ei
3563 2267 3791 2319 statue-

2139 2351 2280 2401 runt
2305 2347 2660 2404 omnimodis
2696 2349 2865 2421 sequi
2905 2355 2964 2404 et
3003 2350 3338 2422 pradicare,
3374 2368 3617 2423 quaeque
3655 2368 3788 2407 con-

2140 2435 2562 2492 damnaverunt
2593 2455 2691 2494 ore
2722 2444 2775 2493 et
2808 2439 2981 2493 corde
3013 2440 3406 2495 condemnare
3438 2441 3739 2512 proﬁteor.

2138 2541 2428 2618 CAP._133.
2461 2573 2531 2581 —
2562 2543 2635 2598 De
2679 2544 3150 2599 commendatione
3189 2545 3402 2601 Donati
3449 2556 3502 2602 et
3550 2549 3792 2618 Eugenii

2211 2614 2594 2687 episcOporum
2632 2617 3043 2687 Joannesil’lll.
3093 2618 3490 2687 Neapolitanis,
3533 2614 3785 2674 Salerni-

2211 2685 2281 2738 tis
2310 2693 2359 2739 et
2388 2686 2734 2754 Almaﬁlanis
2767 2686 3136 2756 [Melﬁtanis].

2213 2773 2358 2838 Quia
2373 2773 2728 2844 ﬁdelibus,et
2750 2777 3093 2848 mysterium
3115 2777 3573 2835 Christianitatis
3591 2781 3788 2836 scien-

2139 2861 2300 2916 tibus
2322 2860 2480 2934 loqui
2505 2880 2612 2918 nos
2632 2865 2949 2934 credimus,
2974 2882 3078 2937 per
3095 2882 3396 2922 sacrarum
3413 2869 3787 2940 Scriputura-

2142 2966 2272 3004 rum
2306 2951 2644 3007 testimonia
2671 2951 2906 3025 longius
2933 2954 3170 3010 tendere
3206 2956 3558 3022 devitantes,
3609 2958 3790 3014 dilec-

2143 3037 2289 3093 tioni
2307 3044 2507 3094 vestras
2530 3039 2818 3096 Donatum
2841 3043 3230 3098 venerabilem
3250 3045 3791 3117 episcopum,cujus

458 3128 672 3222 sancta
689 3128 848 3222 sexta
879 3167 1137 3238 synodus
1156 3128 1403 3221 ﬁdeliter
1425 3184 1524 3238 per
1554 3128 1806 3222 canones
1837 3167 2033 3222 ortho-
2066 3149 2108 3215 (ἶ
2147 3128 2385 3238 ﬁt}???
2413 3128 3620 3238 E‘i?ﬂ”__°}i§yf‘°§?,??}?Va;‘2tPugefﬁum
3656 3135 3789 3238 F3“-

390 3257 536 3311 doxe
558 3259 845 3324 statuens,
870 3255 954 3309 ita
999 3255 1304 3309 constituit
1324 3255 1524 3310 dicens
1549 3272 1561 3309 ε
1586 3256 1648 3310 In
1675 3257 2031 3326 quibusdam

387 3345 813 3400 venerabilium
845 3343 1166 3415 imaginum
1197 3344 1664 3416 picturis,agnus
1686 3344 1867 3417 digito
1890 3362 2034 3416 prae-

387 3434 644 3490 cursoris
676 3437 1040 3488 monstratus
1063 3432 1408 3503 designatur
1429 3433 1531 3504 qui
1554 3433 1611 3486 in
1636 3432 1872 3503 signum
1899 3432 2034 3488 reli-

389 3526 519 3578 ctus
550 3526 640 3576 est
677 3523 898 3592 gratias.
948 3522 1012 3575 Et
1050 3524 1166 3592 post
1198 3537 1395 3588 pauca.
1443 3523 1775 3577 Secundum
1825 3523 2035 3577 buma-

390 3627 528 3666 nam
558 3609 829 3681 ﬁguram,
863 3615 919 3665 et
951 3610 1005 3665 in
1034 3609 1417 3682 imaginibus,
1447 3615 1506 3666 et
1537 3628 1693 3667 nunc
1725 3629 1828 3683 pro
1861 3612 2036 3667 veteri

391 3716 541 3773 agno
574 3699 862 3755 retitulari
894 3699 1265 3756 decerninus.

393 3814 521 3871 CAP.
558 3815 680 3870 127.
711 3843 780 3857 —
811 3816 886 3870 De
915 3818 1226 3885 receptione
1262 3818 1517 3886 septimae
1543 3816 1759 3887 synodi,
1790 3832 1908 3886 cap.
1943 3817 2035 3870 60.

463 3930 748 4003 Superius
779 3929 1146 3985 exaravimus
1171 3935 1396 4000 septem
1421 3930 1617 3986 divina
1642 3932 1917 4002 dogmata
1944 3949 2036 4004 sy-

395 4020 530 4076 nodi
550 4018 1086 4092 irreprehensibilia
1103 4017 1431 4084 existentia,
1450 4018 1602 4072 sicut
1615 4020 2036 4091 prsecipuorum

395 4114 730 4165 sanctorum
758 4108 995 4164 Patrum
1025 4106 1270 4162 mirifice
1298 4108 1705 4163 demonstrant
1734 4109 2036 4180 opuscula.

393 4200 538 4253 Nam
585 4198 631 4252 si
667 4198 798 4268 quis
830 4196 1123 4269 prmdictae
1153 4196 1359 4269 synodi
1395 4196 1658 4268 symbolo
1709 4198 2040 4268 discrepare

396 4302 459 4342 se
489 4285 716 4351 dixerit,
747 4286 1078 4356 discrepare
1108 4285 1337 4341 videtur
1363 4290 1698 4342 sanctarum
1733 4303 1829 4342 sex
1862 4304 2040 4360 syno-

399 4373 606 4429 dorum
639 4373 925 4444 symbolo.

629 4479 758 4534 CAP.
797 4479 915 4534 128.
951 4510 1017 4520 —
1047 4480 1122 4534 De
1150 4481 1358 4536 eodem.
1392 4480 1524 4537 Item
1554 4497 1676 4554 cap.
1708 4482 1797 4538 30.

471 4586 662 4658 Ipsam
697 4584 1008 4657 septimam
1041 4588 1330 4658 synodum
1365 4588 1746 4659 suscipimus.
1797 4595 1941 4645 Nam
1990 4589 2040 4646 si

395 4691 526 4730 eam
590 4673 834 4729 minime
883 4675 1332 4746 recepissemus,
1380 4678 1451 4731 ad
1498 4693 1674 4732 suum
1725 4678 2040 4749 pristinum

395 4762 679 4818 vomitum
713 4764 928 4819 erroris
959 4764 1212 4819 fuissent
1267 4764 1446 4819 Grmci
1503 4764 1740 4832 reversi,
1785 4765 1884 4836 qui
1937 4783 2040 4838 pro

395 4853 483 4904 tot
506 4848 768 4905 millibus
800 4849 1133 4905 animarum
1165 4850 1630 4907 Christianorum
1663 4851 1901 4908 interitu
1935 4855 2043 4910 ha-

397 4939 604 4994 bemus
633 4938 871 4994 reddere
905 4940 1213 4994 rationem.

397 5054 520 5111 CAP.
557 5055 677 5109 129.
703 5084 770 5095 -—-
801 5055 1092 5128 Delaude
1109 5054 1417 5124 Theophani
1447 5057 1507 5110 in
1535 5059 1755 5128 prologo
1785 5060 2039 5116 Historia

566 5127 846 5204 Anastasii
875 5126 1282 5181 bibiiothecariz
1315 5127 1576 5184 Romanae
1607 5126 1878 5185 Ecclesiae.

466 5223 746 5279 Sufﬁcere
774 5223 1026 5278 arbitror
1057 5223 1127 5278 ad
1152 5224 1855 5296 praconiumTheOphani
1881 5228 2042 5284 chro-

394 5311 700 5386 nographi,
736 5313 890 5383 quod
923 5329 956 5367 a
988 5313 1127 5368 sede
1174 5313 1530 5383 approbatus
1570 5314 1649 5369 sit
1699 5317 2038 5387 apostolica,

397 5401 630 5472 quando
653 5400 879 5457 scilicet
901 5399 1102 5455 vicarii
1120 5402 1252 5470 ejus
1281 5417 1392 5454 una
1415 5417 1546 5456 cum
1569 5404 1844 5458 trecentis
1863 5406 2037 5475 quin-

397 5490 679 5560 quaginta
706 5488 978 5545 Patribus
1020 5489 1078 5544 in
1110 5488 1348 5544 Nicena
1369 5489 1511 5544 urbe
1537 5491 1794 5547 secundo
1826 5508 2039 5550 conve-

399 5574 628 5633 nientes
658 5577 1050 5636 universalem
1069 5577 1360 5653 synodum
1393 5576 1781 5636 celebrarunt.
1815 5581 1872 5638 Si
1904 5585 2037 5654 qui-

2146 3216 2376 3288 giosum
2412 3217 2839 3289 presbyterum,
2875 3219 3117 3275 dilectos
3170 3219 3390 3293 ﬁdeles,
3422 3227 3477 3278 et
3509 3223 3793 3281 concilia-

2145 3305 2264 3359 rios
2298 3309 2527 3361 nostros
2561 3322 2694 3362 ecce
2725 3307 3057 3378 dirigimus.

2145 3412 2276 3466 CAP.
2316 3413 2436 3467 134.
2469 3443 2537 3452 —-
2570 3413 2697 3478 Quae
2729 3415 2961 3468 concilia
2990 3419 3041 3469 et
3063 3431 3296 3485 quorum
3332 3422 3649 3474 sanctorum
3679 3421 3794 3474 Pa-

2216 3488 2402 3608 trum2
2422 3485 2684 3556 cpuscula
2739 3487 2856 3540 sint
2911 3487 3252 3542 authentico.
3307 3487 3475 3544 Sexta
3546 3491 3794 3560 synodus

2216 3570 2332 3608 ean.
2408 3597 2420 3608 .

2215 3570 2332 3624 cap.
2368 3570 2420 3610 Ζ.

2216 3645 2376 3714 (Dist.
2447 3643 2532 3711 16,
2591 3661 2637 3699 c.
2698 3645 2974 3714 Quoniam
3026 3647 3292 3719 sanctae.)
3348 3649 3792 3707 Conﬁrmamus

2146 3736 2485 3788 sanctorum
2521 3737 2761 3788 Patrum
2811 3751 3066 3791 canones
3097 3741 3154 3791 et
3186 3738 3461 3806 synodos,
3483 3737 3539 3792 id
3576 3743 3669 3794 est
3691 3739 3789 3794 Ni-

2147 3823 3344 3893 casnam,Ancyranam,Neocassariensem,
3369 3825 3791 3900 Gangrensem,

2145 3910 3793 3987 Antiochensem,Laodicensem,Constantinopolitanam,

2147 3997 2501 4068 Ephesinam
2518 3999 3794 4075 primam,Chaceldonensem,Sardicensem,

2147 4084 2689 4156 Carthaginensem,
2711 4088 3423 4161 Constantinopolitanam
3457 4094 3566 4147 sub
3589 4093 3794 4149 Necta-

2149 4175 2255 4230 rio.
2291 4179 2358 4228 Et
2404 4175 2689 4244 opuscula
2742 4177 3055 4233 Theodosii
3097 4178 3477 4252 [Theophili],
3539 4182 3640 4252 qui
3691 4183 3799 4238 fuit

2147 4263 2506 4319 Alexandriae
2533 4264 3029 4337 archiepiscopus;
3052 4267 3193 4337 quin
3217 4267 3394 4323 etiam
3421 4269 3682 4342 Dionysii
3705 4288 3795 4327 ar-

2151 4351 3042 4423 chiepiscopiAlexandrinorum
3078 4355 3476 4428 Megalopolis,
3501 4358 3651 4414 Petri
3675 4359 3803 4416 Ale-

2147 4440 2401 4495 xandria:
2425 4441 2847 4513 archiepiscopi
2878 4447 2936 4497 et
2975 4443 3272 4515 martyris,
3307 4447 3568 4518 Gregorii
3616 4447 3796 4503 thau-

2149 4531 2403 4600 maturgi
2434 4529 2917 4586 Neocaesariensis
2940 4530 3218 4603 episcopi,
3236 4533 3540 4589 Athanasii
3564 4535 3800 4592 Alexan-

2151 4618 2288 4672 dria:
2338 4617 2785 4690 archiepiscopi,
2839 4619 3038 4675 Basilii
3097 4625 3366 4678 Caesareae
3415 4625 3797 4695 Cappadociae

2151 4706 2430 4778 episCOpi,
2457 4707 2717 4777 Gregorii
2750 4707 2996 4779 Nysseni
3029 4709 3306 4781 episcopi,
3341 4711 3602 4783 Gregorii
3633 4713 3799 4770 theo-

2149 4791 2287 4862 logi,
2322 4791 2688 4863 Amphilochi
2722 4794 3056 4851 Biconensis
3107 4796 3337 4868 [Iconii]
3370 4801 3650 4872 episcopi,
3701 4801 3797 4857 Ti-

2153 4881 2368 4935 mothei
2403 4880 2770 4936 Alexandrini
2813 4884 3260 4956 archiepiscopi,
3289 4887 3486 4958 Cyrilli
3535 4889 3798 4960 ejusdem

2150 4967 2504 5024 Alexandriae
2539 4971 2988 5043 archiepiscopi,
3009 4973 3282 5028 Germani
3310 4975 3798 5050 Constantinopo-

2151 5055 2318 5112 litani
2349 5058 2629 5129 episcopi,
2663 5059 2937 5132 Cypriani
2990 5060 3472 5133 Carthaginensis
3512 5066 3797 5140 episcopi,

2149 5149 2206 5200 et
2237 5147 2529 5218 synodum
2551 5147 2701 5217 ejus.

2151 5251 2283 5308 CAP.
2322 5253 2441 5307 135.
2482 5283 2552 5294 -—
2614 5257 2694 5308 De
2729 5257 3069 5311 auctoritate
3137 5255 3487 5315 Sardinensis
3542 5261 3793 5320 concilii.

2691 5325 2949 5382 Nicotaus
2976 5327 3203 5384 Pholio.

2222 5412 2386 5481 (Dist.
2449 5413 2534 5477 16,
2593 5429 2640 5467 c.
2701 5414 2850 5480 Quod
2905 5416 3134 5487 dicitis.)
3165 5415 3329 5480 Quod
3377 5418 3575 5477 dicitis
3608 5438 3796 5494 neque

2149 5499 2491 5554 Sardicense
2524 5501 2838 5558 concilium
2883 5520 3068 5574 neque
3099 5505 3415 5563 decretalis
3453 5525 3554 5565 vos
3588 5510 3803 5569 habere

2148 5586 2494 5661 pontiﬁcum
2516 5594 2874 5663 sanctorum,
2898 5594 3280 5666 velrecipere,
3309 5612 3422 5652 non
3442 5597 3611 5654 facile
3634 5601 3801 5659 nobis
