3978 6060
222 297 330 351 297

1030 309 1338 363 DECRETI
1379 310 1557 363 PAPS
1591 304 1689 358 IV.
1730 327 1797 338 -·
1838 300 1935 351 DE
1974 298 2243 352 FESTIV.
2286 302 2377 354 ET
2412 306 2670 372 JEJUN.,
2712 309 2865 361 ETC.

3533 321 3638 377 298

220 425 1530 488 facultascredenditribuiturzmaximccum
1562 426 1865 485 Sardicen-
1899 424 1952 487 A
1985 421 2240 492 Νίοοιω),
2292 428 2614 495 apostolica
2684 433 3029 490 auctoritate
3082 440 3371 512 roborata,
3417 450 3474 501 et
3523 449 3634 505 sub

217 530 282 568 se
309 514 630 569 concilium
661 518 813 586 quod
848 534 1025 588 penes
1055 536 1157 575 vos
1190 522 1247 576 in
1282 521 1621 592 regionibus
1659 520 1869 575 vestris

215 607 416 658 actum
450 607 559 669 est,
587 609 644 659 et
674 607 868 661 omnis
919 608 1170 664 Ecclesia
1218 610 1442 680 recipit,
1498 626 1614 681 qua
1643 610 1870 664 ratione

215 692 557 745 convenerit
590 697 653 746 ut
701 693 823 749 haec
853 700 1055 750 sancta
1100 697 1741 769 Constantinopolitana
1772 697 1871 751 Ec-

214 779 399 835 clesia
429 781 711 850 abjiceret
758 788 834 849 et,
869 788 933 838 ut
978 784 1221 855 dignum
1263 792 1370 853 est,
1404 804 1519 841 non
1548 785 1869 841 retineret?

206 870 344 944 CAP.
382 869 501 944 136.
538 900 604 911 —
634 872 1063 944 Deiauctoritate
1109 876 1309 944 synodi
1356 875 1503 944 apud
1550 874 1866 929 Suessionis

280 942 562 1016 civitatem
592 943 904 1016 celebrata.
937 942 1255 999 Benedictus
1295 942 1452 1016 papa
1483 948 1551 1001 Ill
1576 948 1867 1001 Hincmaro

282 1012 691 1082 archiepiscopo
723 1014 904 1084 (epist.
937 1017 1013 1085 4).

279 1100 494 1170 Synodi
529 1105 749 1156 textum
782 1102 840 1156 in
877 1104 1193 1158 momentis
1236 1105 1587 1160 ventilantes
1620 1104 1863 1173 intuitu,

207 1204 393 1258 quam
424 1189 581 1258 apud
612 1190 947 1247 Suessionis
974 1192 1267 1248 civitatem
1301 1197 1402 1248 tua
1432 1193 1729 1248 beatitudo
1753 1198 1867 1247 sta-

204 1275 321 1329 tuit
368 1276 687 1340 celebrare,
740 1294 877 1334 cum
931 1280 1228 1352 episcopis
1286 1286 1399 1336 tuae
1444 1284 1759 1336 diocceseos
1808 1285 1865 1336 et

202 1365 669 1437 archiepiscopis
710 1366 1024 1423 Welencne
1076 1368 1424 1437 Senonensi,
1473 1376 1529 1424 et
1572 1368 1862 1424 Amalrico

201 1453 539 1509 Turonensi
574 1453 826 1526 aliisque
847 1457 1158 1529 episcopis,
1187 1475 1255 1513 ea
1284 1475 1410 1528 quae
1435 1458 1504 1512 ad
1540 1459 1863 1529 profectum

199 1547 420 1597 sanctae
453 1541 719 1598 Ecclesiae
763 1550 1089 1600 noscuntur
1120 1546 1231 1616 piis
1263 1547 1709 1601 auctoritatibus
1739 1552 1860 1602 sta-

199 1636 335 1685 tuta
352 1632 697 1703 sancitaque
728 1634 1078 1705 reperimus.
1140 1636 1291 1690 Item.
1324 1634 1715 1690 Difﬁnitiones
1744 1636 1860 1689 fra-

198 1720 503 1776 ternitatis
534 1725 669 1789 tute,
701 1728 758 1777 et
783 1728 1124 1779 caeterorum
1159 1724 1568 1796 episcoporum
1603 1741 1751 1795 quas
1801 1725 1857 1778 in

1980 513 2370 571 anathematis
2403 518 2850 591 interpositione
2884 526 3174 585 roborata.

1976 648 2371 729 CaP._140,_—-
2420 652 2491 729 De
2535 659 2710 709 morte
2761 661 2909 712 Petri
2950 663 3203 729 apostoli.
3251 667 3333 721 Ex
3360 672 3633 729 oratione

2015 718 2294 775 Ambrosii
2321 728 2517 778 contra
2550 728 2878 783 Auxentium
2908 718 3593 799 de'tradenrdisbasilicis:

2050 834 2275 927 Petrus,
2308 837 2456 892 victo
2486 841 2744 909 Simone,
2777 861 2908 899 cum
2953 855 3246 919 praecepta
3277 852 3376 907 Dei
3410 858 3625 927 populo

1979 924 2313 987 seminaret.
2348 927 2693 999 doceretque
2725 934 3157 1007 castimoniam,
3198 924 3630 1001 excitavit—ani-

1978 1027 2105 1067 mos
2126 1014 2681 1086 gentilium,quibus
2705 1036 2837 1075 eum
2863 1026 3260 1092 qumrentibus
3281 1028 3629 1089 Christianae

1976 1101 2181 1154 animai
2227 1103 2547 1174 deprecatus
2603 1113 2742 1162 sunt
2806 1115 2869 1163 ut
2919 1111 3214 1183 paulisper
3263 1118 3527 1188 cederet;
3564 1127 3626 1177 et

1974 1191 2242 1259 quamvis
2274 1200 2429 1248 esset
2459 1196 2709 1266 cupidus
2742 1199 3055 1268 passionis,
3090 1207 3286 1258 tamen
3344 1206 3612 1277 depreca~

1974 1277 2130 1332 tione
2166 1280 2360 1350 pOpuli
2396 1285 2685 1352 precantis
2715 1286 2970 1342 inﬂexus
2999 1293 3624 1362 est.Rogabaturenim

1974 1370 2039 1420 ut
2067 1367 2136 1420 ad
2171 1368 2583 1426 instruendum
2637 1378 2693 1427 et
2740 1376 3205 1432 confirmandum
3253 1386 3533 1453 populum
3565 1403 3628 1442 se

1974 1462 2311 1511 reservaret.
2338 1458 2480 1520 Quid
2506 1460 2729 1515 multa?
2764 1463 2943 1519 Nocte
2974 1481 3177 1521 muros
3208 1470 3400 1537 egredi
3424 1474 3619 1545 coepit,

1971 1544 2243 1598 etvidens
2264 1546 2374 1599 sibi
2391 1547 2447 1600 in
2464 1556 2625 1617 porta
2655 1549 2957 1605 Christum
2975 1569 3278 1611 occurrere
3300 1544 3626 1632 urbemque

1968 1632 2191 1701 ingredi
2242 1634 2323 1688 ait
2358 1652 2369 1688 :
2412 1654 2433 1682 ι
2488 1636 2754 1693 Domine.
2816 1656 2932 1709 quo
2982 1644 3147 1697 venis
3174 1643 3201 1697 ‘t
3233 1666 3259 1694 »
3295 1648 3621 1719 Respondit

1969 1721 2238 1779 Christus
2272 1739 2285 1777 :
2321 1746 2347 1773 ‹‹
2382 1724 2789 1781 Venioiterum
2812 1730 3058 1783 Romam
3091 1732 3408 1805 cruciﬁgi.»
3440 1737 3620 1793 Intel-

202 1808 479 1878 preesenti
512 1811 755 1880 synodo,
788 1811 1127 1880 apostolicis
1159 1813 1579 1883 canonicisque
1610 1813 1859 1867 auctori-
1892 1790 1938 1853 Β
1969 1810 2111 1865 lexit
2145 1816 2345 1867 Petrus
2394 1814 2462 1867 ad
2517 1830 2684 1868 suam
2732 1833 2964 1872 crucem
3017 1820 3281 1876 divinum
3337 1825 3625 1894 pertinere

200 1896 446 1963 tatibus,
500 1898 752 1968 propriis
804 1900 1005 1965 digitis
1056 1902 1368 1965 roborasti,
1418 1907 1575 1957 ratas
1622 1903 1858 1957 easdem

199 1985 526 2056 apostolica
554 1986 614 2041 in
649 1987 924 2044 omnibus
968 1990 1089 2045 fore
1121 1991 1567 2061 promulgamus
1600 1992 1856 2047 auctori-

197 2080 699 2147 tate,semperque
732 2093 967 2133 manere
989 2080 1327 2143 statuimus,
1362 2085 1426 2133 ut
1453 2078 1590 2135 inde
1612 2080 1857 2149 quaestio

199 2162 386 2217 nullis
408 2162 725 2233 aliquando
748 2166 1111 2237 temporibus
1133 2168 1611 2222 oriatur.ltem.Et
1638 2184 1708 2222 ne
1732 2168 1859 2238 qui-

204 2249 354 2305 libet
386 2256 584 2305 contra
614 2252 816 2307 eadem
850 2259 1072 2309 statuta
1105 2256 1385 2309 canonica
1404 2262 1459 2310 et
1488 2257 1718 2311 decreta
1754 2257 1859 2311 Ro-

202 2355 517 2394 manorum
568 2341 936 2410 pontiﬁcum,
988 2360 1195 2399 manus
1244 2345 1612 2413 pertinaciter
1642 2346 1855 2400 inferre

200 2434 549 2499 prasumat,
576 2445 707 2484 cum
737 2432 1129 2487 anathematis
1178 2433 1622 2504 interpositione
1656 2439 1855 2489 nostra

197 2516 609 2587 apostolica.et
639 2519 791 2574 beati
818 2521 995 2575 Pretri
1027 2520 1423 2592 apostolorum
1444 2522 1725 2594 principis
1746 2540 1851 2578 eu-

194 2605 467 2661 cloritate
488 2606 891 2677 prohibemus.

192 2695 335 2749 CAP.
373 2696 593 2769 i37._——-
622 2700 758 2752 Item
788 2696 855 2751 de
881 2697 1087 2753 eodem.
1110 2699 1368 2753 Nicolaus
1394 2716 1537 2769 papa
1559 2701 1849 2754 Hincmaro

268 2766 701 2907 archtieiéijcopo.
726 2769 813 2838 (In
834 2769 1140 2840 Appendice
1166 2770 1243 2827 ad
1275 2766 1537 2841 epistolas
1560 2772 1777 2825 Nicolui
1800 2775 1846 2839 Ι,

267 2854 385 2908 epis
419 2881 430 2893 .
506 2881 516 2891 .

267 2926 566 2997 Synodum
600 2925 917 2999 illam,quse
950 2946 983 2983 a
1012 2934 1067 2983 te
1090 2934 1145 2984 et
1165 2930 1593 2986 venerabilibus
1622 2929 1846 3001 episco-

194 3016 292 3085 pis
345 3019 403 3068 et
449 3014 908 3088 archiepiscopis
980 3016 1037 3071 in
1109 3019 1250 3074 urbe
1299 3018 1628 3075 Suessionis
1692 3036 1845 3075 anno

198 3104 630 3161 Incarnationis
686 3106 999 3161 Dominicaa
1066 3108 1192 3175 853,
1256 3108 1572 3162 indictione
1633 3108 1841 3179 prima,

194 3193 403 3263 quinto
420 3193 809 3250 Kalendarum
841 3194 973 3250 Maii
1010 3196 1197 3251 fuerat
1226 3196 1534 3261 celebrata,
1552 3200 1608 3251 et
1641 3213 1673 3250 a
1704 3214 1843 3267 prae-

192 3281 499 3336 decessore
550 3288 746 3338 nostro
797 3283 975 3338 beatae
1026 3284 1320 3339 memoriae
1354 3285 1661 3340 Benedicto
1695 3300 1844 3355 papa

191 3376 281 3425 est
331 3371 695 3438 conﬁrmata,
746 3371 900 3427 sicut
949 3372 1106 3428 idem
1156 3378 1368 3429 sanctae
1424 3372 1842 3428 recordationis

187 3458 454 3530 pontifex
484 3458 643 3514 illam
674 3460 1146 3527 conﬁrmavit,ita
1175 3466 1354 3516 etnos
1376 3478 1503 3516 eam
1536 3462 1844 3517 conﬁrma-

187 3552 337 3614 tam,
389 3552 447 3602 et
496 3547 943 3620 irrefragibilem
1014 3555 1413 3621 perpetuoque
1480 3565 1839 3618 mansuram,

186 3636 513 3707 apostolica
565 3636 912 3693 auctoritate
976 3638 1374 3705 decernimus,
1427 3638 1588 3693 salvo
1640 3642 1838 3693 tamen

183 3726 469 3780 Romanae
502 3726 657 3780 sedis
689 3726 745 3780 in
780 3726 1054 3782 omnibus
1077 3729 1252 3797 jussu
1286 3732 1460 3798 atque
1485 3726 1730 3797 judicio.

181 3818 324 3869 CAP.
356 3812 483 3867 438.
502 3844 571 3852 —
594 3812 744 3881 Quod
772 3816 961 3884 priora
987 3816 1224 3870 concilia
1241 3831 1341 3886 per
1358 3817 1666 3886 posteriora
1695 3829 1843 3885 saepe

254 3886 639 4023 (ememéentur.
676 3886 1038 3956 Augustinus,
1069 3889 1144 3942 De
1172 3890 1340 3943 unico
1375 3888 1656 3958 baptismo,
1693 3886 1839 3941 lib.n

278 3971 401 4026 cap.
477 3997 515 4026 ,.

258 4042 518 4099 Concilia
543 4044 867 4115 posteriora
897 4046 1188 4116 prioribus
1219 4046 1371 4117 apud
1404 4049 1667 4117 posteros
1691 4062 1840 4117 pras-

184 4136 514 4202 ponuntur,
547 4136 604 4187 et
636 4133 974 4189 universum
1025 4135 1290 4205 partibus
1340 4151 1572 4205 semper
1619 4134 1839 4206 optimo

176 4221 318 4290 jure
349 4221 730 4292 praeponitur.
763 4224 1061 4293 Ilem.Ipsa
1082 4221 1332 4279 concilia
1362 4240 1492 4294 qua:
1525 4239 1625 4293 per
1646 4222 1843 4293 singu-

184 4307 274 4363 las
310 4309 577 4380 regiones
604 4310 692 4365 vel
726 4311 1055 4381 provincias
1088 4311 1663 4383 ﬁunt,plenariorum
1698 4328 1840 4366 con-

183 4396 457 4452 ciliorum
493 4400 851 4468 auctoritati,
881 4416 1007 4470 quae
1064 4400 1232 4465 fiunt,
1280 4416 1347 4455 ex
1402 4400 1672 4455 universo
1704 4400 1842 4454 orbe

180 4486 540 4553 Christiano,
572 4488 700 4543 sine
749 4487 885 4543 ullis
933 4489 1279 4558 ambagibus
1313 4489 1560 4555 cedunt;
1596 4489 1841 4559 ipsaque

182 4574 454 4646 plenaria
485 4593 635 4647 saepe
687 4576 879 4648 priora
910 4595 940 4631 a
970 4577 1396 4649 posterioribus
1428 4578 1838 4647 emendantur,

180 4679 319 4717 cum
354 4663 552 4735 aliquo
568 4665 968 4737 experimento
994 4682 1188 4721 rerum
1216 4668 1476 4738 aperitur
1502 4666 1655 4737 quod
1678 4665 1835 4721 clau-

182 4769 319 4807 sum
350 4757 496 4817 erat,
546 4758 602 4808 et
646 4755 1017 4825 cognoscitur
1063 4755 1220 4826 quod
1274 4754 1509 4822 latebat,
1565 4755 1691 4810 sine
1723 4754 1837 4809 ullo

181 4845 323 4913 typo
355 4842 651 4915 sacrilegae
686 4844 992 4916 superbiai.

182 4931 325 5001 Cap.
391 4933 399 4981 ε
416 4931 503 4985 39.
556 4962 625 4972 —-
676 4937 753 4987 De
801 4937 1127 4988 auctoritate
1176 4932 1453 4988 Mainardi
1508 4932 1745 5002 epz‘swpi
1789 4941 1839 4987 et

250 5003 483 5056 Joannis
555 5003 969 5075 archiepiscOpi.
1041 5005 1357 5060 Alexander
1386 5005 1438 5059 II
1480 5005 1741 5075 episcopis
1784 5013 1838 5058 et

255 5076 380 5141 regi
407 5075 819 5130 Dalmatarum.

249 5160 636 5218 Notiﬁcamus
668 5164 865 5218 omnia
897 5163 1155 5235 capitula
1186 5181 1313 5235 quae
1365 5181 1467 5235 per
1515 5167 1838 5217 contratres

178 5254 416 5305 nostros
446 5252 827 5323 venerabiles,
863 5253 1232 5309 Mainardum
1284 5253 1508 5308 scilicet
1538 5250 1836 5307 collatera-

175 5338 293 5394 lem
326 5340 667 5412 episc0pum
703 5347 995 5410 nostrum,
1029 5347 1085 5398 et
1116 5342 1427 5413 Joannem,
1456 5341 1839 5413 arcbipraesu-

176 5427 290 5484 lem
324 5434 616 5497 nostrum,
650 5430 709 5484 in
741 5430 992 5502 Spolzeto
1026 5431 1278 5504 aliisque
1328 5432 1668 5487 civitatibus
1701 5436 1839 5485 sunt

180 5520 426 5585 statuta,
478 5518 680 5573 eadem
736 5519 795 5573 in
846 5519 1112 5576 Romana
1182 5521 1404 5592 synodo
1461 5519 1724 5575 seriatim
1772 5535 1841 5574 ea

180 5608 490 5673 referente,
525 5623 558 5661 a
588 5607 769 5662 beatas
810 5610 1103 5665 memoria:
1159 5611 1584 5680 praedecessore
1634 5612 1835 5665 nostro

506 5733 768 5797 PATROL.
815 5734 1011 5797 CLXI.

1972 1917 2339 1970 responsum.
2374 1903 2664 1957 Christum
2697 1905 2853 1958 enim
2889 1923 3003 1961 non
3045 1913 3383 1979 oportuerat
3413 1914 3621 1970 iterum

1970 1989 2251 2057 cruciﬁgi,
2307 1990 2401 2059 qui
2452 2007 2687 2046 carnem
2748 1996 3043 2064 passionis
3110 2004 3382 2070 suscepta
3432 2007 3620 2059 morte

1968 2082 2222 2132 exuerat.
2279 2080 2427 2146 Quod
2477 2096 2625 2134 enim
2672 2091 2926 2138 mortuus
2992 2089 3092 2152 est,
3151 2090 3321 2142 semel
3368 2100 3619 2147 martuus

1965 2174 2082 2231 est;
2112 2167 2250 2235 quod
2281 2175 2469 2223 autem
2502 2168 2659 2235 vivit,
2694 2171 2828 2225 vivit
2846 2174 2958 2226 Deo
2989 2176 3159 2239 (Rom.
3192 2178 3290 2245 vx).
3330 2178 3623 2235 Intellein

1965 2272 2102 2327 ergo
2142 2257 2349 2311 Petrus
2397 2259 2550 2327 quod
2610 2259 2824 2314 iterum
2870 2260 3136 2317 Christus
3183 2266 3612 2335 cruciﬁgendus

1962 2349 2118 2400 esset
2148 2346 2206 2398 in
2235 2346 2486 2411 servulo,
2519 2354 2841 2418 sponteque
2862 2351 3160 2405 remeavit.
3196 2356 3611 2426 Interroganti-

1963 2434 2193 2503 busque
2222 2433 2592 2498 Christianis,
2627 2451 2975 2506 responsum
3012 2438 3611 2514 reddidil,statimque

1962 2527 2262 2593 correptus
2288 2538 2384 2591 per
2406 2539 2635 2578 crucem
2659 2540 2829 2579 suam
2859 2526 3258 2583 honoriﬁcavit
3288 2529 3608 2588 Dominum

1958 2615 2180 2666 Jesum.

1959 2724 2091 2780 CAP.
2128 2725 2249 2777 Ml.
2283 2753 2351 2764 -—
2385 2724 2446 2779 Ut
2476 2725 2601 2778 vita:
2648 2730 2880 2780 Patrum
2929 2730 3047 2782 sine
3094 2731 3474 2794 probabilibus
3506 2752 3607 2790 au-

2026 2797 2382 2873 ctoritatibus
2412 2797 2899 2873 scrz'pt.2g_mz'nime
2931 2800 3606 2873 leganturﬂesponsionis

2028 2868 2265 2941 ᾼιλνίαηί
2284 2881 2449 2937 papa?
2478 2868 2547 2921 ad
2575 2869 2901 2937 objectiones
2940 2868 3403 2941 quorumdam-ad
3434 2880 3606 2934 Caro-

2032 2936 2152 2992 lum
2182 2936 2585 3008 imperatorem,
2617 2936 2735 3008 cap.
2775 2941 2857 2996 l7.

2025 3053 2169 3108 Vitae
2188 3054 2417 3107 Prirum
2435 3052 2561 3108 sine
2576 3054 2982 3124 probabilibus
2996 3058 3337 3114 auctoribus
3363 3062 3613 3120 minime

1875 3156 1917 3225 α
1960 3141 2017 3195 in
2051 3141 2297 3195 ecclesia
2328 3141 2621 3211 leguntur.
2654 3141 2798 3196 Nam
2845 3144 2916 3197 ab
2948 3144 3285 3202 orthodoxis
3335 3148 3601 3222 titulatae,

1954 3236 2011 3285 et
2040 3230 2446 3301 suscipiuntur
2476 3235 2532 3284 et
2561 3230 2857 3302 leguntur.
2893 3233 3078 3304 Magis
3109 3236 3263 3290 enim
3299 3239 3602 3308 passiones

1954 3324 2291 3375 sanctorum
2347 3324 2670 3389 martyrum
2723 3320 2874 3375 sacri
2923 3339 3175 3379 canones
3220 3332 3481 3396 censent,
3537 3334 3603 3384 ut

1952 3407 2124 3463 liceat
2155 3422 2253 3462 eas
2285 3407 2461 3462 etiam
2501 3407 2560 3461 in
2612 3407 2860 3464 ecclesia
2888 3410 3024 3482 legi,
3076 3428 3209 3467 cum
3260 3414 3599 3471 aniversarii

1952 3496 2079 3552 dies
2109 3512 2310 3551 eorum
2344 3496 2736 3552 celebrantur.

1949 3616 2085 3670 CAP.
2123 3612 2243 3665 142.
2278 3643 2344 3651 -
2381 3610 2653 3679 Quomodo
2698 3612 2963 3681 Origenes
2991 3620 3044 3669 et
3076 3616 3180 3669 alii
3208 3618 3457 3675 ha’retici
3475 3627 3603 3677 sunt

2166 3682 2398 3753 legendi.
2433 3684 2797 3753 Hieronymus
2828 3685 2896 3740 ad
2923 3687 3386 3757 Tranquillinum.

2018 3799 2100 3853 Ex
2126 3802 2289 3870 parte
2320 3813 2424 3869 ego
2457 3797 2539 3852 sic
2571 3796 2882 3869 Origenem
2928 3806 3163 3873 propter
3212 3805 3600 3863 eruditionem

1950 3888 2244 3943 interdum
2274 3886 2587 3959 legendum
2621 3888 2895 3961 arbitror,
2945 3893 3240 3960 quomodo
3289 3894 3601 3953 Tertullia-

1951 3993 2115 4044 num,
2166 3981 2223 4032 et
2270 3976 2579 4042 Novatum,
2634 3978 2959 4033 Arnobium
3010 3983 3066 4034 et
3094 3980 3514 4052 Apollinarem,
3546 3988 3602 4040 et

1952 4064 2265 4121 nonnullos
2296 4065 2727 4121 ecclesiasticos
2759 4067 3073 4137 scriptores
3122 4072 3352 4125 Graecos
3384 4072 3600 4141 pariter

1950 4160 2009 4210 et
2038 4154 2290 4222 Latinos,
2341 4158 2404 4209 ut
2433 4155 2584 4209 bona
2632 4169 2835 4209 eorum
2868 4154 3175 4226 eligamus,
3227 4158 3599 4230 vitemusque

1950 4243 2263 4298 contraria.

1951 4359 2079 4414 CAP.
2116 4359 2237 4412 143.
2288 4388 2354 4398 -
2410 4360 2488 4411 De
2535 4358 2863 4412 auctoritate
2909 4359 3295 4415 ecclesiasticae
3348 4362 3601 4420 historia:

2112 4429 2454 4484 Cassiodorus
2486 4430 2544 4482 in
2568 4428 2794 4499 prologo
2826 4431 3127 4501 tripartit?
3156 4432 3426 4489 historiae.

1872 4527 1917 4589 Ῐ)
2018 4543 2336 4598 Historiam
2370 4542 2826 4599 ecclesiasticam
2853 4561 2981 4615 quae
3000 4564 3031 4600 a
3054 4548 3279 4603 cunctis
3312 4548 3599 4605 Christia-

1947 4633 2039 4687 nis
2066 4631 2233 4687 valde
2263 4632 2591 4688 necessaria
2621 4635 3056 4705 comprobatur,
3088 4652 3117 4689 a
3155 4636 3349 4693 tribus
3383 4637 3602 4694 Graicis

1948 4722 2284 4777 auctoribus
2320 4720 2667 4776 mirabiliter
2718 4727 2950 4777 constat
3001 4738 3132 4778 esse
3181 4727 3598 4797 conscriptam,

1949 4826 2065 4867 uno
2110 4809 2329 4866 scilicet
2394 4810 2762 4865 Theodoreto
2825 4812 3147 4866 venerabili
3199 4813 3496 4886 episcopo,
3548 4820 3605 4870 et

1947 4899 2176 4955 duobus
2223 4898 2630 4953 disertissimis
2678 4898 2815 4953 viris
2861 4903 3180 4956 Sozomeno
3236 4907 3290 4957 et
3341 4903 3600 4974 Socrate,

1948 5003 2095 5057 quos
2129 5003 2344 5057 nospcr
2363 4986 2754 5057 Epiphaniam
2782 4986 3211 5044 scholasticam
3242 4991 3440 5046 Latino
3461 5009 3600 5047 con-

1947 5076 2153 5130 dentes
2183 5074 2431 5145 eloquio,
2468 5075 2863 5130 necessarium
2897 5077 3176 5132 duximus
3207 5095 3411 5134 eorum
3438 5081 3598 5135 dicta

1946 5162 2309 5229 deﬂorata,in
2344 5164 2519 5219 unius
2544 5162 2680 5234 styli
2704 5168 2892 5220 tractu
2930 5166 3179 5221 Domino
3200 5167 3444 5237 juvante
3466 5184 3601 5238 per-

1948 5252 2178 5317 ducere,
2208 5255 2263 5306 et
2294 5252 2365 5306 de
2393 5251 2581 5307 tribus
2606 5252 2948 5309 auctoribus
2972 5272 3151 5309 unam
3180 5256 3365 5311 facere
3395 5256 3601 5311 editio-

1948 5358 2103 5398 nem.
2138 5343 2272 5396 Item
2302 5344 2475 5413 Legat
2505 5340 2836 5413 intrepidus
2886 5342 3007 5413 qui,
3053 5344 3303 5399 Domino
3339 5344 3602 5414 juvante,

1950 5432 2019 5487 ad
2039 5431 2158 5487 haec
2182 5429 2465 5503 opuscula
2484 5429 2987 5496 venerit,multum
3004 5431 3281 5486 utilitatis
3298 5436 3353 5485 et
3375 5430 3594 5485 notitiis

1952 5520 2309 5589 lucraturus,
2342 5519 2390 5572 si
2423 5535 2551 5589 quae
2586 5518 2777 5589 posita
2829 5524 2968 5572 sunt
3018 5535 3120 5589 per
3146 5519 3254 5573 hos
3287 5518 3599 5575 duodecim

1950 5608 2151 5676 libros,
2184 5607 2477 5664 memoriae
2510 5623 2630 5662 sum
2661 5605 2913 5661 sollicita
2942 5610 3135 5661 mente
3166 5606 3502 5663 crediderit.

3214 5732 3290 5792 10
