3970 6058
391 271 502 326 299
1481 269 1549 317 D.
1592 263 1834 317 IVONIS
1871 259 2372 315 CARNOTENSIS
2412 262 2727 316 EPISCOPI
3700 255 3810 312 300

390 398 520 454 CAP.
554 393 678 450 444.
712 422 780 432 -
813 391 950 460 Quot
998 390 1255 461 epistolas
1304 388 1593 456 Gregorius
1630 385 1940 461 reliquerit.
1973 384 2034 438 In
2064 387 2113 452 Α
2148 384 2327 448 terra,
2370 399 2544 456 quem
2597 384 2865 453 tradunt,
2913 383 3070 454 quod
3114 382 3292 439 etiam
3335 381 3397 437 in
3440 379 3806 454 quihusdam

477 469 597 522 Vita
628 466 774 522 beati
804 457 1052 534 Gregorii
1079 478 1255 532 papae,
1289 461 1434 515 libro
1465 463 1678 529 quarto,
1708 473 1829 528 cap.
1860 457 1951 509 71.

2192 470 2477 543 :ripturis,
2511 472 2780 544 quamvis
2813 472 3188 546 apocryphis,
3220 471 3532 544 reperitur,
3569 470 3808 542 quando

460 553 855 626 Epismawm
887 555 972 606 ἴοι
1000 550 1183 604 libros
1215 551 1274 604 in
1305 548 1521 604 δονίηίο
1554 546 1793 618 mminit
1822 545 2037 615 θνθὲο·
2146 559 2261 615 sibi
2293 560 2623 632 sepulcrum
2650 561 2834 631 jussit
2864 561 3012 629 fieri,
3075 560 3408 617 inoolumen
3441 558 3625 615 fuisse
3654 577 3805 632 pre-

391 644 690 714 rius,quot
711 657 894 696 annos
926 639 986 694 in
1020 639 1362 710 episcopatu
1384 636 1717 692 vixit.Unde
1747 633 2036 690 decimum

2192 653 2597 723 3ntem,eoque
2626 651 2838 708 eti'osso
2871 656 2926 706 et
2959 649 3420 722 diligentissime
3447 652 3802 721 praeparato,

392 734 629 790 tertium
682 730 899 785 librum
949 726 1335 799 θΡῘΒίοιθετυῐΠ
1387 725 1727 781 “motionis
1777 721 2039 810 septima
2146 737 2228 792 ibi
2259 754 2322 794 se
2349 721 2632 810 tanquam
2664 739 2723 795 in
2768 721 3430 802 leotulumicollocasse.
3477 738 3804 809 statimque

392 820 802 893 imperfectum
832 816 1379 889 reliquit,quoniam
1395 816 1466 870 ad
1487 812 1828 868 indictionis
1845 809 2040 866 termi-

395 927 537 966 num
570 926 684 965 non
719 907 1005 979 pervenit.

394 1001 527 1057 CAP.
568 999 687 1054 145,
721 1028 788 1037 -
818 998 892 1052 De
923 995 1068 1051 libro
1100 1011 1257 1065 quem
1297 995 1518 1049 Hermes
1544 990 1877 1063 scripsit.E:c
1900 987 2043 1043 libro

1051 1066 1384 1136 Ponti/ticali.

463 1159 585 1216 Sub
617 1158 699 1213 Pii
734 1173 898 1229 papae
924 1184 926 1188 τ
955 1155 1316 1226 episcopatu,
1367 1154 1608 1209 Hermes
1653 1152 1868 1207 librum
1901 1146 2044 1203 scri-

393 1249 596 1324 psit,in
629 1263 744 1318 quo
778 1246 1122 1301 mandatum
1154 1244 1488 1298 continetur
1507 1241 1660 1314 quod
1692 1241 1742 1296 ei
1776 1236 2047 1310 praecepit

393 1335 639 1409 angelus
671 1333 1063 1400 Domini,cum
1090 1334 1246 1387 venit
1277 1332 1349 1386 ad
1381 1347 1513 1386 eum
1547 1331 1607 1385 in
1632 1329 1831 1384 habitu
1857 1331 2045 1398 pasto-

393 1427 496 1492 ris,
530 1429 588 1480 et
617 1422 889 1495 praecepit
933 1422 985 1477 ei
1023 1425 1087 1476 ut
1117 1420 1333 1492 pascha
1361 1419 1593 1475 Domini
1624 1419 1717 1473 die
1747 1415 2044 1472 Dominico

395 1515 810 1572 celebraretur.

393 1605 528 1662 CAP.
563 1604 685 1659 146.
719 1631 787 1642 —-
815 1601 891 1656 De
920 1597 1302 1724 pwrzitentiabli
1331 1596 1610 1653 Theodori.
1644 1593 1792 1651 Beda
1822 1593 1889 1649 de
1911 1597 2044 1647 tem-

1106 1687 1232 1724 pori
1271 1685 1355 1724 us.

1103 1685 1355 1741 porwus.

464 1763 806 1819 Theodorus
838 1759 1405 1832 archiepiscopus,et
1436 1756 1731 1812 Adrianus
1761 1754 1944 1810 abbas
1958 1753 2047 1808 vir
2075 1747 2124 1812 B

397 1868 562 1925 eaque
592 1851 992 1918 doctissimus,
1024 1865 1058 1903 a
1091 1847 1380 1903 Vitaliano
1418 1862 1568 1918 papa
1599 1844 1765 1900 missi
1813 1843 2045 1898 Britan-

398 1938 875 2011 niam,plurimas
902 1936 1191 1993 Ecclesiae
1223 1935 1542 2006 Anglorum
1564 1933 1839 1990 doctrina:
1865 1930 2046 1986 eccle-

399 2028 648 2086 siasticas
681 2029 845 2097 fruge
895 2027 1308 2081 fecundarunt.
1362 2026 1403 2080 E
1443 2024 1659 2095 quibus
1706 2021 2046 2077 Theodorus

403 2115 1031 2190 peccantiumjudioia,
1063 2115 1300 2186 quantis
1331 2112 1554 2168 scilicet
1582 2111 1758 2167 annis
1788 2127 1889 2180 pro
1908 2125 2049 2165 uno-

396 2220 632 2277 quoque
665 2210 900 2277 peccato
948 2203 1078 2274 quis
1126 2202 1406 2274 poenitere
1453 2201 1662 2256 debeat
1704 2197 2049 2254 mirabiliter

395 2293 656 2365 scripsit.

391 2401 528 2458 CAP.
569 2400 688 2454 147.
711 2429 780 2439 -
809 2400 881 2454 De
909 2399 1296 2467 reprobatione
1323 2396 1604 2468 synodi,in
1629 2411 1740 2466 qua
1770 2396 2043 2462 imagines

457 2476 793 2537 sanctorum,
825 2477 876 2526 et
905 2473 1145 2539 picturae
1195 2472 1255 2524 in
1283 2467 1540 2524 ecclesiis
1569 2467 1847 2524 damnatae
1887 2471 2040 2521 sunt.

461 2548 568 2598 Leo
598 2558 778 2598 nonus
803 2541 1054 2596 Michaeli
1079 2539 1443 2608 patriarchae.

452 2630 865 2688 Recordamini
900 2629 1058 2686 illius
1091 2630 1358 2686 nefandae
1389 2627 1620 2700 synodi,
1643 2643 1821 2698 quam
1843 2625 2042 2682 volue-

385 2723 524 2774 runt
549 2717 745 2774 vocari
779 2717 1092 2788 septimam
1129 2715 1317 2772 nostri
1349 2713 2041 2783 haresiarchse,quorum

384 2806 820 2879 conspiratione
852 2805 1042 2876 ipsius
1073 2804 1302 2860 Domini
1335 2803 1516 2858 nostri
1549 2803 1689 2858 Jesu
1722 2801 1959 2871 Christi,
1983 2805 2041 2856 et

384 2902 720 2951 sanctorum
746 2893 1071 2948 reverendae
1101 2893 1389 2964 imagines
1413 2896 1513 2946 aut
1535 2890 1791 2946 ﬂammis
1812 2890 2040 2945 traditae

387 2986 551 3050 sunt,
580 2988 682 3038 aut
713 2982 883 3054 aquis
915 2981 1506 3051 submersaa,picturte
1535 2995 1669 3034 vero
1701 2979 1772 3033 de
1803 2977 2036 3049 parieti-

383 3074 498 3128 bus
533 3070 912 3128 basilicarum
941 3068 1162 3124 deletaa.
1203 3069 1427 3133 Quibus
1458 3067 1726 3139 quamvis
1756 3066 2038 3123 restiterit

383 3165 781 3216 Romanorum
826 3158 1169 3230 pontificum
1232 3159 1570 3226 auctoritas,
1643 3172 1756 3227 prae
1804 3155 2030 3212 cunctis

382 3255 578 3307 tamen
609 3247 969 3304 sanctissimi
1002 3263 1163 3318 papa:
1193 3244 1416 3301 Nicolai
1440 3244 1630 3300 ubivis
1660 3243 2031 3317 praedicanda

381 3337 749 3409 libertas,qui
779 3352 879 3408 per
907 3335 1130 3406 legatos
1153 3351 1293 3390 suos
1326 3338 1446 3390 tam
1470 3351 1572 3405 pro
1603 3333 1787 3390 sacris
1817 3333 2028 3405 imagi-

377 3427 577 3493 nibus,
600 3442 776 3496 quam
804 3440 907 3496 pro
929 3423 1292 3494 depositione
1325 3422 1477 3478 beati
1501 3421 1785 3479 antistitis
1817 3421 2027 3495 Ignatii

376 3520 434 3570 et
463 3513 881 3570 substitutions
912 3511 1100 3566 Photii
1153 3511 1454 3583 neophyti,
1500 3511 1754 3567 ecclesias
1805 3512 2026 3567 Sanctae

375 3603 602 3676 Sophiae
632 3602 865 3669 clausit,
923 3602 1107 3657 donec
1158 3604 1373 3658 sanctae
1425 3599 1585 3657 sedis
1631 3599 2029 3672 acquiesceret

378 3692 646 3749 decretis.

377 3784 512 3838 CAP.
545 3781 668 3838 448.
705 3811 770 3822 -
802 3785 936 3837 Item
971 3779 1035 3835 de
1065 3780 1311 3904 cadenti."
1334 3779 1484 3834 Actio
1507 3780 1542 3833 9
1573 3779 2026 3835 Chalcedonensis

1077 3867 1226 3904 conc:
1259 3867 1322 3904 ιι.

1077 3867 1322 3906 conczm.

447 3938 835 4015 Aprocrisarii
867 3957 1024 4011 papae
1055 3939 1328 3994 dixerunt
1361 3955 1373 3991 :
1409 3938 1678 4006 Synodus
1711 3955 1825 3993 non
1857 3940 2027 3996 debet

376 4032 590 4099 vocari,
624 4031 684 4086 in
715 4046 832 4102 qua
861 4032 948 4084 tot
978 4028 1231 4083 nefanda
1262 4027 1412 4082 facta
1444 4031 1602 4094 sunt,
1636 4033 1832 4098 proter
1868 4030 2024 4099 quod

373 4123 606 4179 videtur
638 4118 1002 4192 superﬂuum
1036 4121 1202 4189 gesta
1231 4117 1360 4187 ejus
1392 4114 1664 4187 relegere.
1701 4117 1758 4172 Si
1791 4117 1944 4172 enim
1968 4122 2027 4174 et

376 4211 447 4266 ab
506 4209 826 4282 apostolico
886 4224 1037 4279 papa
1095 4205 1294 4261 omnia
1349 4205 1478 4274 ejus
1537 4209 1812 4260 evacuate
1861 4211 2022 4275 sunt,

372 4299 753 4354 manifestum
786 4300 875 4351 est
906 4295 1059 4366 quod
1092 4299 1149 4348 et
1179 4293 1562 4350 beatissimus
1593 4309 1746 4364 papa
1796 4293 1852 4349 in
1885 4311 2022 4350 con-

369 4387 647 4440 munione
673 4383 972 4454 receperit,
1008 4386 1064 4436 et
1095 4383 1492 4453 principatum
1519 4381 1885 4437 Antiochense
1917 4386 2022 4438 Ec-

2149 842 2277 882 esse
2307 827 2672 884 defunctum.

2151 943 2286 998 CAP.
2327 944 2446 998 150.
2479 976 2546 984 -
2581 946 2732 1013 Quod
2772 945 2959 1015 plures
2987 951 3261 1015 martyres
3286 959 3411 998 cum
3440 959 3664 1015 corpore
3685 946 3807 1016 jam

2221 1019 2587 1071 surrexerint.
2620 1019 2704 1072 Ea:
2730 1031 2983 1072 sermone
3013 1018 3192 1071 sancti
3221 1015 3504 1072 Ambrosii
3532 1017 3591 1070 in
3623 1016 3807 1071 natali

2221 1096 2558 1158 martyrum,
2620 1091 2716 1159 qui
2761 1090 2840 1144 sic
2885 1087 3085 1160 incipit
3145 1104 3158 1144 :
3209 1109 3238 1139 «
3287 1088 3528 1157 Dignum
3563 1096 3619 1142 et
3676 1103 3806 1144 con-

2221 1173 2446 1227 gruum.
2484 1181 2510 1207 »

2225 1263 2283 1318 Si
2328 1267 2615 1336 martyres
2667 1265 2930 1320 nondum
2984 1263 3217 1320 liberati
3267 1268 3410 1321 sunt
3465 1264 3535 1319 ab
3581 1263 3813 1333 inferis,

2155 1351 2382 1408 liberati
2413 1370 2447 1408 a
2478 1353 2890 1424 peccatis.Haac
2924 1353 3083 1409 enim
3115 1353 3310 1426 prima
3329 1357 3420 1410 est
3437 1353 3812 1420 resurrectio,

2155 1446 2522 1511 peccatorum
2574 1443 2835 1500 evasisse
2885 1443 3177 1509 tenebras,
3245 1442 3437 1499 lucem
3506 1442 3810 1514 possidere

2153 1529 2426 1585 Justitiaz.
2461 1532 2622 1601 (Haec
2660 1531 2740 1587 ibi
2762 1548 2878 1586 non
2938 1533 3335 1604 reperiuntur.)
3385 1530 3806 1588 Verumtamen

2154 1619 2328 1674 etiam
2364 1619 2610 1675 fortasse
2630 1619 2872 1692 plurimi
2893 1635 2960 1676 ex
2983 1619 3202 1676 eisdem
3233 1619 3419 1676 beatis
3443 1620 3806 1692 martyribus

2154 1724 2287 1763 cum
2315 1707 2559 1764 Domino
2577 1709 3064 1764 resurrectionem
3090 1707 3471 1780 corporaliter
3489 1708 3576 1763 vel
3598 1725 3805 1765 conse-

2153 1800 2434 1868 quuntur,
2465 1795 2551 1852 vel
2585 1797 2821 1852 fuerunt
2850 1797 3167 1853 consecuti.
3199 1797 3528 1867 Nam,sicut
3548 1796 3805 1868 legimus

2157 1884 2346 1956 prima
2378 1885 2824 1941 resurrectionis
2855 1885 3187 1955 festivitate,
3221 1885 3545 1942 suscitante
3593 1901 3656 1941 se
3686 1885 3804 1942 Do-

2157 1975 2337 2044 mino,
2373 1973 2557 2030 multa
2577 1980 2919 2030 sanctorum
2938 1990 3180 2047 corpora
3211 1974 3803 2045 suscitasse,vixisse,

2157 2068 2212 2118 et
2245 2063 2517 2118 introisse
2566 2064 2625 2118 in
2659 2069 2925 2119 sanctam
2993 2063 3282 2119 civitatem
3335 2063 3536 2133 (Matth.
3605 2066 3805 2134 xxvu),

2155 2167 2260 2207 cur
2281 2168 2395 2207 non
2418 2151 2882 2225 quotiescunque
2903 2151 3349 2209 resurrectionis
3371 2153 3500 2223 ejus
3517 2152 3807 2208 festivitas

2157 2241 2501 2308 celebratur,
2538 2241 2712 2297 toties
2762 2241 3058 2297 credimus
3107 2256 3413 2314 resurgere
3460 2239 3636 2297 etiam
3669 2257 3806 2297 san-

2154 2334 2278 2386 ctos
2297 2329 2325 2384 ?
2355 2328 2459 2384 Ubi
2490 2330 2645 2385 enim
2677 2334 2944 2386 votorum
2977 2328 3134 2402 iugis
3167 2334 3256 2386 est
3285 2329 3588 2398 solenitas,
3611 2329 3805 2402 gratia

2147 2418 2309 2489 jugis
2352 2423 2442 2474 est
2488 2423 2544 2473 et
2597 2419 2909 2474 donorum.
2961 2419 3066 2474 Sed
3122 2419 3371 2475 fortasse
3423 2419 3520 2491 qui
3574 2420 3737 2474 dicat
3790 2436 3803 2474 :

2153 2507 2430 2578 Sepulcra
2460 2507 2660 2563 clausa
2691 2511 2850 2575 sunt,
2870 2511 3253 2563 monumenta
3283 2511 3620 2563 constructa
3639 2511 3801 2586 sunt,

2153 2597 2648 2667 quemadmodum
2672 2597 2806 2652 inde
2829 2597 3062 2668 prodire
3083 2596 3367 2668 poterint?
3380 2597 3452 2652 Ut
3473 2601 3798 2667 taceamus,

2151 2685 2288 2755 quia
2317 2685 2516 2741 omnia
2547 2685 2854 2758 possibilia
2902 2689 3044 2741 sunt
3072 2685 3210 2754 Deo,
3265 2690 3321 2741 et
3371 2685 3524 2758 quod
3578 2684 3801 2742 clausis

2149 2773 2359 2828 tumuli
2375 2774 2770 2845 penetralibus
2784 2773 3290 2846 possitspirituale
3304 2790 3518 2846 corpus
3543 2774 3800 2846 prodire,

2150 2865 2214 2916 ut
2244 2862 2362 2917 haec
2392 2862 2592 2918 omnia
2618 2863 3084 2934 praetermittam,
3131 2862 3377 2919 Joannis
3426 2868 3624 2918 tamen
3658 2879 3798 2934 apo-

2147 2949 2279 3006 stoli
2306 2949 3141 3024 habemusexemplum,quem
3167 2951 3435 3007 tumulus
3459 2959 3799 3022 susceptum

2147 3037 2413 3095 claudere
2442 3039 2650 3112 potuit,
2683 3040 2978 3096 custodire
3003 3057 3115 3096 non
3144 3040 3353 3112 potuit.
3387 3040 3532 3096 Nam
3566 3039 3799 3112 deposi-

2067 3110 2109 3177 C
2148 3132 2273 3183 tum
2295 3110 2506 3199 corpus
2529 3129 2925 3200 perdidit,non
2959 3110 3428 3202 assumpsitﬂoc
3452 3129 3610 3185 enim
3635 3110 3797 3185 clau-

2140 3215 2222 3270 sis
2246 3215 2460 3272 tumuli
2476 3217 2701 3273 foribus
2723 3216 2912 3289 gratia
2929 3217 3383 3274 resurrectionis
3398 3218 3664 3274 ablatum
3683 3223 3795 3283 est,

2141 3307 2206 3358 ut
2235 3309 2531 3361 constaret
2572 3305 2896 3378 sepultura,
2947 3321 3054 3362 nec
3102 3305 3468 3362 inveniretur
3496 3306 3793 3379 sepultus.

2138 3392 2400 3465 Denique
2431 3411 2566 3449 cum
2611 3396 2946 3451 sacerdotes
2995 3395 3320 3452 honorandi
3373 3412 3550 3451 causa
3579 3412 3796 3469 corpus

2135 3481 2523 3552 inquirerent,
2569 3490 2824 3540 reserato
2873 3483 3061 3553 aditu,
3109 3483 3379 3542 tumulus
3423 3501 3538 3540 non
3597 3485 3795 3557 potuit

2137 3571 2375 3626 reddere
2398 3587 2570 3642 quem
2605 3571 2884 3644 suscepit.

2134 3689 2267 3742 CAP.
2313 3687 2422 3760 ;51.
2456 3719 2524 3728 —-
2554 3689 2628 3744 De
2658 3704 2772 3743 non
2799 3689 3125 3760 recipienda
3159 3691 3292 3744 Vita
3315 3689 3520 3744 Thomas
3549 3690 3790 3760 apostoli

2205 3763 2256 3814 et
2284 3759 2543 3883 aligerum.
2593 3759 2934 3829 Augustinus
2981 3764 3168 3818 contra
3214 3762 3493 3832 Faustum,
3547 3759 3689 3818 libro
3723 3779 3790 3832 ιι,

2205 3846 2324 3883 can.
2396 3873 2409 3883 .

2204 3846 2324 3900 cap.
2355 3846 2409 3886 ι.

2203 3934 2316 4006 (67)
2351 3935 2568 4006 Legunt
2583 3935 2906 4007 scripturas
2929 3935 3294 4009 apocrypbas
3314 3935 3670 4008 (Manicbsei)
3689 3953 3791 3994 ne-

2134 4024 2254 4079 scio
2286 4023 2502 4095 quibus
2535 4025 2837 4080 sutoribus
2868 4025 3223 4097 fabularum,
3243 4026 3353 4082 sub
3384 4027 3790 4098 apostolorum

2136 4112 2369 4168 nomine
2395 4113 2813 4185 scriptas,qus3
2844 4131 3088 4169 suorum
3123 4113 3476 4188 scriptorum
3511 4116 3792 4187 tempori-

2133 4202 2243 4256 bus
2275 4203 2330 4256 in
2363 4201 2710 4258 auctoritate
2741 4208 2956 4259 sancta;
2974 4203 3244 4259 Ecclesiae
3276 4204 3456 4276 recipi
3491 4219 3788 4260 mereren-

2133 4295 2246 4360 tur,
2283 4291 2330 4346 si
2364 4290 2551 4346 sancti
2582 4291 2851 4346 homines
2882 4295 2939 4346 et
2967 4292 3114 4362 justi
3147 4297 3204 4348 et
3235 4293 3391 4349 docti
3423 4292 3522 4364 qui
3555 4296 3700 4349 tunc
3721 4293 3784 4349 in

2131 4378 2246 4434 vita
2281 4384 2465 4448 erant,
2498 4384 2555 4435 et
2601 4381 2936 4436 examinare
2980 4381 3123 4436 talia
3170 4386 3461 4454 poterant,
3512 4396 3612 4437 eos
3645 4397 3786 4438 vera

370 4472 556 4528 clesiae
596 4471 811 4527 habere
864 4470 1111 4540 dignum
1168 4469 1416 4524 duxerit.
1467 4471 1623 4526 Item.
1690 4471 2022 4542 Stephanus
2053 4469 2098 4533 B
2127 4465 2353 4524 locutos
2384 4484 2510 4524 esse
2543 4473 2960 4540 cognoscerent
2991 4470 3147 4541 (67’).
3196 4469 3279 4526 Ibi
3336 4475 3534 4526 tamen
3580 4471 3789 4542 legunt

373 4562 686 4632 episcopus
712 4559 923 4631 Ephesi
945 4557 1462 4629 dixit:lllaquaain
1486 4559 1779 4631 Ephesina
1801 4561 2022 4632 synodo
2133 4556 2461 4628 apostolum
2492 4557 2942 4623 Thomam,cum
2975 4563 3128 4614 esset
3158 4559 3215 4613 in
3255 4559 3509 4630 quodam
3544 4560 3785 4632 nuptia-

370 4651 560 4724 prima
589 4653 719 4704 acta
751 4653 910 4711 sunt,
944 4647 1109 4701 irrita
1138 4648 1306 4702 fiant.
1350 4648 1631 4702 Praeterea
1661 4665 1789 4718 quae
1819 4653 2021 4705 contra
2130 4663 2261 4700 rum
2292 4645 2551 4701 convivio
2584 4647 2946 4718 peregrinus,
2979 4651 3037 4702 et
3077 4664 3321 4719 prorsus
3349 4647 3714 4720 incognitus,
3749 4666 3785 4704 a

369 4739 672 4795 dominum
703 4734 1133 4791 Antiochenum
1173 4735 1513 4806 episcopum
1549 4736 1700 4791 facta
1731 4740 1885 4801 sunt,
1915 4753 2017 4807 pro
2129 4735 2383 4806 quodam
2416 4735 2684 4791 ministro
2717 4735 2912 4802 palma
2959 4752 3332 4807 percussum,
3384 4736 3780 4808 imprecatum

370 4845 436 4883 eo
466 4827 616 4897 quod
646 4824 939 4880 ordinatio
973 4823 1336 4892 Maximi,qui
1362 4841 1464 4894 pro
1488 4841 1553 4878 eo
1577 4825 1635 4878 in
1662 4825 2018 4882 Antiochena
2128 4823 2310 4878 fuisse
2362 4823 2585 4879 homini
2633 4823 2974 4880 continuam
3049 4841 3380 4896 saevamque
3431 4825 3779 4882 vindictam.

370 4914 628 4971 Ecclesia
658 4914 969 4985 episcopus
997 4914 1184 4966 factus
1234 4916 1343 4977 est,
1376 4929 1408 4966 a
1456 4912 1830 4969 sanctissimo
1863 4930 2015 4986 papa
2125 4911 3043 4984 Nam,dumegressusfuissetad
3069 4913 3539 4984 fontem,utinde
3559 4930 3779 4986 aquam

371 5009 578 5068 Leone,
609 5007 666 5058 et
690 5002 760 5058 ab
786 4998 1098 5057 universali
1131 5000 1352 5071 synodo
1383 5006 1614 5072 recepta
1645 5008 1804 5058 sunt.
2121 5002 2562 5057 convivantibus
2597 5001 2977 5068 ministraret;
3013 5015 3147 5056 eum
3202 5001 3289 5058 leo
3322 5002 3562 5075 rugiens
3593 5002 3777 5059 inter-

366 5111 500 5168 CAP.
533 5109 656 5164 449.
689 5135 756 5147 -ο
789 5111 866 5161 οε
894 5105 1181 5175 sepultura
1207 5107 1435 5160 Joannis
1485 5108 1862 5177 evangelista.
1896 5115 2008 5166 Au-

2192 5090 2279 5160 iit,
2314 5105 2671 5162 manumque
2701 5091 2850 5160 ejus,
2884 5107 3000 5162 qua
3031 5098 3204 5162 capul
3237 5091 3485 5162 apostoli
3519 5089 3629 5147 levi
3654 5090 3777 5148 ictu

391 5177 1325 5254 gustinus,super.loannem,partis
1339 5177 1583 5233 secundae
1599 5182 1834 5236 tractatu
1857 5182 1977 5238 124.
2120 5183 2512 5251 percusserat,
2544 5195 2577 5234 a
2607 5195 2849 5250 corpore
2879 5178 3166 5246 evulsam,
3209 5179 3537 5236 secundum
3573 5195 3776 5237 vocem

430 5270 701 5326 Creditur
728 5267 981 5322 Joannes
1018 5263 1378 5336 evangelista
1416 5264 1583 5320 vivus
1612 5267 1864 5324 dormire
1895 5269 2004 5325 sub
2118 5268 2384 5338 ejusdem
2434 5266 2685 5338 apostoli
2717 5267 2775 5322 id
2808 5267 3070 5340 optantis
3141 5273 3318 5340 atque
3367 5268 3777 5342 imprecantis,

428 5429 553 5500 (6'77),
572 5424 893 5500 Habethoc
917 5425 1378 5500 Augus_t_.contra
1405 5421 2002 5500 AdimantumA‘Mani-
2181 5428 2322 5500 (67A)
2353 5426 2610 5482 Rursum
2639 5425 2700 5482 in
2733 5441 3000 5483 sermone
3028 5426 3259 5483 Domini
3291 5424 3351 5484 in
3383 5426 3778 5500 monte,lib.i,

357 5495 906 5570 chaei’disoipulum,
949 5495 1074 5569 cap.
1110 5497 1198 5567 17,
1250 5510 1592 5569 quanquam
1638 5512 1754 5554 non
1785 5497 1998 5556 iisdem
2107 5515 2236 5572 cap.
2269 5497 2358 5555 38.

359 5567 596 5629 omnino
625 5569 838 5626 verbis.
