3978 6060
194 312 300 365 301

996 324 1311 376 DECRETI
1350 324 1539 377 PARS
1578 322 1669 375 IV.
1704 350 1769 358 —
1822 320 1917 372 DE
1957 320 2232 372 FESTIV.
2272 322 2364 375 ET
2400 324 2657 390 JEJUS.,
2698 324 2851 376 ETC.

3503 330 3609 385 302

193 438 365 494 canis
400 438 601 495 intulit
630 442 877 509 mensis,
910 444 969 498 in
1003 446 1220 517 quibus
1254 446 1661 501 discumbebat
1706 460 1842 514 apo-
1873 447 1926 509 Α
1956 444 2089 525 CAP.
2132 444 2248 525 155Ζ
2282 476 2350 525 .—
2382 446 2556 525 Quam
2597 453 2755 501 caute
2795 447 3097 525 aliquando
3142 449 3279 525 litri
3310 456 3609 525 apocryphi

193 527 411 583 stolus.
439 530 575 584 Item
620 546 737 602 cap.
775 532 807 585 4
838 534 973 604 (68).
1008 536 1169 600 Quod
1207 536 1376 590 beata
1408 535 1591 589 Maria
1624 539 1849 606 patrem

192 616 475 673 habuerit
505 635 573 674 ex
604 620 759 676 tribu
794 622 949 689 Levi,
985 625 1346 680 sacerdotem
1392 624 1709 695 quemdam
1743 639 1845 678 no-

194 706 360 761 mine
392 707 682 775 Joachim,
716 710 1064 766 canonicum
1098 729 1210 768 non
1244 717 1350 767 est.

191 795 333 850 CAP.
373 797 489 850 152.
522 828 591 870 έ-
613 799 687 852 De
717 799 856 855 libre
876 803 974 870 qui
995 806 1075 855 est
1104 802 1170 856 de
1199 804 1437 856 transitu
1461 803 1632 857 beata?
1665 802 1847 856 Marias

266 869 600 940 apocrypha.
635 869 1002 943 Hieronymus
1024 873 1093 927 ad
1128 876 1370 928 Paulam
1390 879 1441 928 et
1471 874 1843 929 Eustochium.

262 956 322 1011 Si
374 958 517 1013 forte
562 960 783 1015 venerit
822 960 966 1015 illud
1019 963 1418 1034 apocryphum
1469 963 1526 1016 in
1570 963 1845 1018 manibus

186 1046 406 1101 vestris
442 1049 514 1101 de
544 1048 800 1104 transitu
841 1049 1021 1104 beatae
1053 1050 1268 1117 Mariis,
1303 1050 1481 1106 dubia
1519 1068 1621 1122 pro
1671 1051 1844 1105 certis

190 1150 311 1188 non
329 1134 646 1206 recipiatis,
668 1138 823 1207 quod
842 1138 1009 1193 multi
1032 1139 1360 1194 Latinorum
1377 1138 1611 1210 pietatis
1626 1154 1841 1202 amore,

188 1223 390 1279 studio
416 1223 647 1295 legendi
681 1225 920 1281 charius
941 1227 1397 1298 amplectuntur,
1424 1228 1743 1297 praasertim
1776 1243 1842 1281 ex

188 1312 285 1367 his
328 1328 464 1368 cum
490 1313 634 1369 nihil
666 1313 824 1370 aliud
873 1316 1117 1387 experiri
1151 1321 1341 1389 potest
1380 1334 1483 1389 pro
1514 1320 1692 1383 certo,
1726 1314 1843 1370 nisi

184 1402 345 1469 quod
380 1401 552 1457 hodie
585 1404 758 1459 beata
786 1403 961 1477 Virgo
990 1405 1263 1478 migravit
1302 1422 1335 1460 a
1386 1420 1647 1477 corpore.
1683 1405 1836 1459 Item.

186 1488 362 1544 Multi
415 1495 751 1547 nostrorum
784 1492 1058 1549 dubitant
1096 1500 1295 1549 utrum
1330 1498 1637 1564 assumpta
1670 1492 1841 1546 fuerit

183 1578 372 1633 simul
405 1596 538 1635 cum
558 1596 823 1652 corpore,
842 1599 914 1637 an
938 1583 1151 1637 obierit
1173 1582 1375 1638 relicto
1399 1598 1659 1655 corpore.
1685 1583 1833 1646 Qua-

182 1664 322 1721 liter
352 1671 547 1722 autem
577 1667 914 1741 migraverit
944 1686 977 1725 a
1008 1686 1266 1741 corpore,
1296 1676 1396 1725 aut
1418 1688 1450 1725 a
1474 1671 1690 1743 quibus
1715 1685 1839 1740 per-

182 1756 354 1810 sonis
381 1757 825 1813 sanctissimum
848 1775 1059 1831 corpus
1081 1760 1209 1830 ejus
1240 1760 1502 1815 ablatum
1525 1760 1721 1828 fuerit,
1744 1756 1833 1813 vel

182 1844 288 1899 ubi
319 1846 772 1917 transpositum,
805 1851 1074 1904 utrumve
1113 1849 1513 1918 resurrexerit,
1547 1848 1831 1904 nescitur.

180 1935 459 2005 quamvis
490 1935 758 1991 nonnulli
789 1940 1049 1993 astruere
1077 1938 1257 1993 velint
1278 1955 1404 1993 eam
1431 1940 1553 2009 jam
1589 1936 1832 1993 resusci-

176 2027 371 2079 talam
403 2031 457 2079 et
487 2025 655 2081 beata
678 2026 805 2095 jam
838 2043 968 2082 cum
1002 2027 1235 2083 Christo
1268 2027 1711 2083 immortalitate
1733 2044 1831 2082 ve-

179 2111 335 2168 stiri.
362 2114 522 2179 Quod
555 2119 613 2170 et
638 2116 709 2171 de
734 2116 901 2172 beato
922 2116 1147 2172 Joanne
1178 2116 1536 2189 evangelista
1568 2118 1697 2187 ejus
1722 2116 1831 2171 mi-

180 2202 374 2257 nistro
403 2202 511 2272 (cui
562 2203 777 2276 virgini
808 2222 842 2260 a
889 2205 1118 2261 Christo
1167 2205 1326 2277 virgo
1358 2206 1679 2261 commissa
1722 2206 1833 2276 est)

183 2290 430 2362 plurimi
454 2298 806 2363 asseverant,
838 2294 977 2365 quia
997 2294 1055 2350 in
1079 2295 1348 2365 sepulcro
1371 2296 1499 2365 ejus
1519 2296 1607 2366 (ut
1627 2295 1832 2365 fertur)

186 2381 423 2436 nonnisi
445 2398 662 2438 manna
678 2383 994 2454 invenitur,
1010 2384 1164 2455 quod
1181 2389 1237 2439 et
1252 2386 1540 2440 scaturire
1553 2384 1830 2449 cernitur,

186 2469 605 2527 Verumtamen
637 2472 773 2543 quid
808 2473 1019 2529 horum
1051 2473 1250 2529 verius
1282 2480 1611 2542 censeatur,
1644 2474 1832 2529 ambi-

184 2574 371 2629 guum
396 2565 503 2615 est.
528 2560 737 2616 Melius
756 2565 951 2617 tamen
970 2567 1084 2618 Deo
1103 2567 1312 2633 totum,
1336 2564 1428 2618 cui
1453 2563 1597 2617 nihil
1625 2564 1834 2634 impos-

185 2647 360 2703 sibile
391 2653 500 2716 est,
535 2650 985 2718 committimus,
1014 2668 1191 2722 quam
1226 2652 1383 2707 aliud
1434 2657 1648 2708 temere
1677 2653 1832 2707 difﬁ-

185 2738 310 2793 nire
323 2737 575 2794 velimus
588 2739 934 2795 auctoritate
956 2744 1177 2809 nostra,
1195 2742 1348 2811 quod
1383 2757 1497 2795 non
1516 2742 1835 2812 probamus

185 2827 342 2881 sicut
372 2832 430 2882 et
459 2828 529 2882 de
561 2827 653 2884 his
684 2845 832 2899 quos
865 2844 1000 2884 cum
1024 2829 1300 2897 Domino,
1323 2833 1469 2885 teste
1500 2829 1833 2902 Evangelio,

185 2916 577 2973 resurrexisse
624 2917 919 2973 credimus
970 2918 1178 2987 (Matth.
1230 2920 1430 2990 xxvu).
1481 2919 1589 2974 Sed
1639 2924 1835 2973 utrum

184 3004 468 3060 redierint
499 3005 557 3060 in
588 3010 753 3062 terrae
773 3005 1091 3078 pulverem,
1126 3012 1351 3063 certum
1385 3025 1499 3062 non
1524 3007 1833 3064 habemus.

184 3093 299 3149 nisi
332 3095 487 3164 quod
518 3094 785 3166 legimus,
821 3095 961 3167 quia
990 3096 1179 3152 multa
1219 3113 1463 3168 corpora
1494 3109 1836 3153 sanctorum

2030 515 2248 655 lﬁelgendi
2267 518 2394 570 sint.
2430 519 2794 587 Ilieroaymus
2817 515 3142 590 ad'Lwtam,
3170 521 3235 577 de
3262 515 3609 583 institutione

2096 600 2187 642 1&9.

2096 600 2187 642 1&9.

2029 678 2236 730 Caveat
2292 676 2486 731 omnia
2517 676 2881 748 apocrypha:
2916 683 2973 732 et
3005 679 3054 733 si
3100 684 3335 751 quando
3368 700 3455 752 ea,
3490 703 3606 742 non

1959 764 2030 818 ad
2063 764 2405 835 dogmatum
2436 766 2760 834 veritatem,
2791 767 2891 821 sed
2918 768 2987 821 ad
3018 769 3323 839 signorum
3348 790 3609 831 reveren-

1955 852 2099 908 tiam
2131 853 2315 921 legere
2345 854 2613 912 voluerit.
2648 854 2790 909 sciat
2813 872 2926 910 non
2962 873 3163 913 eorum
3194 876 3323 916 esse
3354 879 3604 933 quorum

1955 940 2143 995 titulis
2174 946 2592 1012 praenotantur,
2626 942 2930 1015 multaque
2955 946 3011 1000 in
3041 946 3132 1001 his
3162 950 3416 1007 admista
3436 953 3603 1009 vitio-

1955 1034 2104 1093 sa,et
2116 1029 2356 1100 grandis
2370 1047 2498 1087 esse
2512 1033 2835 1103 prudentiae
2855 1050 3068 1089 aurum
3086 1036 3145 1090 in
3171 1036 3295 1093 luto
3321 1056 3599 1110 quaerere.

1953 1146 2068 1202 CAP
2103 1147 2221 1201 156.
2245 1178 2324 1226 _—
2350 1153 2430 1226 Nc
2458 1147 2673 1226 aliquis
2723 1151 2784 1205 in
2813 1152 3067 1226 alterius
3095 1156 3308 1223 famam
3355 1157 3596 1226 scriptu-

2022 1235 2143 1272 ram
2174 1218 2448 1294 vetuerat;
2477 1218 2774 1291 con/inqut,
2810 1222 2925 1276 nisi
2949 1218 3184 1294 probare
3205 1227 3356 1283 velit.
3389 1218 3593 1283 Adria-

2022 1306 2125 1344 nus
2155 1290 2224 1344 ad
2254 1290 2672 1362 Ingelrannum,
2703 1310 2822 1364 cap.
2858 1295 2944 1347 49.

2020 1378 2127 1440 Qui
2152 1379 2207 1432 in
2242 1378 2483 1433 alterius
2504 1380 2723 1435 famam
2744 1381 2803 1435 in
2830 1381 3067 1452 publico
3093 1384 3469 1456 scripturam,
3494 1390 3595 1442 aut

1948 1466 2120 1522 verba
2143 1467 2571 1523 contumeliosa
2594 1470 2960 1535 confinxerit,
2983 1475 3041 1525 et
3066 1477 3349 1544 repertus,
3375 1475 3593 1547 scripta

1948 1573 2063 1611 non
2096 1556 2451 1627 probaverit,
2478 1556 2805 1627 ﬂagellatur
2830 1574 2843 1614 :
2873 1563 2927 1614 et
2958 1558 3057 1630 qui
3082 1575 3148 1614 ea
3171 1562 3334 1631 prius
3365 1563 3595 1619 invene-

1948 1646 2042 1711 rit,
2066 1650 2321 1717 rumpat,
2356 1646 2403 1700 si
2438 1663 2552 1702 non
2584 1646 2707 1700 vult
2729 1647 2985 1703 auctoris
3004 1664 3243 1705 causam
3271 1651 3590 1710 incurrere.

1947 1762 2081 1817 CAP.
2125 1763 2245 1817 157.
2281 1792 2349 1802 --
2388 1763 2521 1817 Item
2562 1761 2627 1817 de
2664 1762 2868 1888 eod2e(i)7(i).
2904 1764 3288 1836 Capitulorum
3319 1768 3457 1825 libro
3486 1786 3590 1838 vn,

2603 1850 2724 1888 can.
2859 1873 2873 1888 .

2603 1850 2724 1905 cap.
2752 1850 2873 1889 zuu.

2014 1922 2085 1977 Hi
2118 1922 2216 1993 qui
2250 1922 2307 1977 in
2341 1921 2581 1977 alterius
2631 1921 3059 1995 blasphemiam
3091 1927 3317 1983 cantica
3348 1945 3584 2000 compo-

1942 2012 2190 2077 suerint,
2213 2010 2300 2067 vel
2332 2012 2431 2083 qui
2456 2012 2817 2067 cantaverint
2845 2030 2932 2082 ea,
2962 2018 3123 2072 extra
3139 2015 3586 2088 ordinemjudi-

1942 2104 2167 2157 centur.
2201 2100 2345 2156 Nam
2379 2100 2467 2155 lex
2497 2100 2750 2157 exsulari
2772 2102 2940 2172 jubet
2963 2119 3061 2161 eos
3101 2106 3197 2175 qui
3232 2106 3461 2163 libellos
3493 2106 3580 2163 fa-

1944 2206 2139 2246 mosos
2169 2189 2499 2261 excogitant
2529 2194 2632 2245 aut
2673 2197 3024 2261 proponunt.
3064 2194 3314 2250 Notatur
3339 2195 3584 2252 infamia

1939 2279 2298 2349 quicunque,
2333 2279 2473 2333 dum
2497 2278 3050 2351 appellatjudicem,
3080 2283 3401 2339 convitium
3425 2286 3583 2341 dixe-

1942 2368 2036 2422 rit.
2061 2367 2184 2423 Non
2211 2371 2440 2422 tantum
2473 2368 2522 2422 is
2556 2367 2656 2437 qui
2704 2368 3079 2425 maledictum
3113 2376 3214 2427 aut
3244 2373 3583 2445 convitium,

1944 2455 2171 2526 dixerit,
2206 2456 2469 2511 famosus
2501 2456 2774 2527 efficitur,
2806 2459 2906 2513 sed
2940 2463 2994 2513 et
3026 2459 3075 2514 is
3126 2462 3297 2531 cujus
3341 2462 3587 2520 consilio

1944 2547 2164 2602 factum
2195 2562 2324 2602 esse
2355 2546 2633 2618 patuerit.

1944 2663 2077 2718 CAP.
2118 2664 2239 2736 158.
2274 2693 2341 2703 -—
2373 2664 2446 2736 De
2467 2663 3006 2719 anathematiz-andis
3034 2665 3112 2719 eis
3141 2668 3240 2736 qui
3279 2667 3449 2723 libros
3491 2684 3590 2723 ca-

2106 2734 2329 2789 tholicos
2356 2735 2716 2803 falsat'erunt.
2751 2736 2902 2791 Actio
2938 2737 3001 2790 13
3030 2734 3203 2794 sext}?
3229 2738 3444 2809 synodi.

2016 2822 2542 2894 Praecipimusillos
2570 2823 2669 2895 qui
2690 2823 3052 2879 falsaverunt
3073 2824 3253 2882 libros
3276 2827 3591 2884 catholicos

1947 2910 2306 2967 anathemati
2322 2910 2533 2980 subjici
2548 2914 2753 2966 etcum
2772 2912 3057 2970 haereticis
3074 2914 3590 2972 anathematizari:

1947 3002 2003 3054 et
2033 3014 2362 3054 sermonem
2383 2998 2482 3069 qui
2502 2997 2719 3053 dicitur
2737 2998 2794 3054 in
2814 3016 2903 3056 me
2935 3001 3006 3056 ad
3024 3001 3089 3055 Vi
3102 3002 3334 3075 gilium,
3352 3008 3410 3060 et
3430 3004 3595 3061 libel-

1946 3088 2030 3144 los
2063 3087 2164 3158 qui
2196 3088 2475 3143 dicuntur
2504 3086 2699 3159 Vigilii
2732 3089 2805 3144 ad
2830 3089 3233 3147 Justinianum
3255 3097 3312 3148 et
3332 3092 3593 3149 Theodo-

183 3182 287 3254 qui
307 3183 668 3239 dormierant
689 3190 1091 3253 surrexerunt,
1107 3191 1164 3241 et
1182 3192 1467 3242 venerunt
1486 3186 1544 3241 in
1569 3193 1829 3241 sanctam

1970 3192 2093 3245 *am,
2125 3180 2189 3231 ut
2218 3176 2607 3232 hereticorum
2641 3178 3085 3236 adinventiones
3115 3181 3444 3252 abjicimus.

184 3273 478 3327 civitatem
510 3272 899 3340 Hierusalem,
950 3280 1005 3331 et
1052 3280 1448 3347 apparuerunt
1481 3276 1703 3330 multis.
1756 3276 1835 3330 De

184 3362 405 3432 quibus
420 3362 676 3433 profecto
693 3362 960 3417 nonnulli
979 3364 1285 3420 doctorum
1301 3369 1615 3419 senserunt
1636 3365 1835 3434 etiam,

182 3451 317 3507 etin
343 3452 469 3505 suis
494 3450 862 3523 reliquerunt
882 3452 1142 3523 scriptis,
1174 3453 1466 3523 quodjam
1487 3453 1544 3506 in
1569 3452 1686 3507 illis
1710 3470 1837 3524 per-

182 3544 363 3611 petua
376 3539 453 3595 sit
484 3540 776 3612 completa
801 3541 1175 3597 resurrectio.
1202 3542 1647 3597 Fateaturcnim
1676 3543 1833 3613 quod

182 3628 304 3684 veri
356 3628 572 3683 Christi
598 3632 779 3684 testes
828 3646 943 3685 non
987 3635 1207 3700 essent,
1249 3630 1362 3685 nisi
1404 3634 1461 3685 et
1506 3648 1641 3687 vera
1681 3634 1839 3686 esset

188 3735 399 3774 eorum
433 3718 803 3774 resurrectio.

195 3806 331 3862 CAP.
366 3806 488 3861 153.
524 3805 675 3872 Quod
722 3805 959 3878 βρέτεορὶ
1002 3808 1297 3877 prohibere
1344 3808 1558 3876 debent,
1592 3824 1660 3863 ne
1707 3809 1843 3864 libri

266 3879 572 3951 apocryphi
611 3878 696 3932 vel
730 3879 789 3933 in
834 3880 1056 3949 publico
1096 3879 1181 3935 vel
1211 3882 1268 3935 in
1306 3884 1525 3950 privato
1564 3881 1836 3951 legantur.

266 3954 370 4006 Leo
406 3950 625 4005 Turibio
654 3951 919 4020 episcopo.

264 4038 603 4096 Curandum
626 4043 716 4093 est
743 4042 801 4094 et
820 4040 1169 4095 sacerdotali
1198 4039 1502 4111 diligentia
1534 4040 1840 4111 providen-

192 4128 359 4194 dum,
392 4131 458 4180 ut
487 4125 727 4182 falsatos
759 4126 1011 4193 codices,
1045 4131 1101 4182 et
1131 4145 1164 4183 a
1193 4144 1329 4183 vera
1356 4135 1412 4183 et
1442 4128 1671 4184 sincera
1700 4130 1841 4184 veri-

193 4221 313 4272 tate
352 4216 652 4272 discordes
692 4216 751 4270 in
800 4215 961 4271 nullo
1010 4233 1124 4271 usu
1170 4216 1439 4273 lectionis
1486 4216 1836 4272 habeantur.

193 4304 556 4377 Apocryphzs
585 4308 778 4360 autem
820 4304 1145 4376 scriptura,
1177 4320 1306 4376 quae
1337 4306 1448 4360 sub
1494 4305 1837 4361 nominibus

192 4393 618 4465 apostolorum,
635 4392 957 4449 multarum
977 4394 1195 4450 habent
1207 4394 1591 4449 seminarium
1621 4394 1837 4450 falsita-

191 4491 344 4552 tum,
378 4500 492 4538 non
517 4481 709 4538 solum
737 4482 1152 4539 interdicendaa
1176 4486 1334 4548 sunt,
1362 4482 1463 4538 sed
1489 4483 1664 4538 etiam
1681 4484 1840 4554 peni-

192 4574 291 4624 tus
349 4568 698 4637 auferendm,
728 4572 784 4623 et
812 4569 1051 4639 ignibus
1082 4569 1548 4626 concremanda.
1590 4571 1745 4636 Item,
1776 4570 1835 4626 Si

193 4657 326 4727 quis
348 4656 757 4729 episcoporum
786 4658 1115 4729 apocrypha
1140 4657 1341 4713 haberi
1375 4658 1695 4728 perdomos
1722 4675 1836 4713 non

195 4745 580 4817 prohibuerit,
605 4745 694 4800 vel
730 4746 839 4801 sub
889 4745 1307 4801 canonicorum
1341 4747 1577 4802 nomine
1608 4764 1707 4803 eos
1737 4765 1836 4803 co-

193 4835 355 4890 dices
402 4833 461 4888 in
498 4833 742 4889 ecclesia
792 4834 1124 4904 permiserit
1169 4834 1308 4906 legi,
1346 4835 1445 4906 qui
1490 4834 1837 4891 Priscilliani

193 4923 527 4979 adulterina
558 4927 697 4979 sunt
727 4923 1137 4978 emendatione
1180 4923 1459 4993 corrupti,
1495 4923 1834 4980 hsereticum

194 5030 257 5071 se
288 5012 937 5082 noveritjudicandum,
966 5011 1240 5083 quoniam
1265 5012 1365 5083 qui
1393 5011 1537 5068 alios
1559 5013 1630 5068 ab
1645 5028 1837 5070 errore

194 5120 309 5159 non
344 5106 591 5167 revocat,
625 5101 886 5173 seipsum
910 5118 1104 5156 errare
1132 5102 1511 5157 demonstrat.

192 5196 305 5247 CAP
336 5191 459 5247 454.
491 5220 560 5231 —-
589 5190 745 5261 Quod
788 5191 1311 5246 excommunicandi
1353 5194 1482 5245 sunt
1526 5194 1624 5262 qui
1672 5192 1838 5247 libros

260 5265 511 5335 famosos
546 5264 753 5331 tegunt.
788 5264 870 5316 Ex
898 5263 1133 5332 epistola
1155 5264 1400 5318 Adriani
1431 5278 1599 5335 papae
1630 5263 1836 5320 tradita

261 5335 629 5407 lngetranno,
660 5350 778 5405 cap.
812 5335 882 5387 62
903 5336 1080 5400 (conc.
1114 5335 1315 5390 Eliber.
1339 5352 1453 5407 cap.
1490 5338 1601 5405 5‘3).

261 5425 338 5494 (5,
373 5440 426 5493 q.
460 5424 511 5492 1,
544 5439 662 5494 cap.
695 5422 756 5477 Si
779 5423 879 5493 qui
916 5424 1172 5491 inventi.)
1206 5424 1264 5479 Si
1299 5424 1397 5495 qui
1454 5425 1671 5480 inventi
1705 5425 1833 5482 fue-

195 5514 306 5569 rint
334 5512 519 5567 libros
552 5512 807 5568 famosos
840 5512 1053 5585 legere,
1085 5516 1680 5571 excommunicentur.

1949 3292 2090 3367 CAP._
2112 3292 2236 3346 l59.
2270 3322 2337 3332 -—
2368 3292 2441 3345 De
2481 3291 2800 3367 damnando
2828 3295 3063 3349 concilio
3094 3297 3237 3367 quod
3275 3298 3487 3365 factum
3516 3306 3600 3353 est

2020 3363 2282 3440 adversus
2311 3364 2819 3440 sacras_i_magines.
2855 3366 3007 3422 Actio
3028 3368 3072 3440 2_
3091 3363 3347 3435 septimae
3373 3369 3593 3440 synodi.

2020 3434 2295 3489 Adrianus
2323 3452 2469 3505 papa
2505 3435 2763 3491 Tharasio
2789 3434 3163 3508 patriarchae.

2023 3522 2311 3577 Sanctitas
2332 3526 2523 3578 vestra
2544 3523 2657 3594 piis
2689 3528 2746 3579 et
2774 3525 3315 3605 triumphatoribus
3349 3528 3600 3600 impera-

1950 3611 2174 3667 toribus
2206 3616 2499 3683 suggerat,
2534 3617 2829 3682 quatenus
2863 3614 3077 3671 falsum
3103 3617 3417 3672 concilium
3451 3617 3597 3673 illud

1950 3702 2103 3772 quod
2125 3701 2339 3755 factum
2360 3703 2445 3754 est
2469 3700 2595 3756 sine
2614 3702 2938 3773 apostolica
2958 3705 3093 3760 sede
3109 3705 3595 3779 inordinabiliter,

1949 3794 2151 3846 contra
2163 3788 2643 3845 constitutionem
2666 3792 3085 3848 venerabilium
3101 3797 3365 3865 Patrum,
3390 3796 3595 3852 adver-

1949 3897 2052 3935 sus
2066 3896 2262 3935 sacras
2285 3878 2592 3951 imagines,
2612 3880 3140 3938 anathematizetur
3152 3900 3346 3940 coram
3370 3885 3598 3956 apocri-

1950 3968 2143 4024 siariis
2167 3967 2406 4024 nostris.

1948 4088 2080 4140 CAP.
2114 4084 2236 4139 460.
2270 4114 2338 4158 —_—
2373 4086 2441 4158 Ut
2465 4086 2753 4155 episcopus
2779 4086 3073 4158 gentilium
3101 4087 3270 4141 libros
3299 4103 3405 4141 non
3431 4089 3594 4158 legat.

2180 4158 2262 4210 Ea:
2293 4156 2717 4224 Carthaginemi
2744 4156 2982 4211 concilio
3013 4174 3091 4222 xv,
3123 4174 3241 4228 cap.
3281 4158 3366 4212 16.

2020 4246 2179 4315 (Dist.
2220 4245 2309 4311 37,
2333 4260 2453 4314 cap.
2510 4244 2842 4315 Episcopus.)
2905 4244 3232 4317 Episcopus
3285 4246 3598 4317 gentilium

1950 4332 2131 4389 libros
2145 4349 2258 4388 non
2275 4332 2458 4404 legat;
2480 4332 2883 4389 haereticorum
2898 4338 3095 4390 autem
3115 4351 3219 4407 pro
3242 4336 3601 4393 necessitate

1952 4426 2008 4477 et
2037 4426 2320 4492 tempore.

1868 4548 1916 4609 ι)
1948 4537 2080 4591 CAP.
2116 4536 2237 4590 164.
2272 4565 2339 4575 ——
2369 4536 2520 4609 Item,
2553 4534 2623 4609 de
2648 4538 2855 4593 eodem.
2910 4539 3229 4609 Gregorius,
3268 4540 3367 4594 tib.
3406 4557 3463 4595 1x
3511 4557 3598 4597 re-

2015 4609 2204 4681 gistri,
2236 4609 2397 4678 epist.
2424 4608 2512 4672 48,
2544 4607 2624 4663 ad
2652 4609 3004 4665 Desiderium
3019 4607 3345 4683 episcopum
3379 4611 3594 4668 Galliae.

2021 4715 2175 4784 (Dist.
2207 4713 2296 4782 86,
2328 4714 2388 4769 ο.
2429 4728 2555 4767 cum
2603 4713 2823 4785 multa.)
2857 4713 3123 4771 Pervenit
3153 4718 3226 4772 ad
3279 4734 3410 4785 nos,
3442 4719 3595 4789 quod
3622 4784 3625 4791 _

1948 4802 2073 4859 sine
2100 4801 2450 4859 verecundia
2481 4817 2806 4856 memorare
2824 4818 2939 4857 non
2968 4820 3307 4876 possumus,
3332 4806 3596 4861 fraterni-

1947 4896 2123 4948 tatem
2166 4896 2328 4947 tuam
2378 4890 2833 4961 grammaticam
2883 4892 3243 4962 quibusdam
3285 4911 3595 4965 exponere.

2017 4980 2202 5043 Quam
2224 4996 2346 5035 rem
2369 4979 2450 5034 ita
2476 4979 2737 5035 modeste
2772 4980 3162 5051 suscepimus,
3194 4999 3260 5038 ac
3275 5000 3484 5039 sumus
3506 5001 3600 5039 ve-

1947 5068 2279 5124 hementius
2302 5068 2701 5139 aspernati,ut
2721 5084 2789 5123 ea
2819 5083 2946 5138 quaa
2974 5070 3137 5141 prius
3163 5070 3319 5127 dicta
3346 5074 3599 5141 fuerant,

1944 5157 2005 5212 in
2023 5158 2307 5229 gemitum
2332 5162 2390 5211 et
2419 5157 2721 5211 tristitiam
2742 5161 3123 5227 verteremus,
3158 5162 3297 5230 quia
3318 5161 3455 5217 sein
3481 5178 3601 5217 uno

1946 5264 2043 5302 ore
2074 5263 2203 5301 cum
2227 5244 2382 5300 lovis
2406 5244 2679 5300 laudibus
2709 5244 2915 5300 laudes
2941 5247 3155 5303 Christi
3181 5266 3295 5303 non
3330 5250 3600 5319 capiunt.

1944 5337 2011 5390 Et
2040 5351 2217 5407 quam
2249 5350 2422 5405 grave
2446 5333 2882 5404 nefandumque
2907 5335 2984 5389 sit
3014 5336 3357 5408 episcopum
3382 5351 3595 5391 canere

1947 5426 2100 5497 quod
2131 5423 2398 5480 neclaico
2423 5423 2693 5494 religioso
2725 5425 3048 5492 conveniat,
3080 5426 3204 5497 ipse
3255 5424 3589 5481 considera.

1945 5514 2079 5571 CAP.
2114 5515 2234 5571 162.
2266 5544 2336 5554 —-
2363 5514 2525 5581 Quod
2568 5519 2816 5568 auctores
2842 5515 3055 5584 pueris,
3086 5529 3196 5568 non
3246 5513 3600 5585 presbyteri:

264 5639 373 5713 (68)
410 5639 475 5695 Id
506 5638 755 5697 habetur
784 5655 836 5698 ο.
867 5639 939 5697 23
967 5638 1071 5697 lib.
1105 5644 1309 5700 contra
1347 5641 1629 5699 Faustum
1662 5639 2073 5697 Manichaeum.
