3960 6072
358 302 464 355 303

1430 299 1498 348 D.
1539 294 1779 348 IVONIS
1815 294 2312 348 CARNOTENSIS
2349 299 2668 352 EPISCOPI

3657 294 3770 349 304

417 427 546 482 sunt
574 421 1195 494 legendi._Hie_ronymus
1220 420 1471 474 Damaso.
1500 419 1569 474 De
1595 417 1818 490 prodigo
1842 409 1986 487 ﬁlio.
2017 421 2072 488 Α
2103 419 2277 489 saria,
2296 420 2475 489 utilis,
2493 423 2810 479 manifesta
2827 437 3062 494 quoque
3079 437 3150 477 ne
3171 420 3396 493 aliquid
3430 436 3535 494 per
3556 422 3771 480 obscu-

421 507 565 554 tomo
597 491 695 564 III,
729 492 890 564 epist.
919 491 1040 546 146.

420 586 580 659 (Dist.
613 585 703 652 3",
726 599 843 653 cap.
877 579 1240 651 Sacerdotes.)
1261 579 1602 634 Sacerdotes
1625 577 1744 642 Dei,
1767 577 2001 634 omissis

355 673 686 747 Evangeliis
718 676 773 728 et
807 669 1125 742 prophetis,
1148 668 1418 724 videmus
1439 668 1757 722 comoedias
1788 666 1999 737 legere,

352 765 636 822 amatoria
651 761 984 818 bucolicoru
996 775 1049 813 m
1065 774 1340 812 versuum
1356 759 1531 812 verba
1543 763 2003 825 cantare,tenere

355 853 661 926 Virgilium
689 851 748 906 in
770 848 1065 914 manibus,
1098 851 1154 902 et
1185 847 1241 901 id
1269 847 1424 917 quod
1448 845 1507 900 in
1532 845 1728 916 pueris
1746 844 1999 901 necessi-

357 944 494 1000 tatis
526 947 634 1012 est,
667 939 888 996 crimen
922 939 982 993 in
1015 952 1076 992 se
1111 937 1298 992 facere
1329 935 1671 1006 voluptatis.

353 1034 488 1088 CAP.
519 1030 639 1084 163.
678 1058 743 1068 -
773 1029 909 1082 Item
940 1025 1003 1081 de
1050 1025 1253 1080 eodem.
1287 1025 1655 1094 Hieronymus
1686 1021 1762 1078 ad
1809 1023 2002 1078 Eusto-

852 1098 1042 1152 chium
1066 1102 1141 1152 De
1165 1097 1504 1166 virginitate.

421 1188 563 1253 Quis
620 1202 949 1243 consensus
980 1184 1199 1241 Christi
1259 1201 1394 1239 cum
1431 1182 1657 1239 Belial?
1688 1182 1833 1247 Quid
1870 1181 2006 1236 facit

349 1293 483 1334 cum
507 1275 786 1348 psalterio
810 1273 1083 1330 Horatius
1104 1273 1131 1326 ?
1150 1273 1294 1328 Cum
1311 1272 1621 1341 Evangelio
1642 1275 1798 1327 Maro
1820 1270 2002 1324 ‘tCum

347 1364 622 1439 Apostolo
649 1364 851 1419 Cicero
875 1362 902 1416 ?

349 1459 480 1510 CAP.
520 1453 641 1508 164.
668 1481 736 1491 -
767 1453 840 1506 De
870 1449 1075 1505 eodem.
1111 1450 1372 1504 Rabanus
1403 1450 1475 1503 De
1518 1449 1794 1518 pressaris
1835 1449 2003 1504 eccle-

816 1520 1087 1589 siasticis,
1109 1529 1265 1590 parte
1284 1520 1542 1576 secunda.

423 1615 584 1684 (Dist.
620 1613 710 1680 37,
741 1627 862 1682 cap.
896 1611 1196 1680 Legimus.)
1233 1609 1503 1680 Legimus
1559 1608 1630 1662 de
1662 1608 1831 1663 beato
1868 1605 2000 1662 Hie-

354 1697 617 1774 ronymo,
646 1700 926 1772 quoniam
959 1714 1094 1753 cum
1120 1698 1336 1752 librum
1356 1697 1571 1768 legeret
1591 1696 1906 1766 Ciceronis,
1931 1696 2004 1750 ab

2110 511 2344 568 ritatem
2377 512 2435 568 in
2468 515 2739 571 cautione
2769 513 3086 581 contineat,
3123 512 3290 570 nullo
3321 513 3553 585 privato
3599 531 3767 572 com-

2109 601 2304 667 modo,
2353 602 2454 657 sed
2512 620 2616 674 pro
2678 602 2976 659 communi
3035 602 3252 658 civium
3313 601 3570 658 utilitate
3623 620 3770 661 con-

2109 689 2350 760 scripta.

2110 777 2244 832 CAP.
2279 780 2402 834 469.
2437 813 2503 822 --
2535 781 2696 852 Quod
2725 783 2872 850 leges
2903 780 3236 852 temporales
3263 785 3572 853 postquam
3595 781 3762 837 insti-

2181 854 2317 907 tutw
2333 857 2480 978 aut,
2511 853 2800 911 servanda
2818 855 2950 908 sint.
2976 855 3202 924 August.
3223 853 3294 909 De
3318 852 3448 908 vera
3467 852 3770 924 religione,

2179 938 2304 992 cap.
2415 968 2427 979 .

2183 1012 2334 1078 (Dist.
2370 1014 2489 1082 4,0.
2526 1015 2582 1069 In
2607 1014 2777 1085 istis.)
2810 1015 2871 1069 In
2891 1013 3022 1069 istis
3053 1011 3479 1084 temporalibus
3501 1012 3762 1085 legibus,

2112 1115 2451 1172 quanquam
2477 1103 2546 1157 de
2571 1102 2664 1158 his
2687 1102 2957 1158 homines
2977 1103 3270 1173 judicent,
3305 1118 3438 1157 cum
3471 1119 3570 1158 eas
3591 1102 3766 1158 insti-

2109 1193 2302 1257 tuunt,
2327 1194 2521 1246 tamen
2556 1207 2690 1247 cum
2719 1191 2936 1247 fuerint
2967 1191 3248 1247 institute
3273 1195 3330 1246 et
3351 1191 3616 1258 firmatas,
3643 1208 3764 1247 non

2112 1276 2508 1348 licebitjudici
2531 1281 2602 1335 de
2622 1280 3070 1352 ipsisjudicare,
3099 1280 3200 1336 sed
3225 1280 3554 1336 secundum
3579 1280 3769 1353 ipsas.

2112 1389 2242 1440 CAP.
2279 1387 2401 1441 170.
2434 1419 2499 1428 —
2530 1389 2602 1442 De
2633 1388 2773 1443 libro
2816 1389 3265 1443 eonstitutionum
3318 1386 3622 1444 Theodosii.
3655 1389 3768 1444 lsi-

2342 1458 2526 1526 dorus,
2557 1460 3032 1529 Elymologiarum
3063 1459 3205 1515 libro
3225 1476 3281 1525 v,
3313 1475 3434 1531 cap.
3466 1460 3516 1514 1.

2184 1547 2342 1616 (Dist.
2369 1548 2481 1615 7,c.
2505 1552 2756 1604 Fuerunt
2786 1552 2974 1604 autem
3003 1548 3107 1620 hi.)
3137 1548 3511 1604 Theodosius
3565 1547 3765 1604 minor

2113 1637 2416 1704 Augustus
2437 1635 2507 1690 ad
2530 1634 2980 1690 similitudinem
3002 1633 3343 1706 Gregoriani
3365 1639 3422 1690 et
3443 1634 3768 1706 Hermoge-

2115 1722 2569 1791 niani,codicem
2587 1724 2806 1779 factum
2841 1723 3308 1792 institutionum,
3332 1739 3364 1778 a
3387 1723 3766 1779 Constantini

355 1792 564 1864 “gelo
587 1795 676 1884 fast
706 1793 1034 1884 θοῖθθὲίξην
1059 1803 1124 1842 eo
1152 1787 1307 1884 de
1333 1785 1701 1841 Chﬁmianus
1721 1785 1810 1840 Vir
1832 1800 1996 1857 9⁸8⁸·
2034 1790 2081 1855 Β
2110 1785 2472 1882 temporibus
2487 1815 2596 1866 sub
2623 1811 2856 1884 proprio
2881 1813 3170 1884 cujusque
3190 1785 3562 1884 imperatoris
3586 1811 3767 1867 titulo

354 1895 565 1935 norum
589 1875 1251 1948 intenderetfigmentis.

353 1989 484 2041 CAP.
506 1986 704 2040 165.—-
726 1986 798 2038 De
813 1983 1018 2038 eodem.
1039 1985 1101 2037 In
1129 1983 1246 2037 Vita
1265 1982 1538 2052 Gregorii,
1563 1982 1660 2036 lib.
1676 1998 1760 2050 ιιι,
1776 1981 1999 2052 εαρ.34.

422 2075 638 2129 Omnes
655 2071 894 2128 omnino
919 2071 1224 2142 pontiﬁces
1241 2070 1528 2126 electione
1553 2070 1836 2126 librorum
1861 2084 1999 2140 gen-

352 2161 548 2216 tilium
578 2159 898 2232 Gregorius
927 2159 1253 2214 inhibebat.

353 2277 489 2334 CAP.
525 2277 651 2332 166.
680 2307 747 2318 —
774 2278 914 2332 Item
945 2275 1012 2329 de
1058 2274 1274 2330 Eodem.
1319 2275 1470 2329 Hier.
1505 2273 1677 2345 Super
1712 2273 2002 2345 epistolam

683 2346 752 2403 ad
782 2347 1060 2418 Ephesios,
1092 2346 1190 2402 lib.
1227 2363 1310 2416 ιιι,
1344 2345 1406 2400 in
1435 2362 1554 2417 cap.
1586 2361 1663 2400 vr.

419 2456 577 2524 (Dist.
611 2455 702 2518 37,
732 2470 780 2509 c.
831 2457 1036 2523 Legant
1084 2454 1276 2524 episc.)
1328 2453 1586 2516 Erluca—te,
1633 2455 1718 2507 ait
1756 2454 2000 2523 Aposto-

352 2545 470 2609 lus,
506 2543 656 2598 ﬁlios
688 2543 1075 2614 indisciptina
1103 2551 1153 2596 et
1176 2543 1507 2596 correctione
1540 2542 1765 2597 Domini
1783 2541 1998 2612 (Ephes.

349 2633 451 2704 vx.)
485 2633 703 2704 Legant
731 2630 990 2703 episcopi
1009 2635 1180 2702 atque
1201 2630 1661 2702 presbyteri,qui
1685 2629 1838 2685 filios
1861 2647 1999 2687 suos

351 2719 736 2777 saecularibus
767 2719 980 2774 litteris
1015 2719 1292 2773 erudiunt
1323 2724 1378 2772 et
1431 2718 1650 2774 faciunt
1682 2719 1998 2774 comoedias

348 2809 560 2880 legere,
587 2813 643 2863 et
660 2807 974 2862 mimorum
996 2807 1192 2878 turpia
1209 2807 1427 2878 scripta
1453 2812 1710 2874 cantare,
1735 2808 1805 2862 de
1822 2808 1998 2862 eccle-

351 2895 609 2952 siasticis
631 2896 778 2950 forte
801 2895 1136 2966 sumptibus
1159 2895 1442 2960 eruditos,
1462 2900 1518 2950 et
1540 2896 1692 2966 quod
1719 2895 1777 2950 in
1793 2896 1997 2950 corbo-

348 3000 485 3040 nam
514 3000 615 3054 pro
644 2989 875 3054 peccato
898 2983 1060 3054 virgo
1083 2982 1166 3036 vel
1184 2983 1377 3053 vidua,
1401 2984 1484 3038 vel
1510 2983 1757 3054 quilibet
1782 3000 1998 3054 pauper

347 3077 531 3128 totam
546 3071 948 3126 substantiam
968 3088 1134 3126 suam
1155 3071 1462 3128 effundens
1485 3071 1796 3137 obtulerat,
1814 3072 1918 3128 hoc
1934 3073 1990 3127 in

348 3160 742 3217 Kalendarum
767 3164 1043 3226 strenam,
1068 3163 1122 3214 et
1147 3159 1547 3215 Saturnalium
1580 3159 1905 3230 sportulam
1938 3166 1994 3216 et
2023 3154 2066 3220 C

348 3248 666 3306 Minervale
715 3265 930 3304 munus
990 3248 1412 3320 grammaticus
1447 3252 1502 3303 et
1556 3252 1770 3316 orator,
1808 3253 1909 3305 aut
1939 3251 1996 3306 in

351 3344 628 3410 sumptus
678 3336 1053 3405 domesticos,
1087 3340 1189 3392 aut
1220 3338 1280 3393 in
1331 3336 1532 3409 templi
1569 3337 1773 3410 stipes,
1807 3341 1909 3394 aut
1938 3338 1998 3394 in

352 3427 593 3483 sordida
633 3431 828 3482 scorta
860 3425 1164 3481 convertit.

355 3519 486 3571 CAP.
525 3516 645 3586 167.
691 3546 762 3555 —
822 3516 1001 3582 Quare
1057 3514 1361 3570 Christiani
1412 3516 1676 3586 ﬁgmenta
1709 3523 2000 3586 poetarum

421 3585 822 3711 prohibeaqgur
851 3588 1052 3656 tegere.
1083 3586 1352 3651 Isidorus,
1391 3585 1806 3644 Sententiarum
1855 3587 1997 3643 libro

427 3674 516 3712 ιιι.
547 3672 666 3712 can.
776 3700 787 3712 .

501 3697 516 3726 ,
547 3675 666 3728 cap.
706 3675 787 3712 ιδ.

422 3743 578 3815 (Dist.
635 3745 724 3814 37,
774 3762 821 3800 c.
868 3744 990 3800 Ideo
1053 3745 1421 3817 prohibetur.)
1469 3747 1598 3801 ldeo
1654 3746 1999 3818 prohibetur

349 3832 720 3888 Christianus
771 3832 961 3904 legere
1031 3835 1312 3904 ﬁgmenta
1361 3839 1691 3904 poetarum,
1725 3835 1865 3904 quia
1896 3851 1999 3906 per

345 3921 772 3977 oblectamenta
806 3921 1072 3976 inanium
1101 3923 1430 3976 fabularum
1465 3928 1719 3978 mentem
1749 3923 1997 3978 incitant

340 4011 412 4066 ad
432 4010 724 4067 incentiva
746 4009 1088 4065 libidinum.
1117 4008 1244 4063 Non
1266 4009 1422 4064 enim
1444 4009 1632 4065 solum
1658 4013 1830 4066 thura
1852 4011 1992 4066 olfe-

339 4102 520 4155 rendo
539 4100 908 4154 daemonibus
928 4099 1294 4166 immolatur,
1311 4099 1407 4152 sed
1426 4099 1600 4153 etiam
1616 4116 1813 4154 eorum
1839 4101 1994 4156 dicta

338 4189 620 4245 libentius
652 4189 963 4244 audiendo.
1001 4189 1150 4243 Item.
1186 4187 1430 4242 Cavendi
1466 4192 1605 4242 sunt
1635 4187 1764 4242 libri
1800 4189 1992 4261 genti-

342 4278 510 4344 lium,
545 4283 607 4332 et
636 4283 874 4348 propter
905 4292 1161 4331 amorem
1197 4293 1503 4331 sacrarum
1555 4276 1991 4346 Scripturarum

336 4365 584 4419 vitandi.
605 4364 1305 4435 Simplicioribuslitteris
1326 4382 1439 4420 non
1461 4368 1989 4437 estprinponendus

336 4469 551 4507 succus
583 4452 981 4523 grammaticae
1015 4454 1180 4507 artis.
1214 4453 1480 4509 Meliores
1500 4454 1655 4510 enim
1679 4461 1818 4511 sunt
1838 4473 1991 4512 com-

335 4556 546 4595 munes
578 4540 811 4604 litterae,
847 4544 904 4594 et
938 4539 1332 4612 simpliciores
1357 4543 1426 4597 ad
1461 4542 1644 4598 solam
1677 4544 1988 4601 utilitatem

334 4629 655 4699 legentium
672 4628 1054 4698 pertinentes.
1075 4627 1193 4683 Illa:
1208 4647 1340 4685 vero
1360 4631 1665 4700 nequiores
1677 4638 1837 4702 sunt,
1853 4651 1884 4705 q
1898 4652 1984 4690 una

335 4718 612 4788 ingerunt
629 4715 972 4772 hominibus
996 4719 1388 4787 perniciosam
1413 4719 1626 4774 mentis
1647 4719 1981 4777 elationem.

337 4805 605 4861 Meliores
627 4811 768 4860 sunt
797 4806 1169 4876 grammatici
1203 4822 1380 4875 quam
1415 4805 1691 4862 haeretici.
1718 4807 1982 4866 Haeretici

337 4894 493 4948 enim
538 4893 819 4948 haustum
867 4893 1119 4948 lethit'eri
1173 4893 1334 4948 succi
1370 4894 1708 4951 hominibus
1742 4914 1981 4968 persua-

328 4982 520 5037 dendo
541 4982 877 5052 propinant.
910 4982 1074 5048 (Dist.
1103 4982 1193 5048 37,
1215 4998 1262 5036 c.
1297 4981 1491 5054 Siquis
1522 4987 1744 5054 artem.)
1775 4986 1978 5043 Gram-

330 5069 681 5125 maticorum
698 5074 891 5124 autem
910 5068 1179 5124 doctrina
1199 5073 1396 5142 potest
1410 5071 1589 5126 etiam
1609 5075 1887 5144 proﬁcere
1909 5078 1980 5132 ad

324 5160 527 5226 vitam,
562 5159 704 5213 dum
731 5159 903 5213 fuerit
935 5159 993 5212 in
1027 5158 1298 5214 meliores
1326 5175 1467 5214 usus
1505 5169 1834 5234 assumpta.

333 5276 470 5332 CAP.
511 5276 628 5329 I68.
665 5306 729 5315 —
761 5273 900 5353 Quid
937 5273 1010 5328 sit
1041 5277 1144 5353 (ac
1170 5275 1424 5330 honesta.
1459 5277 1728 5353 Isidorus,
1767 5283 1980 5353 Etymo-

774 5347 1050 5417 logiarum
1081 5347 1179 5403 lib.
1215 5364 1272 5416 v,
1303 5363 1422 5418 cap.
1454 5349 1544 5402 20.

397 5439 555 5503 (Dist.
577 5437 629 5503 4,
648 5452 694 5491 c.
718 5435 844 5491 Erit
865 5445 1050 5491 autem
1089 5436 1223 5496 lex.)
1245 5435 1368 5490 Erit
1389 5435 1481 5491 lex
1509 5435 1774 5512 honesta,
1791 5442 1976 5515 justa,

325 5526 649 5597 possibilia,
678 5526 1006 5582 secundum
1041 5532 1334 5593 naturam,
1371 5525 1701 5582 secundum
1733 5546 1977 5590 consue-

328 5612 598 5676 tudinem
619 5613 978 5686 patriae,loco
997 5615 1365 5688 temporique
1389 5615 1761 5693 conveniens,
1787 5637 1978 5684 neces-

2111 1898 2420 1970 disposuit,
2443 1917 2619 1971 quem
2652 1918 2684 1956 a
2721 1918 2829 1957 suo
2856 1901 3096 1958 nomine
3135 1901 3614 1958 Theodosianum
3663 1917 3766 1957 vo-

2111 1987 2278 2042 cavit.

2111 2077 2241 2131 CAP.
2277 2077 2498 2151 17l.—-
2526 2079 2602 2133 De
2623 2079 2771 2151 libro
2830 2095 2990 2151 quem
3046 2079 3330 2151 appellant
3379 2079 3627 2134 codicem
3655 2082 3765 2135 Ju-

2178 2147 2433 2215 stiniani,
2458 2157 2511 2221 et
2531 2151 2598 2205 de
2617 2150 2758 2206 libro
2781 2147 3204 2219 Pandectarum,
3230 2155 3282 2206 et
3301 2151 3364 2206 de
3397 2166 3624 2221 eoquem
3652 2167 3761 2221 ap-

2179 2220 2390 2292 pellant
2413 2220 2655 2276 codicem
2711 2221 3093 2278 Novettarum.
3131 2227 3214 2279 Ex
3262 2220 3500 2278 historia
3546 2220 3762 2292 Longo-

2180 2291 2494 2361 bardorum,
2529 2293 2697 2358 libro,
2725 2311 2782 2360 v,
2815 2309 2938 2364 cap.
2972 2295 3064 2348 25.

2174 2380 2205 2433 J
2215 2379 2547 2436 ustinianus
2583 2385 2886 2452 Augustus
2902 2381 3057 2451 leges
3071 2385 3494 2447 Romanorum,
3509 2397 3762 2453 quarum

2109 2468 2410 2538 prolixitas
2437 2469 2622 2524 nimia
2651 2476 2778 2525 erat
2799 2474 2856 2526 et
2887 2469 3117 2526 inutilis
3148 2471 3542 2536 dissonantia,
3577 2471 3763 2527 mira-

2109 2556 2210 2609 bili
2246 2557 2528 2612 brevitate
2559 2558 2828 2612 correxit.
2863 2557 3011 2613 Nam
3057 2575 3263 2614 omnes
3311 2559 3766 2615 constitutiones

2108 2644 2469 2714 principum,
2485 2661 2612 2716 quis
2638 2646 2838 2716 utique
2862 2645 3066 2702 multis
3088 2647 3148 2700 in
3166 2646 3569 2702 voluminibus
3587 2646 3765 2703 habe-

2107 2732 2342 2801 bantur,
2374 2732 2527 2786 intra
2550 2733 2861 2788 duodecim
2893 2733 3075 2790 libros
3107 2736 3442 2801 coarctavit,
3485 2735 3767 2807 idemque

2107 2821 2379 2876 volumen
2394 2820 2652 2876 codicem
2669 2822 2992 2878 Justiniani
3007 2822 3289 2895 appellari
3304 2825 3599 2896 praecepit.
3617 2828 3767 2879 Rur-

2107 2927 2208 2965 sus
2230 2909 2603 2980 singulorum
2638 2911 3093 2981 magistratuum
3125 2912 3247 2967 sive
3271 2913 3542 2982 judicum
3574 2912 3757 2985 leges,

2106 3015 2230 3067 qua;
2266 3015 2451 3068 usque
2475 3001 2542 3053 ad
2564 3000 2678 3054 duo
2704 2999 2890 3055 millia
2922 3017 3068 3071 pene
3089 2999 3272 3056 libros
3294 3006 3464 3056 erant
3485 3006 3761 3068 extensae,

2106 3087 2698 3159 intraquinquaginta
2715 3088 2998 3144 librorum
3016 3104 3329 3144 numerum
3343 3088 3759 3162 redegit,eum-

2105 3190 2220 3245 que
2249 3174 2505 3229 codicem
2537 3175 2912 3246 Digestorum
2947 3177 3068 3233 sive
3115 3177 3541 3233 Pandectarum
3586 3194 3759 3234 voca-

2108 3262 2247 3317 bulo
2275 3264 2654 3334 nuncupavit.
2705 3264 2966 3328 Quatuor
2993 3265 3172 3321 etiam
3207 3266 3654 3321 Institutionum
3687 3266 3760 3321 li-

2107 3352 2244 3407 bros
2275 3353 2333 3406 in
2363 3353 2576 3421 quibus
2609 3353 2860 3409 breviter
2891 3355 3305 3410 universarum
3340 3354 3537 3427 legum
3562 3361 3761 3413 textus

2108 3441 2627 3512 comprehenditur
2654 3442 2880 3497 noviter
2910 3443 3262 3514 composuit.
3299 3443 3490 3499 Novas
3523 3460 3762 3516 quoque

2107 3529 2265 3600 leges
2284 3545 2430 3599 quas
2444 3530 2566 3600 ipse
2585 3535 2873 3586 statuerat
2891 3530 2950 3587 in
2969 3548 3153 3587 unum
3167 3531 3440 3590 volumen
3467 3532 3758 3602 redactas,

2108 3617 2366 3674 codicem
2397 3618 2771 3675 Novellarum
2801 3619 3084 3692 appellari
3116 3621 3386 3677 sancivit.

2106 3723 2236 3798 Cap.
2274 3725 2396 3798 172.
2430 3753 2498 3764 —
2526 3725 2662 3779 Item
2691 3725 2763 3798 de
2813 3726 2956 3782 libro
2981 3727 3310 3791 Iustiniani,
3344 3744 3505 3798 quem
3559 3733 3756 3784 vocant

2175 3795 2428 3850 Nouellas
2473 3796 2910 3854 constitutiones.
2953 3801 3033 3852 Ea:
3077 3798 3317 3855 historia
3351 3795 3638 3856 'Anastasii
3668 3801 3754 3856 bi-

2178 3865 2529 3922 bliothecarii
2561 3869 2815 3924 Romanae
2844 3870 3123 3927 Ecclesiae.

2177 3954 2440 4010 Removit
2468 3955 2840 4013 Justinianus
2868 3960 3170 4030 Augustus
3211 3959 3535 4016 contrarias
3567 3959 3754 4032 leges,

2103 4042 2324 4099 faciens
2356 4043 2715 4116 singularem
2743 4047 3026 4118 codicem,
3049 4052 3106 4103 et
3135 4065 3351 4105 vocans
3381 4065 3514 4105 eum
3540 4049 3749 4107 Novel-

2100 4131 2185 4187 las
2218 4133 2692 4202 constitutiones,
2727 4135 2783 4190 iu
2816 4135 3033 4206 quibus
3066 4154 3182 4193 non
3214 4137 3502 4210 permittit
3528 4137 3746 4209 princi-

2103 4237 2254 4292 pem,
2288 4221 2348 4275 in
2403 4222 2618 4292 quibus
2650 4229 2878 4294 praeest,
2913 4230 3109 4281 tenere
3149 4226 3609 4297 possessionem,
3643 4234 3750 4282 aut

2101 4307 2387 4364 aediﬁcare
2408 4311 2670 4379 domum,
2707 4317 2809 4367 aut
2837 4313 3169 4369 haereditari
3190 4319 3526 4370 extraneam
3549 4331 3751 4387 perso-

2103 4412 2258 4464 nam,
2295 4397 2408 4452 nisi
2439 4398 2573 4469 quis
2606 4399 2720 4454 sibi
2747 4400 3023 4472 cognitus
3054 4406 3340 4474 cognatus
3365 4403 3599 4459 existat.

2021 4510 2066 4574 1)
2098 4505 2391 4582 CAP._173.
2418 4535 2482 4545 —
2515 4507 2662 4582 Quod
2688 4517 2892 4582 constet
2922 4525 3032 4564 esse
3053 4511 3235 4582 legem
3263 4510 3542 4582 quidquid
3573 4511 3747 4582 impe-

2171 4579 2325 4654 rator
2368 4592 2472 4654 per
2509 4647 2520 4654 _
2556 4577 2848 4654 epistolam
2905 4577 3216 4654 constituit,
3275 4577 3362 4654 uel
3408 4577 3750 4654 cognoscens

2163 4645 2418 4717 decrevit,
2438 4647 2521 4702 vel
2538 4645 2720 4704 edicto
2745 4653 3032 4724 praecepit.
3065 4645 3246 4708 Instit.
3281 4652 3423 4710 libro
3437 4645 3673 4722 1,'titulo
3689 4656 3746 4710 2.

2165 4736 2564 4808 Quodcunque
2595 4737 2917 4809 imperator
2939 4758 3041 4812 per
3069 4741 3376 4813 epistolam
3411 4741 3746 4813 constituit,

2091 4822 2181 4878 vel
2212 4841 2572 4897 cognoscens
2599 4827 2874 4898 decrevit,
2905 4829 2994 4886 vel
3025 4831 3212 4886 edicto
3241 4830 3528 4904 praecepit,
3555 4831 3746 4903 legem

2092 4929 2219 4968 esse
2250 4918 2496 4970 constat.
2531 4919 2660 4970 Haec
2689 4921 2828 4972 sunt
2867 4934 2994 4990 quaa
3050 4919 3504 4976 constitutiones
3551 4919 3749 4992 appel-

2093 5000 2308 5056 lantur.
2345 5003 2520 5058 Plane
2549 5021 2618 5060 ex
2648 5005 2742 5060 his
2773 5011 2910 5061 sunt
2941 5009 3207 5080 quaedam
3232 5008 3596 5080 personales,
3616 5025 3746 5081 qua:

2091 5107 2204 5145 non
2227 5093 2298 5146 ad
2316 5093 2644 5164 exemplum
2661 5094 3001 5164 trahuntur,
3028 5099 3182 5168 quod
3204 5115 3317 5154 non
3339 5099 3448 5154 hoc
3469 5098 3746 5171 princeps

2089 5181 2249 5250 vult;
2274 5197 2409 5236 nam
2433 5181 2585 5253 quod
2611 5181 2788 5238 alicui
2818 5186 2890 5240 ob
2915 5185 3123 5242 merita
3155 5187 3425 5257 indulsit,
3456 5187 3543 5243 vel
3574 5186 3621 5243 si
3649 5187 3744 5243 cui

2090 5285 2321 5340 pmnam
2354 5269 2651 5341 irrogavit,
2683 5271 2769 5327 vel
2801 5274 2850 5329 si
2883 5275 2976 5330 cui
3010 5275 3136 5332 sine
3161 5276 3427 5350 exemplo
3451 5274 3745 5347 subvenit,

2089 5373 2398 5428 personam
2432 5375 2546 5412 non
2578 5363 3031 5434 transgreditur.

2101 5465 2237 5518 CAP.
2273 5461 2497 5540 174._——
2520 5468 2613 5540 _De
2660 5466 2922 5540 capitulis
2944 5485 2978 5524 a
3011 5468 3204 5526 Carolo
3259 5469 3473 5540 legibus
3499 5472 3746 5530 insertis.

2381 5534 2643 5605 Praefatio
2675 5534 2811 5594 libri
2839 5543 3022 5610 quinti
3050 5534 3455 5614 capitulorum.

2162 5622 2560 5682 Precedentes
2583 5626 3038 5698 quatuorlibelli
3055 5629 3339 5692 nonnulla
3349 5630 3744 5705 gloriosorum
