3978 6060
189 279 303 334 305

1012 284 1322 338 DECRETI
1360 286 1546 339 PARS
1584 286 1679 338 IV.
1711 312 1779 322 —-
1816 286 1912 337 DE
1950 286 2225 339 FESTIV.
2268 289 2359 339 ET
2394 289 2652 355 JEJUN.,
2692 294 2845 346 ETC.

3511 301 3620 356 306

190 403 384 459 Caroli
418 410 590 475 atque
623 405 898 461 Ludovici
929 406 1354 479 imperatorum
1398 408 1707 464 continent
1758 424 1850 462 ca-
1880 410 1935 476 Α
1966 409 2165 478 vitate,
2197 409 2291 464 cui
2323 416 2547 483 regnat,
2574 413 2783 482 jubere
2832 413 3051 487 aliquid
3084 419 3233 487 quod
3268 437 3453 492 neque
3485 430 3620 480 ante

192 492 405 562 pitula.
429 495 579 549 Item.
600 493 705 549 Illa
728 511 853 566 quae
878 497 1252 567 postmodum
1278 516 1309 554 a
1336 496 1610 553 ﬁdelibus
1632 500 1849 552 sancta:

193 582 296 637 Dei
321 581 595 638 Ecclesiae
624 588 679 639 et
700 583 927 656 Pippini
952 589 1008 641 et
1035 586 1223 641 Caroli
1263 590 1439 660 atque
1460 586 1737 642 Ludovici
1766 586 1853 640 di-

193 671 675 743 dicimus,injam
694 673 1095 730 dictislibellis
1111 674 1857 745 minimeinsertaesse,pro

197 759 299 816 Dei
323 761 747 832 omnipotentis
773 779 990 831 amore,
1031 770 1087 819 et
1114 767 1337 819 Sanctae
1366 766 1464 819 Dei
1489 763 1758 820 Ecclesiae
1792 778 1858 819 ac

192 865 501 906 servorum
529 853 676 921 ejus,
702 856 877 923 atque
899 853 1083 909 totius
1111 854 1314 925 populi
1340 854 1587 909 utilitate
1611 851 1859 907 ﬁdeliter

191 940 549 1012 investigare
581 941 943 1008 curavimus,
976 947 1031 996 et
1055 941 1115 996 in
1140 943 1330 998 tribus
1354 941 1856 1014 subsequentibus

193 1027 416 1084 libellis
450 1029 728 1085 distincte
752 1046 886 1086 cum
911 1030 1035 1086 suis
1060 1032 1410 1102 coadunare,
1444 1049 1508 1086 ac
1545 1032 1852 1098 Ludovico,

195 1116 487 1184 Lothario,
523 1122 702 1190 atque
733 1118 936 1174 Carolo
967 1119 1359 1176 nobilissimis
1403 1122 1664 1193 regibus,
1720 1119 1854 1174 ﬁliis

190 1204 471 1261 videlicet
492 1206 768 1263 Ludovici
794 1207 1166 1280 imperatoris
1193 1210 1463 1280 piissimi,
1483 1209 1774 1275 habenda,
1800 1211 1857 1263 et

192 1295 478 1351 omnibus
503 1295 964 1353 Christianorum
991 1298 1260 1354 ﬁdelibus
1283 1299 1585 1363 tradenda,
1604 1297 1853 1352 scribere

191 1401 312 1440 non
345 1384 709 1441 distulimus.
743 1391 909 1442 Item.
964 1386 1061 1441 His
1114 1388 1315 1458 itaque
1366 1386 1639 1457 peractis,
1672 1389 1762 1441 est
1792 1386 1851 1440 in

192 1473 388 1528 fronte
422 1474 595 1545 primi
627 1474 812 1529 libelli
846 1475 1039 1546 posita
1073 1475 1360 1530 Zacharias
1395 1491 1557 1545 papas
1606 1473 1853 1545 epistola

189 1562 475 1617 omnibus
500 1562 791 1635 episcopis
826 1580 891 1619 ac
926 1563 1170 1634 reliquis
1202 1562 1589 1619 ecclesiastici
1632 1562 1852 1617 ordinis

190 1650 505 1722 gradibus,
533 1657 589 1706 et
611 1651 841 1707 cunctis
854 1652 1106 1707 ducibus
1124 1656 1298 1722 atque
1321 1651 1853 1721 comitibus,omni-

193 1740 310 1794 bus
333 1738 517 1793 Deum
543 1740 892 1796 timentibus
917 1758 1015 1813 per
1034 1740 1250 1796 Gallias
1272 1747 1326 1796 et
1340 1741 1693 1796 Francorum
1720 1757 1849 1812 pro-

190 1827 420 1882 vincias
453 1828 792 1883 constitutis
824 1830 1065 1895 directa,
1097 1830 1252 1885 sicut
1294 1830 1353 1884 in
1386 1846 1454 1883 ea
1497 1830 1844 1885 continetur.

196 1918 387 1980 Quam
412 1920 746 1987 sequuntur
775 1917 1085 1989 synodales
1118 1922 1437 1974 conventus
1463 1934 1605 1989 quos
1637 1924 1851 1973 sanctae

195 2004 478 2060 Romanas
503 2004 769 2060 Ecclesiae
793 2010 847 2060 et
877 2005 1204 2078 apostolicae
1235 2006 1391 2062 sedis
1430 2006 1659 2079 legatus
1683 2007 1852 2061 Boni-

192 2093 389 2149 facius
412 2094 580 2166 Mogu
592 2094 839 2151 ntiensis
866 2094 1362 2167 archiepiscopus,
1383 2096 1508 2151 vice
1532 2095 1854 2167 supradicti

192 2181 485 2238 Zacharias
509 2199 693 2254 papae,
718 2200 836 2238 una
867 2200 1001 2239 cum
1022 2182 1226 2239 Carolo
1257 2200 1469 2256 magno
1495 2184 1849 2239 Francorum

195 2272 366 2337 duce,
400 2272 684 2327 canonice
739 2273 953 2343 tenuit,
1003 2277 1066 2327 ut
1110 2278 1433 2344 agnoscant
1479 2290 1685 2329 omnes
1734 2274 1853 2328 haec

196 2359 610 2432 praedictorum
642 2360 977 2433 principum
1010 2361 1268 2433 capitula
1290 2362 1542 2417 maxime
1574 2362 1848 2435 apostoli-

196 2464 267 2503 ca
296 2449 647 2504 auctoritate
679 2449 801 2504 fore
833 2450 1081 2504 ﬁrmata.

198 2555 500 2629 CAP.175.
539 2586 608 2629 _——
638 2556 712 2611 De
763 2555 881 2625 lege
932 2557 1237 2627 Anglorum
1285 2556 1350 2612 ab
1399 2556 1684 2612 Edelberto
1724 2573 1857 2629 rege

272 2626 425 2681 edita
456 2627 599 2682 Beda
629 2629 687 2681 in
718 2629 959 2683 Historia
990 2626 1311 2698 Anglorum,
1345 2630 1488 2683 libro
1518 2646 1580 2696 ιι,
1626 2645 1746 2698 cap.
1786 2626 1852 2683 ’5.

276 2715 438 2771 Inter
470 2721 677 2771 caetera
700 2717 854 2772 bona
875 2734 1000 2789 quae
1018 2718 1177 2789 genti
1199 2734 1318 2773 suis
1337 2717 1695 2773 consulendo
1719 2734 1855 2773 con-

203 2806 431 2860 ferebat
454 2822 550 2860 rex
596 2804 959 2877 Edelbertus,
1002 2807 1174 2862 etiam
1218 2807 1451 2862 decreta
1490 2806 1854 2877 illijudicio-

202 2910 363 2960 rum,
383 2894 553 2964 juxta
583 2894 845 2965 exempla
868 2895 1288 2963 Romanorum,
1313 2911 1444 2949 cum
1468 2894 1713 2950 consilio
1756 2912 1849 2949 sa-

201 2982 495 3053 pientium
528 2984 856 3049 constituit,
890 3001 1014 3055 quae
1038 2984 1372 3055 conscripta
1394 2984 1711 3055 Anglorum
1733 3000 1853 3039 ser-

205 3087 383 3126 mone
414 3072 700 3127 hactenus
731 3072 1045 3142 habentur,
1078 3078 1135 3128 et
1168 3074 1553 3129 observantur
1583 3074 1653 3129 ab
1685 3091 1771 3129 ea.

202 3180 343 3235 CAP.
385 3179 607 3251 176.—
640 3184 718 3234 De
736 3181 994 3251 capitulis
1022 3196 1056 3234 a
1086 3180 1348 3235 Lothario
1377 3181 1615 3251 Augusto
1646 3182 1855 3250 legibus

421 3249 646 3306 additis.
680 3256 782 3307 Leo
800 3249 945 3323 papa
965 3253 1051 3318 IV,
1085 3253 1347 3308 Lothario
1378 3249 1640 3323 Augusto.

278 3339 437 3409 (Dist.
474 3340 561 3405 10,
593 3354 643 3395 e.
673 3340 743 3394 De
763 3340 1067 3412 capitulis.)
1091 3346 1172 3396 De
1196 3340 1473 3412 capitulis
1496 3341 1584 3396 vel
1612 3357 1857 3412 praecep°

201 3428 280 3484 tis
312 3426 724 3498 imperialibus
754 3430 986 3496 vestris,
1021 3434 1473 3500 nostrorumque
1494 3431 1669 3486 etiam
1710 3447 1854 3501 pon-

200 3517 431 3572 tiﬁcum
460 3517 974 3587 praedecessorum,
1006 3517 1488 3590 irrefragabiliter
1516 3519 1853 3574 custodien-

206 3605 299 3660 dis
329 3610 387 3660 et
416 3606 835 3661 conservandis
876 3612 1097 3678 quanto
1148 3608 1446 3663 valuimus
1473 3613 1550 3662 .et
1596 3607 1854 3663 valemus

204 3693 461 3766 propitio
493 3694 745 3762 Christo,
780 3699 836 3751 et
866 3712 1019 3751 nunc
1060 3703 1114 3751 et
1145 3696 1204 3751 in
1238 3714 1421 3752 aevum
1477 3701 1852 3753 conservatu-

205 3798 326 3850 ros,
362 3782 555 3838 modis
586 3783 862 3838 omnibus
894 3784 1259 3855 proﬁtemur.
1295 3785 1359 3839 Et
1388 3786 1437 3840 si
1462 3786 1708 3841 fortasse
1729 3785 1856 3856 qui-

204 3871 353 3928 libet
380 3873 548 3929 vobis
578 3872 748 3929 aliter
776 3874 986 3930 dixerit
1011 3875 1097 3930 ve]
1131 3876 1397 3931 dicturus
1429 3876 1622 3944 fuerit,
1654 3877 1853 3931 sciatis

204 3977 343 4017 eum
380 3977 483 4032 pro
512 3966 668 4017 certo
699 3963 1062 4019 mendacem.

205 4048 342 4105 CAP.
379 4050 499 4106 177.
519 4081 588 4091 —
607 4053 773 4120 Leges
792 4050 1247 4123 Christianorum
1276 4069 1474 4123 regum
1498 4054 1564 4109 ab
1602 4055 1855 4109 Ecclesizs

275 4122 642 4195 recipiendas.
705 4122 1057 4195 (Hincmarus
1134 4122 1409 4179 Remensis
1457 4127 1744 4195 episcopus
1794 4129 1854 4181 in

279 4208 455 4248 causa
486 4193 737 4248 Lotharii
766 4197 907 4264 regis
927 4204 977 4250 et
1006 4196 1201 4250 uxoris
1230 4212 1363 4251 sua’.

279 4282 429 4336 Sunt
460 4282 699 4337 diversa:
735 4287 798 4337 ut
828 4287 1054 4354 gentes,
1087 4284 1167 4338 ita
1197 4290 1253 4339 et
1281 4301 1482 4340 earum
1507 4285 1681 4356 leges,
1707 4302 1854 4356 quas

207 4370 257 4426 si
292 4369 606 4425 Christiani
641 4375 802 4437 sunt,
832 4371 890 4427 in
916 4372 1037 4426 suis
1060 4372 1365 4428 ordinibus
1388 4390 1513 4443 quae
1536 4374 1699 4445 justa
1716 4380 1856 4430 sunt

206 4458 609 4527 decernentes,
644 4460 901 4515 Ecclesia
931 4477 1038 4515 sua
1060 4477 1174 4515 non
1204 4461 1419 4531 rejicit.

207 4569 343 4640 CAP.
381 4564 512 4640 178.Δ
534 4594 603 4640 έ-
632 4567 791 4635 Quod
814 4566 1132 4636 faciendum
1159 4575 1238 4622 est
1265 4568 1533 4640 quidquid
1577 4574 1718 4624 Deus
1756 4571 1852 4639 ju-

280 4636 389 4711 bet,
412 4637 519 4711 etsi
538 4638 610 4691 sit
640 4642 832 4693 contra
862 4654 1070 4693 morem
1103 4648 1200 4711 aut
1223 4636 1443 4709 pactum
1462 4636 1852 4711 quorumlibet.

281 4708 644 4777 Augustinus,
672 4710 1089 4780 Confessionum
1120 4708 1334 4780 tib.’1u,
1365 4708 1483 4782 cap;
1516 4713 1567 4766 8.

282 4796 436 4864 (Disl.
469 4796 524 4862 8,
559 4812 677 4867 cap.
714 4800 843 4866 Quae
873 4800 1117 4871 contra.)
1148 4801 1281 4865 Quae
1301 4803 1503 4855 contra
1533 4816 1725 4855 mores
1748 4800 1853 4855 ho-

208 4882 438 4937 minum
470 4889 611 4938 sunt
642 4884 884 4957 ﬂagitia,
917 4903 1019 4957 pro
1054 4903 1285 4942 morum
1340 4885 1672 4943 diversitate
1721 4892 1859 4942 sunt

206 4969 471 5038 vitanda,
496 4976 561 5025 ut
580 4978 816 5043 pactum
843 4974 993 5029 inter
1015 4990 1096 5040 se,
1123 4977 1315 5046 gentis
1339 4981 1440 5030 aut
1461 4974 1706 5031 civitatis
1728 4993 1858 5031 con-

210 5060 550 5127 suetudine,
570 5061 657 5117 vel
684 5061 807 5135 lege
829 5063 1152 5131 ﬁrmatum,
1195 5064 1357 5119 nulla
1397 5064 1539 5119 civis
1562 5068 1662 5119 aut
1691 5080 1857 5135 pere-

210 5148 364 5220 grini
391 5147 636 5205 libidine
655 5149 922 5206 violetur.
946 5152 1155 5223 Turpis
1176 5153 1333 5209 enim
1370 5152 1563 5208 omnis
1608 5170 1742 5223 pars
1774 5158 1859 5208 est

211 5238 483 5294 universo
516 5255 623 5295 suo
654 5256 767 5296 non
792 5256 1139 5311 congruens.
1175 5242 1319 5297 Cum
1351 5246 1549 5298 autem
1584 5243 1733 5298 Deus
1758 5241 1857 5297 ali-

209 5325 350 5395 quid
385 5331 592 5383 contra
626 5344 847 5383 morem
871 5333 971 5383 aut
992 5332 1227 5399 pactum
1253 5331 1855 5402 quorumlibetjubet,

210 5414 335 5469 etsi
362 5431 670 5487 nunquam
695 5416 775 5472 ibi
801 5417 1018 5472 factum
1037 5424 1146 5484 est,
1172 5422 1368 5474 tamen
1387 5420 1715 5475 faciendum
1737 5423 1853 5487 est;

212 5507 268 5558 et
288 5502 339 5559 si
362 5504 675 5577 omissum,
714 5505 1171 5562 instaurandum
1209 5512 1330 5575 est;
1372 5513 1427 5564 et
1471 5509 1516 5562 si
1564 5514 1851 5564 statutum

218 5607 333 5648 non
358 5593 941 5662 erat,instituendum
965 5600 1070 5654 est.
1096 5595 1154 5651 Si
1179 5596 1335 5653 enim
1359 5598 1479 5669 regi
1521 5597 1658 5654 licet
1682 5599 1738 5654 in
1772 5598 1857 5656 ci-

1967 499 2157 570 ipsum
2182 498 2520 570 quisquam,
2553 518 2654 556 nec
2690 502 2812 575 ipse
2856 521 3117 576 unquam
3150 508 3433 579 jusserat,
3484 518 3540 569 et
3566 514 3614 570 si

1967 604 2079 642 non
2107 593 2193 643 est
2217 593 2416 643 contra
2439 590 2773 646 societatem
2802 593 3053 648 civitatis
3078 597 3226 665 ejus,
3250 597 3615 671 obtempera-

1965 678 2149 746 turei,
2175 678 2290 732 imo
2312 683 2515 733 contra
2549 680 2883 736 societatem
2908 682 2991 749 ﬁt,
3019 684 3065 737 si
3092 684 3141 737 ei
3168 702 3283 740 non
3319 688 3617 760 obtempe-

1965 771 2194 821 raretur
2223 767 2512 837 (generale
2542 769 2757 840 quippe
2790 775 3025 841 pactum
3061 778 3150 827 est
3182 774 3480 832 societatis
3506 778 3617 832 hu-

1967 872 2149 910 manae
2172 856 2575 928 obtemperare
2598 859 2835 929 regibus
2859 860 3025 931 suis),
3051 866 3269 931 quanto
3295 866 3483 937 magis
3501 867 3617 923 Deo

1964 945 2254 1015 regnatori
2279 947 2563 1001 universae
2585 952 2857 1003 creaturae
2883 966 3022 1017 suae,
3046 951 3113 1003 ad
3141 967 3207 1005 ea
3227 955 3618 1025 quaajusserit

1965 1034 2092 1089 sine
2114 1034 2479 1089 dubitatione
2504 1035 2878 1091 serviendum
2900 1042 2986 1092 est
3012 1039 3215 1093 PSicut
3238 1042 3393 1095 enim
3426 1044 3482 1097 in
3510 1061 3613 1115 po—

1964 1122 2276 1177 testatibus
2300 1123 2594 1178 societatis
2617 1123 2887 1179 humanae
2912 1127 3098 1195 major
3120 1131 3378 1198 potestas
3401 1132 3613 1187 minori

1964 1211 2037 1266 ab
2069 1210 2458 1267 obediendum
2493 1215 2871 1285 prmponitur,
2908 1214 2988 1269 ita
3010 1214 3165 1271 Deus
3197 1218 3492 1273 omnibus.

1962 1302 2103 1374 CAP.
2135 1300 2260 1374 179.
2293 1331 2360 1339 ——
2387 1301 2535 1368 Quod
2568 1303 2710 1371 leges
2766 1303 3106 1372 principum,
3144 1311 3196 1358 et
3248 1308 3478 1374 regulas
3531 1310 3616 1363 vel

2034 1371 2442 1425 admonitiones
2474 1379 2705 1427 Patrum
2734 1371 2881 1427 nulli
2913 1375 3084 1428 licent
3112 1371 3475 1433 contemnere.
3515 1378 3613 1433 Ge-

2036 1443 2212 1496 tasius
2245 1444 2462 1513 [tu/lino
2492 1450 2547 1497 et
2574 1445 2775 1515 Aprilli
2804 1447 3087 1515 episcOpis.

2034 1531 2170 1584 Hist.
2203 1532 2287 1584 10.
2331 1548 2377 1586 c.
2409 1532 2541 1599 Quis
2572 1534 2800 1602 autem.)
2832 1534 2972 1599 Quis
3030 1539 3129 1589 aut
3191 1535 3351 1606 leges
3394 1537 3617 1607 princi-

1963 1635 2126 1690 pum,
2162 1624 2263 1675 aut
2294 1620 2529 1675 Patrum
2566 1623 2798 1693 regulas
2849 1629 2950 1676 aut
3000 1624 3433 1680 admonitiones
3485 1641 3612 1679 mo-

1963 1710 2174 1764 dernas
2206 1710 2363 1765 dicat
2395 1712 2601 1767 debere
2629 1713 2945 1781 contemni,
2982 1713 3092 1767 nisi
3122 1714 3218 1783 qui
3246 1713 3609 1786 impunitum

1880 1778 1928 1843 Β
1959 1797 2071 1852 sibi
2100 1803 2332 1853 tantum
2366 1800 2615 1855 asstimet
2646 1801 2893 1856 transire
2924 1802 3308 1858 commissum
3331 1804 3359 1859 ‘t

1963 1885 2097 1940 CAP.
2133 1888 2254 1941 180.
2287 1919 2354 1927 —
2384 1890 2516 1942 Item
2545 1890 2609 1943 de
2628 1890 2831 1956 eodem,
2859 1890 3180 1946 Theoderico
3212 1894 3353 1961 regi.

2033 1974 2265 2030 Certum
2297 1981 2405 2041 est,
2440 1977 2935 2047 magniﬁcentiam
2980 1983 3230 2035 vestram
3280 1980 3439 2052 leges
3491 1982 3601 2036 Ro-

1963 2079 2270 2119 manorum
2304 2066 2662 2137 principum,
2696 2083 2843 2137 quas
2884 2067 2943 2121 in
2998 2068 3246 2138 negotiis
3296 2069 3604 2125 hominum

1964 2154 2377 2210 custodiendas
2406 2171 2531 2210 esse
2566 2156 2857 2227 praecepit,
2892 2156 3073 2211 multo
3110 2157 3297 2229 magis
3328 2158 3481 2213 circa
3515 2174 3607 2213 re-

1962 2242 2280 2297 verentiam
2315 2242 2467 2297 beati
2500 2245 2652 2298 Petri
2702 2244 2951 2314 apostoli
3003 2262 3105 2314 pro
3150 2262 3267 2299 suae
3314 2245 3612 2300 felicitatis

1965 2338 2281 2401 augmento
2313 2331 2457 2385 velle
2487 2333 2726 2386 servari.

1964 2422 2097 2476 CAP.
2137 2422 2258 2474 181.
2291 2449 2359 2461 —
2393 2420 2540 2486 Quod
2570 2421 2862 2486 imperiali
2878 2437 3112 2476 censura
3146 2421 3459 2488 castigandi
3502 2421 3615 2476 sint

2035 2491 2309 2616 qui/eges
2352 2500 2723 2546 contemnunt.
2778 2494 2877 2546 Leo
2917 2502 3149 2561 quartus
3201 2493 3455 2547 Lothario
3500 2493 3611 2547 Au-

2035 2579 2135 2631 gus
2162 2578 2210 2616 ο.

2038 2649 2273 2705 Habetis
2302 2650 2370 2705 de
2400 2650 2509 2705 hoc
2560 2650 2712 2720 apud
2767 2650 2949 2703 Deum
3002 2650 3445 2705 retributionem
3492 2666 3607 2705 non

1965 2740 2279 2803 modicam,
2312 2740 2359 2793 si
2393 2740 2650 2809 antiqum
2681 2738 2827 2808 legis
2847 2739 3122 2809 dogmata
3145 2739 3386 2793 minime
3407 2740 3611 2793 obser-

1963 2833 2187 2893 ventes,
2220 2831 2409 2883 vestra
2440 2827 2730 2898 imperiali
2761 2844 3011 2882 censura
3043 2843 3145 2897 pro
3176 2826 3399 2881 viribus
3431 2826 3609 2880 casti-

1963 2917 2136 2987 gatis,
2161 2922 2335 2988 atque
2358 2916 2667 2987 corrigitis.
2704 2920 2859 2971 Item.
2888 2917 3020 2970 Hist.
3056 2916 3142 2983 Η,
3174 2932 3291 2986 cap.
3322 2916 3610 2984 Vestram.)

1963 3006 2227 3061 Vestram
2262 3005 2595 3076 ﬂagitamus
2627 3004 3023 3067 clementiam,
3057 3010 3122 3058 ut
3152 3005 3303 3059 sicut
3324 3003 3611 3059 hactenus

1968 3096 2229 3151 Romana
2261 3094 2349 3149 lex
2382 3094 2587 3165 viguit,
2622 3093 2843 3164 absque
2897 3093 3188 3147 universis
3230 3092 3521 3163 procellis,
3555 3096 3613 3148 et

1967 3201 2068 3256 pro
2103 3183 2325 3239 nullius
2357 3198 2605 3254 persona
2637 3182 2893 3237 hominis
2917 3180 3314 3236 reminiscitur
3334 3198 3462 3235 esse
3489 3197 3614 3235 cor-

1966 3279 2159 3344 rupta,
2189 3272 2273 3327 ita
2304 3288 2457 3326 nunc
2488 3287 2664 3325 suum
2696 3272 2874 3326 robur
2905 3271 3326 3342 propriumque
3354 3270 3613 3341 vigorem

1967 3362 2247 3417 obtineat.

1966 3452 2098 3506 CAP.
2144 3452 2260 3505 182.
2296 3482 2359 3492 ——-
2390 3452 2527 3505 Item
2565 3448 2630 3503 de
2658 3448 2862 3516 eodem,
2907 3446 3356 3503 Widonicomiti.

2039 3540 2209 3597 Valde
2240 3540 2547 3610 indignum
2578 3543 2688 3604 est,
2726 3538 2942 3592 futuris
2974 3537 3248 3610 gentibus
3281 3535 3451 3590 etiam
3480 3551 3615 3590 con-

1964 3630 2213 3686 trarium
2244 3634 2364 3684 tam
2398 3627 2709 3699 gloriosam
2750 3627 2962 3698 legem,
3010 3643 3182 3695 quam
3238 3625 3408 3679 multi
3458 3630 3611 3678 retro

1966 3717 2367 3773 custodierunt
2396 3716 2801 3787 imperatores,
2833 3730 2985 3769 nunc
3016 3730 3180 3770 suam
3206 3713 3320 3767 vim
3341 3712 3606 3784 perdere,

1964 3825 2031 3865 ac
2061 3807 2276 3879 injuste
2305 3806 2590 3861 damnari.

1965 3899 2096 3953 CAP.
2134 3897 2251 3950 183.
2288 3926 2351 3937 —
2385 3897 2569 3951 Licere
2596 3892 2987 3950 ecclesiasticis
3014 3893 3147 3949 viris
3169 3909 3272 3962 pro
3291 3890 3612 3963 defensione

2035 3985 2138 4024 sua
2169 3968 2310 4036 leges
2339 3972 2588 4022 terrenas
2617 3981 2919 4021 assumere.
2953 3966 3202 4035 August.,
3234 3962 3365 4036 cap.
3403 3966 3472 4019 58
3508 3962 3607 4017 lib.

2038 4056 2077 4095 ιι
2106 4048 2296 4095 contra
2335 4040 2557 4093 litteras
2588 4038 2885 4093 Petiliani.

2036 4131 2196 4200 (Hist.
2231 4129 2316 4197 10,
2348 4144 2394 4182 c.
2427 4130 2491 4183 Si
2522 4130 2580 4181 in
2609 4126 2877 4194 adiutor.)
2899 4124 2955 4178 Si
2989 4124 3049 4177 in
3082 4122 3440 4189 adjutorium
3494 4136 3615 4175 ves-

1964 4223 2147 4285 trum,
2181 4221 2235 4271 et
2266 4216 2482 4271 terreni
2514 4214 2743 4283 imperii
2767 4213 2924 4283 leges
2956 4210 3347 4267 assumendas
3371 4208 3613 4278 putatis,

1965 4323 2081 4362 non
2113 4303 2618 4376 reprehendimus.
2656 4301 2811 4355 Fecit
2842 4301 2951 4355 hoc
2984 4297 3223 4362 Paulus,
3249 4314 3383 4352 cum
3417 4298 3613 4351 adver-

1965 4411 2067 4449 sus
2107 4392 2413 4463 'njuriosos
2454 4391 2779 4446 Romanum
2835 4390 3016 4443 civem
3066 4402 3128 4442 se
3176 4403 3306 4442 esse
3362 4388 3616 4441 testatur

1888 4510 1933 4575 Ι)
1964 4484 2101 4551 (Act.
2134 4482 2294 4550 xxn).

1965 4590 2097 4644 CAP.
2134 4590 2253 4642 18‘.
2287 4618 2355 4628 —-
2387 4586 2616 4655 Legibus
2642 4585 3035 4653 imperatorum
3064 4582 3423 4639 obediendum
3472 4596 3606 4637 esse.

2337 4660 2560 4728 August.
2594 4657 2883 4725 Bonifacio
2912 4657 3095 4726 (epist.
3125 4656 3240 4725 50).

2034 4748 2380 4817 Quicunque
2411 4751 2605 4801 autem
2628 4744 2859 4814 legibus
2881 4743 3328 4814 imperatorum,
3356 4758 3481 4813 quae
3508 4757 3608 4812 pro

1966 4838 2067 4893 Dei
2095 4837 2338 4893 veritate
2361 4838 2651 4903 feruntur,
2684 4833 3089 4904 obtemperare
3108 4850 3223 4888 non
3241 4831 3384 4897 vult,
3406 4829 3608 4899 acqui-

1967 4927 2045 4981 rit
2072 4926 2291 4996 grande
2323 4923 2701 4995 supplicium.
2754 4922 2920 4993 (Dist.
2978 4922 3034 4987 9,
3090 4938 3138 4976 c.
3196 4918 3616 4991 Imperatores.)

1966 5014 2311 5084 Quicunque
2342 5028 2478 5083 ergo
2512 5010 2741 5083 legibus
2772 5010 3193 5081 imperatorum
3228 5024 3355 5079 quae
3408 5010 3617 5063 contra

1964 5101 2268 5158 veritatem
2300 5101 2399 5157 Dei
2434 5101 2703 5155 feruntur
2734 5099 3142 5169 obtemperare
3173 5114 3289 5152 non
3320 5095 3464 5165 vult,
3521 5111 3616 5151 ac-

1970 5189 2149 5261 quirit
2178 5190 2398 5260 grande
2430 5189 2757 5258 praemium.

1967 5278 2101 5333 CAP.
2139 5278 2259 5331 185.
2293 5307 2360 5316 —
2393 5276 2541 5344 Quod
2572 5276 2955 5331 communione
2980 5274 3205 5346 privari
3255 5274 3481 5345 possunt
3517 5284 3614 5346 qui

2041 5348 2249 5419 legibus
2296 5340 2700 5402 contradicunt.
2756 5340 3001 5402 Gelasqu
3043 5340 3296 5417 Majoriéo
3345 5340 3609 5413 (Joanni),

2036 5422 2235 5477 Sereno
2268 5426 2315 5475 et
2345 5422 2590 5475 Bertuso.

2039 5508 2151 5579 (12,
2174 5527 2224 5581 q.
2257 5509 2310 5578 2,
2331 5526 2374 5565 c.
2398 5509 2502 5577 Qui
2528 5516 2577 5563 et
2599 5506 2850 5574 divinis.)
2875 5506 2981 5569 Qui
3006 5511 3063 5562 et
3085 5502 3360 5561 humanis
3377 5500 3607 5574 legibus

1966 5596 2026 5653 in
2053 5598 2207 5654 civili
2241 5598 2614 5655 damnatione
2646 5593 3020 5664 conculcatis,
3053 5598 3111 5651 et
3132 5592 3451 5650 reverentia
3472 5591 3611 5648 reli-
