3960 6072
363 260 467 316 307

1447 255 1516 306 D.
1560 249 1799 304 IVONIS
1835 245 2328 302 CARNOTENSIS
2363 249 2684 304 EPISCOPI

3666 248 3776 303 308

365 383 555 457 gionis
587 381 836 450 abjecta,
866 376 954 433 vel
992 376 1386 433 ecclesiastica
1434 373 1735 447 privilegia
1781 372 2004 428 calcare
2031 370 2088 437 Α
2119 369 2743 444 plinae,cognoscentes
2767 371 3080 444 imperium
3105 371 3212 427 tibi
3235 388 3490 444 superna
3511 372 3773 446 disposi-

366 470 762 532 ccntendunt,
793 467 881 522 vel
905 465 1150 522 ubilibet
1178 467 1235 520 in
1263 480 1584 536 pauperum
1609 462 1878 534 prosilire
1897 462 2014 516 dis-

366 558 679 633 pendium,
711 569 816 610 nec
850 553 1189 623 hujusmodi
1222 551 1430 607 saltem
1465 549 1803 606 commoniti
1822 549 2014 605 convi-

367 649 565 718 otique
597 642 923 716 nequitiam
959 641 1153 711 sopire
1191 639 1584 705 consentiunt,
1635 643 1812 710 atque
1857 637 2018 692 illata

371 736 562 793 sacris
591 734 767 789 rebus
798 730 1152 786 detrimenta
1181 729 1418 796 sarcire,
1452 728 1655 782 merito
1686 725 1865 780 divini
1889 741 2018 779 mu-

373 830 530 884 neris
557 829 698 882 sunt
729 820 1172 896 participatione
1203 819 1490 892 privandi,
1524 821 1586 873 ut
1616 817 1794 888 hujus
1826 832 2017 888 perce-

373 918 573 991 ptione
604 917 866 983 careant,
913 911 1067 982 quod
1119 908 1422 981 sacrilegis
1469 907 1712 964 ausibus
1760 906 2016 960 habuere

375 1005 696 1078 despectui.

375 1102 497 1152 CAP.
533 1095 652 1149 186.
689 1124 754 1133 —
785 1092 920 1146 Item
949 1090 1016 1146 de
1041 1088 1325 1144 servandis
1369 1087 1596 1159 legibus.
1638 1089 1743 1143 Leo
1791 1094 2018 1158 quartus

676 1163 937 1220 Colorodo
968 1161 1374 1232 archiepiscopo
1403 1168 1454 1215 et
1474 1161 1723 1214 Berluso.

446 1255 560 1326 (25,
594 1269 646 1324 q.
683 1253 734 1320 1,
761 1269 880 1322 cap.
916 1251 1038 1305 Ideo
1055 1248 1444 1321 permittente.)
1479 1249 1613 1302 Ideo
1647 1247 2019 1318 permittente

373 1345 491 1400 Deo
523 1345 788 1414 pastores
820 1339 1126 1395 hominum
1156 1354 1366 1392 sumus
1397 1336 1604 1403 effecti,
1641 1341 1703 1390 ut
1733 1336 1885 1408 quod
1907 1340 2018 1389 Pa-

373 1437 494 1488 tres
529 1429 712 1485 nostri
744 1429 862 1484 sive
893 1428 952 1482 in
985 1427 1202 1482 sanctis
1236 1426 1584 1492 canonibus,
1616 1425 1736 1480 sive
1769 1426 1826 1479 in
1846 1441 2019 1480 mun-

376 1519 546 1576 danis
575 1518 805 1590 legibus
834 1517 1091 1584 affixere,
1121 1515 1397 1570 excedere
1418 1513 1661 1568 minime
1681 1512 2017 1568 debeamus.

378 1609 593 1665 Contra
623 1623 824 1662 eorum
859 1604 1075 1676 quippe
1106 1601 1493 1658 saluberrima
1519 1602 1753 1672 agimus
1775 1601 2016 1656 institu-

380 1702 462 1767 ta,
489 1697 539 1752 si
573 1712 697 1768 quis
729 1694 842 1765 ipsi
873 1693 1070 1747 divino
1100 1694 1436 1747 statuerunt
1485 1691 1752 1760 consilio,
1803 1691 2020 1746 intacta

381 1803 493 1842 non
522 1800 749 1840 servam
760 1800 848 1838 US.

383 1879 516 1929 CAP.
551 1873 674 1928 b7.
707 1901 775 1912 -—-
803 1871 952 1939 Quod
979 1869 1350 1926 ecclesiastica
1362 1871 1498 1940 jura
1529 1869 1737 1939 legibus
1761 1869 2020 1940 imperia-

456 1946 598 2001 libus
619 1960 726 1998 non
743 1947 962 2011 possunt
983 1941 1490 1996 dissolvi.Nicolaus
1507 1957 1650 2012 papa
1671 1941 1938 2012 episcopis
1959 1941 2020 1994 in

453 2015 691 2072 concilio
721 2015 867 2085 apud
894 2013 1250 2068 Convicinum
1273 2013 1612 2083 congregatis
1641 2013 1748 2084 (ep.
1779 2013 1891 2082 32).

453 2105 612 2176 (Dist.
646 2103 736 2171 40,
766 2121 812 2158 c.
847 2104 980 2172 Lege
1036 2103 1256 2175 imper.)
1308 2101 1599 2173 lmperiali
1638 2100 1858 2171 judicio
1903 2117 2019 2155 non

379 2199 629 2266 possunt
656 2191 1053 2248 ecclesiastica
1073 2193 1212 2263 jura
1229 2190 1490 2246 dissolvi.
1517 2190 1640 2246 Non
1667 2191 1822 2260 quod
1843 2190 2021 2260 impe-

376 2289 638 2337 ratorum
677 2279 855 2352 leges,
888 2280 1104 2352 quibus
1137 2296 1288 2350 sazpe
1321 2278 1573 2334 Ecclesia
1602 2279 2021 2351 contra(circa)

373 2370 676 2426 haereticos
704 2369 907 2439 utitur,
927 2385 1078 2440 saepe
1101 2373 1302 2424 contra
1317 2373 1799 2440 tyrannos,atque
1821 2373 2022 2424 contra

375 2475 585 2532 pravos
605 2475 868 2532 quosque
890 2457 1513 2523 defenditur,dicamus
1528 2459 1762 2529 penitus
1780 2473 2023 2513 renuen-

376 2549 481 2604 das
509 2565 522 2616 ;
549 2548 649 2604 sed
686 2563 784 2602 eas
811 2547 1045 2618 quidem
1069 2545 1444 2617 evangelicis,
1477 2545 1815 2617 apostolicis
1843 2552 2020 2618 atque

373 2636 671 2696 canonicis
701 2635 972 2704 decretis,
1007 2634 1224 2707 quibus
1254 2635 1667 2705 postponendze
1697 2640 1855 2704 sunt,
1891 2635 2020 2691 nul-

373 2727 500 2782 lum
531 2741 701 2798 posse
729 2724 944 2780 inferre
977 2723 1382 2796 praajudicium
1413 2740 1768 2779 asseramus.

373 2833 510 2890 CAP.
546 2833 667 2886 188.
701 2859 769 2902 -έ-
799 2831 950 2902 Quod
973 2830 1275 2886 Christiani
1305 2831 1662 2901 imperatores
1689 2847 1786 2902 pro
1805 2836 2021 2890 aeterna

447 2905 564 2958 vita
590 2901 942 2975 pontiﬁcibus
975 2901 1220 2975 indigent
1251 2920 1264 2968 ;
1295 2902 1574 2975 pontiﬁces
1588 2901 1713 2958 vero
1730 2920 1829 2975 pro
1849 2921 2021 2960 cursu

448 2973 835 3044 temporalium
861 2989 1047 3044 rerum
1077 2973 1284 3044 legibus
1323 2973 1716 3044 imperatorum
1732 2973 2010 3034 utuntur.

453 3043 768 3116 Cyprianus
789 3043 1033 3098 Iuliano.
1076 3043 1354 3106 (Nicotaus
1397 3043 1542 3116 papa
1574 3047 1623 3100 ΙΙ
1648 3045 1705 3099 id
1753 3047 1912 3102 habet
1955 3047 2016 3102 in

445 3114 541 3185 ep.
555 3115 624 3170 ad
645 3114 964 3170 Michaelem
992 3116 1271 3184 imperat.)

447 3203 610 3275 (Hist.
654 3203 741 3267 10,
767 3219 890 3271 cap.
925 3203 1244 3272 Quoniam.)
1277 3203 1563 3269 Quoniam
1595 3203 1749 3260 idem
1795 3207 2022 3262 media-

374 3294 468 3348 tor
483 3292 584 3348 Dei
603 3292 982 3348 ethominum
1005 3292 1180 3346 homo
1203 3291 1471 3347 Christus
1485 3292 1773 3362 Jesus,sic
1794 3295 2022 3352 actibus

377 3381 632 3453 propriis
657 3379 1121 3452 etdignitatibus
1154 3380 1476 3450 distinctis,
1509 3381 1700 3437 ofﬁcia
1720 3385 2024 3454 potestatis

380 3470 688 3540 utriusque
711 3468 986 3524 discrevit
1007 3470 1239 3540 propria
1261 3469 1456 3525 volens
1480 3472 1810 3528 medicinali
1830 3473 2025 3528 humi-

379 3557 542 3613 litate
571 3557 878 3613 hominum
910 3559 1083 3613 corda
1112 3575 1349 3614 sursum
1382 3558 1593 3627 efferri,
1627 3577 1738 3616 non
1764 3561 2026 3618 humana

382 3645 659 3717 superbia
681 3663 888 3702 rursus
912 3646 972 3702 in
991 3647 1217 3704 inferno
1237 3648 1515 3721 demergi,
1540 3654 1604 3705 ut
1623 3650 1795 3706 etiam
1828 3651 2026 3707 Chris-

381 3734 528 3790 tiani
553 3734 938 3806 imperatores
962 3753 1064 3806 pro
1085 3741 1301 3792 aeterna
1322 3737 1442 3793 vita
1464 3739 1840 3809 pontificibus
1870 3740 2026 3795 indi-

382 3828 609 3895 gerent,
641 3830 698 3879 et
730 3825 1056 3896 pontiﬁces,
1090 3843 1193 3894 pro
1224 3843 1400 3880 cursu
1433 3828 1843 3897 temporalium
1895 3835 2022 3884 tan-

382 3912 689 3968 tummodo
717 3929 937 3983 rerum,
970 3913 1380 3983 imperialibus
1424 3913 1650 3984 legibus
1699 3921 2024 3985 uterentur,

384 4004 675 4073 quatenus
706 4000 1035 4073 spiritualis
1066 4000 1216 4056 actio
1266 4001 1599 4058 carnalibus
1648 4003 1891 4060 distaret
1937 4005 2024 4061 in-

386 4090 682 4159 cursibus,
713 4094 770 4148 et
793 4090 921 4146 ideo
957 4088 1220 4146 militans
1251 4095 1364 4146 Deo
1424 4091 1668 4149 minime
1697 4109 1760 4150 se
1788 4094 2028 4151 saecula-

383 4180 550 4238 ribus
582 4180 832 4253 negotiis
863 4180 1222 4252 implicaret,
1255 4197 1322 4236 ac
1354 4180 1613 4237 vicissim
1647 4183 1832 4239 neille
1854 4185 2029 4241 rebus

317 4327 320 4332 _
386 4269 601 4325 divinis
630 4270 942 4341 praesidere
971 4269 1286 4340 videretur,
1321 4269 1421 4341 qui
1448 4275 1604 4327 esset
1649 4272 2029 4330 saecularibus

389 4357 639 4428 negotiis
670 4357 1025 4428 implicatus.

2050 1735 2100 1802 B

2123 459 2280 515 tione
2298 460 2600 531 collatum,
2620 460 2852 533 legibus
2873 461 2992 516 tuis
3015 461 3128 533 ipsi
3151 477 3382 532 quoque
3404 466 3612 532 parent
3642 463 3773 517 relir

2124 549 2317 620 gionis
2350 549 2673 618 antistites,
2703 565 2775 604 ne
2806 549 2894 604 vel
2928 550 2986 604 in
3019 550 3195 604 rebus
3217 549 3498 605 humanis
3519 549 3773 606 exclusae

2123 637 2437 693 videantur
2469 638 2707 693 obviare
2754 637 3079 708 sententiae,
3137 655 3252 709 quo
3284 655 3383 694 ore
3411 642 3467 694 te
3496 640 3678 707 decet,
3713 645 3775 696 et

2123 725 2396 778 convenit
2425 725 2509 780 eis
2541 725 2777 780 obedire
2809 726 3038 793 affectu,
3065 725 3166 797 qui
3190 726 3576 799 prorogandis
3599 744 3773 784 vene-

2125 812 2414 870 rabilibus
2444 819 2585 870 sunt
2616 814 2898 870 attributa
2928 814 3223 887 mysteriis
3247 813 3274 868 ?

2129 918 2264 975 CAP.
2301 919 2424 975 19f.
2459 952 2526 960 —
2561 921 2709 989 Quod
2761 922 2868 976 illa
2916 923 2976 976 in
3017 921 3230 991 legibus
3315 924 3608 988 raevalent,
3654 939 3782 994 quae

2196 992 2532 1047 concordant
2560 1009 2682 1047 cum
2715 995 2932 1048 ratione
2972 991 3114 1048 iuris
3158 997 3212 1048 et
3260 939 3461 1048 Izaum.
3510 995 3778 1048 Petaaius

3281 1010 3309 1049 ϐ

2196 992 2532 1047 concordant
2560 1009 2682 1064 cum
2715 995 2932 1048 ratione
2961 991 3114 1064 juris
3158 997 3212 1048 et
3260 991 3461 1064 legum.
3510 991 3778 1064 Pelagius

2194 1064 2398 1117 Joanni
2425 1063 2632 1118 comiti.

2198 1151 2424 1207 Dicenti
2456 1169 2654 1208 sacras
2679 1153 2982 1224 jussiones
3015 1168 3076 1209 se
3099 1153 3314 1209 habere
3337 1170 3452 1225 prae
3476 1156 3775 1223 manibus,

2126 1241 2561 1312 respondimus,
2594 1242 2743 1297 scire
2776 1242 2939 1297 illum
2975 1245 3241 1314 oportere
3283 1245 3441 1314 quod
3489 1243 3616 1315 ipse
3658 1245 3778 1300 cle-

2125 1328 2532 1385 mentissimus
2557 1329 2825 1402 princeps
2838 1329 3452 1404 generalibuslegibus
3465 1334 3782 1389 constitue-

2126 1416 2330 1484 rit,illa
2343 1435 2510 1473 sacra
2533 1417 3004 1490 uniuscujusque
3025 1419 3313 1475 desiderio
3336 1435 3611 1476 concessa
3628 1437 3778 1493 prae-

2124 1506 2336 1571 valere,
2370 1512 2428 1562 et
2456 1507 2685 1564 effectui
2718 1508 3064 1580 mancipari,
3097 1525 3225 1579 quae
3257 1525 3391 1564 cum
3414 1509 3570 1579 juris
3601 1515 3660 1565 et
3692 1509 3776 1566 le-

2125 1611 2264 1668 gum
2301 1599 2524 1654 ratione
2550 1600 2928 1655 concordant.
2963 1600 3043 1655 Ea
3072 1616 3202 1655 vero
3225 1615 3352 1670 qua:
3371 1600 3775 1670 subreptione,

2129 1685 2215 1740 vel
2251 1687 2414 1743 falsis
2465 1689 2736 1759 precibus
2791 1688 3037 1743 forsitan
3077 1690 3490 1760 impetrantur,
3540 1687 3774 1744 nullum

2130 1776 2602 1848 supplicantibus
2627 1778 2774 1833 ferre
2803 1779 3150 1833 remedium.

2129 1884 2260 1938 CAP.
2299 1884 2421 1955 192..
2453 1915 2520 1923 —
2553 1883 2747 1939 Omnes
2797 1884 2922 1940 lites
2961 1885 3261 1938 secundum
3299 1884 3442 1955 leges
3492 1885 3764 1942 breviari.

2248 1953 2592 2010 Novellarum
2614 1958 3064 2010 constitutionum
3099 1955 3239 2010 libro
3268 1953 3368 2022 vn,
3399 1972 3520 2028 cap.
3547 1956 3638 2011 73.

2200 2043 2417 2099 Omnes
2451 2044 2580 2099 lites
2634 2045 2958 2099 secundum
3014 2043 3170 2114 leges
3226 2048 3283 2099 et
3323 2044 3776 2102 constitutiones

2128 2132 2502 2198 breviantur;
2537 2132 2810 2204 quamvis
2834 2131 3026 2202 jussio
3059 2136 3262 2188 nostra
3290 2132 3375 2188 vel
3412 2134 3780 2206 pragmatica

2129 2222 2356 2276 sanctio
2385 2221 2745 2276 contrarium
2779 2221 3068 2276 statuerit.

2128 2310 2263 2366 CAP.
2302 2311 2420 2365 l93.
2458 2310 2864 2382 —,Secundum
2884 2311 3169 2380 generales
3200 2310 3342 2382 leges
3370 2310 3624 2381 singulas
3643 2327 3781 2366 cau-

2221 2398 2312 2438 sas
2332 2384 2492 2451 ﬁnire
2519 2381 2710 2438 debere
2740 2384 3084 2439 Constitutio
3116 2381 3432 2454 [1014403],
3460 2399 3580 2454 cap.
3616 2385 3665 2438 1.

2200 2472 2380 2527 Nemo
2404 2472 2675 2542 judicum
2708 2473 2827 2527 sive
2857 2472 2916 2526 in
2945 2471 3306 2544 pecuniaria,
3332 2473 3453 2528 sive
3474 2471 3774 2528 criminali

2128 2575 2305 2617 causa
2340 2561 2764 2633 pragmaticam
2824 2564 3086 2617 nostram
3140 2560 3344 2616 timeat
3387 2559 3774 2629 sanctionem,

2128 2650 2216 2706 vel
2247 2649 2403 2705 aliud
2439 2649 2699 2720 cujusvis
2729 2650 2960 2720 generis
2992 2649 3363 2722 rescriptum,
3397 2651 3515 2706 sive
3544 2649 3778 2706 divinas

2120 2740 2446 2811 jussiones,
2478 2738 2597 2794 sive
2627 2739 3156 2795 referendariorum
3201 2739 3617 2811 depositiones,
3673 2743 3780 2794 aut

2130 2827 2382 2884 illustris
2441 2827 2822 2899 magistratus
2866 2833 3192 2900 praecepta:
3258 2845 3394 2884 nam
3445 2829 3775 2885 secundum

2129 2916 2428 2988 generales
2458 2915 2614 2987 leges
2645 2915 2801 2970 finiri
2834 2914 3099 2986 singulas
3130 2931 3340 2971 causas
3363 2915 3670 2986 jubemus,
3719 2923 3778 2971 et

2129 3007 2435 3079 praedictas
2462 3005 2815 3062 ambitiones
2846 3003 3075 3060 nullum
3107 3003 3219 3060 sibi
3268 3004 3464 3060 locum
3510 3003 3571 3060 in
3614 3005 3777 3075 jndi-

2048 3104 2092 3173 C
2131 3095 2234 3152 ciis
2264 3095 2581 3151 vindicare.

2129 3189 2262 3241 CAP.
2301 3185 2420 3270 l9li.
2452 3215 2522 3270 :-
2552 3183 2700 3270 ριιοά
2728 3183 2989 3270 diuturni
3009 3198 3182 3270 mores
3208 3199 3470 3270 consensu
3499 3183 3778 3270 utentium

2201 3257 2516 3382 pppz'obzcti,
2551 3257 2722 3327 legem
2768 3256 3082 3311 imitantur.
3135 3257 3555 3311 Institutionum
3600 3255 3702 3310 lib.
3734 3271 3777 3324 ι,

2229 3346 2244 3382 ι
2275 3345 2308 3382 u
2336 3345 2364 3383 ο
2434 3369 2447 3382 .

2205 3417 2282 3472 Ex
2311 3433 2427 3472 non
2460 3417 2681 3488 scripto
2721 3417 2824 3486 jus
2873 3415 3031 3470 venit
3089 3416 3245 3486 quod
3301 3432 3447 3471 usus
3492 3416 3782 3488 probavit,

2132 3507 2278 3562 Nam
2311 3506 2572 3561 diuturni
2605 3521 2797 3560 mores
2829 3520 3122 3560 consensu
3155 3505 3448 3560 utentium
3495 3505 3783 3576 approba-

2134 3596 2175 3650 ti
2206 3595 2390 3667 legem
2423 3595 2753 3650 imitantur.
2786 3596 2942 3649 Item.
2969 3594 3046 3648 Ea
3073 3610 3200 3664 qua:
3237 3593 3350 3648 sibi
3405 3609 3655 3665 quasque
3698 3593 3784 3648 ci—

2133 3685 2281 3740 vitas
2314 3683 2624 3739 constituit
2655 3698 2808 3754 saape
2836 3682 3053 3738 mutari
3087 3682 3300 3750 solent,
3333 3681 3418 3736 vel
3449 3682 3626 3737 tacito
3647 3698 3785 3738 con-

2135 3791 2313 3831 sensu
2348 3773 2627 3846 principis
2658 3771 2924 3844 [pepuli],
2954 3770 3046 3826 vel
3077 3769 3193 3826 alia
3230 3775 3434 3843 postea
3462 3770 3586 3843 lege
3618 3771 3780 3828 data.

2134 3889 2268 3940 CAP.
2304 3882 2428 3936 495.
2460 3912 2528 3920 —
2564 3879 2714 3949 Quod
2743 3895 2808 3934 ea
2829 3895 2950 3950 quae
3002 3877 3264 3934 universa
3317 3877 3548 3934 custodit
3595 3879 3782 3934 Eccle-

2203 3956 2311 4021 sia,
2343 3953 2470 4008 etsi
2510 3969 2619 4007 non
2674 3953 3030 4006 inveniantur
3071 3952 3299 4021 scripta,
3341 3951 3426 4005 vel
3473 3951 3540 4004 ab
3577 3959 3786 4021 aposto-

2209 4020 2408 4080 lis’vel
2463 4025 2529 4079 ab
2587 4021 2902 4092 apostolicis
2986 4021 3125 4076 viris
3185 4020 3494 4076 credantur
3549 4020 3783 4078 tradita.

2207 4097 2573 4236 EttugusYtpms,
2601 4095 2672 4150 De
2699 4095 2972 4164 baptismo
3001 4095 3191 4148 contra
3221 4094 3569 4161 Donatistas,
3600 4092 3700 4147 lib.
3740 4110 3784 4148 ιι

2229 4185 2349 4236 cap.
2447 4208 2460 4221 .

2337 4209 2349 4222 .
2382 4174 2413 4219 7
2447 4208 2460 4221 .

2208 4174 2390 4312 litim
2418 4174 2538 4311 iion
2567 4254 2954 4310 inveniuntur
2984 4253 3043 4308 in
3092 4252 3306 4309 litteris
3354 4250 3786 4325 apostolorum,

2141 4362 2329 4417 neque
2360 4346 2416 4400 in
2450 4343 2714 4401 conciliis
2745 4347 3132 4415 posterorum,
3165 4347 3222 4397 et
3252 4346 3450 4397 tamen
3499 4340 3638 4412 quia
3680 4355 3788 4413 per

390 4446 521 4535 ΟΔξθο
561 4443 690 4535 4893
715 4475 785 4486 —
816 4445 965 4512 Quod
992 4447 1389 4535 utillapersona
1408 4449 1937 4535 privilegioutamr,
1958 4451 2033 4507 ad
2062 4469 2108 4535 D
2144 4435 2470 4535 universam
2506 4432 2922 4535 custodiuntur
2942 4430 3286 4535 lﬂcclesiam,
3315 4446 3431 4485 non
3454 4428 3566 4485 nisi
3586 4428 3658 4484 ab
3689 4428 3782 4501 ip-

459 4514 749 4596 fugiendos
773 4518 1072 4596 praesentis
1101 4514 1252 4596 legis
1270 4514 1508 4592 laqueos.
1541 4514 1890 4578 Novellarum
1909 4514 2032 4579 con-

462 4587 813 4642 stitutionum
842 4587 938 4644 lib.
974 4605 1048 4652 Ix,
1071 4604 1187 4660 cap.
1222 4590 1275 4644 5.

465 4673 638 4730 Nulla
669 4691 918 4746 persona
947 4676 1241 4747 privilegio
1273 4678 1466 4750 aliquo
1498 4685 1700 4736 utatur
1716 4683 1786 4736 ad
1809 4682 2031 4752 fugien-

394 4766 500 4820 dos
527 4764 831 4835 praesentis
851 4763 1001 4835 legis
1025 4763 1568 4837 laqueos,quamvis
1589 4769 1832 4824 ecclesia
1851 4770 1926 4825 sit
1945 4771 2032 4826 vel

392 4853 627 4919 xenion,
658 4852 748 4908 vel
779 4852 1120 4922 oratorium,
1151 4854 1238 4909 vel
1285 4856 1474 4926 quivis
1523 4857 1673 4913 alius
1721 4856 1883 4914 locus
1932 4859 2034 4930 qui

391 4941 624 5015 pietatis
641 4958 817 4998 causa
839 4941 1082 4998 colitur:
1107 4943 1162 4996 id
1193 4947 1306 5009 est,
1332 4946 1593 5015 ejusdem
1610 4946 1764 5016 juris
1781 4951 1891 5014 est,
1914 4948 2034 5004 sive

392 5031 593 5092 fiscus.
617 5031 740 5087 sive
762 5031 1331 5103 patrimonium,sive
1355 5033 1568 5105 aliquis
1590 5035 1778 5106 quivis
1802 5036 2034 5093 divinus

391 5120 602 5177 titulus
624 5118 930 5193 pulsetur;
964 5125 1021 5176 et
1050 5118 1234 5176 multo
1268 5123 1457 5193 magis
1488 5123 1536 5178 si
1570 5125 1821 5195 potentis
1850 5125 2032 5181 homi-

393 5209 486 5266 nis
515 5225 769 5280 persona
800 5208 859 5263 in
885 5207 1182 5279 judicium
1240 5209 1416 5266 fuerit
1459 5217 1714 5278 evocata,
1765 5214 2033 5284 quamvis

393 5297 765 5373 privilegium
798 5313 868 5354 ex
897 5313 1063 5354 sacro
1095 5299 1330 5354 oraculo
1358 5301 1700 5370 praetendat.

396 5408 530 5462 CAP.
565 5407 685 5462 190.
720 5437 788 5446 -
820 5405 968 5474 Quod
1026 5405 1277 5461 convenit
1329 5423 1519 5475 regem
1574 5407 1781 5476 legibus
1821 5407 2033 5464 divinis

470 5480 770 5549 subjacere.
805 5476 1050 5533 Gelasius
1078 5477 1148 5531 ad
1177 5478 1568 5550 imperatorem.
1589 5479 1958 5533 Anastasium.

473 5563 528 5617 Si
563 5572 848 5635 quantum
881 5567 952 5622 ad
985 5565 1247 5622 ordinem
1281 5565 1524 5637 publicae
1555 5567 1805 5640 pertinet
1860 5567 2030 5624 disci-

2141 4525 2223 4580 sis
2255 4521 2470 4578 tradita
2499 4526 2556 4577 et
2588 4521 3000 4576 commendata
3029 4519 3342 4575 credimus.

2142 4629 2274 4685 CAP.
2311 4629 2439 4684 496.
2480 4659 2547 4668 μς
2578 4628 2725 4683 Nova
2810 4642 2920 4682 non
3005 4641 3119 4681 esse
3187 4624 3593 4696 praesumenda,
3669 4625 3788 4679 nisi

2211 4700 2408 4825 pilique;
2465 4700 2770 4754 auctoritas
2818 4700 3025 4767 faveat.
3082 4695 3200 4752 Leo
3257 4698 3331 4752 IV
3387 4695 3567 4767 μιάίσί
3645 4696 3788 4750 Sar-

2251 4789 2375 4826 mw.

2211 4865 2326 4915 Nec
2359 4876 2505 4927 mos,
2540 4873 2643 4915 nec
2677 4857 2900 4914 noviter
2929 4857 3266 4913 introducta
3295 4855 3656 4911 consuetudo
3691 4871 3794 4911 no-

2143 4955 2273 5006 strae
2300 4949 2590 5018 Ecclesiae,
2611 4945 3140 5019 pradecessoribus
3162 4945 3380 5000 nostris
3411 4943 3538 5010 fuit,
3585 4947 3792 4998 contra

2143 5045 2483 5096 sanctorum
2543 5051 2836 5092 canonum
2899 5051 3046 5090 nova
3087 5033 3174 5089 vel
3221 5032 3504 5087 inusitata
3562 5048 3788 5102 praesu-

2143 5145 2320 5184 mere.
2355 5127 2742 5191 Quamobrem
2785 5140 2892 5180 nos
2941 5122 3208 5178 devotius
3256 5119 3520 5177 volentes
3559 5124 3790 5176 vestras

2142 5216 2452 5289 petitiones
2482 5213 2801 5282 suscipere,
2837 5211 2885 5267 si
2919 5210 2979 5266 in
3013 5210 3106 5266 his
3137 5225 3244 5265 nos
3293 5211 3631 5266 sanctorum
3679 5208 3788 5264 Pa-

2139 5310 2295 5359 trum
2331 5317 2583 5359 censura
2603 5300 2858 5370 juvaret.
2893 5299 3004 5355 Sed
3037 5298 3164 5353 ideo
3195 5297 3333 5368 quia
3361 5295 3651 5367 synodico
3680 5312 3787 5368 pa-

2138 5393 2306 5465 ginae,
2341 5392 2397 5444 in
2430 5390 2542 5444 hoc
2574 5389 2763 5444 favore
2793 5405 2907 5444 non
2937 5387 3232 5454 videntur,
3265 5401 3382 5441 non
3413 5388 3635 5440 tantam
3679 5401 3787 5441 no-

2138 5481 2377 5534 vitatem
2408 5493 2756 5550 praesumere
2787 5493 2903 5532 non
2936 5492 3254 5549 possumus
3275 5479 3333 5532 et
3353 5475 3423 5531 ab
3446 5473 3543 5530 illo
3575 5474 3785 5530 rectis-

2138 5569 2284 5625 simo
2313 5567 2545 5623 tramite
2571 5564 2819 5622 deviare.
