3978 6060
213 286 330 340 309

209 416 357 469 CAP.
393 410 514 466 l97.
548 439 617 450 —-
643 409 795 479 Quod
826 413 1092 468 canonice
1139 412 1349 469 tradita
1406 415 1564 471 nulla
1619 417 1865 472 novitate

288 491 421 610 suum
450 482 858 538 commutanda.
891 484 973 539 Ea:
1003 485 1143 540 libro
1166 486 1504 557 Pontiﬁcum
1533 490 1631 560 qui
1657 488 1867 544 dicitur

340 571 559 610 turnus.

283 643 446 698 Nihil
480 644 551 697 de
578 642 897 698 traditione
919 659 1098 714 quam
1130 662 1164 700 a
1223 646 1663 717 probatissimis
1720 665 1868 719 prae-

207 732 628 787 decessorihus
660 730 807 786 meis
840 732 1121 789 traditam
1181 738 1239 789 et
1300 740 1588 791 servatam
1651 738 1867 808 reperi,

212 820 551 876 diminuere
581 819 667 875 vel
702 825 955 885 mutare,
1005 826 1105 877 aut
1135 821 1396 895 aliquam
1425 826 1732 881 novitatem
1768 828 1867 881 ad-

210 908 471 977 mittere,
506 910 611 964 sed
654 909 945 964 ferventer
976 915 1040 965 ut
1095 927 1299 967 eorum
1359 929 1493 968 vere
1542 914 1871 986 discipulus

207 1003 271 1054 et
331 998 661 1071 sequipeda
709 1001 831 1053 toto
866 1000 1083 1055 mentis
1143 1018 1284 1056 mea;
1368 1004 1681 1058 ccuauime
1744 1020 1869 1075 qua:

208 1088 432 1143 tradita
456 1086 735 1143 canonice
766 1088 1086 1159 comperio,
1132 1089 1440 1146 observare
1484 1108 1549 1146 ac
1607 1095 1872 1148 venerari

210 1176 519 1247 profiteor.

206 1268 350 1321 CAP.
422 1265 545 1320 198.
599 1295 670 1306 —
707 1266 783 1320 De
838 1267 1268 1340 eodem._Actio
1326 1268 1359 1319 7
1415 1272 1603 1324 contra
1670 1272 1875 1340 falsam

906 1336 1197 1409 synodum.

281 1423 507 1479 Omnes
541 1423 888 1481 traditiones
916 1426 1346 1481 ecclesiasticas
1378 1427 1500 1483 sive
1537 1428 1597 1483 in
1629 1430 1869 1501 scripto,

202 1512 330 1568 sive
364 1513 492 1568 sine
541 1514 762 1584 scripto
786 1513 1203 1571 inviolabiliter
1224 1517 1779 1575 custodimuthem.
1813 1519 1873 1575 Si

205 1602 349 1673 quis
363 1618 599 1658 omnem
616 1602 997 1659 traditionem
1017 1604 1477 1662 ecclesiasticam
1492 1607 1580 1662 vel
1594 1609 1873 1679 scriptam

206 1690 300 1746 vel
324 1707 441 1746 non
477 1691 763 1763 scriptam
787 1690 986 1759 violat,
1024 1693 1339 1749 anathema
1372 1694 1467 1750 sit.

207 1778 353 1877 (ΖΑΓ.
386 1780 517 1877 199;
547 1809 613 1821 —
647 1782 710 1837 Ut
742 1794 1123 1877 ea'quaenusus
1153 1782 1522 1877 antiq'uitatis‘
1541 1784 1764 1865 statuit,
1786 1786 1873 1877 in-
1904 1787 1952 1853 Β
1981 1824 2109 1863 eam
2134 1778 2189 1862 fe
2222 1808 2237 1877 (

287 1853 554 1933 temerata
610 1850 918 1933 serventur.
953 1850 1581 1933 Gregoriusbtdurentio
1610 1854 1875 1926 magistro

287 1924 563 1989 militum,
602 1921 702 1978 lib.
736 1940 817 1978 vn
844 1921 1089 1994 registri,
1121 1927 1280 2001 epist.
1304 1926 1393 1979 70.

286 2012 541 2067 Omnino
581 2011 1010 2068 contristamur
1039 2029 1146 2068 cur
1176 2013 1235 2067 in
1262 2013 1551 2069 Theodori
1584 2014 1873 2071 defensio-
1910 2026 1913 2027 '

227 2114 366 2155 nem
400 2100 617 2156 veritas
650 2117 766 2156 non
800 2101 1111 2172 permovit,
1140 2104 1205 2156 ut
1227 2106 1285 2157 et
1318 2100 1500 2157 libere
1531 2102 1671 2174 quid
1721 2108 1877 2159 esset

212 2188 370 2244 ratio
401 2189 760 2257 discretis,et
794 2190 1073 2245 reservari
1103 2191 1258 2261 quod
1287 2189 1464 2262 longa
1495 2191 1606 2247 sibi
1638 2209 1877 2248 consue-

211 2279 359 2333 tudo
391 2280 528 2349 jure
556 2279 840 2345 vindicat,
874 2279 1165 2350 faceretis,
1191 2280 1330 2350 quia
1359 2296 1532 2351 grave
1566 2280 1744 2337 nimis
1785 2287 1875 2337 est

214 2371 683 2423 contraveterem
708 2384 885 2423 usum
907 2369 1243 2423 sacerdotes
1263 2368 1373 2424 sibi
1400 2369 1707 2440 quidpiam
1736 2371 1874 2425 arri-

211 2472 376 2527 pere.
408 2459 560 2512 Item.
596 2456 806 2512 Omnia
829 2472 957 2528 quas
992 2474 1139 2512 usus
1171 2457 1547 2529 antiquitatis
1580 2458 1871 2526 statuit,in

211 2545 494 2601 omnibus
526 2545 874 2601 intemerata
904 2550 1234 2601 serventur.

210 2638 349 2689 CAP.
381 2634 511 2690 200.
578 2664 647 2674 —
688 2636 760 2690 De
818 2634 1021 2760 ῗρὲἰεγη.
1072 2634 1335 2760 Ιδίάοᾶαε.
1398 2636 1872 2707 Etymologiarum

845 2723 860 2759 ι
907 2751 917 2760 .
950 2722 1006 2760 v.
1039 2721 1161 2760 cap.
1243 2748 1255 2760 .

845 2721 917 2761 ιο.
950 2722 1006 2765 v.
1039 2721 1161 2777 cap.
1203 2721 1255 2761 δ.

289 2797 456 2863 (Dist.
490 2796 615 2863 t,c.
651 2796 759 2851 Mos
778 2797 901 2865 est.)
952 2796 1077 2851 Mos
1135 2801 1225 2852 est
1283 2801 1571 2851 vetustate
1630 2798 1875 2867 probata

214 2886 602 2949 consuetudo,
638 2885 760 2940 sive
788 2884 883 2940 lex
918 2901 1035 2940 non
1070 2887 1309 2957 scripta,
1363 2888 1512 2940 Item.
1572 2886 1761 2953 (Ibid,
1818 2903 1869 2942 ο.

212 2972 549 3029 consuetudo
579 2974 1192 3043 autem.)Consuetude
1207 2979 1400 3029 autem
1429 2978 1518 3029 est
1548 2975 1649 3045 jus
1681 2976 1871 3045 quod—

213 3063 351 3117 dam
387 3062 648 3117 moribus
670 3062 1199 3134 institutum,quod
1234 3080 1337 3135 pro
1370 3062 1495 3134 lege
1524 3064 1868 3135 suscipitur,

1008 289 1320 343 DECRETI
1360 291 1547 345 PARS
1584 294 1677 346 ιν.
1713 321 1778 331 -
1808 293 1904 346 ΒΕ
1940 294 2214 349 FESTIV.
2256 298 2349 349 ET
2387 298 2649 361 JEJUN.,
2694 298 2846 349 ETC.

3536 298 3642 351 310

1893 417 2281 485 Aimmotam
2316 436 2658 493 permanere
2688 420 3087 489 concedimus,
3113 420 3232 476 sive
3265 423 3335 476 de
3364 423 3637 493 primati-

1978 508 2089 562 bus
2107 510 2533 565 constituendis
2553 509 3003 580 (custodiendis)
3036 510 3377 581 caaterisque
3408 512 3635 583 capitu-

1976 595 2332 669 lis,exceptis
2365 598 2456 653 his
2492 598 2590 669 qui
2624 616 2692 653 ex
2737 598 3064 653 Donatistis
3117 600 3185 653 ad
3233 600 3634 671 episcopatum

1979 687 2344 757 perveniunt,
2379 704 2529 759 quos
2558 687 2792 757 provehi
2827 689 2890 741 ad
2934 687 3225 759 primatus
3266 689 3635 760 dignitatem,

1980 775 2152 830 etiam
2187 793 2319 831 cum
2346 778 2487 831 ordo
2505 793 2602 831 eos
2635 777 2704 831 ad
2730 776 2922 830 locum
2948 777 3219 831 eumdem
3253 778 3493 845 deferat,
3521 795 3639 834 mo-

1980 864 2071 919 dis
2102 866 2377 920 omnibus
2408 865 3082 936 prohibemusﬁufﬁciat
3105 871 3294 921 autem
3330 866 3448 923 illis
3471 884 3629 923 com-

1981 953 2306 1009 misszesihi
2332 954 2518 1025 plebis
2541 971 2737 1009 curam
2788 971 3129 1026 gerere,non
3191 960 3387 1010 autem
3450 958 3626 1013 etiam

1976 1040 2108 1098 illos
2137 1044 2610 1116 antistites,quos
2633 1042 2921 1098 catholica
2950 1044 3093 1098 fides
3117 1044 3175 1098 in
3198 1044 3469 1101 Ecclesiae
3493 1047 3627 1101 sinu

1981 1135 2038 1187 et
2067 1132 2263 1186 docuit
2291 1137 2348 1188 et
2379 1132 2600 1205 genuit,
2635 1134 2705 1187 ad
2738 1132 3040 1188 obtinendi
3072 1133 3306 1189 culmen
3332 1135 3623 1207 primatus

1984 1221 2230 1276 anteire.

1982 1312 2110 1365 CAP.
2140 1311 2266 1365 205.
2301 1342 2365 1351 —
2392 1312 2455 1367 Ut
2476 1311 2868 1366 communione
2892 1311 3144 1383 privetur
3175 1310 3268 1383 qui
3290 1318 3493 1367 statuta
3526 1318 3636 1369 Ro-

2052 1398 2342 1436 manorum
2372 1383 2699 1452 pontiﬁcum
2740 1382 2990 1451 infregit.
3017 1382 3193 1447 Idem,
3215 1383 3373 1454 epist.
3419 1385 3474 1451 7,
3538 1385 3632 1439 lib.

2053 1470 2119 1520 ιι,
2150 1454 2353 1508 Joanni
2383 1454 2632 1509 Larisseo
2672 1454 2941 1524 episcopo.

2051 1541 2107 1595 Si
2134 1546 2337 1596 contra
2369 1541 2489 1597 haec
2521 1558 2645 1613 quae
2678 1542 3019 1607 statuimus,
3055 1542 3319 1612 quolibet
3348 1547 3631 1615 tempore,

1983 1630 2246 1702 qualibet
2283 1630 2587 1686 occasione
2635 1631 2726 1685 vel
2760 1631 3144 1701 subreptione
3191 1632 3382 1687 venire
3438 1638 3632 1689 tenta-

1980 1719 2154 1785 veris,
2185 1734 2350 1775 sacra
2402 1720 2556 1774 scias
2588 1723 2645 1773 te
2695 1720 3107 1774 communione
3161 1720 3473 1791 privatum,
3528 1739 3634 1778 nec

2244 1811 2479 1877 excepto
2514 1806 2719 1863 ultimo
2750 1807 2880 1861 vitea
2914 1811 3025 1861 tua}
3048 1810 3327 1879 tempore)
3362 1808 3473 1863 nisi
3497 1825 3633 1865 cum

1985 1912 2263 1951 concessa
2296 1896 2541 1951 Romani
2594 1897 2890 1967 pontificis
2938 1897 3310 1951 decernimus
3360 1898 3634 1968 jussione

1984 1984 2264 2056 recipere.

1984 2073 2118 2128 CAP.
2142 2074 2268 2127 206.
2302 2103 2371 2114 -—
2402 2074 2599 2129 Omnia
2648 2088 2775 2144 quae
2826 2090 2922 2129 nec
2961 2074 3207 2129 consiliis
3263 2074 3637 2144 episcoporum

2053 2150 2258 2201 statuta
2287 2153 2434 2209 sunt,
2467 2162 2566 2200 nec
2593 2146 2984 2201 consuetudine
3048 2146 3329 2202 universa?
3387 2146 3635 2201 Ecclesiae

2055 2219 2337 2283 roborata,
2371 2216 2466 2271 sed
2514 2216 2857 2272 diversorum
2900 2218 3143 2271 locorum
3187 2217 3421 2271 diversis
3458 2217 3625 2271 mori-

2056 2289 2153 2342 bus
2179 2287 2656 2343 irrationabiliter
2702 2305 2823 2342 sunt
2850 2290 3085 2354 variata,
3148 2289 3439 2343 resecando
3491 2304 3624 2342 esse.

2054 2360 2391 2427 Augustinus
2420 2359 2493 2412 ad
2528 2358 2913 2428 inquisitiones
2934 2360 3218 2423 Januarii,
3274 2360 3434 2430 epist.
3500 2360 3624 2426 109,

2056 2446 2175 2500 cap.
2212 2431 2278 2483 19
2310 2430 2430 2499 (lib.
2464 2446 2580 2495 1,c.
2612 2431 2720 2499 19).

2057 2519 2188 2586 (Dis.
2224 2520 2310 2585 12,
2368 2535 2497 2588 cap.
2531 2519 2736 2575 Omnia
2794 2519 2977 2581 talia.)
3037 2518 3245 2573 Omnia
3296 2518 3438 2573 talia
3498 2535 3625 2588 quas

1984 2623 2171 2676 neque
2200 2612 2536 2661 sanctarum
2550 2606 3446 2677 Scripturarumauctoritatibus
3490 2623 3627 2660 con-

1981 2696 2377 2765 tinentur,uec
2405 2696 2474 2749 de
2505 2695 2768 2750 conciliis
2790 2695 3197 2766 episcOporum
3221 2698 3443 2749 statuta
3463 2694 3626 2750 inve-

1983 2786 2359 2853 niuntur,nec
2389 2784 2817 2838 consuetudine
2838 2783 3122 2838 universe
3155 2781 3423 2837 Ecclesiae
3457 2784 3627 2837 robo-

1982 2878 2104 2929 rata
2127 2872 3325 2942 sunt,seddiversorumlocorum,diversis
3348 2872 3631 2942 tmoribus

1982 2961 2909 3027 innumerabilitervariantur,ita
2926 2966 2989 3015 ut
3007 2960 3099 3015 vix
3112 2966 3215 3015 aut
3235 2961 3475 3015 omnino
3492 2977 3637 3015 nun-

1983 3068 2162 3123 quam
2194 3050 2443 3105 inveniri
2468 3051 2693 3121 possint
2724 3068 2936 3114 causae,
2988 3066 3133 3118 quas
3200 3049 3256 3103 in
3319 3049 3403 3104 eis
3462 3048 3637 3104 insti-

212 3166 353 3206 ουω
386 3150 581 3205 deﬁcit
604 3151 715 3217 lex,
751 3167 856 3206 nec
888 3151 1085 3207 differt
1116 3156 1316 3206 utrum
1350 3151 1643 3223 scriptum
1677 3168 1749 3207 an
1783 3168 1873 3207 ra-
1905 3146 1947 3213 C
1984 3139 2221 3194 tuendis
2278 3138 2548 3193 homines
2600 3138 2784 3192 secuti
2844 3143 3002 3203 sunt,
3080 3137 3175 3191 ubi
3234 3135 3484 3191 facultas
3532 3138 3636 3191 tri-

214 3239 377 3294 tione
402 3240 705 3295 consistat.

214 3328 354 3385 CAP.
378 3329 502 3383 201.
539 3359 607 3370 -
635 3330 769 3384 Item
798 3329 863 3384 de
891 3328 1121 3401 eodem.
1155 3328 1414 3383 Codicum
1446 3329 1541 3383 lib.
1574 3346 1695 3396 vm,
1753 3346 1873 3401 cap.

868 3400 960 3469 52,
994 3400 1155 3456 titulo
1188 3401 1240 3455 1.

287 3488 447 3559 (Dist.
481 3488 569 3554 l2,
604 3504 651 3544 c.
685 3488 1075 3557 Consuetudo.)
1105 3489 1482 3545 Consuetudo
1513 3490 1870 3559 praecedens,

212 3583 273 3635 et
305 3578 452 3634 ratio
484 3595 611 3650 qua
634 3578 1124 3634 consuetudinem
1200 3577 1409 3645 suasit,
1462 3579 1717 3633 tenenda
1762 3582 1871 3647 est,

213 3672 274 3722 et
303 3667 594 3739 quidquid
628 3670 834 3722 contra
854 3666 1093 3737 longam
1130 3666 1623 3721 consuetudinem
1645 3668 1761 3731 fiet;
1799 3668 1871 3722 ad

215 3754 680 3811 sollicitudinem
706 3770 874 3809 suam
900 3754 1198 3810 revocabit
1222 3769 1435 3825 praeses
1468 3755 1799 3823 provinciis.

214 3847 349 3900 CAP.
384 3844 508 3898 202.
543 3873 612 3883 ——
643 3843 795 3911 Quod
851 3841 1191 3897 consuetudo
1241 3857 1351 3895 non
1389 3841 1547 3905 adeo,
1606 3843 1768 3910 valet,
1811 3851 1872 3899 ut

358 3914 643 3970 rationem
673 3918 892 3981 vincat,
924 3914 1011 3968 vel
1045 3914 1240 3984 legem.
1279 3913 1453 3968 Titulo
1472 3914 1726 3969 secundo.

285 4003 452 4073 (Dist.
492 4004 576 4073 11,
606 4019 654 4057 c.
688 4001 1163 4072 Consuetudinis.)
1194 4002 1665 4058 Consuetudinis
1697 4020 1872 4059 usus-

215 4108 331 4163 que
362 4091 607 4163 longaavi
640 4108 757 4146 non
790 4090 921 4145 vilis
954 4090 1273 4146 auctoritas
1329 4094 1439 4159 est,
1496 4107 1698 4146 verum
1748 4108 1864 4148 non

212 4197 402 4251 usque
435 4181 578 4235 adeo
608 4179 701 4234 sui
733 4178 993 4235 valitura
1023 4184 1343 4248 momento,
1370 4183 1436 4234 ut
1457 4184 1559 4235 aut
1587 4181 1869 4236 rationem

209 4269 426 4333 vincat,
461 4273 565 4324 aut
584 4269 793 4337 legem.

211 4357 346 4413 CAP.
392 4357 524 4412 203.
548 4388 616 4397 -——
650 4355 818 4410 Malas
847 4355 1266 4411 consuetudines
1286 4356 1553 4412 citissime
1580 4371 1697 4411 esse
1722 4357 1870 4411 evel-

286 4427 503 4484 lendas.
537 4427 796 4484 Nicotaus
825 4444 977 4498 papa
1020 4431 1240 4499 lgmaro
1270 4429 1521 4483 Remensi
1567 4428 1871 4499 archiepis-

285 4515 435 4570 copo.

288 4589 445 4657 (Dist.
480 4586 535 4655 8,
566 4602 614 4642 c.
652 4586 796 4641 Mala
824 4586 1088 4655 consuel.)
1123 4584 1274 4641 Mala
1306 4586 1687 4653 consuetudo,
1741 4602 1867 4658 quis

213 4694 330 4733 non
364 4678 566 4732 minus
590 4692 767 4747 quam
786 4674 1117 4747 perniciosa
1140 4675 1473 4746 corruptela
1494 4676 1732 4731 vitanda
1758 4681 1867 4741 est,

214 4783 342 4838 quae
374 4765 490 4821 nisi
522 4766 698 4821 citius
730 4764 1015 4820 radicitus
1033 4762 1399 4833 evellatur,in
1431 4764 1865 4836 privilegiorum

206 4853 309 4923 jus
332 4852 404 4908 ab
437 4851 640 4924 impiis
662 4850 1009 4917 assumitur,
1044 4854 1101 4905 et
1125 4850 1416 4920 incipiunt
1454 4853 1870 4922 praevaricatio-

214 4957 341 5006 nes,
373 4945 433 4995 et
459 4940 629 4997 variis
661 4938 1155 5011 prasumptiones
1185 4938 1487 4995 celerrime
1536 4958 1653 4995 non
1711 4956 1866 4995 com-

212 5045 448 5102 pressae,
484 5046 587 5100 pro
612 5028 844 5101 legibus
871 5026 1134 5083 venerari
1156 5031 1215 5083 et
1238 5026 1679 5100 privilegiorum
1710 5044 1869 5083 more

213 5122 502 5189 perpetuo
523 5116 829 5174 celebrari.

214 5210 352 5264 CAP.
386 5207 511 5261 204.
538 5236 608 5248 -
637 5208 849 5261 Bonam
902 5204 1377 5271 consuetudinem,
1416 5214 1469 5261 et
1513 5206 1565 5260 si
1618 5205 1871 5261 videatur

285 5278 506 5333 obviare
535 5278 745 5333 rationi
776 5292 885 5332 non
914 5277 1450 5348 [acilemutandam
1498 5277 1681 5348 Greg.,
1710 5277 1864 5347 epist.

286 5350 378 5475 ἐᾷ,
435 5350 536 5406 lib.
595 5367 613 5404 ι
684 5349 931 5419 registri,
994 5346 1271 5403 universis
1335 5346 1618 5420 episcopis
1674 5346 1867 5405 Numi-

330 5434 425 5477 ιέε.

289 5507 472 5577 (Dist.
504 5506 590 5571 12,
640 5523 764 5578 cap.
822 5505 976 5578 Nos.)
1015 5506 1132 5561 Nos
1180 5507 1687 5574 consuetudinem,
1742 5526 1867 5580 qua:

221 5594 617 5655 contraﬁdem
645 5593 992 5653 catholicam
1012 5594 1162 5652 nihil
1178 5612 1462 5668 usurpare
1482 5597 1865 5669 dignoscitur,

1899 4508 1946 4573 D

1984 3228 2202 3295 buitur,
2235 3227 2363 3282 sine
2395 3227 2514 3281 ulla
2558 3226 2924 3281 dubitatione
2966 3227 3284 3281 resecanda
3340 3225 3633 3281 existimo.

1984 3317 2261 3381 Quamvis
2290 3316 2446 3371 enim
2470 3332 2658 3386 neque
2691 3315 2799 3370 hoc
2832 3316 3078 3369 inveniri
3114 3314 3634 3384 possit,quomodo

1982 3410 2186 3459 contra
2217 3405 2390 3459 ﬁdem
2424 3405 2562 3473 sint,
2596 3404 2787 3475 ipsam
2818 3409 3013 3458 tamen
3038 3403 3381 3474 religionem
3442 3419 3623 3473 quam

1983 3492 2354 3564 paucissimis
2400 3497 2456 3547 et
2512 3491 3015 3547 manifestissimis
3047 3490 3501 3547 celebrationum
3536 3507 3631 3546 sa-

1983 3580 2300 3637 cramentis
2358 3581 2764 3636 misericordia
2815 3580 2917 3633 Dei
2942 3594 3070 3634 esse
3131 3578 3315 3634 voluit
3361 3579 3629 3645 liberam,

1982 3683 2159 3737 quam
2192 3666 2505 3721 servilibus
2537 3666 2816 3720 oneribus
2850 3670 3147 3735 promunt,
3182 3671 3246 3719 ut
3276 3665 3633 3722 tolerabilior

1984 3756 2062 3811 sit
2084 3753 2340 3811 conditio
2369 3756 2732 3817 Judzeorum,
2766 3754 2867 3824 qui
2902 3754 3081 3809 etiam
3115 3753 3164 3808 si
3197 3757 3431 3825 tempus
3463 3754 3637 3809 liber-

1982 3845 2123 3899 tatis
2153 3861 2267 3899 non
2299 3848 2722 3915 cognoverunt,
2762 3842 3051 3914 legalibus
3083 3850 3275 3898 tamen
3298 3859 3635 3898 sacramen-

1980 3932 2059 3987 tis
2091 3948 2203 3986 uon
2237 3931 2514 3987 humanis
2545 3931 3109 4002 prmsumptionibus
3139 3930 3559 4001 subjiciuntur.

1982 4042 2116 4093 CAP.
2159 4039 2285 4092 207.
2317 4069 2386 4078 —
2423 4038 2572 4105 Quod
2601 4053 2735 4091 usus
2758 4039 3080 4092 auctoritati
3107 4037 3298 4093 cedere
3325 4037 3499 4092 debet.
3522 4037 3633 4091 Isi-

2368 4110 2552 4176 dorus,
2587 4111 2645 4162 in
2676 4108 3037 4177 Synonymis,
3063 4109 3159 4162 lib.
3194 4126 3253 4163 ιι.

2051 4198 2215 4269 (Dist.
2247 4198 2333 4252 11.
2366 4213 2485 4267 cap.
2523 4197 2699 4266 Usus.)
2732 4195 2884 4251 Usus
2914 4194 3249 4250 auctoritati
3281 4195 3470 4263 cedat,
3498 4210 3630 4265 pra-

1978 4304 2111 4342 vum
2149 4302 2319 4341 usum
2345 4285 2436 4341 lex
2465 4291 2521 4341 et
2552 4286 2700 4340 ratio
2732 4285 2945 4339 vincat.

1979 4378 2113 4431 CAP.
2144 4375 2269 4429 208.
2301 4403 2370 4414 --
2402 4374 2474 4427 De
2494 4372 2697 4429 eodem.
2731 4371 3088 4441 Augustinus,
3120 4386 3241 4441 cap.
3272 4373 3307 4427 6
3333 4372 3428 4428 lib.
3463 4388 3525 4428 ιιι
3556 4373 3630 4428 De

2375 4445 2644 4515 baptismo
2673 4449 2864 4500 contra.
2895 4444 3235 4499 Donatistas.

2051 4534 2216 4603 (Dist,
2252 4534 2307 4599 8,
2345 4534 2633 4603 Veritate.)
2686 4532 2939 4588 Veritate
2998 4532 3397 4597 manifestata,
3457 4532 3627 4589 cedat

1980 4622 2341 4679 consuetudo
2367 4622 2614 4678 veritati.
2647 4622 2822 4677 Plane
2853 4622 3175 4691 respondeo
3232 4622 3453 4693 (inquit
3505 4627 3624 4678 Au-

1980 4712 2157 4783 gust).
2191 4712 2332 4776 Quis
2366 4710 2595 4767 dubitet
2653 4709 2884 4767 veritati
2944 4710 3333 4766 manifestatur.
3380 4727 3622 4769 consue-

1980 4801 2248 4857 tudinem
2280 4801 2501 4856 cedere.
2535 4802 2688 4857 Item.
2721 4799 3276 4871 (Ibid.).,c.8).Nemo
3311 4805 3623 4857 consuetu-

1978 4891 2178 4945 dinem
2213 4890 2401 4946 ratoni
2428 4897 2481 4945 et
2512 4888 2740 4945 veritati
2773 4893 3094 4961 praeponat,
3116 4889 3257 4960 quia
3315 4894 3626 4947 consuetu-

1978 4977 2174 5033 dinem
2206 4979 2352 5033 ratio
2383 4983 2439 5034 et
2470 4978 2680 5033 veritas
2711 4994 2941 5050 semper
2972 4976 3247 5033 excludit.

1986 5089 2124 5141 CAP.
2157 5083 2281 5138 209.
2308 5114 2375 5126 —
2408 5084 2557 5152 Quod
2585 5082 2767 5139 multa
2797 5085 2863 5139 ab
2894 5083 3155 5155 apostolis
3183 5084 3487 5142 creduntur
3513 5090 3629 5142 tra-

2203 5155 2339 5222 dita,
2370 5172 2496 5226 quae
2515 5171 2624 5210 non
2655 5164 2781 5211 sunt
2814 5159 3015 5226 scripta
3044 5157 3179 5211 Item
3211 5156 3308 5212 lib.
3342 5174 3394 5213 ν.

2049 5245 2425 5299 Consuetudo
2449 5244 2549 5299 illa
2580 5262 2707 5316 quae
2738 5245 3145 5315 opponebatur
3190 5246 3497 5317 Cypriano,
3557 5246 3628 5299 ab

1982 5332 2379 5404 apostolorum
2398 5334 2712 5389 traditione
2727 5333 2963 5388 exordiu
2976 5350 3029 5388 m
3047 5334 3627 5404 sumpsissecreden-

1979 5422 2054 5476 da
2083 5425 2194 5487 est,
2226 5420 2378 5477 sicut
2407 5426 2548 5477 sunt
2579 5421 2767 5477 multa
2788 5438 2914 5492 quae
2952 5421 3221 5477 universa
3251 5425 3410 5477 tenet
3438 5420 3626 5476 Eccle-

1979 5510 2086 5579 sia,
2118 5514 2174 5565 et
2207 5511 2278 5566 ob
2312 5510 2419 5565 hoc
2448 5512 2517 5566 ab
2547 5509 2827 5583 apostolis
2851 5515 3143 5581 praecepta
3174 5510 3317 5564 bene
3373 5511 3621 5569 credun-

1978 5602 2093 5666 tur,
2130 5616 2471 5671 quanquam
2504 5600 2723 5672 scripta
2752 5616 2869 5655 non
2917 5598 3301 5670 reperiantur.
