3960 6072
314 255 418 309 311

386 452 690 505 auctoritas
714 449 1012 520 principis,
1044 468 1146 505 nec
1176 467 1308 504 usus
1333 449 1601 507 Ecclesia
1623 450 1832 506 suadet.
1865 455 1966 506 Leo

382 525 617 593 quartus
651 520 909 576 Lat/tario
942 522 1209 590 Augusto.

388 609 716 665 Mandastis
750 613 815 665 ut
847 609 1223 681 privilegium
1249 613 1306 665 et
1331 609 1573 680 pallium
1602 609 1763 665 Alteo
1812 609 1965 681 epis-

319 719 463 774 copo
488 702 900 774 praeberemus.
935 701 1099 756 Unde
1133 703 1433 773 poscimus
1468 709 1531 756 ut
1561 708 1752 758 vestra
1792 718 1967 774 super

321 793 432 847 hoc
473 791 816 862 magnitudo
851 807 964 844 non
999 789 1361 862 indignetur,
1409 791 1685 863 quoniam
1735 808 1848 861 quo
1893 791 1964 846 ab

321 880 452 952 ipso
470 879 843 935 sanctissimo
875 895 1023 949 papa
1057 880 1330 952 Gregorio
1363 897 1550 951 usque
1572 881 1642 935 ad
1668 881 1787 935 hazc
1821 885 1963 934 tem-

325 985 467 1040 pora
500 973 700 1023 nostra
749 967 964 1021 factum
1018 967 1262 1022 minime
1317 970 1716 1033 recordamur,
1778 969 1965 1025 facere

326 1074 441 1112 non
468 1056 983 1128 potuimus,neque
1002 1057 1265 1126 praeﬁxos
1288 1061 1524 1112 Patrum
1553 1059 1836 1113 terminos
1857 1058 1967 1111 im-

328 1149 572 1200 mutare.
607 1143 1112 1213 Item.Quodjusta
1133 1151 1190 1200 et
1212 1146 1417 1201 sedula
1448 1163 1553 1201 nos
1585 1146 1804 1201 imitari
1830 1163 1968 1202 con-

324 1234 574 1290 suetudo
607 1251 721 1288 non
755 1234 1032 1306 praecipit,
1067 1237 1145 1290 ita
1176 1236 1246 1291 ab
1273 1236 1379 1291 hoc
1432 1237 1608 1293 veluti
1670 1254 1703 1293 a
1754 1254 1967 1309 magno

325 1343 433 1380 nos
455 1323 770 1395 praecipitio
802 1324 1097 1378 custodire
1125 1330 1371 1394 oportet.

327 1432 462 1506 CAP.
494 1431 633 1506 211.Δ
653 1460 721 1506 _—
751 1430 908 1506 Quod
937 1430 1101 1506 nulla
1130 1433 1516 1506 consuetudine
1541 1436 1742 1502 poterit
1794 1436 1967 1506 impe-

395 1502 510 1557 diri
537 1501 803 1572 quidquid
832 1503 1127 1555 auctoritas
1155 1504 1450 1572 apostolica
1481 1501 1746 1560 sanxerit.
1807 1501 1968 1562 Nico-

399 1574 521 1628 taus
551 1580 590 1628 I.
625 1575 784 1640 epist.
819 1572 890 1626 ait
918 1573 1232 1628 Michaetem
1261 1577 1674 1642 imperatorem.

394 1662 554 1733 (Dist.
589 1661 674 1728 11,
707 1677 754 1714 c.
789 1660 1126 1732 Consequens
1156 1663 1280 1732 est.)
1340 1666 1708 1734 Consequens
1765 1670 1853 1721 est
1908 1670 1971 1721 ut

329 1752 483 1822 quod
506 1751 578 1805 ab
597 1749 777 1820 hujus
791 1749 1286 1807 sedisrectoribus
1303 1752 1470 1823 plena
1484 1754 1829 1809 auctoritate
1843 1771 1968 1810 sane
2001 1739 2049 1803 B
2154 1782 2430 1853 Legimus
2462 1785 2477 1839 ί

330 1839 483 1895 citur
505 1838 724 1894 nullius
756 1839 1158 1894 consetudinis
1204 1842 1593 1912 praepediente
1640 1844 1969 1912 occasione,

329 1927 596 1999 prOprias
619 1931 849 1982 tantum
874 1929 1175 1998 sequendo
1202 1930 1554 1996 voluntates,
1582 1938 1967 1999 removeatur,

327 2017 428 2072 sed
463 2015 755 2070 inﬁrmius
778 2020 959 2086 atque
992 2017 1341 2073 inconcusse
1391 2026 1674 2075 teneatur.
1706 2023 1861 2075 Item.
1892 2022 1972 2077 De

327 2103 852 2160 consuetudinibus
897 2121 1046 2174 quas
1103 2108 1271 2162 nobis
1329 2111 1746 2178 opponerevisi
1805 2110 1969 2176 estis,

329 2194 786 2263 scribentes,per
816 2193 1076 2249 diversas
1113 2195 1816 2254 Ecclesiasdiversasesse
1835 2216 1972 2254 con-

330 2281 753 2347 suetudines,si
787 2281 904 2336 illis
925 2284 1204 2338 canonica
1226 2301 1338 2339 non
1371 2286 1604 2340 obsistit
1633 2288 1971 2355 auctoritas,

335 2388 438 2442 pro
469 2386 586 2441 qua
616 2370 700 2425 eis
718 2371 950 2426 obviare
982 2372 1745 2445 debemus,niljndicamus,
1779 2379 1864 2432 vel
1889 2379 1973 2435 eis

338 2457 694 2514 resistimus.

334 2549 467 2603 CAP.
497 2547 623 2602 212.
645 2577 716 2588 -—
738 2549 872 2601 Item
899 2547 965 2602 de
991 2548 1196 2630 eodem.
1229 2552 1448 2621 Igmaro
1477 2555 1734 2610 Remensi
1759 2557 1976 2612 archie-

1075 2637 1271 2678 ιδσουο.

1075 2637 1182 2676 isco
1259 2664 1271 2676 .

405 2708 563 2778 (Dist.
599 2708 687 2776 12,
718 2724 766 2762 c.
801 2637 1534 2780 Ridicutzfm.)li’fidiculum
1559 2719 1668 2784 est,
1726 2720 1784 2772 et
1830 2720 1974 2774 satis

333 2794 734 2852 abominabile
766 2796 1044 2862 dedecus,
1080 2803 1144 2852 ut
1170 2800 1515 2857 traditiones
1547 2819 1694 2874 quas
1725 2805 1975 2876 antiqui-

330 2888 426 2938 tus
451 2900 484 2937 a
515 2882 782 2952 patribus
801 2884 1196 2954 suscepimus,
1235 2887 1474 2961 infringi
1509 2891 1822 2962 patiamur.

329 2992 460 3062 CAP.
493 2988 618 3062 213.
654 3018 720 3027 —
761 2988 922 3062 Usum
953 2992 1050 3059 qui
1077 2993 1300 3047 veritati
1345 2999 1660 3050 contrarius
1691 3001 1787 3062 est,
1849 3001 1976 3057 abo-

401 3057 624 3114 lendum
651 3074 785 3131 esse.
846 3057 1137 3128 Gregorius
1189 3064 1300 3131 VII,
1367 3067 1649 3123 Vi’imundo
1706 3057 1944 3128 Av'ersan

401 3131 644 3200 episcopo
673 3130 832 3198 (Aug.
865 3147 910 3184 c.
943 3133 978 3184 5
1009 3141 1057 3186 et
1083 3134 1116 3185 6
1150 3133 1245 3187 lib.
1282 3152 1344 3189 III
1371 3139 1443 3191 De
1474 3141 1756 3206 baptismo.

401 3218 562 3290 (Dist.
595 3219 647 3285 8,
671 3234 720 3273 c.
744 3217 806 3273 Si
832 3221 1324 3292 consuetudinem.)
1385 3226 1441 3278 Si
1491 3231 1973 3288 consuetudinem

333 3307 600 3364 fortassis
622 3324 903 3380 opponas,
939 3309 1358 3367 advertendum
1388 3315 1559 3370 fuerit
1589 3319 1741 3388 quod
1781 3321 1973 3376 Domi-

333 3415 446 3452 nus
478 3398 655 3451 dixit:
708 3398 815 3466 Ego
858 3413 978 3450 sum
1028 3401 1228 3454 veritas
1257 3405 1306 3455 et
1339 3405 1451 3458 vita
1473 3406 1648 3471 (Joan.
1681 3409 1816 3481 xw).
1851 3411 1973 3468 Non

336 3486 416 3541 ait
439 3504 452 3541 :
478 3487 595 3553 Ego
627 3501 760 3539 sum
796 3489 1182 3554 consuetudo,
1207 3491 1330 3556 sed,
1368 3492 1604 3551 veritas.
1637 3499 1700 3550 Et
1730 3504 1977 3568 certe,ut

333 3575 492 3628 beati
524 3572 793 3644 Cypriani
827 3577 1068 3630 utamur
1100 3579 1698 3654 sententia,quaelibet
1726 3602 1972 3645 consue-

331 3662 474 3716 tudo
504 3663 886 3732 quantumvis
918 3668 1587 3738 vetusta,quamtumvis
1609 3674 1974 3748 vulgata,ve—

332 3749 492 3804 ritati
525 3754 614 3805 est
633 3751 872 3806 omnino
896 3758 1389 3826 postponenda,et
1423 3778 1566 3817 usus
1599 3765 1696 3835 qui
1747 3768 1974 3823 veritati

329 3841 420 3892 est
451 3839 781 3894 contrarius
814 3840 1158 3900 abolendus.

329 3927 462 3982 CAP.
492 3927 622 4002 214.
655 3929 1024 4002 -τΜαρίδινοδ
1073 3932 1170 4002 qui
1227 3935 1481 3992 liberales
1533 3950 1689 3997 artes
1744 3944 1979 4002 doceant

397 4015 497 4086 per
523 3998 780 4084 singulas
810 3998 1210 4086 ecclesias'esse
1239 4011 1672 4086 constituendos.
1724 3998 1978 4086 synodus

398 4072 647 4141 Eugenii
674 4086 854 4142 papae,
881 4076 1118 4143 tempore
1148 4076 1424 4134 Ludovici.

400 4159 560 4230 (Dist.
591 4161 680 4226 37,
710 4176 758 4215 c.
796 4161 866 4216 De
907 4163 1282 4236 quibusdam.)
1312 4167 1389 4222 De
1419 4171 1773 4240 quibusdam
1834 4175 1979 4234 locis

333 4247 406 4302 ad
438 4263 544 4301 nos
575 4249 841 4315 refertur,
875 4267 990 4306 non
1017 4255 1352 4324 magistros,
1379 4275 1565 4331 neque
1587 4279 1787 4319 curam
1819 4267 1980 4322 inve-

336 4333 449 4388 niri
483 4350 585 4404 pro
615 4337 807 4391 studio
829 4337 1405 4402 litterarum.ldcirco
1439 4349 1727 4407 universis
1757 4354 1980 4425 episco—

336 4419 453 4489 pis,
487 4422 894 4514 subiectisque
927 4426 1220 4495 plebibus,
1250 4440 1306 4488 et
1325 4434 1454 4490 aliis
1487 4437 1649 4507 locis,
1683 4441 1740 4496 in
1765 4419 1980 4514 quibus

336 4508 656 4564 necessitas
688 4515 1023 4583 occurrerit,
1067 4521 1306 4576 omnino
1365 4540 1504 4582 cura
1561 4532 1616 4584 et
1674 4508 1977 4602 diligentia

336 4595 803 4688 adhidea‘tur,iut
834 4604 1102 4674 magistri
1129 4611 1186 4662 et
1215 4610 1480 4669 doctores
1515 4595 1972 4688 constituantur,

337 4684 436 4755 qui
467 4685 666 4742 studia
686 4687 1499 4772 litterarum,1iberaliumqne
1522 4707 1736 4761 artium
1763 4684 1977 4764 haben-

329 4776 420 4828 tes
450 4773 747 4844 dogmata,
782 4778 1054 4849 doceant,
1091 4785 1231 4853 quia
1263 4785 1320 4841 in
1347 4789 1438 4845 his
1472 4793 1722 4850 maxime
1779 4797 1975 4853 divina

333 4862 790 4920 manifestantur
819 4871 990 4938 atque
1020 4870 1394 4931 declarantur
1426 4884 1719 4939 mandata.

331 4966 467 5019 CAP:
501 4968 625 5048 215.
647 5000 729 5048 _—
757 4972 835 5048 Ad
864 4989 1054 5048 sacras
1085 4977 1398 5048 Scripturas
1427 4987 1586 5041 nulla
1633 4989 1975 5047 admittenda

401 5039 712 5096 mendacia.
747 5044 1092 5114 Augustinus
1121 5039 1283 5120 epist.
1318 5055 1370 5123 9,
1396 5071 1520 5126 qua:
1554 5039 1972 5119 est-adnitier;

398 5125 648 5165 mimum.

441 5126 648 5179 ymum.

402 5198 561 5269 (Dist.
599 5201 650 5267 9,
681 5218 728 5257 c.
779 5205 844 5294 .Si
874 5207 944 5261 ad
999 5208 1371 5282 Scripturas.)
1419 5217 1477 5272 Si
1529 5221 1598 5274 ad
1644 5224 1975 5294 Scripturas

333 5293 570 5344 sanctas
629 5292 894 5350 admissa
941 5298 1180 5364 iuerint,
1205 5301 1291 5356 vel
1325 5305 1588 5363 ofﬁciosa
1647 5292 1972 5380 mendacia,

335 5375 472 5444 quid
509 5379 564 5432 in
598 5380 682 5435 eis
709 5384 1032 5439 remanebit
1061 5389 1461 5447 auctoritatis?
1486 5411 1614 5465 quae
1640 5400 1868 5453 tandem
1905 5375 1975 5456 de

333 5462 650 5534 Scripturis
679 5469 795 5524 illis
821 5475 1111 5529 sententia
1165 5462 1689 5553 proferetur-cujus
1724 5489 1976 5554 pondere

338 5558 711 5613 contentiosae
746 5559 1026 5616 falsitatis
1056 5563 1352 5624 ubteretur
1379 5570 1725 5644 improbitas
1747 5575 1774 5630 ?

1403 258 1473 309 D.
1511 255 1750 310 IVONIS
1783 253 2276 314 CARNOTENSIS
2309 263 2630 320 EPISCOPI

317 382 454 437 CAP.
490 379 616 434 210.
643 408 712 417 —
746 377 901 451 Quod
927 395 1036 451 non
1068 380 1234 449 facile
1265 379 1667 451 incipiendum:
1698 379 1838 451 quod
1867 395 1968 434 nec
1996 381 2050 447 Α

3623 263 3744 319 312

2363 388 2494 444 CAP.
2529 391 2653 446 216.
2680 421 2749 431 ——
2778 392 2850 447 De
2866 390 3074 460 eodem,
3105 391 3358 462 epistola,
3382 392 3437 448 8.

2147 472 2287 527 Mihi
2317 475 2548 532 videtur
2578 479 2991 535 exitiosissimc
3013 480 3170 535 credi
3193 480 3430 550 aliquod
3457 481 3518 535 in
3546 479 3738 536 sacris

2088 557 2252 616 libris
2290 579 2418 618 esse
2445 567 2843 636 mendacium,
2896 567 2950 623 id
2997 573 3087 623 est
3138 584 3238 624 eos
3268 567 3564 635 homines,
3627 584 3738 639 per

2077 663 2224 718 quos
2257 652 2424 707 nobis
2458 653 2557 708 illa
2582 654 2888 727 Scriptura
2910 655 3244 711 ministrata
3267 661 3563 728 est,atque
3594 673 3736 712 con-

2076 737 2316 807 scripta,
2348 739 2569 810 aliquid
2602 742 2660 796 in
2690 743 2814 798 suis
2845 743 3013 798 libris
3045 744 3228 799 fuisse
3276 745 3572 799 mentitos.
3597 743 3736 799 Alia

2074 824 2317 892 quaestio
2350 832 2438 880 est
2459 834 2656 883 utrum
2674 830 3020 901 scriptorem
3034 831 3734 902 sanctarum'Seriptura-

2074 927 2204 965 rum
2231 915 2462 970 mentiri
2521 918 2876 988 Oportuerit;
2938 921 3056 974 imo
3109 936 3224 974 non
3264 921 3381 975 alia
3424 937 3579 985 vero,
3623 922 3731 975 sed

2081 999 2243 1055 nulla
2272 1004 2516 1072 quastio
2541 1012 2648 1060 est.
2673 1008 2946 1062 Admisso
2976 1008 3132 1062 enim
3167 1007 3350 1063 semel
3383 1010 3440 1063 in
3490 1014 3734 1064 tantum

2078 1090 2446 1146 auctoritatis
2476 1092 2777 1166 fastigium
2813 1097 3078 1152 ofﬁcioso
3129 1097 3328 1168 aliquo
3394 1097 3733 1163 mendacio,

2078 1177 2240 1231 nulla
2268 1179 2516 1236 istorum
2549 1181 2835 1240 librorum
2870 1184 3159 1256 particula
3217 1186 3565 1252 remanebit,
3596 1202 3732 1256 quas

2079 1280 2195 1318 non
2229 1275 2284 1319 ut
2321 1268 2636 1341 unicuique
2668 1272 2980 1340 videbitur;
3013 1274 3102 1328 vel
3135 1275 3205 1328 ad
3257 1290 3452 1328 mores
3511 1274 3732 1329 diffici-

2076 1351 2262 1418 lis,vel
2296 1358 2365 1411 ad
2399 1358 2573 1413 fidem
2606 1361 3198 1430 incredibilis,eadem
3224 1364 3736 1435 perniciocissima

2078 1443 2150 1497 ad
2183 1446 2522 1503 mentientis
2554 1450 2812 1506 auctoris
2835 1451 3172 1519 consilium,
3204 1452 3587 1524 ofﬁciumque
3632 1469 3734 1508 re—

2078 1530 2316 1589 feratur.

2078 1618 2214 1677 CAP.
2247 1623 2373 1678 217.
2400 1656 2468 1666 —
2497 1626 2572 1702 Ile
2601 1643 2744 1684 cura
2761 1645 2861 1700 pro
2875 1632 3108 1685 mortuis
3129 1629 3404 1686 habenda.
3437 1631 3721 1702 Aug.,tib.

2492 1699 2567 1752 De
2597 1715 2732 1754 cura
2756 1699 2854 1771 pro
2888 1703 3145 1768 mortuis,
3175 1718 3222 1757 c.
3256 1703 3309 1757 6.

2487 1804 2520 1840 n
2545 1787 2944 1844 ecclesiastica
2973 1789 3251 1858 Historia,
3301 1807 3478 1862 quam
3532 1790 3733 1846 Graece

2079 1870 2316 1940 scripsit
2365 1875 2674 1944 Eusebius,
2725 1883 2784 1932 et
2837 1879 2895 1932 in
2957 1878 3221 1934 Latinam
3271 1878 3534 1951 linguam
3558 1881 3737 1935 vertit

2082 1957 2370 2030 Ruftinus,
2407 1970 2728 2036 martyrum
2762 1983 3008 2038 corpora
3041 1967 3099 2021 in
3131 1966 3319 2022 Gallia
3347 1970 3594 2023 canibus
3625 1985 3734 2023 ex-

2081 2048 2628 2124 posita,canumque
2660 2053 3144 2127 reliquias,atque
3174 2073 3310 2112 ossa
3360 2062 3732 2114 mortuorum

2081 2141 2351 2207 usquead
2365 2146 2688 2198 extremam
2705 2147 3220 2216 consumptionem
3237 2145 3474 2218 ignibus
3491 2164 3733 2203 concre-

2081 2233 2260 2295 mata,
2295 2230 2645 2303 eosdemque
2667 2234 2889 2289 cineres
2924 2234 3098 2290 ﬂuvio
3133 2235 3436 2306 Rhodano,
3480 2252 3552 2292 ne
3584 2238 3729 2308 quid

2081 2316 2152 2370 ad
2187 2319 2528 2374 memoriam
2585 2323 3057 2395 qualemcunque
3101 2325 3557 2397 relinqueretur,
3607 2327 3734 2381 ins-

2085 2419 2309 2474 persos.

2084 2509 2217 2564 CAP.
2249 2511 2374 2566 218.
2403 2543 2472 2554 -—-
2501 2514 2867 2590 Evangelium
2892 2517 3041 2589 quod
3056 2517 3262 2573 dicitur
3281 2519 3446 2590 juxta
3475 2518 3734 2577 Hebraeos

2154 2597 2266 2637 non
2293 2600 2410 2658 esse
2430 2588 2805 2658 apocryphum
2831 2588 2922 2645 sed
2951 2588 3398 2647 ecclesiasticum.
3434 2591 3583 2646 Beda
3637 2608 3734 2646 su-

2152 2670 2251 2724 per
2280 2656 2503 2723 Lucam,
2538 2656 2640 2714 tib.
2674 2677 2712 2730 ι,
2744 2677 2865 2732 cap.
2899 2663 2950 2716 1.

2158 2743 2536 2815 Evangelium
2568 2749 2724 2818 quod
2750 2749 2968 2805 dicitur
2989 2750 3160 2819 juxta
3189 2750 3482 2820 Hebraeos,
3513 2768 3628 2807 non
3649 2751 3736 2806 in-

2085 2833 2176 2884 ter
2204 2835 2590 2904 apocryphas,
2623 2838 2722 2891 sed
2751 2837 2906 2893 inter
2934 2838 3368 2895 ecclesiasticas
3405 2855 3735 2895 numeran-

2086 2917 2227 2972 dum
2260 2920 2568 2977 historias:
2605 2940 2740 2979 nam
2772 2930 2828 2980 et
2848 2926 2960 2997 ipsi
2989 2943 3166 2982 sacrae
3187 2927 3494 2998 Scripturae
3553 2927 3737 2984 inter-

2086 3013 2247 3078 prete
2266 3010 2612 3083 Hieronymo
2644 3013 2923 3086 pleraque
2952 3031 3020 3070 ex
3051 3031 3115 3071 eo
3166 3016 3506 3072 testimonia
3560 3008 3738 3072 usur-

1949 3090 1977 3130 ο
2009 3098 2052 3164 C
2091 3113 2251 3166 pare,
2274 3104 2331 3153 et
2360 3099 2554 3170 ipsum
2590 3101 2646 3156 in
2682 3102 2954 3158 Latinum
2981 3104 3362 3176 Graecumque
3401 3107 3594 3161 visum
3646 3111 3740 3161 est

2085 3187 2401 3242 transferre
2417 3205 2773 3246 sermonem.

2085 3292 2220 3371 CaP.
2240 3293 2365 3350 219.
2391 3325 2458 3371 :-
2483 3296 2771 3371 _Canonum
2795 3303 3187 3371 contemptores
3245 3303 3737 3358 excommunicau-

2119 3364 2212 3419 dos
2241 3381 2372 3420 esse.
2401 3368 2650 3423 Urbanus
2679 3372 2745 3438 II,
2778 3364 3023 3428 Gerardo
3055 3373 3383 3428 Tervunensi
3429 3376 3694 3447 episcopo.

2155 3471 2458 3528 Canonum
2483 3479 2914 3549 contemptores
2931 3480 3481 3536 excommunicandi
3507 3486 3649 3536 sunt
3677 3487 3740 3536 et

2085 3560 2961 3637 damnandi,quandoquidema
2993 3569 3175 3624 sacris
3206 3568 3407 3624 altaris
3440 3569 3736 3641 mysteriis

2084 3657 2173 3706 est
2194 3655 2604 3725 removendus,
2639 3655 2738 3726 qui
2770 3657 2955 3712 sacris
2986 3674 3100 3713 non
3122 3658 3247 3713 vult
3276 3658 3515 3714 obedire
3547 3674 3733 3713 cano-

2083 3740 2279 3796 nibus.

2089 3832 2220 3908 CAP.
2254 3832 2358 3908 220
2388 3862 2456 3872 —
2489 3833 2637 3899 Quod
2667 3835 3228 3908 excommunicandus
3255 3840 3336 3892 est
3365 3837 3461 3908 qui
3517 3837 3736 3906 Apoca-

2157 3901 2358 4024 lizépsim
2384 3919 2494 3959 non
2527 3905 2810 3976 receperit.
2844 3909 2928 3962 Ea:
2950 3909 3214 3964 Toletano
3234 3901 3468 3963 concilio
3500 3901 3575 3973 1v,
3606 3924 3733 3980 cap.

2157 4059 2215 4114 Si
2248 4061 2378 4130 quis
2406 4063 2816 4136 Apocalypsim
2849 4067 3124 4139 deinceps
3148 4083 3264 4122 non
3296 4066 3599 4138 receperit,
3626 4071 3734 4122 aut

2087 4163 2121 4202 a
2152 4147 2373 4206 Pascha
2410 4167 2518 4221 usq
2530 4167 2598 4206 ue
2629 4154 2699 4207 ad
2723 4158 3101 4211 Pentecosten
3125 4159 3388 4226 tempore
3411 4155 3732 4210 missarum

2085 4235 2145 4291 in
2168 4238 2415 4293 ecclesia
2457 4257 2570 4294 non
2633 4243 3031 4313 praedicaverit
3100 4244 3732 4300 excommunicationis

2087 4327 2435 4382 sententiam
2459 4329 2718 4386 habebit.
2752 4333 2817 4386 Et
2844 4349 2963 4404 cap.
2995 4335 3076 4388 18.
3111 4333 3218 4399 Qui
3244 4351 3314 4389 ne
3332 4333 3736 4404 provehantur

2089 4414 2158 4468 ad
2194 4418 2611 4486 sacerdotium,
2669 4425 2722 4474 et
2756 4421 2974 4492 regulis
3032 4439 3351 4492 canonum,
3398 4421 3731 4478 necessario

2088 4501 2384 4558 credimus
2415 4520 2543 4560 esse
2571 4505 2977 4564 inserendum.

2341 4612 2471 4664 CAP.
2505 4611 2635 4667 2'31.
2667 4613 2823 4669 Actio
2853 4618 3041 4671 octava
3070 4619 3242 4672 sexta?
3268 4613 3485 4687 synodi.

2154 4696 2567 4767 TbeOphanius
2583 4701 2884 4773 presbyter
2905 4707 2961 4758 et
2974 4704 3156 4760 abbas
3172 4704 3544 4760 obtulitduas
3561 4702 3732 4758 sche-

2083 4785 2211 4851 das,
2245 4803 2420 4842 unam
2455 4790 2639 4844 sancti
2679 4791 2984 4847 Athanasii
3015 4792 3391 4848 Alexandrini
3438 4793 3726 4864 episcopi,

2083 4878 2140 4928 et
2158 4873 2398 4930 alteram
2429 4879 2616 4932 sancti
2648 4881 2962 4951 Augustini
2995 4882 3392 4954 Hipponensis
3439 4881 3726 4953 episcopi.

2089 4978 2220 5034 CAP.
2253 4982 2378 5036 222.
2415 5013 2478 5023 —
2513 4985 2649 5039 Item
2680 4985 2744 5040 de
2773 4986 2974 5040 eodem.
3009 4989 3082 5043 De
3111 4988 3253 5044 libro
3274 5006 3307 5042 ν
3336 4997 3525 5046 contra
3553 4989 3734 5045 Julia-

2619 5073 2756 5111 num
2786 5059 3243 5129 Pelagianistam.

2156 5141 2368 5194 Sancta
2395 5144 2657 5208 synodus
2710 5145 2894 5201 dixit:
2943 5146 3344 5218 Splendide,et
3389 5165 3521 5204 vere
3542 5149 3729 5204 Theo-

2086 5227 2341 5298 phanius
2379 5231 2732 5288 venerabilis
2778 5236 3081 5307 presbyter
3138 5242 3485 5308 prosecutus
3534 5242 3624 5293 est
3667 5238 3730 5294 in

2084 5317 2316 5371 schedis
2348 5324 2690 5374 sanctorum
2719 5327 2777 5377 et
2798 5323 3155 5380 mirabilium
3189 5325 3568 5393 Patrum,ete.
3592 5328 3728 5382 Item

2086 5403 2340 5458 Rursum
2373 5405 2584 5461 relecta
2615 5415 2700 5463 est
2731 5411 2801 5465 de
2832 5414 3035 5468 eodem
3073 5414 3334 5469 codicillo
3365 5414 3482 5471 alia
3510 5415 3732 5472 scheda

2084 5490 2272 5546 sancti
2305 5494 2595 5548 Ambrosii
2632 5497 3082 5557 Mediolanensis
3111 5503 3395 5574 episcopi.

2087 5579 2227 5640 CAP.
2258 5580 2384 5636 223.
2416 5611 2486 5624 —-
2510 5583 2761 5642 Diversus
2788 5604 2886 5659 pro
2911 5589 3027 5647 loco
3049 5599 3100 5647 et
3129 5594 3365 5663 tempore
3389 5590 3451 5648 in
3478 5607 3593 5648 una
3619 5591 3732 5663 ﬁde
