3960 6072
341 183 449 238 315

1405 189 1472 239 D.
1514 185 1756 240 IVONIS
1792 183 2290 239 CARNOTENSIS
2329 181 2646 236 EPISCOPI

3646 179 3774 234 316

346 306 542 363 minus
574 305 634 360 in
661 305 975 378 Evangelio
1000 323 1012 362 :
1037 308 1146 379 Ego
1176 324 1322 375 sum,
1353 307 1777 380 inquit,verilas
1806 308 1991 376 (Joan.
2022 307 2077 375 Α
2107 305 2171 362 ri.
2200 305 2313 361 Sed
2345 303 2578 377 quoties
2605 302 2801 375 aliqua
2828 303 2900 359 de
2933 301 3252 360 universali
3284 304 3508 376 synodo
3537 303 3770 376 aliqui-

341 395 479 466 xxv).
513 394 638 450 Non
672 395 856 451 dixit:
882 396 997 468 Ego
1029 413 1160 451 sum
1194 398 1577 454 consuetudo.
1610 399 1812 468 Itaque
1843 395 1994 451 veri-

338 488 461 540 tate
493 484 876 541 manifestata
908 485 1077 540 cedat
1107 487 1474 541 consuetudo
1504 485 1759 541 veritati.
1782 487 1918 542 Item
1944 501 1991 541 c.

341 575 398 628 7.
426 573 790 630 Revelatione
806 574 987 645 igitur
1021 575 1173 630 facta
1192 575 1454 630 veritatis
1475 575 1641 630 cedat
1671 591 1832 630 error
1847 573 1993 628 veri-

343 664 468 730 tati,
501 663 639 735 quia
669 667 727 718 et
757 663 961 718 Petrus
986 664 1082 734 qui
1115 665 1279 734 prius
1330 664 1790 719 circumcidebat
1820 662 1994 718 cessit

345 752 527 808 Paulo
574 752 878 808 veritatem
928 752 1266 823 praedicanti
1317 754 1527 824 (Galat.
1561 753 1646 824 ιι).
1697 755 1832 808 Item
1860 768 1905 807 c.
1938 751 1992 807 9.

347 842 535 913 Igitur
581 858 712 897 cum
763 841 1030 897 Christus
1079 843 1298 898 veritas
1328 843 1426 908 sit,
1459 843 1650 914 magis
1693 841 1993 898 veritatem

345 946 523 1003 quam
556 931 1041 986 consuetudinem
1076 931 1239 1000 sequi
1273 931 1724 1002 debemus,quia
1755 945 1996 986 consue-

345 1019 611 1076 tudinem
644 1018 790 1074 ratio
819 1023 877 1074 et
905 1019 1119 1075 veritas
1151 1035 1383 1091 semper
1413 1019 1690 1076 excludit.

345 1129 472 1182 CAP.
504 1126 631 1182 235.
664 1157 734 1167 —
763 1127 863 1200 Dei
884 1127 1094 1200 eodem.
1146 1127 1512 1196 Augustinus,
1559 1143 1681 1200 cap.
1715 1128 1747 1182 4
1793 1126 1890 1182 tib.
1944 1141 1997 1181 1v

834 1199 908 1255 De
941 1198 1212 1270 baptismo
1244 1200 1388 1271 (cap.
1419 1200 1498 1270 5).

413 1287 577 1359 (Dist.
609 1288 664 1357 8,
696 1303 744 1342 c.
777 1288 1044 1359 Frustra).
1077 1289 1336 1354 Frustra,
1369 1289 1584 1358 inquit,
1617 1288 1859 1360 quidam
1894 1288 1996 1360 qui

345 1376 573 1432 ratione
603 1376 939 1444 vincuntur,
965 1377 1453 1432 consuetudinem
1487 1377 1655 1432 nobis
1687 1377 1994 1447 objiciunt,

347 1465 517 1539 quasi
551 1465 913 1522 consuetudo
946 1465 1134 1536 major
1162 1466 1241 1520 sit
1268 1466 1531 1530 veritate,
1555 1474 1654 1521 aut
1683 1482 1798 1521 non
1830 1467 1886 1520 id
1921 1466 1998 1521 sit

343 1554 403 1610 in
437 1554 852 1628 spiritualihus
881 1555 1271 1626 sequendum,
1294 1556 1449 1625 quod
1483 1555 1541 1610 in
1577 1555 1792 1610 melius
1822 1553 1998 1610 fuerit

347 1660 382 1699 a
408 1642 627 1714 Spiritu
680 1646 882 1698 sancto
911 1643 1255 1699 revelatum.
1289 1648 1408 1699 Hoc
1449 1645 1621 1715 plane
1649 1659 1850 1699 verum
1882 1646 1992 1713 est,

346 1733 488 1804 quia
544 1731 690 1787 ratio
749 1736 805 1787 et
861 1732 1075 1788 veritas
1131 1733 1543 1788 consuetudini
1603 1733 1996 1804 praeponenda

346 1825 438 1876 est
460 1840 474 1888 ;
500 1821 602 1876 sed
635 1836 768 1876 cum
801 1820 1211 1876 consuetudini
1241 1821 1455 1877 veritas
1493 1821 1869 1894 suffragatur,
1903 1819 1995 1875 ni-

346 1908 430 1964 hil
464 1908 692 1964 ﬁrrnius
722 1912 950 1981 oportet
978 1909 1250 1965 retinere.

347 2015 484 2072 CAP.
513 2016 642 2069 236.
671 2045 742 2058 —
773 2015 920 2082 Quod
964 2017 1261 2084 scripturae
1306 2017 1686 2087 episcoporum
1715 2015 1782 2069 ab
1808 2018 1995 2069 aucto-

417 2089 584 2142 ritate
607 2088 836 2142 canonis
866 2088 1284 2157 dislinguendee
1313 2096 1461 2144 sunt.
1496 2090 1848 2158 Augustinus,
1881 2088 1998 2158 epi-

417 2159 560 2214 stola
589 2159 658 2212 48
689 2159 760 2214 ad
795 2161 1158 2215 Vincentium.

422 2248 579 2318 (Dist.
613 2248 663 2308 9.
690 2264 809 2320 cap.
841 2248 966 2303 Noli
993 2248 1450 2319 frater).Habent
1479 2248 1654 2304 etiam
1687 2247 1998 2320 Scriptum

349 2335 644 2391 canonica:
676 2335 832 2390 hunc
865 2336 1149 2407 arguendi
1183 2351 1430 2402 morem,
1465 2340 1529 2389 ut
1559 2340 1842 2406 tanquam
1875 2350 1999 2389 om-

351 2424 530 2479 nibus
580 2423 830 2491 dicatur,
863 2430 919 2478 et
968 2425 1039 2479 ad
1073 2425 1361 2495 quosdam
1413 2427 1590 2480 verba
1638 2423 1998 2495 perveniant.

347 2515 504 2580 Item,
538 2513 794 2578 ibi.Noli,
828 2513 1238 2581 frater,contra
1265 2513 1464 2568 divina
1494 2518 1612 2568 tam
1649 2513 1856 2578 multa,
1880 2516 2000 2567 tam

350 2601 656 2669 clara,tam
687 2602 1020 2658 indubitata
1049 2601 1409 2668 testimonia,
1440 2601 1714 2674 colligere
1743 2601 1885 2656 velle
1916 2617 2008 2656 ca-

350 2691 611 2748 lumnias
641 2708 710 2746 ex
758 2693 1166 2762 episcoporum
1221 2691 1482 2762 scriptis,
1515 2693 1633 2746 sive
1665 2694 2002 2746 nostrorum

355 2781 509 2836 sicut
539 2779 738 2833 Hilarii
771 2796 784 2845 ;
817 2780 960 2847 sive,
993 2785 1308 2852 antequam
1343 2797 1477 2851 pars
1529 2780 1737 2835 Donati
1769 2795 2003 2850 separa-

355 2873 537 2932 retur,
567 2866 757 2937 ipsius
788 2867 1054 2935 unitatis,
1078 2867 1230 2923 sicut
1258 2868 1529 2940 Cypriani
1559 2872 1618 2923 et
1647 2867 1952 2939 Agrippini
1988 2880 2002 2920 :

357 2955 568 3029 primo,
601 2955 739 3026 quia
784 2955 894 3009 hoc
945 2971 1130 3026 genus
1178 2955 1504 3010 litterarum
1538 2957 1610 3010 ab
1660 2955 2004 3010 auctoritate

2102 393 2512 451 busduhitatio
2537 392 2818 460 nascitur,
2843 393 2915 448 ad
2938 392 3332 464 recipiendam
3358 393 3429 448 de
3452 392 3562 449 hoc
3594 394 3770 465 quod

2104 501 2218 540 non
2240 482 2589 555 intelligitur
2610 482 2921 549 rationem,
2945 484 3047 537 aut
3066 485 3274 552 sponte
3301 482 3354 536 bi
3381 481 3482 554 qui
3499 482 3768 538 salutem

2105 573 2314 630 animis
2336 589 2454 629 suae
2478 572 2814 628 desiderant
2832 571 2904 626 ad
2921 569 3165 643 apostoli
3175 588 3272 626 cas
3295 572 3464 627 sedes
3489 588 3593 644 pro
3616 572 3776 627 reci-

2105 662 2320 734 pienda
2345 661 2764 733 [percipienda]
2789 661 3012 716 ratione
3036 660 3516 726 conveniant,aut
3537 661 3586 716 si
3611 661 3770 717 forte

2105 752 2259 808 sicut
2282 753 2353 806 de
2377 750 2594 806 talibus
2616 751 2837 805 dictum
2863 753 2953 805 est
2975 767 2988 805 :
3014 751 3425 814 Peccator,cum
3451 752 3669 806 venerit
3705 753 3772 806 in

2103 841 2439 913 profundum
2491 839 2804 907 malorum,
2865 841 3164 895 contemnit
3220 841 3402 910 (Prov.
3436 842 3617 908 xvm),
3681 841 3773 896 ita

2105 929 2383 986 obstinati
2413 933 2470 984 et
2499 932 2874 983 contumaces
2919 927 3267 991 exstiterint,
3299 934 3362 983 ut
3414 929 3607 984 doceri
3639 946 3766 984 non

2105 1019 2308 1085 velint,
2331 1035 2428 1074 eos
2451 1019 2523 1074 ab
2542 1017 2764 1073 eisdem
2789 1016 3127 1090 apostolicis
3151 1017 3391 1073 sedibus
3413 1023 3515 1073 aut
3535 1017 3767 1072 attrahi

2107 1109 2178 1163 ad
2211 1107 2462 1163 salutem
2496 1106 2916 1179 quoquomodo
2948 1122 3185 1162 necesse
3235 1110 3344 1172 est,
3378 1111 3481 1162 aut
3511 1123 3584 1163 ne
3610 1106 3770 1163 alio-

2106 1213 2235 1253 rum
2268 1195 2516 1269 perditio
2561 1213 2690 1252 esse
2721 1195 2969 1268 possint,
3011 1196 3335 1250 secundum
3368 1211 3623 1251 canones
3655 1212 3771 1266 per

2105 1285 2417 1343 saeculares
2447 1284 2756 1357 comprimi
2791 1284 3088 1356 [opprimi]
3119 1289 3458 1355 potestates.

2106 1393 2440 1449 CAP.2liO.—
2472 1394 2586 1448 Non
2614 1407 2727 1446 esse
2756 1391 3215 1460 congregandam
3243 1391 3522 1461 synodum
3551 1391 3767 1462 episco-

2172 1481 2372 1536 porum
2403 1465 2602 1534 absque
2630 1464 2960 1518 auctoritate
2991 1463 3246 1536 Romanis
3275 1462 3437 1536 sedis.
3472 1463 3772 1519 Marcellus

2174 1533 2317 1607 papa
2347 1533 2523 1591 xxvni
2553 1552 2590 1590 α
2620 1537 2784 1590 Petro
2813 1536 2875 1588 in
2901 1534 3130 1589 secundo
3161 1533 3432 1590 dccretali
3456 1550 3555 1589 suo

2177 1627 2335 1694 (Dist.
2367 1625 2452 1693 17,
2482 1641 2602 1695 cap.
2636 1623 2962 1695 Synodum).
2995 1623 3295 1694 Synodum
3335 1624 3763 1695 episcoporum

2104 1715 2328 1786 absque
2357 1713 2540 1784 hujus
2571 1717 2785 1770 sanctis
2818 1712 2977 1768 sedis
3007 1713 3373 1777 auctoritate,
3407 1727 3762 1783 quanquam

2102 1804 2386 1874 quosdam
2420 1801 2727 1874 episcopos
2757 1801 2999 1873 possitis
3032 1817 3532 1874 congregare,non
3565 1804 3764 1872 potes-

2103 1892 2181 1948 tis
2211 1891 2559 1964 regulariter
2599 1891 2806 1957 facere,
2838 1907 3029 1962 neque
3075 1889 3244 1945 illum
3276 1891 3618 1961 episcopum
3652 1889 3764 1962 qui

2103 1982 2256 2038 hanc
2285 1980 2664 2052 appellaverit
2693 1980 2891 2035 sedem
2925 1978 3306 2050 apostolicam
3338 1979 3764 2045 damnare,an-

2103 2075 2342 2142 tequam
2389 2069 2524 2124 hinc
2575 2068 2862 2124 sententia
2895 2067 3118 2123 ﬁnitiva
3168 2068 3464 2138 procedat.
3498 2067 3671 2136 Nam,
3708 2067 3764 2123 si

2107 2159 2415 2217 saeculares
2445 2158 2503 2212 in
2537 2156 2792 2230 publicis
2831 2155 3078 2228 judiciis
3125 2154 3342 2211 libellis
3373 2158 3624 2210 utuntur
3655 2172 3766 2226 ap-

2106 2247 2451 2321 pellatoriis,
2484 2251 2703 2318 quanto
2737 2245 2925 2316 magis
2955 2243 3360 2300 sacerdotibus
3403 2244 3522 2299 haec
3553 2244 3767 2298 eadem

2109 2354 2279 2409 agere
2309 2336 2446 2391 licet
2471 2336 2570 2406 qui
2603 2350 2782 2406 super
2811 2333 2945 2389 illos
2976 2336 3158 2388 sunt?
3188 2334 3262 2388 De
3288 2332 3504 2402 quibus
3533 2332 3765 2386 dictum

2109 2429 2198 2481 est
2230 2442 2242 2479 :
2277 2423 2558 2493 Ego,dixi,
2593 2425 2684 2478 Dii
2710 2425 2862 2490 estis,
2894 2431 2945 2477 et
2974 2421 3092 2492 ﬁlii
3138 2423 3341 2476 excelsi
3369 2435 3553 2477 omnes
3585 2421 3759 2488 (Psal.

2111 2514 2314 2585 Lxxxt).
2351 2513 2416 2568 Et
2445 2513 2576 2568 ideo
2626 2511 2827 2566 nullus
2882 2510 3218 2582 episcopus,
3253 2509 3367 2566 nisi
3399 2509 3457 2564 in
3491 2507 3765 2580 legitima

2111 2603 2355 2676 synodo,
2387 2617 2494 2658 suo
2546 2605 2807 2672 tempore
2837 2598 3158 2671 apostolica
3205 2603 3307 2654 aut
3337 2597 3589 2670 regulari
3621 2613 3764 2652 auc-

2109 2693 2342 2747 toritate
2374 2694 2711 2756 convocata,
2746 2705 2923 2760 super
2953 2687 3318 2760 quibuslibet
3347 2688 3619 2760 pulsatus
3645 2685 3764 2741 cri-

2114 2781 2374 2836 minibus
2404 2780 2678 2835 audiatur
2708 2777 2798 2832 vel
2821 2778 3143 2848 judicetur,
3172 2793 3245 2832 ne
3275 2777 3559 2832 innocens
3591 2776 3765 2831 dam-

2112 2878 2305 2936 netur,
2337 2873 2440 2924 aut
2469 2869 2676 2940 perdat
2705 2866 3203 2922 communionem.

2112 2980 2247 3035 CAP.
2279 2977 2405 3030 241.
2437 3004 2507 3015 —
2539 2975 2601 3031 Ut
2631 2974 2760 3028 bina
2785 2970 3157 3044 provincialia
3179 2972 3558 3043 episcOporum
3575 2971 3762 3027 conci-

359 3043 601 3101 canonie
634 3041 1121 3115 distinguendum
1153 3042 1394 3098 est.Non
1425 3043 1580 3098 enim
1612 3042 2005 3115 sicleguntur,
2039 3046 2083 3112 ο
2183 3047 2263 3102 lia
2284 3063 2384 3118 per
2409 3063 2621 3101 annum
2649 3041 2990 3101 celebrentur
3021 3045 3125 3098 Leo
3152 3041 3296 3115 papa
3324 3041 3370 3112 ις
3405 3046 3564 3114 epist.
3594 3045 3687 3097 82.

356 3136 638 3204 tanquam
692 3132 771 3186 ita
816 3147 884 3187 ex
941 3131 1026 3186 eis
1085 3131 1494 3187 testimonium
1557 3132 1908 3203 proferatur,
1939 3136 2005 3186 ut

358 3225 560 3278 contra
588 3219 806 3277 sentire
836 3236 950 3276 non
975 3218 1168 3286 liceat,
1201 3219 1388 3275 sicubi
1425 3220 1568 3276 forte
1599 3219 1769 3275 aliter
1794 3236 2003 3291 sapue-

357 3311 477 3367 rint
506 3327 684 3382 quam
736 3309 950 3366 veritas
985 3308 1264 3380 postulat.
1300 3310 1363 3364 In
1396 3324 1462 3365 eo
1494 3309 1711 3381 quippe
1759 3325 2004 3366 numero

356 3417 587 3469 sumus,
618 3403 684 3454 ut
707 3415 824 3456 non
857 3398 1240 3470 dedignemur
1269 3397 1445 3454 etiam
1475 3399 1644 3454 nobis
1674 3399 1897 3454 dictum
1930 3398 2002 3454 ab

358 3487 628 3560 Apostolo
657 3487 919 3558 accipere
949 3487 1180 3559 (Philip.
1221 3489 1327 3556 ιιι).
1363 3491 1430 3542 Et
1461 3486 1510 3542 si
1543 3487 1682 3558 quid
1715 3487 1883 3543 aliter
1908 3504 2004 3543 sa-

357 3577 517 3650 pitis,
549 3577 607 3632 id
639 3591 872 3650 quoque
907 3577 1057 3632 Deus
1089 3576 1254 3632 vobis
1286 3575 1584 3632 revelavit.

359 3685 490 3742 CAP.
524 3685 654 3741 237.
685 3715 757 3726 —
785 3685 916 3740 Item
960 3683 1027 3739 de
1070 3683 1278 3739 eodem.
1329 3685 1501 3752 Epist.
1533 3684 1604 3739 ad
1652 3685 2005 3741 Fortunatia-

773 3773 909 3812 num
932 3758 1244 3827 episcopum
1269 3757 1594 3812 Sircensem.

429 3845 592 3917 (Dist.
621 3845 675 3899 9.
707 3861 754 3900 c.
788 3845 971 3914 neque
1003 3843 1415 3914 quorumlibet).
1469 3847 1669 3914 Neque
1721 3859 2004 3914 quorum-

356 3934 502 3990 libet
532 3931 1255 4004 disputationes,quamvis
1282 3929 1699 3985 catholicorum
1717 3935 1770 3986 ct
1803 3931 2004 3987 lauda-

356 4029 553 4080 torum
606 4022 936 4090 hominum,
970 4019 1127 4074 velut
1171 4018 1506 4090 Soripturas
1554 4018 1868 4074 canonicas
1898 4019 2003 4073 ha-

357 4113 494 4170 bere
524 4113 830 4181 debemus,
864 4113 931 4165 ut
971 4109 1142 4165 nobis
1175 4125 1290 4164 non
1322 4108 1500 4163 liceat
1529 4109 1692 4163 salva
1721 4107 2004 4163 honoriﬁ-

357 4203 549 4258 centia
577 4218 704 4272 quis
736 4199 858 4256 illis
887 4200 1135 4255 debetur
1165 4197 1534 4266 hominibus,
1567 4196 1790 4269 aliquid
1821 4197 1881 4251 in
1908 4213 2002 4255 eo-

357 4307 490 4346 rum
523 4289 758 4361 scriptis
784 4287 1114 4358 improbare
1146 4291 1322 4358 atque
1354 4285 1704 4357 respuere,si
1737 4286 1884 4341 forte
1913 4285 2004 4341 in-

2186 3138 2343 3206 (Dist.
2373 3134 2466 3202 48,
2489 3151 2536 3191 c.
2568 3135 2644 3189 De
2672 3133 2969 3204 conciliis).
3003 3133 3084 3188 De
3115 3131 3379 3189 conciliis
3410 3137 3608 3188 autem
3637 3132 3765 3204 epi-

2112 3224 2472 3295 scopalibus,
2504 3240 2616 3280 non
2650 3223 2809 3279 aliud
2840 3221 3179 3293 indicimus,
3212 3237 3391 3292 quam
3431 3221 3620 3278 sancti
3652 3221 3765 3277 Pa-

2113 3318 2234 3369 tres
2255 3311 2571 3368 salubriter
2591 3312 3106 3381 ordinaverunt,ut
3125 3309 3350 3368 scilicet
3370 3309 3495 3366 bini
3511 3326 3766 3366 conven-

2113 3407 2208 3458 tus
2232 3419 2332 3472 per
2352 3401 2618 3473 singulos
2640 3417 2824 3456 annos
2849 3398 3265 3470 habeantur,in
3287 3399 3505 3472 quibus
3535 3400 3607 3456 de
3635 3415 3765 3456 om-

2114 3490 2289 3547 nibus
2318 3489 2571 3562 querelis
2599 3507 2724 3560 quas
2751 3490 2906 3544 inter
2934 3489 3197 3544 diversos
3228 3486 3494 3544 Ecclesiae
3523 3487 3768 3545 ordines

2113 3579 2276 3636 nasci
2308 3577 2563 3634 assolent
2577 3578 2910 3649 judicetur:
2937 3593 3003 3632 ac
3034 3577 3085 3632 si
3116 3577 3262 3633 forte
3291 3576 3446 3632 inter
3473 3577 3635 3648 ipsos
3657 3577 3766 3648 qui

2113 3674 2396 3741 praesunt,
2421 3668 2494 3722 de
2525 3668 2851 3736 majoribus
2883 3666 3326 3738 peccatis,quod
3356 3666 3544 3722 absit!
3580 3682 3766 3721 causa

2115 3756 2533 3827 nascitur,qua3
2558 3755 2899 3827 provinciali
2925 3761 3179 3826 nequeat
3200 3756 3467 3811 examine
3491 3754 3766 3823 ttifﬁniri,

2114 3845 2536 3901 fraternitatem
2570 3849 2732 3900 tuam
2766 3845 2837 3899 de
2867 3844 3049 3900 totius
3079 3843 3296 3916 negotii
3326 3843 3764 3916 qualitate:me-

2112 3934 2505 4006 tropolitanus
2535 3933 2766 3988 curabit
2794 3933 3108 4000 instruere,
3142 3938 3206 3988 ut
3235 3934 3282 3988 si
3315 3949 3510 3989 coram
3551 3933 3765 4004 positis

2112 4023 2384 4078 Patribus
2416 4037 2521 4077 nec
2550 4026 2652 4077 tuo
2685 4022 2862 4076 fuerit
2890 4036 2984 4077 res
3017 4021 3210 4093 sopita
3233 4020 3484 4094 judicio,
3518 4022 3589 4076 ad
3625 4038 3763 4078 nos-

2111 4114 2270 4166 trum
2303 4109 2590 4182 quidquid
2623 4109 2768 4165 illud
2800 4113 2891 4165 est
2919 4109 3314 4181 cognitionem
3349 4111 3761 4166 transferatur.

2112 4217 2246 4273 CAP.
2272 4217 2398 4271 242.
2433 4249 2498 4258 -
2529 4218 2645 4272 Νοη
2689 4232 2802 4271 esse
2831 4219 2955 4271 rata
2999 4218 3240 4273 concilia
3283 4219 3404 4273 sine
3431 4217 3765 4276 auctoritate

2217 4289 2533 4354 apcstolica.
2565 4290 2628 4343 In
2657 4287 2851 4358 quinta
2879 4290 3090 4358 synodo
3119 4289 3444 4361 Symmachi
3471 4304 3654 4361 papae.

357 4377 688 4485 veneiimus
719 4376 874 4485 quod
897 4375 1076 4485 aliter
1112 4373 1862 4485 seinsekrinltuquam‘veritas
1893 4374 1998 4485 h‘a-
2033 4420 2080 4485 Β
2185 4377 2340 4485 ῳίει.
2399 4377 2490 4477 1⁸7ζ
2547 4392 2704 4485 (ξαρΣι
2725 4376 3018 4447 Concilia).
3079 4376 3340 4434 Concilia
3390 4379 3761 4436 sacerdotum

359 4466 476 4535 bet,
509 4463 708 4519 divino
754 4463 1068 4533 adjutorio,
1101 4462 1190 4518 vel
1237 4463 1308 4519 ab
1340 4462 1474 4520 aliis
1505 4462 1820 4530 intellecta,
1853 4463 1941 4519 vel
1970 4480 2004 4519 a
2033 4462 2080 4485 ”
2111 4465 2526 4522 ecclesiasticis
2558 4464 2787 4537 legibus
2803 4467 3117 4534 quotannis
3134 4467 3366 4522 decreta
3396 4483 3501 4540 per
3528 4467 3764 4539 provin-

357 4553 548 4610 nobis.
579 4552 741 4608 Talis
791 4566 897 4624 ego
945 4567 1076 4608 sum
1130 4552 1189 4608 in
1238 4552 1471 4624 scriptis
1518 4553 1767 4609 aliorum
1799 4552 2006 4624 quales

357 4641 487 4698 volo
519 4656 648 4697 esse
678 4640 1075 4697 intellectores
1109 4657 1395 4697 meorum.

360 4749 496 4806 CAP.
526 4748 653 4804 238.
687 4778 754 4788 —-
785 4747 1120 4818 Apostolicas
1162 4749 1472 4804 sanctiones
1519 4764 1554 4802 a
1605 4748 1711 4803 Deo
1755 4748 2006 4817 ﬁrmatas

605 4835 735 4875 esse.
769 4819 973 4891 Agatho
999 4833 1154 4890 papa
1186 4820 1439 4875 omnibus
1463 4821 1753 4890 episcopis.

427 4907 520 4965 Sic
541 4925 746 4964 omnes
761 4907 1091 4980 apostolicis
1111 4907 1271 4962 sedis
1296 4908 1632 4964 sanctiones
1654 4907 2004 4980 accipienda

359 5002 518 5066 sunt,
535 5001 817 5068 tanquam
840 4997 1031 5068 ipsius
1053 4994 1238 5053 divini
1264 4996 1412 5052 Petri
1434 5012 1573 5053 voce
1596 4998 1834 5054 firmatis
1864 4997 2003 5052 sint.

360 5111 494 5163 CAP.
523 5105 724 5161 239.-—
752 5104 913 5175 Quod
938 5102 1300 5174 particularis
1318 5105 1560 5174 synodus
1587 5104 1661 5159 ad
1687 5103 2008 5175 generalem

428 5177 701 5255 synodum
721 5174 1084 5255 judicandam
1109 5176 1458 5255 congregari
1479 5191 1585 5230 non
1613 5180 1804 5248 possit.
1835 5174 2005 5231 Pela-

428 5247 552 5323 gius
592 5249 882 5304 Valeriano
912 5247 1150 5318 patricio
1181 5247 1327 5301 inter
1354 5251 1578 5303 caetera.

434 5342 598 5413 (Dist.
632 5339 720 5405 17,
753 5353 802 5394 c.
835 5337 946 5393 Nec
997 5335 1201 5406 licuit).
1253 5335 1345 5391 Sic
1392 5352 1496 5391 nec
1538 5335 1705 5391 licuit
1753 5335 2006 5407 aliquem

361 5429 543 5500 (forte,
593 5427 953 5499 aliquando],
997 5441 1101 5480 nec
1134 5423 1333 5480 licebit
1382 5423 1797 5496 particularem
1835 5441 2007 5498 syno-

365 5516 508 5571 dum
531 5517 602 5571 ad
616 5513 1368 5588 judicandum,generalem
1383 5513 1672 5588 synodum
1692 5529 2010 5587 congrega-

2112 4554 2232 4610 cias
2257 4554 2396 4626 quia
2418 4554 2791 4625 prmsentiam
2814 4571 2975 4626 papaa
2999 4571 3113 4610 non
3132 4555 3764 4625 habent,valetudinem

2114 4643 2515 4716 perdiderunt.
2570 4643 2760 4716 Legite
2814 4643 3201 4714 insanissimi,
3253 4645 3592 4717 aliquando,
3645 4647 3762 4705 illis

2114 4737 2323 4805 praeter
2353 4731 2660 4804 apostolici
2703 4731 2887 4804 apicis
2921 4733 3312 4802 sanctionem,
3337 4735 3560 4807 aliquid
3592 4752 3763 4793 cons-

2111 4819 2441 4887 titutum,et
2470 4836 2587 4874 non
2619 4820 2689 4874 de
2722 4819 3049 4889 majoribus
3080 4821 3331 4892 negotiis
3359 4823 3430 4878 ad
3465 4825 3766 4881 consulta-

2113 4907 2332 4962 tionem
2394 4907 2444 4963 si
2503 4907 2643 4980 quid
2700 4906 2979 4977 occurrit,
3015 4909 3268 4979 praefatos
3317 4911 3474 4968 sedis
3525 4913 3765 4973 arbitrio

2115 4995 2299 5053 fuisse
2329 5001 2653 5054 servatum.

2115 5106 2247 5161 CAP.
2276 5105 2403 5158 243.
2424 5135 2492 5146 -
2521 5105 2658 5181 Item
2693 5104 2772 5181 bis
2802 5121 2861 5160 in
2893 5120 3041 5181 anno
3066 5105 3395 5181 celebranda
3421 5111 3764 5181 esseepisco-

2180 5177 2677 5250 porumrconcilia.
2712 5176 2797 5229 Ea:
2824 5177 3060 5250 concilio
3110 5177 3567 5250 Chalcedonensi,
3589 5176 3765 5240 actio-

2185 5264 2256 5301 ne
2284 5249 2505 5302 decima
2538 5248 2760 5317 quinta,
2791 5263 2912 5320 cap.
2949 5248 3037 5302 19.

2190 5335 2345 5407 (Dist.
2376 5335 2431 5402 8,
2484 5351 2604 5406 cap.
2653 5335 2911 5392 Pervenit
2953 5336 3024 5392 ad
3070 5339 3331 5407 nostras).
3380 5338 3646 5398 Pervenit
3691 5345 3762 5400 ad

2118 5427 2348 5480 nostras
2373 5439 2565 5490 aures,
2592 5425 2747 5496 quod
2779 5424 2837 5480 in
2862 5423 3178 5497 provinciis
3195 5426 3512 5485 constituta
3542 5429 3765 5502 episco-

2118 5528 2331 5586 porum
2356 5512 2604 5570 concilia
2621 5513 2862 5570 minime
2878 5513 3270 5585 celebrentur,
3301 5521 3358 5574 et
3389 5531 3460 5574 ex
3487 5516 3599 5576 hoc
3625 5536 3760 5593 pro-
