3978 6060
201 248 311 301 317

993 254 1304 307 DECRETI
1346 255 1530 307 PARS
1568 253 1661 304 IV.
1690 281 1760 290 —
1795 253 1892 307 DE
1930 252 2204 305 FES’I‘IV.
2248 252 2340 304 ET
2375 252 2635 316 JEJUN.,
2673 251 2829 303 ETC.

3510 249 3616 305 318

198 373 398 443 batur,
422 374 577 445 quod
610 373 828 440 multa).
857 391 985 446 quae
1013 375 1370 433 correctione
1401 394 1550 448 opus
1580 376 1854 441 habeant,
1888 377 1940 443 Α
1971 374 2251 430 relatione
2284 373 2547 447 proferri,
2582 377 2645 429 ut
2675 390 2779 429 nec
2810 373 3192 428 contentiosis
3224 373 3460 429 vocibus
3488 389 3616 429 sen-

198 462 613 518 ecclesiasticae
665 480 757 518 res
806 463 1205 536 negligantur.
1250 466 1463 521 Statuit
1510 466 1690 537 igitur
1740 465 1860 520 haec

200 557 412 608 sancta
446 553 703 623 synodus
753 554 1080 609 secundum
1132 554 1368 610 Patrum
1404 555 1635 626 regulas
1680 554 1769 609 bis
1802 555 1859 609 in

200 658 360 696 anno
395 642 452 696 in
496 658 678 696 unum
732 642 1036 698 convenire
1088 660 1187 715 per
1219 644 1482 716 singulas
1532 644 1859 715 provincias

198 730 533 802 episcopos,
567 731 664 785 ubi
692 731 925 803 singula
948 749 1075 803 qua:
1098 735 1447 789 emerserint
1468 732 1854 804 corrigantur.

200 819 313 885 Qui
345 836 477 875 vero
512 819 806 875 noluerint
828 822 1135 877 convenire
1158 822 1440 894 episcopi,
1473 820 1775 878 constituti
1799 820 1857 874 in

197 907 328 963 suis
346 907 701 979 civitatibus,
726 913 782 963 et
803 910 912 964 hoc
938 911 1188 966 maxime
1212 928 1344 966 cum
1368 912 1460 967 sui
1482 911 1741 983 corporis
1763 929 1857 966 sa-

198 996 389 1051 nitate
408 997 819 1065 consistentes,
840 998 1017 1053 etiam
1042 1000 1319 1055 omnibus
1341 1000 1469 1055 aliis
1495 1000 1857 1071 urgentibus,

198 1089 257 1140 et
292 1086 792 1142 inexcusabilibus
843 1088 1090 1159 negotiis
1140 1087 1307 1143 liberi
1363 1095 1525 1160 sunt,
1557 1089 1729 1144 licere
1761 1105 1860 1144 eos

199 1174 472 1229 fraternae
504 1174 807 1231 cbaritatis
838 1176 1340 1232 admonitionibus
1372 1178 1607 1249 corripi.

199 1293 332 1347 CAP.
366 1292 493 1347 244.
524 1321 595 1331 -
625 1291 686 1347 Ut
718 1294 776 1345 in
806 1293 1051 1347 ecclesiis
1098 1295 1385 1363 Hispania?
1430 1296 1594 1349 semel
1626 1296 1681 1349 in
1713 1311 1859 1350 anno

266 1367 497 1435 prapter
518 1368 897 1435 paupertatem
922 1365 1167 1420 concilia
1197 1366 1354 1435 ﬁant.
1389 1366 1469 1420 Ex
1497 1365 1734 1422 concilio
1766 1368 1857 1421 To-

276 1433 470 1489 letano
500 1451 585 1502 ιιι,
620 1433 738 1505 cap.
782 1436 861 1490 18.

271 1532 545 1604 Praecipit
576 1532 698 1587 haec
747 1537 951 1588 sancta
982 1536 1039 1589 et
1088 1534 1436 1591 universalis
1485 1536 1742 1606 synodus
1773 1541 1856 1605 ut,

196 1626 397 1678 stante
449 1623 707 1694 priorum
760 1624 1105 1679 auctoritate
1156 1642 1471 1689 canonum,
1504 1642 1626 1694 qua
1676 1625 1767 1679 bis
1800 1625 1856 1679 in

196 1728 357 1767 anno
390 1711 650 1783 praecipit
676 1713 1015 1784 congregari
1046 1713 1315 1783 concilia,
1340 1714 1607 1769 consulta
1631 1714 1857 1770 itineris

192 1799 570 1872 longitudine
592 1805 1005 1873 etpaupertate
1028 1802 1405 1857 ecclesiarum
1430 1802 1742 1874 Hispaniae,
1766 1819 1855 1858 se-

193 1889 312 1945 mel
339 1890 395 1943 in
418 1906 572 1945 anno
600 1889 655 1943 in
680 1889 870 1945 locum
897 1906 1070 1961 quem
1098 1891 1587 1962 melropolitanus
1601 1891 1856 1963 elegerit,

192 1978 458 2049 episc0pi
503 1982 929 2050 congregantur
963 1979 1237 2050 :judices
1289 1997 1419 2035 vero
1453 1979 1739 2049 locorum,
1774 1983 1859 2038 vel

194 2070 429 2124 actores
454 2067 741 2123 ﬁscalium
765 2067 1282 2139 patrimoniorum,
1307 2086 1375 2123 ex
1397 2070 1628 2124 decreto
1652 2070 1860 2141 glorio-

196 2155 424 2213 sissimi
447 2155 680 2212 Domini
704 2155 888 2212 nostri
920 2155 1096 2212 simul
1130 2174 1264 2213 cum
1296 2157 1643 2213 sacerdotali
1665 2158 1860 2214 conci-

196 2244 299 2312 lio,
334 2249 437 2300 aut
466 2245 679 2301 vernali
705 2244 1077 2317 [autumnali]
1104 2250 1383 2318 tempore,
1404 2251 1504 2302 aut
1534 2246 1625 2302 die
1648 2248 1855 2302 Kalen-

200 2334 414 2390 darum
431 2334 933 2405 Novembrium,in
954 2352 1137 2389 unum
1162 2336 1527 2403 conveniant,
1546 2344 1606 2391 ut
1628 2337 1860 2392 discant

201 2440 383 2495 quam
418 2424 506 2495 pie
529 2430 585 2478 et
609 2426 769 2495 juste
796 2441 927 2478 cum
953 2424 1184 2497 populis
1210 2442 1379 2497 agere
1410 2424 1679 2490 debeant,
1706 2442 1775 2481 ne
1797 2426 1855 2479 in

200 2511 601 2583 angariis,aut
632 2513 688 2566 in
724 2514 1162 2585 operationibus
1197 2514 1511 2585 superﬂuis
1535 2514 1652 2569 sive
1676 2513 1858 2585 priva-

197 2605 326 2656 tum
365 2606 626 2667 onerent,
659 2602 778 2657 sive
810 2602 1068 2658 ﬁscalem
1091 2607 1351 2675 gravent.
1377 2603 1505 2657 Sint
1536 2604 1691 2658 enim
1726 2620 1859 2675 per-

199 2697 503 2762 spectores
533 2690 778 2763 [prosp.]
809 2691 1090 2762 episcopi,
1126 2692 1452 2747 secundum
1505 2692 1725 2763 regiam
1758 2693 1858 2747 ad-

202 2780 613 2845 monitionem,
648 2779 899 2850 qualiter
936 2781 1169 2851 judices
1213 2797 1348 2835 cum
1399 2780 1629 2853 populis
1662 2785 1859 2852 agant,

199 2869 285 2923 ita
314 2876 376 2922 ut
408 2868 567 2939 ipsos
608 2869 983 2939 praemonitos
1034 2871 1349 2941 corrigant,
1383 2875 1485 2924 aut
1514 2869 1861 2926 insolentias

201 2973 410 3014 eorum
442 2958 685 3013 auribus
708 2958 1043 3029 principum
1069 2958 1456 3013 innotescant.
1482 2960 1643 3024 Quod
1667 2959 1716 3013 si
1737 2976 1860 3014 cor-

202 3055 401 3117 reptos
424 3046 736 3101 emendare
760 3045 1211 3118 nequiverint,et
1235 3047 1307 3101 ab
1331 3046 1571 3103 ecclesia
1589 3051 1858 3103 etacom-

203 3134 486 3190 munione
504 3135 950 3206 suspendant.A
976 3136 1277 3191 sacerdote
1299 3153 1431 3191 vero
1452 3141 1507 3192 et
1527 3138 1862 3192 senioribus
1894 3120 1937 3187 C

202 3222 563 3279 deliberetur
592 3223 731 3295 quid
760 3240 862 3294 per
904 3223 1236 3296 provincias
1286 3225 1345 3280 in
1378 3242 1485 3281 suo
1513 3226 1862 3283 detrimento

202 3316 485 3383 praestare
518 3312 1051 3382 debeantjudices,
1086 3314 1133 3367 si
1166 3315 1238 3369 ad
1271 3314 1588 3369 concilium
1619 3331 1731 3369 non
1766 3332 1859 3370 ve-

202 3401 401 3456 nerint
426 3418 439 3467 ;
474 3399 786 3457 concilium
811 3408 1005 3456 autem
1030 3418 1140 3456 non
1162 3402 1422 3458 solvatur
1452 3403 1565 3458 nisi
1598 3404 1762 3473 prius
1784 3403 1861 3459 lo-

200 3506 339 3545 cum
371 3489 673 3560 elegerint,
712 3506 825 3560 quo
878 3491 1210 3545 succedenti
1244 3494 1500 3562 tempore
1544 3491 1754 3546 iterum
1788 3493 1858 3546 ad

192 3578 517 3635 concilium
550 3578 1059 3649 veniatur,utjam
1094 3596 1208 3636 non
1243 3596 1481 3636 necesse
1512 3580 1861 3635 babeatme-

196 3664 596 3738 trOpolitanus
649 3667 958 3739 episcopus
1009 3686 1112 3739 pro
1161 3669 1569 3740 congregando
1621 3668 1862 3725 concilio

192 3754 423 3810 litteras
457 3755 776 3825 destinare,
807 3756 851 3809 si
888 3756 943 3810 in
978 3755 1158 3827 priori
1192 3758 1435 3813 concilio
1469 3762 1705 3829 tempus
1736 3775 1862 3813 om-

194 3844 375 3899 nibus
407 3844 791 3900 denuntietur
819 3849 877 3899 et
906 3843 1092 3901 locus.

197 3961 336 4016 CAP.
370 3960 496 4013 245.
526 3990 593 3999 -—
627 3960 802 4027 Quam
833 3969 1146 4016 reverenter
1192 3970 1243 4016 et
1291 3963 1577 4032 composite
1605 3962 1859 4017 sacerdo-

276 4035 351 4086 tes
385 4032 609 4085 Domini
641 4034 709 4097 ,in
743 4032 970 4099 iudiciis
994 4034 1297 4102 praesidere
1325 4034 1537 4089 debent.
1573 4035 1652 4088 Ea:
1680 4036 1859 4089 conci-

275 4104 350 4157 lio
386 4104 641 4157 Toletano
671 4119 749 4166 x1,
780 4119 901 4174 cap.
933 4105 981 4157 1.

270 4202 351 4271 (5,
379 4217 435 4271 q.
476 4203 531 4265 4,
563 4217 610 4255 c.
646 4205 706 4256 In
744 4202 857 4257 loco
890 4203 1337 4271 benedictionis).
1374 4203 1435 4257 In
1467 4202 1591 4259 loco
1622 4203 1859 4259 benedi-

195 4290 414 4346 ctionis
446 4290 819 4347 considentes
870 4291 1101 4346 Domini
1153 4293 1507 4356 sacerdotes,
1560 4292 1740 4348 nullis
1772 4293 1864 4348 de-

196 4381 342 4434 bent
362 4383 465 4433 aut
490 4378 827 4435 indiscretis
847 4380 1089 4435 vocibus
1115 4384 1500 4452 perstrepere,
1524 4386 1626 4437 aut
1646 4381 1863 4452 quibu-

199 4468 378 4525 slibet
405 4467 766 4523 tumultibus
798 4469 1155 4540 perturbari,
1183 4468 1361 4525 nullis
1385 4469 1560 4525 etiam
1594 4470 1756 4525 vanis
1780 4470 1862 4525 fa-
1895 4492 1942 4555 Β

195 4556 359 4613 bulis
390 4556 477 4610 vel
511 4556 729 4611 risibus
760 4556 1148 4628 agi,et,quod
1182 4562 1269 4613 est
1301 4558 1585 4623 deterius,
1610 4559 1867 4614 obstina-

200 4646 278 4700 tis
310 4644 841 4715 disceptationibus
860 4646 1259 4701 tumultuosas
1281 4662 1451 4702 voces
1474 4648 1789 4703 effundere.
1810 4648 1871 4703 Si

202 4736 326 4804 quis
357 4733 537 4799 enim,
561 4737 626 4788 ut
643 4733 961 4805 Apostolus
998 4734 1100 4804 ait,
1124 4739 1291 4805 putat
1309 4751 1365 4790 se
1388 4736 1707 4806 religiosum
1730 4752 1863 4792 esse,

197 4838 311 4879 non
342 4824 643 4892 refrenans
676 4822 935 4894 linguam
955 4838 1137 4891 suam,
1160 4823 1257 4878 sed
1283 4824 1536 4879 seducens
1560 4840 1652 4879 cor
1680 4841 1865 4890 suum,

204 4911 371 4982 hujus
402 4927 558 4965 vana
606 4915 686 4965 est
714 4912 909 4981 religio
941 4914 1073 4982 (Jac.
1111 4914 1172 4983 1).
1226 4912 1458 4967 Cultum
1501 4913 1655 4967 enim
1690 4930 1863 4968 suum

198 4999 437 5070 justitia
468 4999 682 5071 perdit,
718 5000 953 5071 quando
1003 5000 1239 5056 silentia
1282 5001 1490 5071 judicii
1522 5001 1863 5072 obstrepen-

204 5088 353 5143 tium
382 5087 557 5143 turba
576 5086 904 5153 confundit,
930 5088 1161 5143 dicente
1185 5088 1467 5161 propheta
1492 5106 1504 5145 :
1538 5091 1656 5145 Erit
1684 5090 1867 5146 cultus

206 5177 437 5240 iustitiae
463 5176 753 5232 silentium
783 5177 916 5245 (lsa.
946 5178 1126 5248 LVIII).
1183 5177 1359 5233 Debet
1406 5194 1542 5250 ergo
1575 5178 1862 5249 quidquid

203 5268 307 5321 aut
327 5264 761 5320 considentium
785 5264 1325 5321 consultationibus
1348 5267 1671 5339 agitur,aut
1692 5283 1863 5323 accu-

203 5352 465 5409 santium
491 5356 655 5425 parte
684 5353 1052 5427 proponitur,
1085 5356 1170 5410 sic
1202 5356 1521 5413 mitissima
1548 5357 1859 5413 verborum

1968 481 2071 519 sus
2101 464 2465 519 audientium
2497 464 2759 531 turbent,
2818 479 2922 517 nec
2954 462 3226 533 judicum
3260 462 3514 534 vigorem
3548 463 3618 518 de

1967 554 2228 607 tumultu
2246 557 2540 609 enervent.
2561 552 2903 622 Quicunque
2926 568 3062 623 ergo
3095 552 3152 605 in
3178 555 3465 607 conventu
3488 568 3619 608 con-

1969 641 2086 697 cilii
2117 642 2237 697 haec
2268 659 2396 713 quae
2447 642 2754 713 praemissa
2799 646 2937 695 sunt
2983 641 3257 696 violanda
3287 640 3614 708 crediderit,

1969 735 2024 786 et
2053 736 2257 786 contra
2291 731 2410 785 haec
2460 729 2794 798 interdicta,
2830 732 2931 784 aut
2959 729 3245 797 tumultu,
3278 733 3380 784 aut
3410 733 3618 785 contu-

1970 819 2159 876 meliis
2190 820 2295 887 .vel
2346 819 2563 875 risibus
2612 818 2924 874 concilium
2978 818 3423 890 perturbaverit,
3450 819 3620 890 juxta

1969 908 2175 965 divinae
2207 910 2354 981 legis
2385 909 2640 964 edictum
2674 925 2788 980 quo
2818 908 3154 979 praecipitur
3186 926 3198 963 :
3234 908 3380 979 Ejice
3412 908 3617 963 deriso-

1970 1016 2087 1054 rem
2118 1002 2169 1054 et
2198 998 2372 1054 exibit
2397 1016 2518 1054 cum
2551 1015 2609 1053 eo
2640 999 2889 1067 iurgium
2917 1003 3102 1066 (Prov.
3134 998 3297 1068 xxn),
3329 1014 3462 1053 cum
3494 1014 3618 1053 om-

1970 1088 2027 1143 ni
2061 1088 2341 1144 dedecore
2379 1088 2451 1144 de
2481 1086 2845 1144 confessione
2894 1087 3223 1142 abstractus
3254 1105 3287 1142 a
3316 1087 3617 1142 communi

1969 1182 2120 1233 coetu
2154 1179 2406 1244 secedat,
2440 1182 2495 1232 et
2525 1176 2704 1232 trium
2738 1176 2964 1232 dierum
2995 1175 3616 1233 excommunicationis

1969 1267 2321 1322 sententiam
2354 1266 2627 1338 perferat.

1967 1383 2102 1439 CAP.
2132 1383 2259 1437 246.
2288 1411 2360 1425 -
2388 1382 2589 1453 Incipit
2617 1382 2750 1438 ordo
2779 1382 3019 1452 qualiter
3058 1381 3126 1435 ab
3176 1382 3420 1451 episcopo
3448 1396 3616 1451 syno-

2615 1453 2715 1508 dus
2746 1458 2965 1521 agatur.

2040 1554 2155 1624 (70)
2185 1551 2337 1607 Hora
2366 1550 2481 1606 diei
2513 1552 2703 1623 prima
2733 1556 2869 1606 ante
2899 1550 3040 1605 solis
3083 1554 3277 1605 ortum
3306 1548 3619 1619 ejiciantur

1968 1660 2173 1700 omnes
2199 1644 2270 1699 ab
2302 1642 2568 1712 ecclesia,
2591 1642 2993 1712 obseratisque
3017 1641 3241 1696 foribus
3271 1640 3519 1707 cunctis,
3544 1642 3615 1696 ad

1888 1752 1936 1818 Β
1968 1750 2147 1788 unam
2169 1735 2433 1801 januam,
2451 1747 2739 1802 perquam
2762 1733 3096 1787 sacerdotes
3116 1729 3344 1801 ingredi
3365 1733 3615 1800 oportet,

1969 1822 2193 1877 ostiarii
2208 1822 2533 1887 stabunt,et
2552 1819 2959 1875 convenientes
2980 1818 3613 1884 cardinales,sacerdo-

1970 1914 2059 1965 tes
2091 1910 2306 1980 pariter
2330 1925 2462 1963 cum
2494 1908 2767 1980 episcopo
2814 1907 3159 1977 introibunt,
3199 1913 3256 1961 et
3286 1906 3610 1962 secundum

1969 1998 2193 2054 ordinis
2224 1998 2315 2053 sui
2346 2003 2579 2068 tempus
2601 1997 2955 2052 residebunt.
2977 1996 3112 2051 Post
3142 1996 3248 2051 bos
3280 1996 3618 2067 ingredian-

1967 2092 2066 2142 tur
2087 2093 2142 2142 et
2162 2087 2391 2142 diaconi
2414 2086 2755 2157 qui,corona
2778 2085 2929 2140 facta
2946 2085 3003 2139 in
3022 2089 3336 2156 conspectu
3353 2082 3614 2156 episcopi

1968 2180 2025 2231 et
2053 2176 2446 2241 sacerdotum,
2477 2179 2654 2230 slent.
2682 2173 2895 2229 Deinde
2923 2175 3180 2229 forenses
3209 2173 3618 2245 ingrediantur

1968 2265 2313 2336 presbyteri,
2342 2264 2402 2318 in
2433 2263 2636 2319 ordine
2665 2280 2793 2332 suo,
2816 2262 3017 2333 procul
3039 2264 3110 2319 ab
3143 2262 3275 2318 aliis
3297 2266 3619 2329 stantes,et

1968 2354 2195 2423 utjussi
2217 2352 2433 2408 fuerint
2454 2351 2792 2407 residentes.
2812 2350 3223 2422 lngrediantur
3240 2365 3467 2420 quoque
3481 2350 3619 2405 sub-

1967 2441 2197 2497 diaconi
2241 2458 2387 2512 quos
2419 2442 2487 2496 ad
2524 2440 2889 2495 recitandum
2922 2438 3010 2494 vel
3038 2438 3447 2509 excipiendum
3477 2454 3615 2493 con-

1967 2546 2153 2602 gruus
2172 2530 2314 2585 ordo
2336 2528 2603 2599 requirit,
2622 2526 3242 2598 obseratisquejanuis
3264 2528 3533 2582 sedentes
3555 2526 3616 2581 in

1969 2620 2247 2675 diuturno
2270 2617 2503 2673 silentio
2524 2616 2781 2687 episcopi
2799 2614 3069 2670 videlicet
3087 2620 3143 2669 et
3162 2615 3515 2684 sacerdotes,
3536 2620 3617 2669 at-

1969 2725 2082 2780 que
2113 2724 2211 2762 cor
2244 2711 2431 2761 totum
2456 2705 2739 2760 habentes
2772 2705 2843 2759 ad
2877 2701 3214 2770 Dominum,
3239 2703 3507 2758 dicturus
3529 2705 3621 2758 est

1971 2795 2425 2853 archidiaconus
2466 2810 2478 2847 :
2509 2798 2713 2854 Orate;
2745 2796 2802 2848 et
2830 2797 2971 2848 tunc
3002 2796 3209 2863 agatur
3237 2790 3462 2847 litania.
3492 2794 3621 2846 Sta-

1969 2888 2193 2958 timque
2223 2902 2427 2941 omnes
2455 2884 2837 2941 incurventur
2866 2888 2984 2939 tam
3004 2882 3261 2953 episcopi
3291 2898 3466 2953 quam
3490 2898 3621 2954 pre-

1970 2978 2187 3049 sbyteri
2219 2979 2451 3031 orantes
2500 2974 2745 3041 diutius,
2776 2972 2953 3029 tacite
3000 2988 3135 3027 cum
3181 2970 3415 3027 ﬂetibus
3445 2976 3622 3042 atque

1975 3066 2481 3138 gemitibus.Tunc
2494 3078 2744 3134 surgens
2756 3061 3310 3134 episcopuscunctis
3329 3059 3522 3116 adhuc
3540 3060 3625 3116 in-

1974 3155 2407 3223 curvatis,bano
2420 3152 2740 3208 orationem
2759 3150 2953 3223 palam
2969 3150 3176 3206 fundat
3190 3151 3262 3206 ad
3281 3151 3619 3205 Dominum.

1970 3292 2101 3343 CAP.
2133 3288 2259 3341 247.
2291 3317 2361 3327 -
2393 3284 2598 3342 Oratio
2637 3284 2704 3340 ab
2749 3286 2994 3356 episcOpo
3027 3283 3085 3338 in
3133 3283 3340 3354 synodo
3369 3283 3616 3339 dicenda.

2042 3386 2361 3451 Adsumus,
2381 3383 2648 3444 Domine:
2671 3387 2870 3439 sancte
2890 3382 3164 3455 Spiritus,
3180 3382 3463 3438 adsumus
3484 3398 3617 3453 pec-

1971 3476 2082 3531 cati
2116 3475 2355 3546 quidem
2381 3472 2749 3528 immanitate
2770 3471 3012 3543 detenti,
3036 3472 3137 3527 sed
3168 3471 3227 3527 in
3260 3469 3489 3526 nomine
3520 3475 3620 3526 tuo

1971 3562 2359 3637 spiritualiter
2406 3562 2723 3633 aggregati.
2774 3561 2919 3615 Veni
2953 3562 3023 3616 ad
3075 3577 3203 3627 nos,
3254 3564 3377 3616 esto
3420 3560 3621 3615 nobis-

1972 3670 2128 3720 cum,
2161 3656 2217 3706 et
2246 3652 2489 3722 dignare
2522 3649 2682 3704 illabi
2738 3649 3013 3705 cordibus
3064 3650 3302 3704 nostris.
3340 3653 3486 3705 Doce
3516 3665 3622 3706 nos

1970 3741 2109 3813 quid
2144 3756 2411 3811 agamus,
2436 3755 2551 3810 quo
2583 3737 2939 3809 gradiamur,
2964 3741 3019 3793 et
3049 3738 3291 3793 ostende
3321 3737 3460 3809 quid
3491 3738 3620 3793 efﬁ-

1969 3846 2096 3885 cere
2141 3830 2459 3884 debeamus
2507 3831 2591 3895 ut,
2624 3831 2680 3882 te
2729 3826 3067 3897 auxiliante,
3098 3828 3207 3883 tibi
3256 3827 3315 3883 in
3349 3827 3622 3884 omnibus

1970 3920 2195 3992 placere
2227 3918 2549 3973 valeamus.
2576 3917 2709 3971 Esto
2741 3916 2923 3983 salus,
2957 3920 3013 3971 et
3044 3920 3372 3988 suggestor,
3406 3922 3463 3971 et
3492 3916 3623 3972 effe-

1971 4006 2469 4078 ctorjudiciorum
2491 4010 2821 4061 nostrorum
2848 4004 2947 4076 qui
2971 4004 3135 4062 solus
3158 4022 3291 4061 cum
3316 4006 3430 4061 Deo
3454 4009 3623 4061 Patre

1972 4101 2027 4153 et
2048 4098 2176 4167 ejus
2201 4094 2344 4150 Filio
2368 4111 2577 4149 nomen
2605 4094 2869 4165 possides
2892 4094 3234 4165 gloriosum.
3256 4094 3377 4147 Non
3399 4109 3505 4147 nos
3528 4109 3625 4163 pa-

1976 4185 2139 4240 tiaris
2170 4184 2605 4255 perturbatores
2633 4198 2759 4237 esse
2784 4181 3054 4251 justitiaz,
3081 4181 3180 4252 qui
3212 4196 3507 4236 summam
3540 4181 3623 4236 di-

1974 4273 2111 4345 ligis
2142 4272 2500 4345 aequitatem,
2535 4276 2599 4325 ut
2628 4270 2687 4324 in
2720 4269 3028 4325 sinistrum
3060 4286 3166 4325 nos
3198 4285 3313 4325 non
3344 4269 3620 4341 ignoran-

1972 4362 2056 4416 tia
2087 4362 2299 4432 trabat,
2320 4377 2435 4415 non
2460 4362 2620 4415 favor
2640 4358 2917 4428 inﬂectat,
2945 4374 3058 4414 non
3082 4358 3337 4430 acceptio
3361 4358 3623 4415 muneris

1972 4450 2059 4505 vel
2094 4466 2352 4521 personae.
2386 4451 2741 4519 corrumpat,
2775 4448 2875 4503 sed
2900 4448 3085 4520 junge
3108 4464 3213 4503 nos
3244 4448 3349 4503 tibi
3381 4446 3625 4503 efﬁcaci-

1978 4544 2068 4593 ter
2098 4537 2284 4593 solius
2314 4538 2511 4610 gratim
2555 4540 2666 4591 tuae
2700 4538 2872 4601 dono,
2907 4541 2971 4589 ut
2999 4536 3187 4591 simus
3234 4535 3293 4591 in
3330 4541 3383 4592 te
3414 4551 3623 4604 unum,

1978 4632 2035 4682 et
2061 4628 2119 4681 in
2150 4626 2310 4681 nullo
2341 4626 2643 4681 deviemus
2667 4640 2871 4689 avero,
2897 4624 3150 4695 qualiter
3177 4625 3233 4679 in
3267 4625 3502 4680 nomine
3523 4630 3624 4682 tuo

1976 4717 2199 4773 collecti
2234 4716 2317 4770 sic
2345 4715 2403 4769 in
2434 4714 2659 4769 cunctis
2708 4718 3013 4767 teneamus
3062 4729 3196 4767 cum
3228 4714 3624 4769 moderatione

1976 4806 2214 4878 pietatis
2236 4804 2557 4875 justitiam,
2605 4806 2670 4857 ut
2720 4801 2817 4856 hic
2846 4818 2879 4856 a
2908 4804 2963 4855 te
3012 4802 3071 4856 in
3119 4800 3283 4856 nullo
3314 4802 3624 4859 dissentiat

1977 4895 2268 4950 sententia
2297 4897 2518 4959 nostra,
2553 4895 2610 4947 et
2637 4891 2697 4946 in
2730 4892 2927 4946 futuro
2961 4907 3063 4962 pro
3095 4892 3240 4946 bene
3270 4892 3452 4962 gestis
3482 4908 3621 4947 con-

1977 4999 2301 5055 sequamur
2331 4981 2571 5054 praemia
2601 4981 2976 5052 sempiterna.

1974 5100 2105 5156 CAP.
2132 5100 2256 5155 248.
2291 5130 2355 5139 -—
2389 5097 2539 5166 Quod
2570 5097 2925 5169 Evangelium
2972 5098 3031 5151 in
3059 5097 3276 5170 synodo
3303 5098 3619 5170 dicendum,

2318 5178 2368 5225 et
2397 5184 2522 5241 qua:
2549 5170 2796 5240 capitula
2825 5172 2936 5223 sint
2966 5169 3267 5226 recitanda.

2044 5268 2168 5333 Qua
2198 5266 2460 5321 oratione
2490 5265 2673 5332 ﬁnita,
2703 5265 2774 5321 ab
2823 5266 3097 5322 omnibus
3143 5268 3569 5339 respondeatur
3600 5280 3613 5321 :

1970 5357 2175 5411 Amen.
2200 5358 2573 5427 Rursumque
2590 5354 2746 5411 dicat
2772 5354 3248 5411 archidiaconus:
3270 5355 3610 5427 Erigitevos.

275 5499 390 5574 (7οξ
420 5497 745 5574 Desumpta
774 5513 842 5554 ex
871 5498 1117 5556 concilio
1148 5498 1709 5574 Salegonstadiensi.
1746 5500 1881 5559 Vide
1916 5500 2203 5558 Isidorum
2238 5502 2575 5574 praefatione
2603 5501 2665 5557 in
2691 5500 3092 5558 collectionem
3122 5518 3436 5572 canonum,
3465 5512 3520 5560 et
3549 5505 3611 5564 in

206 5568 496 5641 principio
528 5568 934 5626 conciliorum.
