3960 6072
313 221 424 277 319

313 433 410 486 tur
440 428 817 502 Evangelium
852 446 865 484 :
894 429 1218 501 Designavit
1244 431 1506 486 Dominus
1526 435 1684 488 Jesus
1715 430 1864 500 (Luc.
1888 428 1965 499 x),

312 522 421 575 etc.
455 522 579 583 Quo
610 517 1035 589 perlecto,cum
1063 517 1268 573 timore
1289 524 1346 574 et
1366 518 1683 590 disciplina
1705 522 1820 573 tam
1848 517 1965 588 epi-

312 626 528 681 scopus
560 625 738 680 quam
771 608 961 664 caeteri
990 608 1359 682 [presbyteri]
1393 611 1651 665 sedeant.
1680 610 1969 664 Diaconus

313 698 631 754 dalmatica
682 698 927 752 indutus
961 698 1219 754 codicem
1268 715 1558 754 canonum
1615 700 1672 753 in
1708 698 1968 753 medium

317 788 642 861 proferens,
675 786 931 858 capitula
950 785 1167 841 Nicieni
1201 788 1430 843 concilii
1464 787 1742 860 perlegat,
1769 786 1867 840 ubi
1900 786 1970 841 de

319 877 429 931 ﬁde
448 875 733 930 catholica
756 874 983 946 plenius
1003 878 1567 947 tractatur,qualiter
1588 893 1791 931 omnes
1812 874 1969 930 Chri-

319 963 536 1021 sticolas
582 980 766 1019 unum
798 963 981 1019 Deum
1013 964 1073 1019 in
1106 965 1412 1035 Trinitate,
1445 972 1502 1021 et
1531 965 1875 1020 Trinitatem
1908 964 1966 1018 in

318 1052 544 1108 unitate
571 1052 918 1107 ﬁducialiter
938 1053 1225 1123 venerari,
1248 1056 1418 1109 corde
1442 1055 1697 1123 credere,
1722 1069 1819 1108 ore
1840 1070 1971 1108 con-

318 1139 489 1209 fiteri,
523 1143 579 1194 et
628 1140 991 1197 incessanter
1038 1142 1297 1199 excolere
1350 1144 1645 1199 debeant:
1683 1142 1781 1197 ubi
1826 1142 1970 1197 satis

317 1233 515 1301 aperte
544 1229 911 1300 depromitur
940 1233 1235 1302 quomodo
1269 1233 1437 1287 Pater
1467 1237 1525 1287 et
1554 1232 1733 1287 Filius
1765 1235 1821 1286 et
1841 1230 1969 1303 Spi-

320 1317 469 1373 ritus
492 1322 731 1373 sanctus
753 1319 1035 1374 veraciter
1059 1338 1210 1376 unus
1226 1321 1299 1375 sit
1321 1322 1494 1376 Deus.
1511 1320 1973 1391 Deindelegatur

317 1404 468 1460 liber
497 1405 851 1475 officiorum,
888 1410 951 1462 ut
981 1409 1128 1463 scire
1160 1408 1389 1464 valeant
1412 1426 1524 1479 quo
1556 1410 1759 1463 ordine
1789 1408 1847 1461 in
1879 1424 1970 1463 ec-

323 1494 501 1551 clesia
518 1501 731 1551 cuncta
746 1498 1322 1569 peraganturofﬁcia.
1340 1498 1474 1554 Post
1494 1498 1614 1553 haec
1628 1503 1820 1553 autem
1843 1513 1972 1569 per-

323 1585 637 1657 quirantur
667 1586 985 1659 presbyteri
1016 1586 1268 1657 qualiter
1296 1604 1719 1658 energumenos
1749 1587 1972 1643 exorci-

1407 224 1476 274 D.
1517 220 1755 275 IVONIS
1790 219 2282 273 CARNOTENSIS
2318 218 2641 273 EPISCOPI

311 340 628 400 Confestim
662 356 869 396 omnes
900 304 1163 412 surgant,
1196 342 1346 397 etab
1368 341 1777 397 archidiacono
1808 339 1959 411 lega-
1990 341 2046 407 Α

3626 217 3753 272 320

2296 341 2424 397 CAP.
2455 342 2582 396 251.
2614 371 2683 381 —
2710 340 2868 397 Finis
2898 340 3128 397 concilii
3150 342 3351 412 primae
3379 340 3512 396 diei.

2147 430 2247 485 His
2278 431 2475 502 itaque
2506 430 2695 501 prima
2714 430 2808 485 die
2825 428 3334 502 synodalijudicio
3367 430 3749 496 deliberatis,

2077 536 2326 591 surgens
2375 519 2823 575 archidiaconus
2873 514 3076 575 dicat:
3112 520 3176 574 In
3227 521 3466 575 nomine
3496 520 3750 576 Domini

2078 608 2260 664 nostri
2290 609 2429 664 Jesu
2463 608 2677 664 Christi
2710 624 2916 664 eamus
2941 608 3000 663 in
3032 624 3193 678 pace.
3227 610 3393 665 Tunc
3421 609 3579 664 dicat
3608 609 3746 680 epi-

2078 713 2289 769 scopus
2322 696 2809 753 benedictionem.

2388 786 2521 840 CAP.
2553 786 2678 841 252.
2713 816 2779 826 —
2813 786 3126 841 Benedictio
3156 788 3420 857 episcopi.

2149 876 2257 941 Qui
2288 876 2582 946 dispersos
2616 874 2791 930 Israel
2841 882 3181 946 congregat.
3231 874 3356 946 ipse
3401 891 3503 930 vos
3552 875 3649 930 hic
3686 880 3753 931 et

2078 965 2298 1035 ubique
2311 964 2624 1019 custodiat.
2641 966 2846 1018 Amen.
2863 964 2932 1018 Et
2952 980 3065 1017 non
3082 964 3274 1019 solum
3290 980 3391 1018 vos
3414 964 3751 1032 custodiat,

2079 1055 2177 1108 sed
2207 1054 2402 1107 ovium
2425 1069 2668 1106 suarum
2691 1053 2933 1107 idoneos
2964 1053 3238 1107 custodes
3262 1052 3500 1107 efficiat.
3528 1055 3749 1107 Amen.

2079 1142 2151 1197 Ut
2181 1159 2313 1197 cum
2347 1158 2581 1197 summo
2608 1145 2838 1212 pastore
2860 1140 3087 1197 Christo
3120 1143 3190 1196 de
3219 1158 3465 1213 gregum
3490 1157 3750 1196 suorum

2079 1231 2341 1302 pastione
2371 1231 2675 1301 gaudeatis
2704 1229 2765 1283 in
2796 1230 2958 1284 ccelo.
2992 1233 3193 1285 Amen.
3231 1231 3393 1297 Quod
3428 1230 3554 1301 ipse
3589 1247 3748 1301 prae-

2081 1329 2237 1376 stare
2267 1320 2562 1391 dignetur,
2594 1318 2695 1390 qui
2728 1337 2832 1374 nos
2856 1325 2989 1374 ante
3021 1320 3503 1377 constitutionem
3526 1319 3751 1374 mundi

2082 1410 2546 1482 prmdestinatos,
2566 1420 2622 1465 et
2642 1414 2775 1464 ante
2796 1410 2969 1465 tinem
2990 1409 3187 1465 saeculi
3212 1410 3575 1480 justiﬁcatos
3599 1426 3751 1480 pra:-

2083 1500 2270 1568 scivit,
2308 1516 2409 1570 per
2440 1497 2672 1552 infinita
2699 1498 2913 1553 saecula
2945 1497 3315 1554 saeculorum.
3349 1504 3557 1553 Amen.

2083 1607 2213 1662 CAP.
2239 1604 2364 1660 253.
2399 1634 2466 1645 ——
2507 1604 2662 1658 Actio
2710 1604 2967 1660 secundae
3014 1605 3151 1658 diei.
3201 1602 3450 1658 Secunda
3496 1617 3623 1658 vero
3654 1602 3752 1659 die

321 1691 472 1742 zare,
500 1673 755 1746 qualiter
774 1676 1059 1731 scrutinia
1082 1681 1137 1730 et
1161 1678 1392 1732 aurium
1416 1678 1745 1749 apertiones
1765 1678 1973 1746 facere,
2010 1709 2056 1774 Β
2156 1679 2440 1744 ingressis.
2472 1676 2765 1774 sipmlqpe,
2816 1685 2879 1774 ait
2926 1675 3310 1774 suprqdictum
3359 1679 3458 1742 est,
3486 1676 3753 1730 omnibus

394 1763 406 1774 ι
557 1765 571 1774 .
711 1767 719 1774 .
829 1767 862 1774 -.
1050 1768 1064 1774 -
1109 1766 1120 1774 .
1268 1773 1272 1774 ,
1341 1769 1364 1774 Α
1425 1767 1457 1774 ..
1698 1767 1711 1774 -
1764 1767 1796 1774 ν.
1893 1772 1899 1774 .
2159 1748 2466 1774 .‘.............l.‘-
2540 1761 2637 1774 ,ηυ-
2702 1748 2819 1774 ἕλη-.
2867 1764 2893 1774 ι-
2939 1756 3012 1774 -.ο
3047 1766 3071 1774 ι.
3157 1749 3397 1774 η“.”.,.η..υι
3431 1748 3610 1774 Λευ-οἴη

321 1763 410 1820 vel
437 1765 673 1821 eosdem
707 1767 1001 1836 baptizare
1034 1766 1304 1821 debeant.
1332 1767 1556 1833 Quibus
1586 1767 1853 1839 expletis,
1886 1772 1973 1822 ta-

321 1851 455 1909 liter
483 1858 726 1909 cunctos
758 1853 997 1909 clericos
1030 1853 1369 1926 alloquetur
1398 1855 1729 1927 episcopus.

638 1987 771 2043 CAP.
803 1988 932 2044 249.
963 2018 1031 2028 —
1060 1988 1373 2045 Admonitio
1403 1990 1663 2062 episcopi.

403 2101 675 2157 Precibus
710 2102 906 2174 itaque
939 2105 1050 2160 Deo
1082 2104 1422 2177 praemissis,
1448 2104 1872 2160 fraternitatem
1898 2091 1987 2160 ve.

330 2193 537 2257 stram,
554 2190 921 2248 dilectissimi
942 2193 1063 2263 filii,
1079 2210 1211 2249 cum
1236 2192 1331 2264 pia
1354 2193 1758 2249 exhortatione
1780 2195 1981 2249 admo-

333 2294 466 2349 neo,
498 2284 555 2335 et
584 2297 685 2351 per
714 2280 975 2337 divinum
1006 2299 1215 2338 nomen
1241 2283 1523 2353 obtestor,
1547 2288 1611 2338 ut
1632 2299 1699 2338 ea
1729 2299 1855 2354 quae
1879 2299 1980 2337 no-

334 2368 427 2425 bis
458 2370 529 2423 de
554 2369 691 2436 Deo,
720 2375 776 2425 et
808 2371 991 2426 sacris
1012 2371 1341 2439 ordinibus,
1367 2372 1452 2427 vel
1476 2372 1697 2427 sanctis
1719 2371 1983 2427 moribus

333 2457 491 2514 dicta
518 2458 754 2529 fuerint,
788 2476 923 2514 cum
953 2460 1109 2515 omni
1145 2461 1357 2532 pietate
1379 2461 1740 2533 suscipiatis,
1764 2465 1820 2516 et
1849 2477 1981 2515 cum

332 2563 569 2603 summa
585 2550 908 2604 reverentia
929 2550 1202 2621 perﬁcere
1224 2549 1531 2616 studeatis,
1559 2555 1871 2621 quatenus,
1889 2566 1985 2605 su-

332 2651 515 2707 perna
540 2636 855 2693 auxiliante
880 2638 1088 2710 gratia,
1113 2656 1180 2695 ea
1202 2655 1326 2709 quae
1351 2640 1420 2693 ad
1445 2638 1697 2693 salutem
1721 2646 1982 2694 nostram

333 2729 390 2781 et
416 2723 734 2781 Christiani
763 2725 962 2796 populi
985 2727 1152 2781 nobis
1172 2727 1473 2782 commissi
1508 2728 1790 2799 pertinere
1820 2726 1984 2782 vide-

336 2814 579 2880 buntur,
614 2812 929 2884 diligenter
960 2818 1016 2868 et
1046 2815 1281 2885 provide
1312 2815 1507 2870 omnia
1536 2820 1882 2882 tractemus,
1915 2831 1985 2870 ne

335 2915 469 2955 oves
482 2898 714 2953 Domini
731 2901 912 2954 nostri
926 2902 1059 2956 Jesu
1074 2901 1290 2956 Christi
1315 2903 1484 2958 nobis
1501 2903 1986 2973 commissae,licet

337 2988 595 3059 indigne,
627 2988 698 3042 ob
731 2994 992 3044 nostram
1017 2995 1255 3060 pereant
1275 2990 1713 3063 negligentiam,
1737 3009 1839 3063 pro
1862 2993 1986 3063 qui.

2159 1748 2486 1815 incurvatis,
2520 1748 2637 1802 hac
2665 1746 2895 1801 dicenda
2934 1756 3013 1802 est
3043 1748 3110 1801 ab
3151 1749 3398 1817 episcOpo
3426 1748 3632 1802 oratio.

2160 1835 3752 1907 Nostrorumtibi,Domine,curvantesgenuacordium,

2092 1943 2455 1999 quaesumus,
2484 1930 2546 1979 ut
2563 1924 2779 1979 bonum
2802 1925 2958 1995 quod
2993 1941 3027 1978 a
3048 1924 3219 1980 nobis
3250 1941 3282 1978 a
3310 1928 3366 1978 te
3399 1923 3753 1994 requiritur,

2092 2030 2504 2085 exsequamur,
2522 2012 2743 2069 scilicet
2760 2019 2823 2068 ut
2841 2018 3111 2085 prompta
3129 2018 3322 2068 tecum
3346 2011 3757 2067 sollicitudine

2092 2105 2446 2177 gradientes,
2480 2102 2849 2158 discretionis
2872 2103 3067 2157 arduae
3099 2102 3319 2157 subtile
3340 2100 3635 2173 judicium
3660 2100 3759 2155 fa—

2093 2195 2339 2259 ciamus,
2364 2209 2429 2247 ac
2454 2191 2911 2247 misericordiam
2938 2190 3615 2263 diligentes,clareamus
3634 2194 3763 2244 stu-

2091 2284 2205 2338 diis
2238 2282 2337 2337 tibi
2363 2281 2585 2353 placitze
2610 2280 2879 2335 actionis.
2900 2280 3063 2335 Tunc
3097 2280 3168 2335 ab
3199 2280 3478 2335 omnibus
3503 2293 3757 2349 respon-

2091 2375 2334 2428 deatur:
2360 2376 2567 2425 Amen.
2593 2353 3226 2440 Surgentibusqueillis
3251 2368 3482 2440 legatur
3499 2367 3762 2438 Evange'

2089 2461 2236 2515 lium
2270 2476 2284 2515 :
2324 2464 2424 2515 Vos
2451 2458 2577 2514 estis
2598 2459 2682 2513 sat
2703 2468 2865 2514 terrae
2893 2458 3103 2530 (Matth.
3138 2459 3230 2525 v);
3262 2457 3349 2511 vel
3386 2475 3398 2511 :
3432 2460 3611 2512 Bstote
3639 2456 3755 2509 mi-

2089 2549 2385 2606 sericordes
2430 2548 2580 2619 (Luc.
2614 2550 2713 2617 vx).
2765 2548 2901 2603 Post
2947 2546 3069 2601 haec
3127 2562 3226 2617 per
3274 2545 3563 2613 ordinem,
3596 2544 3755 2599 sicut

2091 2639 2275 2712 prius,
2310 2638 2369 2692 in
2400 2637 2527 2692 suis
2558 2636 2854 2691 resideant
2883 2636 3147 2703 sedibus,
3181 2651 3328 2707 quos
3356 2634 3568 2690 deinde
3598 2632 3747 2689 allo-

2091 2732 2307 2799 quatur
2336 2727 2668 2799 episcopus.
2716 2725 2937 2791 Quibus
2966 2724 3154 2779 verbis
3185 2722 3443 2779 secunda
3486 2722 3580 2776 die
3611 2736 3751 2792 per-

2092 2816 2261 2883 actis,
2297 2815 2716 2887 perquirantur
2746 2830 2871 2884 qua:
2904 2813 2961 2868 in
2987 2813 3208 2885 synodo
3231 2810 3563 2868 necessaria
3583 2814 3748 2876 sunt,

2093 2923 2158 2961 ac
2179 2904 2445 2976 diligenti
2466 2920 2605 2959 cura
2618 2906 3066 2974 pertractentur.
3082 2902 3234 2956 Hora
3254 2905 3452 2956 autem
3477 2904 3641 2955 sexta
3658 2898 3752 2954 vel

2094 3011 2249 3049 nona
2278 2992 2523 3063 expleta,
2554 2992 2767 3047 iterum
2798 2991 3138 3062 pronuntiet
3168 2988 3619 3045 archidiaconus
3646 3005 3659 3041 ε
3686 2990 3751 3043 In

338 3076 449 3131 bus
479 3076 535 3130 in
565 3076 880 3147 diejudicii
900 3078 1185 3133 rationem
1206 3079 1492 3134 reddituri
1515 3096 1744 3136 sumus.
1774 3080 1986 3136 Deinde
2018 3068 2061 3135 C
2096 3082 2333 3138 nomine
2363 3080 2592 3135 Domini
2626 3079 2810 3135 nostri
2840 3080 2979 3135 Jesu
3012 3078 3225 3133 Christi
3259 3094 3465 3132 eamus
3494 3077 3555 3131 in
3588 3092 3753 3148 pace.

338 3162 515 3221 simili
534 3181 634 3220 vos
650 3164 1039 3221 obtestatione
1056 3167 1296 3237 conjuro
1314 3166 1399 3221 vel
1417 3168 1679 3235 obsecro,
1704 3173 1767 3224 ut
1788 3168 1988 3225 nullus

338 3257 598 3309 vestrum
630 3254 689 3308 in
712 3254 1057 3326 judicando,
1081 3256 1317 3310 fratrem
1339 3271 1514 3311 suum
1547 3262 1649 3312 aut
1681 3274 1988 3329 personam

340 3342 607 3415 accipiat,
644 3347 707 3397 ut
737 3344 880 3414 [aut]
912 3343 1173 3414 quolibet
1195 3343 1388 3399 favore
1410 3345 1496 3400 vel
1523 3362 1765 3403 munere
1795 3346 1990 3418 pulsa-

343 3436 460 3501 tus,
493 3449 526 3486 a
548 3432 711 3501 justo
738 3431 960 3503 judicio
983 3432 1235 3488 scienter
1255 3438 1555 3489 avertatur
1583 3439 1685 3490 aut
1705 3436 1987 3506 discedat,

344 3520 445 3574 sed
469 3535 601 3573 cum
621 3524 740 3574 tota
757 3520 970 3591 pietate
988 3521 1253 3577 fraternae
1281 3522 1632 3594 dilectionis,
1655 3528 1866 3579 etcum
1890 3524 1990 3580 Dei

342 3608 553 3662 timore
570 3606 816 3665 libenter
832 3611 1139 3666 nobiscum
1158 3611 1484 3668 adhibeatis
1500 3614 1995 3685 studium,quate—

344 3712 457 3751 nus
487 3713 591 3768 per
626 3698 953 3755 doctrinam
1002 3705 1059 3755 et
1088 3717 1315 3756 sacram
1365 3702 1825 3759 admonitionem
1856 3719 1993 3774 pec-

344 3788 493 3854 cata,
517 3802 741 3843 errores
772 3794 828 3843 et
848 3791 1166 3860 pravitates
1197 3789 1452 3845 filiorum
1476 3795 1836 3860 nostrorum,
1867 3808 1994 3862 qum

346 3878 480 3930 ante
512 3890 618 3931 nos
651 3876 737 3930 vel
774 3880 1040 3947 tempore
1072 3882 1292 3946 nostro,
1325 3878 1642 3950 instigante
1674 3880 1904 3936 diabolo
1934 3881 1995 3935 in

345 3963 581 4020 civitate
604 3965 712 4019 ista
734 3965 820 4021 vel
843 3965 1137 4037 parochiis
1161 3966 1378 4021 nostris
1401 3972 1734 4039 perpetrata
1755 3968 1993 4038 fuerint,

344 4052 448 4109 Dei
479 4052 800 4110 auxiliante
832 4054 1258 4120 misericordia,
1293 4055 1365 4109 ad
1397 4055 1773 4111 correctionis
1804 4073 1998 4111 emen-

346 4143 644 4199 dationem
677 4148 734 4199 et
765 4145 1050 4200 bonorum
1084 4144 1516 4200 exsecutionem
1551 4146 1865 4216 perducere
1892 4162 1997 4200 va-

345 4230 597 4299 leamus,
618 4237 677 4311 et
696 4232 753 4286 in
776 4237 1033 4288 extremo
1049 4233 1261 4305 judicii
1283 4232 1377 4288 die
1401 4250 1513 4288 non
1538 4234 1609 4288 de
1632 4233 1997 4306 negligentiis

345 4322 402 4374 et
432 4319 622 4391 culpis
656 4336 689 4375 a
717 4320 965 4376 Domino
987 4322 1141 4376 sicut
1163 4322 1311 4395 pigri
1342 4328 1401 4378 et
1431 4321 1569 4377 mali
1605 4322 1995 4394 servijudice-

346 4423 499 4477 mur,
532 4408 630 4462 sed
653 4408 724 4462 de
747 4409 1067 4464 benefactis
1092 4426 1157 4465 ac
1182 4416 1334 4467 recte
1366 4411 1669 4483 dispositis
1693 4413 1996 4483 praemium

347 4499 571 4551 eterna
606 4496 988 4554 beatitudinis
1010 4499 1264 4572 recipere
1290 4517 1640 4557 mereamur.
1665 4501 1773 4557 Per
1801 4501 1998 4557 Domi-

350 4600 517 4655 num,
553 4590 664 4641 etc.

350 4729 482 4782 CAP.
514 4728 640 4782 250.
673 4757 742 4769 —
771 4729 845 4785 De
874 4732 1291 4787 examinatione
1319 4731 1449 4802 ﬁdei
1474 4734 1526 4786 et
1552 4731 1797 4787 aliarum
1822 4733 2001 4788 virtu-

1112 4810 1225 4857 tum
1233 4842 1245 4855 .

424 4903 647 4971 Quibus
678 4904 874 4961 taliter
903 4907 1605 4977 narratis,'perscrutandi
1631 4914 1687 4965 et
1708 4908 2005 4982 inquiren-

352 4991 411 5046 di
444 4997 584 5047 sunt
613 4994 961 5064 cardinales,
995 4996 1325 5051 sacerdotes
1357 5000 1413 5049 et
1443 4996 1647 5065 levitas,
1676 5013 1778 5054 nec
1810 5016 1924 5054 non
1948 5002 2006 5055 et

352 5080 589 5151 reliqui,
620 5082 892 5139 videlicet
922 5085 993 5139 de
1044 5084 1392 5139 credulitate
1423 5084 1751 5156 Trinitatis,
1784 5092 1841 5143 et
1872 5087 2003 5143 uni-

352 5169 517 5240 tatis,
550 5170 603 5224 id
638 5176 727 5227 est
758 5174 829 5227 de
859 5172 1169 5228 dilectione
1222 5173 1313 5227 Dei
1348 5178 1403 5227 et
1433 5174 1716 5245 proximi;
1750 5179 2001 5232 secundo

353 5261 425 5316 de
452 5259 787 5316 humilitate
817 5267 873 5318 et
904 5262 1205 5329 castitate;
1241 5261 1409 5316 tertio
1444 5263 1513 5317 de
1536 5264 1763 5333 jejunio
1794 5269 1851 5319 et
1880 5282 2005 5320 ora-

354 5350 548 5419 tione;
584 5355 791 5421 quarto
823 5353 892 5407 de
925 5352 1426 5423 eleemosynarum
1456 5350 1763 5422 largitate;
1798 5344 2002 5423 quinto

356 5436 429 5492 de
457 5440 663 5497 officiis
691 5441 1105 5498 ecclesiasticis
1135 5440 1312 5497 simul
1344 5444 1400 5496 et
1429 5441 1703 5498 omnibus
1734 5444 2003 5503 cavendis

357 5524 515 5581 vitiis
546 5533 602 5583 et
632 5531 950 5589 virtutibus
980 5530 1396 5604 adipiscendis.

2407 3172 2542 3225 CAP.
2574 3170 2695 3223 251i.
2732 3198 2801 3209 —-
2832 3168 3153 3223 Benedictio
3182 3167 3443 3238 episcopi.

2172 3260 2454 3314 Dominus
2486 3258 2703 3313 mentis
2728 3262 2786 3313 et
2810 3256 3022 3328 linguae
3052 3255 3371 3327 corporalis
3392 3260 3450 3310 et
3472 3254 3761 3326 spiritua-

2098 3349 2172 3404 lis
2203 3350 2300 3404 det
2320 3347 2482 3403 vobis
2504 3348 2870 3402 incrementa
2887 3346 3087 3418 gratia:
3120 3343 3522 3400 sacerdotalis.
3547 3345 3757 3398 Amen.

2103 3444 2287 3509 Atque
2316 3436 2479 3492 vobis
2511 3436 2581 3490 ad
2633 3437 2928 3490 dexteram
2982 3433 3322 3489 constitutis
3375 3432 3757 3504 participium

2102 3527 2264 3598 regni
2298 3526 2522 3580 tribuat
2560 3522 2834 3579 cmlestis.
2887 3526 3081 3577 Amen.
3126 3522 3287 3586 Quod
3321 3522 3448 3593 ipse
3478 3525 3761 3592 praetore

2104 3616 2375 3686 dignetur
2399 3613 2499 3685 qui
2533 3629 2638 3668 nos
2670 3616 2825 3682 ante,
2860 3616 2970 3667 etc.

2102 3727 2236 3777 CAP.
2287 3722 2413 3775 255.
2465 3752 2527 3762 —
2581 3721 2732 3775 Actio
2779 3721 2961 3775 tertia:
3016 3718 3153 3774 diei.
3208 3715 3383 3772 Tertia
3429 3715 3626 3771 deinde
3670 3714 3759 3771 die

2174 3793 2446 3857 omnibus,
2476 3794 2619 3845 sicut
2648 3791 3025 3861 supradictum
3053 3794 3152 3858 est,
3184 3789 3439 3859 expietis,
3471 3788 3759 3861 ecclesiam

2174 3864 2476 3936 ingressis,
2509 3864 2653 3918 hanc
2684 3858 2811 3918 item
2832 3864 3135 3919 orationem
3165 3858 3302 3931 ipsis
3332 3861 3637 3915 incurvatis
3665 3858 3759 3913 di-

2173 3940 2257 3991 cat
2286 3937 2582 4006 episcopus.

2177 4024 2260 4078 Ad
2290 4028 2365 4091 te,
2400 4024 2666 4087 Domine,
2699 4022 2934 4078 interim
2959 4020 3235 4078 clamosis
3255 4019 3496 4077 vocibus
3527 4017 3762 4091 procla-

2106 4116 2355 4179 mantes,
2379 4112 2741 4166 unanimiter
2765 4112 3153 4183 postulamus,
3177 4118 3241 4165 ut
3272 4112 3540 4180 respectu
3561 4108 3763 4177 gratia

2104 4206 2217 4256 tuae
2249 4200 2506 4268 solidati,
2541 4216 2833 4271 praecones
2853 4198 3089 4255 virtutis
3110 4198 3438 4253 efﬁciamur
3458 4195 3758 4265 intrepidi,

2104 4294 2394 4361 tuumque
2424 4289 2727 4345 valeamus
2776 4290 3017 4345 verbum
3050 4304 3182 4343 cum
3235 4285 3395 4341 omni
3427 4283 3644 4339 ﬁducia
3674 4284 3757 4338 lo-

2107 4379 2228 4450 qui.
2262 4378 2328 4432 Et
2358 4379 2779 4449 respondeatur
2828 4377 2899 4432 ab
2933 4376 3205 4431 omnibus
3240 4392 3253 4431 :
3285 4376 3492 4429 Amen.
3524 4372 3595 4427 Et
3622 4387 3757 4427 sur-

2106 4466 2379 4540 gentibus
2410 4466 2640 4522 cunctis
2670 4466 2883 4537 iterum
2915 4465 3143 4537 legatur
3190 4460 3568 4534 Evangelium
3604 4478 3617 4516 :
3650 4462 3757 4531 Ego

2108 4573 2232 4612 sum
2256 4561 2448 4626 pastor
2476 4557 2647 4611 bonus
2676 4555 2856 4627 (Joan.
2883 4554 2985 4625 x1).
3030 4557 3169 4610 Post
3211 4552 3329 4607 haec
3359 4566 3463 4623 per
3492 4549 3755 4606 ordinem

2110 4646 2407 4701 resideant
2437 4645 2493 4699 in
2527 4645 2767 4700 sedibus
2799 4643 2946 4714 suis,
2978 4659 3128 4714 quos
3176 4642 3393 4697 iterum
3424 4638 3759 4710 alloquetur

2110 4734 2438 4805 episcopus.
2472 4734 2574 4789 His
2607 4732 2798 4788 taliter
2818 4731 3154 4803 praelibatis,
3187 4734 3391 4786 caetera
3420 4744 3551 4797 quae
3580 4728 3639 4782 in
3671 4744 3762 4799 sy-

2111 4824 2263 4878 nodo
2296 4826 2435 4878 sunt
2465 4820 2794 4877 necessaria
2834 4823 3279 4892 pertractentur.
3313 4816 3536 4881 Quibus
3566 4815 3759 4870 omni-

2112 4909 2223 4965 bus
2250 4909 2511 4982 expletis,
2539 4910 2689 4964 hanc
2711 4907 3033 4965 orationem
3058 4923 3235 4979 super
3261 4909 3504 4962 cunctos
3519 4902 3760 4960 clericos

2111 4998 2267 5055 dicat
2298 4998 2627 5070 episcopus.

2620 5091 2751 5142 CAP.
2782 5086 2907 5141 256.
2940 5114 3010 5126 «-
3039 5085 3249 5141 Oratio.

2182 5175 2357 5231 Nulla
2386 5180 2492 5240 est,
2527 5175 2796 5245 Domine,
2834 5175 3104 5230 humanae
3153 5169 3522 5227 conscientiae
3551 5170 3755 5238 virtus,

2112 5281 2238 5336 quis
2261 5265 2543 5319 inoffense
2563 5264 2750 5334 possit
2762 5268 2872 5319 tum
2885 5259 3445 5332 voluntatisjudicia
3464 5258 3753 5330 expedire.

2113 5358 2180 5409 Et
2209 5353 2338 5407 ideo
2362 5353 2498 5423 quia
2518 5355 2900 5424 imperfectum
2922 5356 3190 5407 nostrum
3219 5349 3473 5406 viderunt
3499 5348 3647 5403 oculi
3672 5351 3756 5405 tui

2112 5443 2281 5515 (Psal.
2314 5442 2607 5513 cxxxvni),
2656 5442 2997 5514 perfectioni
3047 5441 3286 5514 deputa,
3340 5454 3467 5511 qua
3497 5438 3752 5510 perfecto

2110 5529 2401 5603 aequitatis
2431 5530 2546 5588 ﬁne
2577 5549 2611 5589 a
2640 5538 2697 5589 te
2725 5530 3073 5590 concludere
3092 5532 3510 5601 prwoptamus.
3542 5527 3623 5586 Te
3651 5526 3752 5585 ita-
