3960 6072
384 315 493 371 323

1472 311 1538 360 D.
1581 307 1822 360 IVONIB
1857 305 2351 363 CARNOTENSIS
2389 309 2710 366 EPISCOPI

3690 315 3804 368 324

380 437 931 509 sitione,ordinante
952 429 1501 504 Domino,primitus
1525 433 1664 484 sunt
1686 427 2017 497 constituti;
2051 428 2098 494 Α
2135 429 2290 486 cium
2325 433 2614 503 pertinere
2645 435 2986 502 voluit,etin
3013 436 3356 494 beatissimo
3374 438 3544 495 Petro
3567 443 3805 511 aposto-

381 531 467 588 sic
495 529 678 600 hujus
709 529 923 583 sanctas
957 523 1134 588 sedis,
1184 520 1357 590 cujus
1416 517 1789 590 dispositioni
1829 532 2031 572 eorum

383 635 594 677 causas
627 621 683 673 et
704 615 930 688 judicia
961 612 1362 675 servaverunt,
1405 608 1781 680 protectione,
1819 607 2034 661 futuris

383 707 753 781 temporibus
785 703 902 760 sint
933 702 1004 757 ab
1029 698 1302 755 omnibus
1324 695 2033 767 adversitatibus[perver—

389 796 686 867 sitatibus]
717 808 950 864 semper
973 787 1341 845 liberi.Unde
1372 785 1687 858 culpantur
1717 785 1776 840 hi
1799 784 1898 855 qui
1921 783 2031 840 ali-

387 894 476 944 ter
503 886 657 942 circa
686 885 893 939 fratres
922 878 1164 951 egerint,
1187 892 1362 948 quam
1395 875 1575 945 hujus
1604 874 1762 931 sedis
1793 872 2031 929 rectori-

389 979 500 1033 bus
533 974 758 1047 placere
779 967 1176 1042 cognoverint.
1209 966 1316 1020 His
1375 964 1570 1020 taliter
1622 962 2028 1033 consideratis,

385 1070 560 1136 atque
591 1077 724 1118 cum
755 1058 1000 1130 reliquis
1021 1055 1311 1128 episcopis
1333 1054 1585 1110 decretis
1607 1057 1885 1124 tanquam
1911 1067 2032 1107 om-

383 1155 546 1210 nium
578 1166 779 1207 curam
803 1149 1341 1220 gerentes,propter
1354 1144 1511 1199 sedis
1531 1143 1776 1215 proprias
1801 1141 2026 1213 apicem

381 1240 775 1305 decernimus,
798 1243 862 1293 ut
893 1252 1062 1292 nemo
1095 1233 1438 1307 pontiﬁcum
1479 1230 1729 1304 aliquem
1771 1230 1895 1286 suis
1935 1245 2028 1284 re-

381 1334 493 1388 bus
525 1327 915 1401 exspoliatum
937 1326 1300 1397 episcopum,
1317 1328 1418 1378 aut
1443 1339 1477 1377 a
1505 1323 1642 1378 sede
1664 1321 1902 1393 pulsum
1924 1335 2021 1374 ex-

381 1418 816 1476 communicare
843 1421 945 1470 aut
968 1413 1234 1485 judicare
1258 1415 1595 1486 praesumat,
1620 1411 1761 1480 quia
1793 1425 1907 1466 non
1939 1411 2027 1464 est

381 1507 754 1581 privilegium
788 1521 902 1576 quo
937 1501 1243 1574 exspoliari
1286 1500 1474 1573 possit
1499 1501 1622 1569 jam
1657 1499 1934 1554 nudatus.
1965 1498 2026 1555 Si

379 1596 512 1669 quis
546 1600 739 1653 autem
773 1593 943 1649 aliter
974 1590 1416 1664 przesumpserit
1447 1587 1790 1660 agere,sciat
1810 1603 2025 1642 censu-

378 1703 506 1742 ram
537 1685 718 1757 hujus
765 1683 922 1738 sedis
953 1697 1088 1737 cum
1121 1680 1398 1737 omnibus
1439 1676 1722 1734 membris
1751 1675 1876 1731 suis
1909 1673 2021 1731 sibi

379 1793 496 1831 non
528 1776 730 1830 deesse
757 1775 1086 1828 venturam.

377 1863 512 1919 CAP.
548 1864 598 1918 4.
634 1894 698 1904 —
727 1865 870 1918 Item
894 1860 957 1937 de
984 1858 1205 1937 eodem,
1225 1861 1278 1937 et
1305 1856 1446 1929 quod
1474 1858 1741 1937 nonﬁticet
1768 1854 2022 1937 (Ii/ﬁniri

449 1951 670 1990 causam
700 1933 944 1988 accusati
969 1932 1205 2002 episcopi
1234 1930 1542 1985 inconsulto
1569 1931 1806 2002 Romano
1837 1929 2019 2002 ponti:

449 1951 670 1990 causam
700 1949 942 1988 accusati
969 1949 997 1986 ϐ
1037 1949 1203 2002 ιδσορι
1234 1949 1542 1985 κησοηεαιιο
1569 1949 1806 1984 nomana
1837 1949 2019 1996 purul-

447 2009 564 2076 ﬁce.
601 2006 776 2060 Victor
797 2020 941 2076 papa
969 1949 1083 2059 λθιι
1111 2018 1148 2057 α
1203 2003 1369 2056 Petro
1426 2003 1487 2056 in
1533 2002 1713 2072 primo
1754 1997 2023 2053 decretali

448 2075 546 2132 Suo
577 2079 686 2147 (ep.
719 2076 774 2144 l,
806 2091 854 2129 c.
888 2075 964 2144 3).
1112 2129 1120 2134 ,

448 2167 524 2237 (3,
558 2182 607 2235 q.
641 2166 696 2230 6,
729 2180 778 2219 ο.
809 2163 1149 2233 Accusatus.)
1200 2161 1425 2217 Placuit
1462 2165 1527 2215 ut
1573 2162 1885 2215 accusatus
1931 2155 2020 2212 vel

371 2254 676 2325 judicatus
707 2269 740 2308 a
761 2250 1352 2324 comprovincialibus
1381 2249 1441 2304 in
1474 2248 1672 2320 aliqua
1692 2263 1874 2302 causa
1894 2245 2021 2316 epi-

378 2359 593 2415 scopus
639 2343 884 2398 licenter
926 2339 1179 2412 appellet
1209 2345 1265 2394 et
1303 2341 1474 2394 adeat
1504 2335 1832 2410 apostolicae
1863 2334 2020 2390 sedis

379 2431 738 2503 pontiﬁcem,
799 2429 900 2501 qui
955 2434 1056 2485 aut
1088 2445 1188 2500 per
1219 2445 1303 2498 se,
1335 2433 1436 2482 aut
1475 2443 1577 2498 per
1603 2424 1852 2481 vicarios
1881 2439 2022 2478 suos

375 2521 506 2592 ejus
537 2519 837 2575 retractari
870 2521 1168 2590 negotium
1202 2521 1492 2588 procuret.
1544 2519 1612 2569 Et
1639 2516 1776 2570 dum
1812 2514 2020 2569 iterato

366 2608 595 2680 judicio
626 2608 888 2680 pontifex
911 2624 1151 2663 causam
1184 2622 1351 2662 suam
1383 2607 1524 2674 agit,
1558 2603 1757 2658 nullus
1786 2601 2018 2656 aliusin

373 2699 501 2770 ejus
532 2697 658 2754 loco
672 2694 1717 2769 ponatur,autordineturepiscopus;
1736 2691 2016 2762 quoniam

372 2803 733 2860 quamquam
776 2784 1365 2855 comprovincialibus
1425 2781 1717 2854 episcopis
1757 2779 2016 2834 accusati

371 2893 612 2933 causam
635 2874 929 2947 pontiﬁcis
944 2873 1192 2929 scrutari
1210 2872 1519 2939 liceat,non
1541 2875 1738 2926 tamen
1763 2868 2018 2923 difﬁnire

370 2967 706 3022 inconsulto
729 2963 989 3018 Romano
1014 2962 1288 3034 pontifice
1302 2959 1655 3032 permissum
1679 2956 2016 3014 est.Eta1ibi

368 3055 429 3110 in
461 3053 698 3110 statutis
728 3051 1065 3125 apostolicis
1123 3049 1338 3122 legitur
1386 3050 1461 3118 (2,
1521 3065 1574 3119 q.
1623 3049 1676 3118 6,
1721 3064 1767 3102 c.
1803 3047 1862 3102 Si
1890 3047 2013 3119 quis

363 3146 614 3216 putav.):
647 3143 702 3197 Si
735 3142 867 3212 quis
899 3139 1188 3212 putaverit
1218 3155 1280 3232 se
1338 3155 1372 3193 a
1411 3137 1642 3232 proprio
1675 3135 2009 3232 metropeli-
2041 3165 2084 3232 Ο

367 3237 503 3288 tano
535 3231 961 3304 gravari,apud
996 3225 1509 3300 patriarcham,vel
1544 3227 1852 3296 primatem
1869 3225 2010 3281 dios-

367 3321 538 3388 cesis,
589 3326 691 3376 aut
740 3335 915 3390 penes
965 3315 1312 3372 universalis
1360 3314 1687 3387 apostolicae
1748 3315 2013 3370 Ecclesiae

369 3409 663 3479 iudicetur
689 3407 909 3463 sedem.
934 3404 1088 3461 Nihil
1119 3404 1278 3460 aliud
1304 3408 1416 3470 est,
1450 3403 1681 3469 fratres,
1706 3403 1841 3458 talis
1869 3420 2012 3474 prie-

367 3499 650 3569 sumptio,
711 3497 824 3551 nisi
881 3493 1283 3566 apostolorum
1361 3511 1722 3563 suorumque
1777 3509 2013 3549 succes-

367 3601 681 3656 sorumque
713 3584 998 3640 terminos
1028 3583 1382 3655 transgredi,
1438 3599 1756 3652 eorumque
1785 3583 2015 3638 decreta

363 3676 602 3732 violare.

364 3768 497 3822 CAP.
529 3765 584 3820 5.
617 3795 684 3805 —
716 3763 864 3832 Quod
893 3763 1248 3818 sacerdotalis
1307 3761 1548 3832 dignitas
1588 3762 1808 3817 excellit
1840 3761 2011 3830 impe-

433 3837 655 3892 rialem.
691 3835 984 3904 Gregorius
1014 3837 1412 3889 Nazianzenus
1441 3833 1505 3888 de
1536 3835 1668 3903 ipsis
1700 3835 2009 3902 imperato-

434 3908 591 3963 ribus
622 3909 866 3979 loquitur
893 3908 978 3975 (in
1008 3909 1260 3960 oratione
1289 3905 1358 3959 ad
1404 3907 1551 3960 cives
1583 3906 2008 3971 Nazianzenos).

434 3997 592 4070 (Dist.
631 3997 718 4063 10,
750 4012 871 4067 cap.
906 3994 1310 4065 Suscipitisne.)
1339 3992 1726 4062 Suscipitisne
1769 3991 2010 4047 liberta-

362 4093 480 4144 tem
511 4085 718 4144 verbi?
749 4085 1021 4140 Libenter
1050 4081 1316 4155 accipitis
1349 4081 1504 4153 quod
1537 4080 1628 4136 lex
1657 4080 1869 4135 Christi
1910 4097 2009 4136 sa-

361 4176 639 4233 cerdotali
672 4191 773 4233 vos
796 4173 1049 4245 subjecit
1080 4170 1558 4246 potestati,atque
1590 4169 1720 4225 istis
1745 4169 2006 4225 tribunao

358 4265 516 4322 libus
545 4263 853 4320 subdidit?
888 4263 1054 4318 Dedit
1100 4262 1255 4318 enim
1308 4264 1364 4316 et
1406 4259 1575 4315 nobis
1635 4263 2004 4331 potestatem,

361 4354 521 4410 dedit
541 4359 597 4410 et
626 4352 1024 4426 principatum
1048 4351 1234 4407 multo
1275 4349 1676 4422 perfectiorem
1711 4349 2006 4421 principa-

361 4443 522 4498 tibus
553 4442 905 4497 vestris.Aut
938 4440 1454 4512 nunquidjustum
1485 4439 1649 4495 vobis
1684 4439 1929 4507 videtur,
1955 4440 2004 4496 si

361 4531 529 4587 cedat
559 4529 804 4601 spiritus
834 4529 993 4584 carni
1013 4527 1041 4583 ?
1097 4528 1147 4582 si
1203 4546 1237 4584 a
1266 4529 1514 4584 terrenis
1545 4527 1800 4584 caelestia
1830 4544 2000 4601 supe-
2034 4535 2082 4598 ι)

361 4623 566 4675 rentur
591 4618 619 4672 ‘?
639 4618 687 4674 si
719 4617 934 4673 divinis
968 4619 1352 4690 praferantur
1381 4619 1642 4673 humana
1667 4617 1695 4673 ?

360 4725 494 4780 CAP.
527 4725 580 4780 6.
611 4755 680 4763 —
713 4722 859 4790 Quod
888 4725 1046 4777 Petro
1078 4724 1341 4777 Dominus
1381 4725 1532 4777 inter
1555 4724 1849 4794 discipulos
1877 4724 2003 4792 pri-

429 4803 648 4851 matum
675 4795 993 4860 contulit,ut
1024 4796 1103 4848 sic
1130 4795 1201 4849 ad
1240 4795 1542 4849 Ecclesium
1575 4795 1997 4864 diﬁunderetur.

427 4869 786 4923 Beatissimus
833 4867 937 4920 Leo
965 4882 1112 4936 papa
1144 4866 1167 4919 I
1197 4867 1468 4921 universis
1519 4867 1837 4921 Viennensis
1865 4882 1999 4938 pro-

428 4940 626 4995 vinciae
656 4940 923 5009 episcopis
951 4939 1056 5008 (ep.
1091 4938 1204 5006 87).

430 5029 591 5100 (Dist.
634 5028 720 5097 19,
750 5042 801 5082 c.
834 5028 916 5082 Ita
952 5025 1269 5096 Dominus.)
1329 5025 1416 5081 lta
1463 5026 1744 5082 Dominus
1803 5032 2003 5083 noster

355 5121 526 5175 Jesus
557 5116 820 5173 Christus
854 5115 1099 5171 humani
1128 5115 1328 5187 generi
1359 5114 1623 5171 Salvator
1649 5116 1907 5172 instituit
1937 5120 2000 5171 ut

355 5206 592 5272 veritas,
625 5223 752 5277 quae
783 5210 953 5261 antea
984 5203 1128 5275 legis
1167 5212 1226 5259 et
1255 5204 1671 5276 prephetarum
1715 5205 2000 5276 praeconio

354 5296 783 5358 continebatur,
818 5311 919 5366 per
947 5291 1332 5364 apostolicam
1393 5293 1598 5348 tubam
1658 5295 1714 5348 in
1748 5293 1996 5349 salutem

355 5383 757 5442 universitatis
788 5382 988 5449 exiret,
1018 5382 1172 5438 sicut
1199 5382 1485 5452 scriptum
1519 5387 1609 5437 est
1641 5399 1653 5437 :
1687 5383 1751 5436 In
1780 5398 1998 5438 omnem

351 5483 554 5534 terram
609 5475 782 5532 exivit
835 5489 1004 5530 sonus
1059 5487 1276 5541 eorum,
1306 5474 1357 5527 et
1387 5472 1449 5525 in
1477 5471 1618 5539 ﬁnes
1645 5471 1796 5527 orbis
1829 5479 1999 5530 terra?

351 5565 515 5619 verba
542 5579 739 5620 eorum
769 5563 936 5635 (Psal.
969 5561 1269 5620 xvml.Sed
1299 5560 1481 5632 hujus
1513 5561 1776 5616 muneris
1806 5578 1999 5618 sacra-

355 5657 618 5710 mentum
650 5653 731 5710 ita
748 5654 1034 5711 Dominus
1051 5652 1124 5710 ad
1156 5651 1424 5709 omnium
1447 5651 1848 5725 apostolorum
1871 5651 1998 5708 ofﬁ-

2052 1815 2100 1880 B

2145 518 2334 575 lorum
2369 522 2632 578 omnium
2657 541 2892 581 summo
2927 525 3329 599 principaliter
3365 527 3698 596 collocaret,
3735 535 3808 586 ut

2144 608 2215 664 ab
2247 611 2373 682 ipso
2388 613 2550 682 quasi
2585 615 2838 685 quodam
2857 616 3044 686 capite
3073 616 3228 672 dona
3258 634 3364 672 sua
3395 617 3557 672 velut
3586 617 3647 673 in
3667 634 3803 674 cor-

2144 714 2254 769 pus
2286 715 2456 756 omne
2486 701 2860 772 diffunderet,
2912 709 2977 759 ut
3031 710 3320 762 exsortem
3371 723 3435 762 se
3483 706 3803 764 ministerii

2141 785 2451 861 [mysterii]
2483 791 2835 864 intelligeret
2867 809 2994 850 esse
3027 794 3335 866 divini,qui
3371 813 3553 852 ausus
3586 797 3802 852 fuisset

2143 893 2176 931 a
2206 876 2358 933 Petri
2398 879 2694 936 soliditate
2723 881 3042 941 discedere.
3077 883 3243 940 Hunc
3274 885 3430 940 enim
3461 885 3520 940 in
3547 902 3800 942 consor-

2139 965 2285 1021 tium
2317 968 2628 1025 individua:
2664 971 2910 1026 unitatis
2943 977 3338 1045 assumptum,
3387 973 3444 1029 id
3478 975 3632 1045 quod
3669 975 3800 1048 ipse

2139 1060 2265 1110 erat
2319 1055 2504 1112 voluit
2562 1061 2866 1116 nominare
2925 1060 3220 1119 dicendo:
3257 1063 3329 1118 Tu
3389 1079 3441 1118 es
3470 1065 3686 1135 Petrus,
3741 1073 3798 1121 et

2138 1159 2306 1214 super
2359 1145 2500 1201 hanc
2579 1153 2803 1220 petram
2886 1150 3172 1220 aediﬁcabo
3247 1153 3530 1208 ecclesiam
3612 1169 3794 1209 meam

2137 1231 2351 1302 (.llatth.
2385 1235 2522 1307 xv1),
2555 1240 2617 1290 ut
2658 1237 2859 1293 aeterni
2908 1239 3112 1311 templi
3172 1240 3476 1296 aediﬁcatio
3534 1241 3794 1297 mirabili

2137 1337 2380 1378 munere
2424 1326 2622 1396 gratiae
2655 1326 2755 1381 Dei
2790 1327 2848 1381 in
2883 1327 3033 1382 Petri
3065 1327 3362 1384 soliditate
3419 1330 3790 1386 consisteret.

2137 1409 2295 1465 Hanc
2327 1410 2645 1469 Ecclesium
2681 1432 2846 1470 suam
2883 1417 3161 1473 firmitate
3191 1418 3601 1485 corroborans,
3623 1423 3687 1474 ut
3717 1419 3791 1473 il-

2134 1497 2246 1554 lam
2265 1515 2370 1554 nec
2383 1501 2642 1558 humana
2654 1505 2954 1560 temeritas
2967 1510 3164 1577 posset
3176 1511 3581 1578 appetere,nec
3608 1512 3791 1578 portae

2134 1586 2306 1643 inferi
2330 1594 2529 1646 contra
2561 1591 2722 1647 illam
2755 1593 3388 1665 pravalerentNerum
3425 1596 3573 1652 hanc
3605 1602 3789 1669 petra

2133 1675 2306 1732 istius
2363 1679 2826 1736 sacratissimum
2886 1681 3226 1739 firmitatem
3258 1684 3609 1756 Domino,ut
3630 1685 3786 1741 dixi-

2134 1765 2622 1832 mus,a*diﬁcante
2648 1775 3066 1837 constructam,
3088 1772 3266 1828 nimis
3286 1772 3471 1844 impia
3489 1771 3615 1829 vult
3635 1789 3783 1845 prae-

2133 1854 2469 1924 sumptione
2499 1855 2734 1928 violare,
2766 1859 3038 1930 quisquis
3069 1861 3195 1931 ejus
3218 1865 3567 1932 potestatem
3590 1865 3786 1919 tentat

2129 1940 2468 2014 infringere,
2501 1945 2744 2001 favendo
2779 1947 3207 2019 cupiditatibus
3237 1949 3382 2018 suis,
3415 1954 3475 2006 et
3527 1949 3583 2006 id
3617 1953 3781 2022 quod

2129 2031 2354 2100 accepit
2385 2048 2418 2086 a
2445 2035 2764 2106 veteribus,
2796 2052 2911 2091 non
2935 2038 3254 2107 sequendo.

2131 2118 2281 2196 (ΣΑιξε
2305 2120 2454 2196 7ης-
2512 2124 2677 2196 ραοάΑ
2715 2126 3041 2196 imperatori
3067 2142 3179 2182 non
3217 2130 3288 2182 sit
3317 2127 3700 2194 obediendum,
3733 2129 3788 2185 si

2199 2190 2415 2272 aliquid
2442 2190 2700 2272 praecepit
2729 2190 2920 2272 contra
2946 2199 3134 2272 Deum.
3169 2201 3508 2268 Augustinus
3538 2201 3595 2254 in
3621 2190 3782 2272 psal-

2197 2278 2312 2339 mos
2341 2266 2510 2334 (Psal.
2543 2283 2730 2335 cxxiv,
2761 2269 2835 2323 ad
2863 2271 3196 2325 versiculum
3219 2288 3237 2326 :
3258 2266 3535 2339 Quoniam
3553 2266 3660 2328 non
3690 2275 3783 2328 de-

2199 2337 2470 2406 relinquet
2500 2341 2762 2410 virgam).

2201 2425 2313 2493 (11,
2345 2441 2398 2496 q.
2427 2427 2481 2495 3,
2509 2443 2556 2481 c.
2617 2429 3016 2500 Imperatores.)
3065 2430 3341 2488 Julianus
3396 2432 3785 2489 exstititinﬁ-

2129 2512 2276 2567 delis
2307 2513 2647 2586 imperator,
2682 2534 2873 2573 nonne
2933 2519 3156 2574 exstitit
3203 2525 3490 2591 apostata,
3535 2520 3783 2592 iniquus

2129 2601 2434 2658 idololatra
2453 2605 2480 2658 ?
2511 2605 2724 2661 Milites
2753 2607 3070 2664 Christiani
3093 2609 3418 2665 servierunt
3437 2610 3779 2681 imperatori

2127 2690 2488 2748 inﬁdeli.Ubi
2509 2693 2849 2750 veniebatur
2877 2697 2946 2751 ad
2964 2713 3204 2752 causam
3221 2697 3436 2754 Christi
3462 2715 3576 2753 non
3597 2715 3780 2770 agno-

2128 2781 2698 2847 scebant,nisiillum
2729 2785 2829 2855 qui
2863 2784 2922 2841 in
2955 2785 3099 2841 ccelo
3131 2788 3525 2852 erat.Quando
3547 2787 3781 2844 volebat

2128 2874 2192 2923 ut
2223 2871 2377 2925 idola
2397 2871 2674 2941 colerent,
2706 2881 2770 2928 ut
2790 2874 3213 2942 thuriiicarent,
3248 2876 3666 2947 praeponebant
3692 2875 3784 2932 illi

2126 2957 2330 3014 Deum.
2389 2961 2632 3024 Quando
2687 2967 2881 3019 autem
2931 2963 3198 3020 dicebat:
3234 2964 3536 3021 Producite
3568 2966 3782 3036 aciem,

2124 3045 2202 3102 ite
2231 3053 2432 3104 contra
2481 3049 2638 3105 illam
2688 3058 2942 3124 gentem,
3002 3053 3204 3109 statim
3265 3054 3774 3126 obtemperabant.

2125 3135 2568 3207 Distinguebant
2597 3141 2911 3196 Dominum
2939 3148 3220 3199 aeternum
3240 3161 3272 3198 a
3293 3143 3531 3200 domino
3553 3147 3779 3215 tempo-

2124 3225 2317 3292 rali,et
2345 3232 2539 3283 tamen
2572 3229 2792 3286 subditi
2824 3236 2991 3286 erant
3009 3237 3244 3304 propter
3273 3233 3584 3290 Dominum
3600 3239 3776 3290 ater-

2125 3331 2262 3369 num
2296 3317 2468 3372 etiam
2501 3319 2740 3374 domino
2773 3320 3099 3391 temporali.

2123 3405 2253 3460 Car.
2279 3407 2341 3482 _8.
2363 3437 2431 3482 -έ-
2457 3407 2574 3462 Νοη
2601 3423 2754 3482 posse
2803 3425 3140 3480 quemquam
3190 3409 3531 3482 superiorem
3585 3412 3652 3466 ab
3683 3411 3776 3468 his

2193 3477 2291 3550 qui
2321 3477 2610 3548 inferioris
2660 3477 3084 3549 dignitatis,'vel
3112 3477 3327 3538 ordinis
3373 3487 3503 3537 sunt
3530 3483 3775 3550 iudicia-

2192 3547 2316 3625 riis
2344 3547 2596 3625 submitti
2649 3547 3098 3625 difﬁnitionibus.
3130 3554 3392 3610 Nicotaus
3429 3547 3622 3610 dilecto
3651 3555 3773 3625 ﬁlio

2192 3619 2446 3763 Μὶῗιιίέῗιί
2474 3641 2506 3676 ιι
2563 3623 2668 3678 Deo
2711 3619 2919 3679 dilecto
2975 3641 3191 3696 semper
3246 3626 3494 3698 Augusto
3554 3619 3659 3698 (ep:
3706 3628 3768 3693 2,

2194 3707 2302 3745 vo.
2403 3734 2415 3746 .

2194 3697 2302 3745 υοι.
2337 3697 2415 3746 8).

2192 3779 2357 3849 (Dist.
2389 3782 2478 3847 21,
2521 3798 2564 3836 c.
2603 3782 2757 3838 Nunc
2811 3783 3041 3855 autem.)
3095 3784 3260 3840 Nunc
3313 3790 3504 3840 autem
3567 3786 3772 3843 divina

2120 3865 2506 3939 inspiratione
2538 3888 2652 3926 non
2685 3889 2790 3927 nos
2824 3872 3174 3944 pigebit,nec
3208 3873 3376 3930 nobis
3399 3873 3771 3945 impossibile

2118 3957 2228 4011 erit
2260 3961 2566 4015 ostendere
2596 3959 2780 4030 vobis,
2815 3961 2864 4016 si
2912 3966 3106 4017 tamen
3166 3963 3370 4018 audire
3400 3963 3611 4032 velitis,
3645 3981 3768 4020 non

2119 4062 2289 4116 posse
2315 4063 2669 4120 quemquam
2697 4050 2806 4104 rite
2829 4050 3006 4105 abhis
3022 4052 3118 4122 qui
3145 4051 3439 4107 inferioris
3461 4052 3773 4123 dignitatis

2119 4133 2202 4189 vel
2218 4135 2442 4192 ordinis
2455 4139 3000 4209 sunt,judicialibus
3022 4139 3771 4198 submittidifflnitionibus

2115 4225 2174 4279 Si
2203 4225 2437 4294 quidem
2461 4230 2724 4298 tempore
2743 4228 3082 4284 Diocletiani
3106 4233 3164 4284 et
3212 4228 3547 4284 Maximiani
3568 4231 3773 4302 Augu-

2117 4318 2367 4380 storum,
2403 4315 2774 4372 Marcellinus
2805 4318 3122 4390 episcopus
3175 4317 3338 4374 urbis
3395 4321 3613 4385 Romae,
3667 4319 3773 4390 qui

2116 4406 2316 4472 postea
2342 4403 2594 4476 insignis
2623 4409 2844 4476 martyr
2863 4405 3103 4461 effectus
3121 4409 3230 4472 est,
3259 4405 3402 4461 adeo
3425 4405 3772 4477 compulsus

2115 4495 2203 4546 est
2228 4508 2260 4546 a
2283 4493 2549 4564 paganis,
2573 4497 2639 4548 ut
2669 4493 2954 4566 templum
2985 4511 3188 4549 eorum
3212 4494 3516 4566 ingressus
3545 4510 3768 4566 grana-

2113 4579 2306 4634 thuris
2337 4597 2514 4652 super
2540 4598 2760 4653 prunas
2791 4581 3324 4653 imponeret.Cujus
3347 4583 3427 4639 rei
3441 4584 3630 4655 gratia
3650 4585 3770 4639 col-

2110 4667 2258 4723 lecto
2289 4684 2740 4725 numerosorum
2759 4671 3167 4742 episcoporum
3203 4671 3538 4742 concilio,et
3567 4673 3769 4743 inqui-

2109 4757 2321 4812 sitione
2355 4757 2640 4824 facta,hoc
2672 4775 2734 4814 se
2765 4760 2919 4814 idem
2952 4760 3211 4831 pontifex
3243 4761 3436 4832 egisse
3457 4761 3770 4818 confessus

2110 4851 2218 4915 est,
2231 4846 2426 4902 nullus
2439 4853 2634 4903 tamen
2653 4864 2854 4904 eorum
2871 4848 3125 4918 proferre
3140 4849 3578 4919 sententiam[in
3602 4853 3770 4924 eum]

2111 4952 2292 4990 ausus
2350 4941 2457 5002 est,
2517 4939 2658 4991 dum
2717 4937 2768 4992 ei
2817 4937 3145 5008 saepissime
3230 4955 3434 4994 omnes
3493 4939 3768 5011 perhibe-

2111 5031 2240 5080 rent
2273 5042 2284 5080 :
2321 5026 2494 5081 «Tuo
2525 5042 2622 5081 ore
2647 5026 2850 5097 judica
2898 5043 3142 5081 causam
3168 5031 3352 5094 tuam,
3389 5045 3502 5083 non
3562 5035 3769 5086 nostro

2101 5113 2344 5184 judicio.
2370 5113 2521 5183 Noli,
2553 5114 2740 5181 aiunt,
2775 5114 2966 5169 audiri
2997 5114 3058 5169 in
3117 5120 3315 5170 nostro
3365 5115 3609 5185 judicio,
3660 5119 3766 5174 sed

2109 5201 2316 5274 collige
2348 5203 2406 5257 in
2440 5204 2570 5258 sinu
2630 5208 2730 5259 tuo
2787 5220 3028 5259 causam
3073 5209 3259 5259 tuam.
3294 5226 3322 5254 ››
3378 5209 3446 5259 Et
3505 5223 3763 5266 rursus:

2110 5292 2448 5356 «Quoniam
2480 5307 2548 5347 ex
2580 5297 2634 5347 te
2682 5291 3004 5364 (inquiunt)
3051 5293 3499 5363 justiﬁcaberis,
3559 5301 3664 5353 aut
3691 5313 3766 5353 ex

2109 5398 2204 5437 ore
2234 5385 2334 5436 tuo
2357 5381 2846 5438 condemnaberis
2894 5382 3105 5454 (Matth.
3168 5383 3291 5454 xu).
3329 5405 3357 5433 ››
3413 5387 3485 5440 Et
3541 5385 3759 5442 iterum

2110 5471 2341 5525 dicunt:
2363 5493 2388 5518 ‹‹
2413 5469 2604 5526 Prima
2633 5471 3307 5542 sedesnonjudicabitur
3338 5489 3372 5527 a
3393 5489 3715 5548 quoquam.
3734 5496 3766 5526 »

2109 5562 2240 5616 Item
2270 5560 2328 5613 in
2361 5559 2688 5616 eadem.Sed
2709 5565 2926 5617 etcum
2947 5561 3189 5633 quidam
3205 5566 3468 5634 tempore
3483 5565 3768 5636 quodam,

2111 5652 2315 5706 contra
2337 5649 2563 5709 Sixtum
2581 5666 2794 5724 papam
2815 5654 3145 5709 iantassent
3164 5651 3434 5724 quaedam
3458 5653 3598 5711 mali
3620 5656 3766 5728 [non
