3978 6060
173 309 292 364 3‘25

892 314 1205 368 DECRETI
1246 315 1430 367 PARS
1470 314 1537 365 V.
1569 342 1637 352 —-
1674 315 1771 368 DE
1811 316 2135 369 PRIMATU
2172 317 2349 372 ROM.
2392 321 2701 387 ECCLES.,
2742 323 2897 377 ETC.

3497 326 3604 381 326

174 432 346 504 boni]
380 431 633 488 rumoris
664 434 938 505 objicere,
964 438 1021 489 et
1042 433 1101 489 in
1125 434 1392 501 consilio,
1416 436 1508 490 cui
1540 440 1596 490 et
1625 435 1837 492 Valen-
1866 437 1922 504 Α
1953 437 2057 509 pit,
2094 438 2152 495 in
2211 444 2684 499 communionem
2744 445 3013 501 recidens
3068 449 3445 521 perﬁdorum,
3483 465 3599 507 non

171 521 753 592 tinianusAugustus
766 522 1299 590 intererat,dictum
1314 524 1524 579 fuisset
1541 541 1656 580 non
1670 524 1845 581 licere

174 610 466 666 adversus
494 611 828 681 pontiﬁcem
854 611 994 666 dare
1025 612 1666 681 sententiam,surrexit
1688 613 1843 668 idem

174 700 454 770 protinus
487 698 826 770 imperator,
851 704 909 755 et
931 699 991 755 in
1016 700 1257 756 arbitrio
1289 702 1515 771 prmlati
1548 702 1843 772 pontificis

173 787 975 860 tribuitjudicarejudicium
1000 806 1197 845 suum.
1222 791 1451 846 Etenim
1478 790 1675 846 nullus
1700 808 1842 863 pon-

174 876 409 932 tiﬁcum
459 878 755 933 minorum
784 876 875 933 vel
906 878 1253 934 inferiorum
1288 880 1524 934 urbium
1558 881 1840 936 subactus

162 964 419 1036 judiciis
466 966 786 1021 invenitur.
836 968 972 1023 Item
1020 969 1081 1022 in
1131 967 1344 1023 eadem.
1391 969 1551 1037 (Dist.
1575 969 1665 1035 21,
1696 986 1742 1024 c.
1775 974 1842 1025 In

174 1055 443 1124 tantum.)
475 1056 538 1110 In
572 1059 804 1110 tantum
855 1060 1052 1111 autem
1105 1055 1259 1112 hanc
1315 1057 1838 1129 praesumptionem

170 1144 366 1199 sancti
400 1144 601 1199 Patres
633 1145 787 1215 apud
819 1144 1247 1201 Chalcedonam
1279 1146 1551 1202 detestati
1584 1151 1742 1216 sunt,
1777 1151 1841 1203 ut

170 1232 519 1289 Dioscorum
577 1232 1038 1289 Alexandrinum
1072 1234 1400 1289 antistitem
1452 1235 1603 1290 inter
1630 1240 1838 1292 cetera

171 1321 396 1377 idcirco
429 1321 801 1392 potissimum
835 1322 963 1377 sine
986 1322 1107 1377 ulla
1130 1323 1502 1379 restitutione
1531 1324 1837 1381 damnave-

171 1411 327 1477 rint;
363 1411 502 1481 quia
529 1426 751 1481 ponens
784 1410 841 1465 in
875 1410 1085 1466 ccelum
1112 1428 1176 1466 os
1201 1429 1376 1467 suum
1401 1418 1458 1467 et
1479 1411 1678 1483 lingua
1706 1415 1835 1483 ejus

169 1504 523 1555 transeunte
544 1516 721 1571 super
745 1505 961 1556 terram
1007 1501 1178 1571 (Psal.
1205 1504 1395 1572 Lxxu),
1429 1503 1834 1558 excommuni-

170 1588 469 1645 cationem
501 1589 559 1643 in
593 1592 863 1645 sanctum
900 1606 1109 1661 papam
1148 1594 1393 1645 Leonem
1428 1591 1702 1646 dictavit:
1754 1593 1835 1647 ita

171 1682 237 1732 ut
266 1676 327 1732 in
358 1678 654 1733 sententia
683 1682 885 1733 contra
915 1678 1113 1749 ipsum
1147 1678 1375 1749 prolata
1395 1678 1503 1735 hoc
1527 1679 1835 1736 videantur

174 1781 507 1821 memorare
556 1766 846 1838 praecipue
893 1766 1175 1835 dicentes,
1210 1767 1487 1837 quoniam
1539 1769 1833 1825 secundus
1863 1809 1911 1875 Β

176 1855 771 1875 ,μηηηπ-ημλε-
814 1856 1165 1875 ---ηᾲειης
1782 1863 1827 1875 .-

169 1871 452 1911 excessus
478 1855 776 1926 [secundis
806 1856 1166 1925 excessibus]
1220 1856 1473 1927 priorem
1522 1856 1832 1927 iniquitate

167 1943 343 1999 valde
368 1944 754 1999 transcendit.
783 1943 1165 2016 Prassumpsit
1188 1944 1343 1999 enim
1372 1946 1835 2002 excommunica-

170 2035 393 2088 tionem
424 2033 645 2088 dictare
677 2034 962 2089 adversus
1001 2033 1446 2088 sanctissimum
1479 2039 1534 2088 et
1562 2035 1833 2091 beatissi-

169 2138 338 2177 mum
371 2121 881 2193 archiepiscopum
917 2138 1139 2193 magna
1173 2125 1363 2177 Romae
1389 2123 1653 2178 Leonem.
1674 2124 1831 2181 Nun-

165 2210 308 2282 quid
348 2211 796 2281 inquisitionem
830 2210 1083 2281 legimus
1124 2211 1309 2267 fuisse
1369 2214 1604 2282 factam,
1632 2218 1832 2267 utrum

154 2300 320 2369 juste
352 2316 425 2354 an
459 2299 700 2370 injuste,
758 2299 1078 2355 Dioscorus
1130 2300 1326 2369 ipsam
1358 2302 1831 2357 excommunica-

170 2388 395 2443 tionem
455 2387 781 2442 dictasset?
819 2387 944 2442 Non
1004 2386 1197 2459 plane,
1232 2388 1332 2443 sed
1390 2387 1615 2459 absque
1671 2389 1832 2443 omni

173 2476 573 2531 controversia
602 2475 711 2531 hoc
732 2476 793 2531 in
816 2492 882 2531 eo
909 2475 1140 2531 multati
1162 2475 1319 2547 [ulti]
1350 2482 1507 2547 sunt,
1528 2477 1666 2548 quia
1695 2493 1830 2533 cum

174 2571 330 2620 esset
383 2565 644 2631 inferior,
688 2566 971 2635 potiorem
1031 2565 1397 2637 quibuslibet
1452 2571 1697 2621 conatus
1745 2571 1834 2623 est

171 2653 462 2709 lacessere
485 2653 716 2723 injuriis
738 2654 1179 2727 [contumeliis],
1204 2659 1354 2710 teste
1382 2656 1653 2709 Anatolio
1683 2660 1832 2711 Con-

174 2742 699 2813 stantinopolitano
732 2743 981 2815 praesule
1012 2744 1112 2814 qui
1144 2744 1325 2798 dicit:
1388 2745 1625 2815 Propter
1654 2746 1829 2801 ﬁdem

175 2849 291 2887 non
323 2836 413 2887 est
444 2834 757 2887 damnatus
781 2833 1115 2900 Dioscorus,
1143 2834 1243 2888 sed
1268 2833 1406 2905 quia
1428 2835 1831 2890 excommuni-

174 2922 469 2978 cationem
504 2920 639 2977 fecit
666 2922 903 2977 domino
934 2922 1373 2994 archiepiscopo
1405 2923 1597 2978 Leoni.

169 3083 307 3138 CAP.
340 3081 395 3136 9.
421 3111 492 3122 —
520 3082 820 3138 Romanam
848 3081 1031 3138 sedem
1058 3082 1129 3138 de
1145 3090 1259 3138 tota
1279 3084 1527 3139 Ecclesia
1547 3082 1827 3154 judicare,

1954 526 2159 583 debuit
2188 532 2571 588 submoveri?

1954 634 2088 690 CAP.
2124 638 2311 720 l0.‘-.-—
2335 641 2410 720 De
2437 641 2641 720 eodem,
2667 644 2744 720 in
2790 643 2985 720 quinta
3032 647 3241 720 synodo
3288 647 3602 720 Symmachi

2020 724 2190 851 pisae
2214 712 2295 777 (in
2326 712 2465 767 libro
2489 713 2728 769 Ennodii
2772 712 2838 771 de
2884 717 2916 770 4
2961 723 3014 771 et
3055 712 3091 771 5
3137 712 3359 789 synodi}
3396 727 3599 779 Roma-

2021 798 2057 833 η
2145 822 2156 834 .

2022 870 2097 939 (9,
2130 887 2180 942 q.
2213 870 2267 939 3,
2314 888 2360 927 c.
2411 873 2708 945 Aliorum.)
2767 875 3029 931 Aliorum
3092 877 3235 934 forte
3291 878 3601 937 hominum

1949 974 2159 1014 causas
2189 958 2342 1015 Deus
2373 960 2556 1017 voluit
2584 979 2684 1033 per
2717 980 2919 1019 omnes
2946 966 3282 1035 terminare,
3307 970 3407 1024 sed
3432 972 3602 1027 sedes

1947 1046 2121 1102 istius
2179 1048 2497 1119 praesulum
2558 1068 2664 1107 suo
2724 1054 2851 1108 sine
2906 1054 3228 1124 quaestione
3285 1060 3603 1116 reservavit

1949 1136 2210 1192 arbitrio.
2264 1137 2460 1194 Voluit
2516 1140 2667 1195 beati
2730 1142 2874 1197 Petri
2930 1144 3173 1215 apostoli
3230 1162 3599 1204 successores

1947 1224 2089 1280 ccelo
2138 1230 2369 1282 tantum
2421 1228 2630 1285 debere
2682 1229 3103 1304 innocentiam,
3137 1237 3192 1289 et
3223 1234 3597 1291 subtilissimi

1946 1313 2301 1371 discussoris
2331 1316 2587 1388 indagini
2619 1319 2957 1376 inviolatam
2990 1323 3260 1379 exhibere
3292 1326 3596 1382 conscien-

1944 1402 2110 1459 tiam.

1944 1513 2077 1565 CAP.
2114 1512 2200 1564 11.
2224 1543 2291 1552 -
2322 1513 2473 1579 Quod
2518 1513 2718 1569 vicarii
2766 1517 3027 1573 Romanae
3055 1518 3194 1574 sedis
3224 1536 3331 1574 non
3365 1519 3602 1577 habeant

2012 1582 2423 1663 plenitudinem
2478 1588 2817 1663 apostolicae
2849 1591 3149 1658 potestatis.
3200 1590 3489 1663 Gregorius
3538 1593 3604 1649 ιγ

2012 1655 2236 1721 Gallice,
2271 1655 2520 1727 Europe,
2556 1655 2870 1715 Germanias?
2890 1664 3179 1732 episcopis.

2014 1744 2277 1801 Romana
2292 1744 2549 1802 Ecclesia
2570 1747 2723 1803 vices
2746 1765 2886 1803 suas
2908 1749 2990 1804 ita
3012 1749 3142 1805 aliis
3164 1751 3487 1823 impertivit
3502 1757 3598 1810 Ec-

1942 1832 2228 1903 clesiis,ut
2248 1834 2306 1889 in
2331 1838 2557 1906 partem
2582 1836 2694 1892 sint
2719 1841 2934 1893 vocatas
2957 1838 3512 1910 sollicitudinis,non
3537 1843 3598 1900 in

1943 1922 2948 1998 plenitudinempotestatis.Proinde
2981 1928 3598 2003 dilectiovestra,quo-

1944 2030 2073 2069 rum
2088 2014 2393 2071 devotione
2407 2016 2974 2088 gaudemus,jungat
2996 2034 3197 2073 curam
3213 2034 3379 2074 suam
3400 2019 3599 2092 dispo-

1942 2103 2258 2160 sitionibus
2276 2105 2513 2161 nostris.
2540 2108 2599 2160 Et
2612 2107 2929 2178 postplura.
2956 2106 3073 2163 Nec
3089 2107 3286 2180 pigeat
3309 2109 3471 2179 forte,
3497 2113 3601 2166 aut

1941 2193 2156 2262 pudeat
2170 2195 2387 2251 nostris
2401 2195 2635 2251 obedire
2654 2196 3427 2269 mandatis,autapostolicze
3439 2197 3599 2255 sedis

1942 2281 2341 2339 obsecundare
2355 2285 2828 2356 praeceptis,quia
2842 2285 3167 2341 humilibus
3190 2287 3365 2341 datur
3385 2287 3593 2359 gratia,

1942 2386 2057 2424 non
2086 2371 2355 2442 superbis
2387 2374 2503 2443 (Jac
2533 2374 2631 2441 IV).
2679 2374 2833 2442 (Dist.
2872 2373 2960 2441 l9,
3001 2391 3121 2446 cap.
3165 2376 3327 2430 Nulli
3353 2378 3441 2446 fas
3471 2379 3590 2445 est).

1941 2459 2087 2514 Nam
2113 2459 2255 2513 nulli
2282 2461 2368 2515 fas
2390 2466 2498 2531 est,
2520 2462 2605 2517 vel
2634 2461 2912 2528 velle,.vel
2936 2479 3108 2533 posse
3131 2464 3371 2532 [velleve
3400 2465 3592 2536 posse]

1942 2548 2269 2619 transgredi
2305 2548 2639 2619 apostolicae
2691 2550 2847 2604 sedis
2898 2556 3207 2622 praecepta,
3244 2567 3347 2607 nec
3380 2556 3591 2608 nostra

1940 2635 2313 2708 dipositionis
2373 2637 2790 2705 ministerium,
2844 2639 2998 2709 quod
3050 2642 3304 2694 vestram
3364 2644 3595 2712 oportet

1940 2725 2106 2796 sequi
2155 2724 2523 2781 charitatem.
2556 2726 2642 2781 Sit
2673 2743 2808 2799 ergo
2842 2728 3023 2781 ruinas
3058 2745 3175 2783 suae
3209 2728 3407 2785 dolore
3459 2746 3594 2803 pro-

1940 2819 2180 2884 stratus,
2214 2813 2486 2885 quisquis
2531 2814 2867 2887 apostolicis
2900 2815 3146 2871 voluerit
3178 2818 3463 2875 contraire
3495 2820 3593 2874 de-

1940 2904 2134 2971 cretis,
2161 2920 2264 2957 nec
2290 2903 2481 2958 locum
2511 2904 2786 2976 deinceps
2818 2904 2970 2959 inter
2998 2906 3326 2962 sacerdotes
3357 2907 3591 2975 habeat,

1940 2993 2041 3049 sed
2073 2992 2320 3048 extorris
2353 2992 2493 3048 sita
2518 2998 2718 3049 sancto
2778 2992 3136 3063 ministerio;
3189 3012 3294 3051 nec
3344 2997 3415 3052 de
3464 2998 3592 3068 ejus

1933 3082 2160 3153 judicio
2212 3085 2416 3154 postea
2466 3082 2777 3153 quisquam
2813 3099 3011 3137 curam
3045 3082 3280 3153 habeat,
3313 3087 3591 3157 quoniam

245 3154 1833 3247 ἮῘΫῘΫῘΈΓῩΕἏῘῖαίΞῖἮΕῩῙῩῨΪἮἿῩῙῨΨῩῘΕΪἎ6ξὲῗέξῖἾὶ¹
1862 3178 1904 3245 C
1937 3172 2062 3242 iam
2117 3171 2436 3227 damnatus
2484 3188 2518 3227 ει
2564 3176 2770 3227 sancta
2815 3175 2872 3227 et
2920 3172 3240 3243 apostolica
3296 3154 3454 3247 sede,
3485 3177 3595 3233 hac

244 3226 736 3298 Faustomagistro
764 3228 1021 3298 fungenti
1042 3226 1335 3296 legationis
1355 3228 1539 3298 ofﬁcio
1564 3227 1829 3283 Constan-

246 3295 488 3370 tinopoli
514 3297 693 3369 (epist.
729 3299 805 3360 4).

250 3421 326 3492 (9,
360 3439 411 3492 q.
444 3422 501 3489 3,
541 3438 587 3476 c.
634 3422 741 3493 Ipsi
783 3429 911 3477 sunt
951 3424 1236 3489 canones.)
1291 3420 1471 3477 Nobis
1528 3426 1836 3493 opponunt

178 3526 457 3577 canones,
480 3512 621 3565 dum
646 3511 917 3566 nesciunt
933 3510 1075 3582 quid
1098 3511 1436 3581 loquantur.
1452 3512 1664 3566 Contra
1686 3526 1834 3582 quos

179 3600 289 3656 hoc
321 3600 449 3671 ipso
489 3600 684 3655 venire
713 3617 774 3655 se
809 3601 1085 3672 produnt,
1115 3602 1267 3671 quod
1304 3600 1502 3671 prima:
1536 3600 1660 3655 sedi
1692 3617 1836 3656 sana

180 3694 459 3760 rectaque
476 3690 745 3744 suadenti
765 3705 967 3760 parere
986 3689 1321 3760 diffugiunt.
1350 3689 1468 3758 Ipsi
1501 3692 1639 3743 sunt
1669 3705 1837 3745 cano-

182 3778 421 3850 nes,qui
441 3778 863 3851 appellationes
884 3778 1067 3833 totius
1091 3776 1356 3833 Ecclesia
1380 3778 1451 3832 ad
1475 3777 1653 3849 hujus
1677 3778 1833 3834 sedis

183 3884 428 3924 examen
468 3866 701 3923 voluere
750 3867 1001 3933 deferri;
1053 3866 1126 3921 ab
1174 3865 1302 3936 ipsa
1348 3882 1483 3921 vero
1538 3882 1832 3937 nusquam

182 3974 426 4029 prorsus
444 3956 726 4028 appellari
745 3957 954 4012 debere
974 3961 1312 4025 sanxerunt,
1329 3971 1393 4010 ac
1418 3971 1518 4026 per
1539 3954 1649 4011 hoc
1669 3954 1833 4011 illam

183 4048 252 4102 de
284 4052 405 4102 tota
438 4045 698 4101 Ecclesia
722 4046 1006 4116 judicare,
1041 4046 1229 4116 ipsam
1278 4044 1350 4099 ad
1402 4042 1624 4098 nullius
1671 4060 1835 4099 com-

184 4152 375 4191 meare
397 4135 714 4207 judicium,
748 4151 852 4190 nec
883 4135 955 4189 de
982 4134 1110 4205 ejus
1144 4150 1402 4204 unquam
1436 4136 1837 4206 praeceperunt

171 4225 398 4296 judicio
424 4224 1189 4295 judicari,sententiamque
1220 4221 1379 4277 illius
1402 4222 1835 4278 constituerunt

179 4318 449 4386 oportere
496 4312 760 4378 dissolvi,
794 4313 964 4383 cujus
1016 4311 1209 4384 potius
1257 4311 1558 4380 sequenda
1604 4311 1835 4367 decreta

179 4402 621 4458 mandaverunt.
635 4401 698 4456 In
724 4404 831 4456 hac
850 4400 981 4472 ipsa
1001 4415 1203 4468 causa,
1227 4399 1577 4455 Timotheus
1594 4398 1833 4454 Alexan-

175 4491 386 4546 drinus
407 4496 462 4546 et
485 4491 690 4546 Petrus
711 4489 1133 4555 Antiochenus,
1157 4489 1378 4555 Petrus,
1404 4487 1643 4557 Paulus,
1662 4489 1835 4544 Joan-

1946 3261 2294 3317 auctoritate
2309 3277 2410 3333 pro
2425 3260 2901 3316 suainobedienti
2913 3278 2946 3317 a
2958 3266 3132 3332 atque
3145 3266 3595 3337 praesumptione

1944 3367 1977 3404 a
2000 3367 2297 3422 quoquam
2321 3365 2449 3405 esse
2473 3365 2586 3405 non
2606 3349 2934 3417 dubitatur;
2955 3350 3094 3421 quia
3111 3352 3351 3422 majoris
3367 3369 3593 3410 excom-

1944 3438 2363 3495 municationis
2396 3438 2722 3509 dejectione
2752 3443 2841 3494 est
2871 3439 3193 3511 exigendus
3237 3442 3330 3495 cui
3379 3447 3590 3498 sanctae

1942 3528 2212 3585 Ecclesiae
2235 3527 2408 3583 fuerit
2430 3527 2749 3583 commissa
2780 3527 3110 3600 disciplina,
3135 3528 3236 3600 qui
3260 3546 3375 3585 non
3397 3530 3590 3588 solum

1943 3619 2224 3690 praeiacta:
2247 3622 2461 3672 sanctae
2482 3616 2749 3672 Ecclesia:
2761 3617 3129 3687 jussionibus
3146 3635 3346 3690 parere
3368 3621 3589 3691 debuit,

1943 3709 2044 3764 sed
2089 3707 2263 3763 etiam
2310 3706 2455 3761 alios
2506 3723 2577 3761 ne
2627 3706 3006 3776 praeterirent,
3035 3707 3358 3765 insinuare.
3392 3709 3593 3783 Sitque

1943 3796 2169 3852 alienus
2196 3814 2229 3851 a
2249 3794 2461 3851 divinis
2484 3799 2540 3851 et
2565 3795 3005 3866 pontiﬁcalibus
3026 3797 3258 3865 ofﬁciis,
3283 3800 3381 3870 qui
3408 3800 3595 3857 noluit

1942 3885 2248 3958 preceptis
2278 3885 2683 3957 obtemperare
2709 3884 3067 3957 apostolicis.

1944 3991 2078 4068 Cat}.
2115 3993 2198 4047 12.
2233 4020 2298 4068 τ-
2329 3992 2447 4047 Non
2472 4006 2587 4045 esse
2614 3992 3026 4068 convocandam
3070 3995 3382 4068 generalem
3426 4012 3591 4068 syno-

2015 4063 2167 4139 dum
2200 4065 2324 4139 sine
2364 4071 2632 4139 praecepto
2664 4079 2863 4139 papae.
2915 4063 3172 4139 Pelagius
3217 4068 3267 4121 II
3300 4063 3591 4139 papa'epi-

2013 4136 2193 4205 scopis
2226 4135 2700 4205 Constantinopoli
2727 4134 3095 4203 congregatis.

2015 4223 2276 4278 Relatum
2305 4226 2395 4277 est
2424 4222 2577 4278 enim
2628 4224 2699 4276 ad
2751 4222 3128 4294 apostolicam
3158 4225 3378 4293 sedem,
3410 4228 3591 4287 Joan-

1943 4328 2075 4367 nem
2094 4309 2805 4381 Constantinopolitanum
2825 4312 3165 4382 episcopum
3199 4314 3591 4371 universalem

1945 4417 2005 4456 se
2036 4400 2309 4467 scribere,
2328 4415 2549 4472 vosque
2581 4415 2649 4455 ex
2679 4400 2790 4456 hac
2821 4401 3281 4473 praesumptione
3311 4405 3383 4459 ad
3415 4422 3592 4477 syno-

1945 4491 2082 4545 dum
2104 4505 2452 4545 convocasse
2470 4488 2833 4560 generalem:
2858 4506 2991 4545 cum
3015 4492 3316 4563 generales
3336 4495 3593 4565 synodos

176 4597 280 4637 nes
313 4584 371 4635 et
400 4580 588 4635 caeteri
622 4596 736 4635 non
770 4577 963 4634 solum
1014 4595 1189 4643 unus,
1224 4578 1326 4632 sed
1378 4576 1576 4649 plures
1627 4577 1832 4649 utique
1868 4559 1913 4622 D
1946 4578 2303 4634 convocandi
2352 4559 2669 4633 auctoritas
2719 4577 3054 4648 apostolica:
3085 4579 3239 4635 beati
3276 4582 3419 4637 Petri
3454 4599 3593 4653 apo-

178 4686 390 4726 nomen
422 4668 730 4725 sacerdotii
756 4667 1148 4741 praeferentes,
1173 4666 1300 4722 sola
1320 4666 1477 4722 sedis
1498 4666 1829 4738 apostolicae

176 4765 317 4815 sunt
351 4759 694 4813 auctoritate
723 4757 951 4828 dejecti.
971 4757 1096 4811 Post
1125 4772 1317 4815 pauca.
1344 4756 1501 4827 (Dist.
1524 4756 1614 4822 22,
1639 4772 1684 4811 c.
1712 4757 1829 4824 Qua

173 4849 513 4917 traditione.)
535 4848 658 4912 Qua
680 4846 991 4901 traditione
1014 4843 1718 4916 majorum,apostolicam
1737 4863 1827 4901 se-

172 4935 986 5009 deminjudiciumvocant?An
1002 4934 1432 4989 secundae-sedis
1447 4933 1828 5001 antistites,et

170 5026 688 5097 tertiaa,ca3tei'ique
710 5025 855 5080 bene
874 5022 1091 5079 conscii
1114 5023 1224 5077 sibi
1247 5022 1581 5077 sacerdotes
1612 5022 1824 5093 depelli

170 5118 594 5186 debuerunt,et
613 5113 715 5186 qui
739 5112 1038 5184 religionis
1060 5111 1289 5167 exsistit
1308 5108 1827 5181 inimicusdepelli

172 5223 287 5262 non
312 5204 549 5260 debuit?
570 5202 837 5258 Viderint
866 5217 1002 5272 ergo
1034 5202 1082 5256 si
1111 5199 1258 5256 alios
1295 5200 1518 5254 habent
1548 5214 1823 5269 canones,

170 5296 389 5369 quibus
438 5310 576 5349 suas
628 5292 880 5364 ineptius
929 5295 1349 5361 exsequantur.
1383 5288 1665 5343 Caeterum
1700 5287 1821 5355 isti,

168 5385 269 5457 qui
319 5381 719 5449 ecclesiastici,
753 5381 854 5453 qui
899 5378 1149 5451 legitimi
1206 5377 1596 5446 celebrantur,
1626 5376 1823 5433 sedem

166 5472 551 5546 apostolicam
583 5471 654 5527 ad
681 5467 973 5541 judicium
1011 5483 1219 5523 vocare
1278 5483 1391 5521 non
1447 5470 1720 5538 possunt.
1756 5465 1825 5521 Et

167 5560 833 5633 Constantinopolitanae
866 5558 1178 5630 episcopus
1208 5555 1485 5626 civitatis,
1521 5572 1651 5627 quae
1702 5555 1823 5611 uti-

173 5660 284 5726 que
312 5669 419 5727 per
444 5666 699 5710 canones
728 5650 881 5705 inter
910 5647 1080 5705 sedes
1110 5645 1336 5703 nullum
1392 5659 1607 5704 nomen
1656 5661 1820 5703 acce-

1941 4665 2073 4722 stoli
2107 4666 2230 4721 sedi
2259 4665 2546 4738 singulari
2598 4664 2902 4737 privilegio
2952 4666 3030 4722 sit
3076 4668 3311 4738 tradita,
3344 4675 3403 4724 et
3433 4670 3595 4727 nulla

1940 4772 2200 4826 unquam
2255 4755 2514 4826 synodus
2545 4759 2692 4821 rata,
2727 4771 2854 4825 quae
2888 4755 3217 4827 apostolica
3245 4760 3596 4816 auctoritate

1941 4860 2055 4898 non
2092 4843 2266 4898 fuerit
2299 4842 2463 4898 fulta.
2496 4844 2863 4914 Quapropter
2907 4844 3192 4915 quidquid
3225 4846 3283 4901 in
3320 4849 3593 4919 praedicto

1939 4936 2129 4987 vestro
2143 4931 2736 5002 conventiculo,(quia
2752 4933 2931 5002 synod
2944 4949 3011 4986 us
3028 4934 3224 4988 taliter
3238 4943 3595 5009 praesumpta

1939 5037 2067 5076 esse
2082 5038 2195 5076 non
2211 5020 2422 5092 potuit)
2446 5020 2760 5088 statuistis,
2777 5038 2843 5076 ex
2858 5022 3209 5078 auctoritate
3232 5026 3416 5081 sancti
3440 5026 3593 5081 Petri

1938 5109 2340 5181 apostolorum
2374 5109 2680 5181 principis,
2712 5113 2770 5165 et
2818 5109 3052 5164 Domini
3085 5111 3402 5169 Salvatoris
3432 5130 3590 5183 voce,

1937 5215 2055 5270 qua
2075 5198 2241 5253 beato
2266 5197 2433 5252 Petro
2458 5202 2806 5267 potestatem
2832 5198 3054 5271 ligandi
3088 5206 3145 5256 et
3178 5202 3438 5257 solvendi
3468 5202 3594 5274 ipse

1936 5287 2189 5343 salvator
2237 5285 2398 5341 dedit
2446 5287 2651 5358 (Matth.
2691 5290 2825 5357 xvr),
2860 5305 2987 5359 quae
3030 5290 3204 5345 etiam
3238 5294 3497 5362 potestas
3530 5290 3589 5345 in

1935 5376 2376 5432 successoribus
2408 5377 2536 5447 ejus
2569 5376 2969 5432 indubitanter
3000 5377 3285 5449 transivit,
3319 5377 3590 5450 praecipio

1934 5466 2134 5522 omnia
2156 5483 2287 5538 quae
2306 5466 2387 5521 ibi
2410 5464 2700 5521 statuistis
2722 5483 2872 5522 vana
2894 5470 2948 5521 et
2971 5471 3202 5521 cessata
3222 5482 3380 5534 esse;
3412 5465 3495 5523 ita
3526 5473 3592 5526 ut

1933 5555 2208 5626 deinceps
2242 5570 2546 5626 nunquam
2582 5559 2925 5627 appareant,
2952 5571 3055 5611 nec
3086 5553 3589 5630 ventilentur[sed

1933 5645 2329 5717 mutilentur].
2356 5646 2483 5703 Post
2507 5659 2704 5716 pauca.
2730 5646 3095 5715 Quapropter
3113 5642 3367 5703 cbaritas
3396 5652 3592 5706 vestra
