3960 6072
399 287 503 342 327

1490 284 1555 334 D.
1594 281 1836 335 IVONIS
1873 281 2364 338 CARNOTENSIS
2402 287 2717 344 EPISCOPI

3707 296 3820 350 328

397 411 693 468 neminem
743 424 1004 480 unquam
1057 406 1182 462 suis
1227 405 1285 458 in
1335 402 1600 476 epistolis
1649 402 2035 459 universalem
2069 405 2122 471 Α
2153 403 3816 490 ctioniinteresscmeruerunt.Quiacceptaratione,quod

396 499 758 566 nominet,ne
781 496 892 554 sibi
919 495 1179 551 debitum
1201 493 1668 562 subtrahat,cum
1684 492 1848 548 alteri
1864 492 2042 550 hono-

395 605 516 645 rem
548 588 717 644 oti'ert
745 585 1091 642 indebitum.

394 681 528 733 CAP.
561 678 648 732 13.
681 707 767 754 —_
798 674 946 754 Quod
997 674 1107 754 solo
1133 673 1406 754 _Romanp
1459 671 1737 754 pontiﬁci.
1760 670 2041 754 liceat__de

463 742 1042 822 qualibetﬁcctesiami
1062 745 1310 822 valuerit,
1333 742 1595 799 clericum
1615 743 1891 798 ordinare.
1919 742 2038 798 Ste-

462 815 676 892 phanus
714 819 978 873 Walberto
1009 815 1368 883 patriarchae.

464 908 745 964 Miramur
766 904 1132 976 prudentiam
1158 909 1318 959 tuam
1340 903 1616 958 Cumensi
1640 901 1906 958 Ecclesizs
1929 903 2035 958 de-

391 1012 603 1069 negare
631 1009 971 1050 consecrare
1001 1000 1314 1063 pastorem,
1349 1008 1483 1046 cum
1528 997 1587 1046 te
1625 992 1752 1061 jam
1803 991 1874 1045 ad
1922 990 2033 1046 hoc

388 1088 761 1157 provocatum
821 1080 1049 1137 noveris
1097 1079 1419 1152 apostolica
1473 1079 1894 1135 exhortatione.
1938 1080 2032 1135 Sic

385 1172 541 1228 enim
573 1172 632 1226 in
664 1173 792 1240 ejus
823 1170 1105 1226 electione
1155 1171 1308 1240 quod
1353 1171 1528 1238 [forte,
1572 1167 1738 1240 quid]
1778 1168 1885 1223 tibi
1917 1168 2036 1224 dis-

383 1260 590 1330 plicuit
620 1261 804 1315 sacris
860 1260 1186 1314 canonibus
1223 1258 1624 1325 interdictum,
1657 1256 2036 1329 apologeticis

384 1349 594 1404 litteris
622 1349 741 1403 tuis
773 1348 1124 1418 respondere
1155 1347 1324 1400 nobis
1347 1346 1654 1402 debueras.
1689 1346 1856 1400 Nunc
1901 1361 2035 1400 vero

383 1436 593 1492 iterato
631 1437 739 1490 tibi
792 1436 1128 1501 scribimus,
1159 1433 1424 1489 nolentes
1470 1434 1722 1504 alicujus
1769 1434 2034 1490 Ecclesia

385 1525 752 1596 privilegium
784 1523 1625 1595 infringere,licet'apostolica
1659 1523 2036 1594 praerogativa

382 1614 679 1684 possimus
728 1614 800 1667 de
851 1612 1112 1682 qualibet
1141 1610 1400 1666 Ecclesia
1429 1611 1705 1666 clericum
1738 1612 2029 1667 ordinare.

380 1702 732 1772 Desinejam
755 1700 1087 1771 cujuspiam
1111 1698 1235 1754 zelo
1256 1701 1507 1754 electum
1532 1717 1565 1754 a
1588 1700 1741 1755 clero
1773 1704 1830 1755 et
1859 1715 2032 1772 expe-

2150 508 2263 548 non
2288 510 2464 550 causa
2487 502 2864 571 contemptus
2888 501 3160 573 Augusti,
3186 505 3286 558 sed
3325 505 3504 560 futuri
3525 509 3819 579 temporis

2151 589 2458 655 prospectu
2492 588 2781 644 omissum
2814 589 2921 645 hoc
2953 590 3149 662 fuerit,
3177 609 3247 648 ne
3276 593 3548 651 videlicet
3581 595 3817 668 legatos

2146 671 2478 744 principum
2512 674 2570 728 in
2603 675 2944 733 electionem
3001 679 3402 738 Romanorum
3460 685 3811 755 pontificum

2148 760 2510 834 [priesulum]
2561 767 2934 837 exspectandi
2970 784 3097 824 mos
3127 786 3232 840 per
3260 770 3602 842 hujusmodi
3637 774 3813 830 fomi-

2142 852 2261 903 tem
2294 849 2657 922 inolesceret,
2690 871 2924 911 omnem
2959 856 3425 929 indignationem
3459 862 3812 919 medullitus

2142 937 2513 1002 sedaverunt.
2547 946 2603 996 et
2632 943 2703 997 ad
2737 944 3124 1000 salutandum
3156 947 3409 1004 electum
3462 950 3638 1007 etiam
3690 952 3811 1024 ipsi

2141 1024 2446 1082 humiliter
2475 1036 2869 1087 accesserunt.

2146 1131 2281 1188 CAP.
2317 1136 2403 1189 17.
2439 1168 2505 1177 -
2535 1139 2690 1215 (tuott
2719 1156 2934 1215 semper
2956 1142 3142 1215 minor
3169 1161 3202 1199 a
3231 1147 3447 1215 majore
3479 1147 3809 1205 benedictio-

2216 1221 2342 1292 nem
2367 1215 2552 1292 petere
2578 1211 2806 1292 iteﬁbeah
2831 1212 3088 1292 Nicotaus
3115 1231 3285 1287 papa,
3321 1211 3597 1275 Michaeti
3627 1224 3809 1292 impe-

2214 1281 2398 1332 ratori
2427 1279 2604 1350 (epist.
2636 1282 2689 1344 2,
2721 1284 2806 1337 vel
2838 1286 2915 1353 8).

2215 1365 2371 1433 (Dist.
2403 1369 2493 1434 2t,
2526 1383 2571 1422 c.
2609 1372 2905 1442 Denique.)
2969 1373 3225 1445 Denique
3254 1376 3302 1430 si
3338 1376 3396 1432 in
3425 1378 3681 1448 Epistola
3725 1383 3804 1437 ad

2148 1451 2414 1510 Hebraeos
2444 1454 2697 1526 legimus
2727 1460 2882 1528 quod
2911 1461 3105 1517 minor
3123 1480 3156 1518 a
3175 1464 3396 1535 majore
3421 1465 3809 1526 benedicatur

2142 1541 2326 1610 (Hebr.
2357 1545 2481 1612 νη),
2529 1550 2712 1600 restat
2769 1549 3025 1618 profecto
3085 1556 3172 1619 ut,
3224 1553 3492 1624 exigente
3549 1557 3803 1628 ratione,

2141 1628 2315 1684 etiam
2340 1632 2742 1688 maledicatur.
2771 1636 2829 1691 Si
2853 1637 3091 1708 quidem
3121 1650 3517 1711 praenoscente
3541 1645 3659 1701 haec
3690 1664 3803 1719 pe-

2141 1718 2394 1774 riculosa
2413 1725 2678 1792 tempora
2701 1723 2783 1779 illi
2808 1727 2906 1795 qui
2933 1733 3068 1782 ante
3093 1745 3200 1785 nos
3227 1718 3801 1805 fuerunt,providam

378 1791 552 1846 titum
585 1807 619 1846 a
649 1790 861 1861 popqu
885 1789 1287 1843 Lintwardum
1311 1787 1728 1860 [Litwardum]
1750 1789 2020 1895 Gumensi

2225 1807 2494 1865 Ecclesiis
2526 1786 2898 1868 tradiderunt
2955 1786 3802 1895 consuetudinem,’rhodieque

379 1879 647 1934 Ecclesia:
679 1879 1002 1933 antistitem
1043 1877 1358 1947 protelare;
1384 1879 1522 1948 quia
1544 1878 1592 1932 si
1625 1878 2027 1948 protelaveris,

381 1970 438 2022 et
457 1984 593 2022 eum
615 1981 956 2023 consecrare
980 1966 1150 2020 toties
1183 1967 1442 2021 monitus
1473 1983 1588 2021 non
1617 1969 2023 2034 maturaveris,

381 2071 516 2110 cum
548 2055 619 2110 ad
652 2071 758 2110 nos
787 2055 1031 2119 venerit,
1076 2055 1276 2124 procul
1305 2055 1484 2110 dubio
1515 2060 1891 2112 consecratus
1919 2057 2025 2111 ab-

379 2143 657 2215 ibit,quia
679 2144 813 2198 licet
829 2143 1150 2214 apostolica
1172 2144 1516 2199 auctoritate
1537 2144 1594 2198 id
1620 2146 1805 2200 facere
1837 2145 2024 2201 valea-

380 2237 642 2298 mus,tuo
673 2237 866 2288 tamen
893 2233 1209 2287 incitamur
1227 2233 1618 2304 exemplo,qui
1639 2235 2024 2306 transgressis

376 2319 646 2376 terminis
678 2321 782 2376 tibi
814 2321 1170 2388 commissis,
1190 2320 1248 2376 in
1289 2321 1547 2378 Ecclesia
1568 2323 1866 2379 Salonensi
1900 2326 2023 2396 epi-

377 2425 626 2480 scopum
659 2409 930 2465 ordinare
961 2411 1034 2465 ad
1076 2411 1469 2466 indecentiam
1510 2412 1843 2483 apostolicae
1866 2413 2022 2470 sedis

376 2498 826 2570 praesumpsisti,
851 2499 1005 2570 quod
1031 2504 1263 2569 quantae
1285 2500 1774 2570 praevaricationis
1799 2502 1876 2557 sit
1895 2502 2022 2574 ipse

375 2587 686 2658 perpende.

375 2676 631 2753 Cara-1.11.
657 2707 722 2753 -_—
745 2677 900 2745 Quod
929 2677 1153 2753 delectio
1174 2683 1225 2734 et
1244 2682 1585 2753 consecratio
1614 2681 1850 2736 Romani
1876 2699 2019 2753 pon-

447 2747 614 2816 tiﬁcis
661 2749 810 2817 juste
839 2753 891 2802 et
920 2752 1182 2804 canonice
1237 2751 1362 2818 ﬁeri
1414 2751 1619 2808 debeat.
1645 2753 1749 2809 Leo
1798 2747 1887 2809 ιν·
1919 2755 2018 2810 Lo-

445 2818 631 2873 thario
663 2828 714 2872 et
745 2820 1016 2873 Ludovico
1047 2821 1322 2891 Augustis.

445 2905 604 2975 (Dist.
637 2906 728 2971 63,
759 2923 876 2976 rap.
911 2908 1063 2962 Inter
1083 2908 1226 2978 nos.)
1261 2909 1418 2964 Inter
1456 2927 1562 2965 nos
1615 2917 1671 2966 et
1717 2930 1818 2968 vos
1867 2915 2018 2983 pacti

372 2992 522 3048 serie
578 2997 866 3049 statutum
895 2999 985 3050 est
1013 3001 1070 3050 et
1099 2997 1509 3053 confirmatum
1547 3001 1699 3070 quod
1732 3001 1933 3056 electio
1963 3006 2020 3058 et

372 3080 735 3138 consecratio
767 3082 947 3138 futuri
978 3083 1220 3139 Romani
1255 3088 1549 3157 pontiﬁcis
1599 3091 1830 3145 nonnisi
1855 3092 2017 3161 juste

2136 1894 2193 1949 in
2219 1899 2480 1953 Romana
2502 1899 2777 1965 Ecclesia,
2805 1919 2931 1974 quas
2956 1908 3242 1978 magistra
3273 1914 3361 1964 est
3390 1912 3657 1967 omnium
3685 1894 3799 1970 Ec.

2136 1984 2444 2041 clesiarum
2470 1986 2944 2060 impraetermisse
2969 2000 3255 2062 servatur,
3274 1998 3355 2054 ita
3379 2003 3444 2054 ut
3465 2000 3664 2058 nullus
3695 2020 3797 2060 sa-

2135 2075 2337 2130 cerdos
2370 2077 2588 2146 majore
2619 2095 2724 2133 suo
2758 2097 2871 2135 non
2907 2083 3190 2140 innuente
3227 2091 3642 2146 consacerdote
3663 2093 3792 2148 cui-

2131 2161 2276 2217 libet
2305 2164 2384 2218 rei
2419 2164 2761 2224 benedicere
2795 2170 3044 2240 nitatur;
3101 2175 3200 2228 sed
3261 2174 3358 2249 [si]
3417 2183 3475 2234 et
3527 2181 3793 2238 anterior

2133 2254 2296 2307 stans
2327 2254 2395 2307 ad
2431 2257 2934 2324 pronuntiandum
2972 2260 3228 2333 aliquam
3254 2265 3581 2339 lectionem,
3607 2271 3787 2327 bene-

2131 2340 2448 2397 dictionem
2481 2345 2715 2414 quidem
2749 2348 3026 2418 postulat,
3050 2354 3149 2408 sed
3183 2353 3234 2409 ei
3266 2355 3512 2424 quilibet
3541 2358 3788 2417 inferior

2131 2446 2247 2484 non
2273 2431 2448 2486 audet
2473 2433 2959 2492 benedicere.Cur
2975 2439 3115 2495 hoc?
3135 2442 3412 2515 Nunquid
3439 2447 3788 2506 benedicere

2129 2525 2430 2589 peccatum
2461 2522 2598 2576 est?
2645 2525 2844 2580 Absit!
2895 2527 2976 2582 De
3008 2529 3311 2588 maledicis
3340 2535 3520 2600 enim,
3565 2553 3679 2592 non
3713 2539 3788 2594 de

2130 2607 2426 2664 benedicis
2444 2610 3092 2686 dicitApostolus,quia
3123 2635 3324 2690 regum
3357 2623 3454 2678 Dei
3489 2641 3606 2680 non
3640 2644 3784 2697 pos-

2127 2695 2405 2752 sidebunt
2434 2698 2478 2768 (l
2509 2698 2630 2754 Cor.
2663 2706 2758 2771 VI).
2794 2702 2902 2758 Sed
2956 2722 3058 2776 per
3087 2705 3197 2762 hoc
3225 2708 3494 2766 innuitur
3549 2695 3789 2784 quantis

2127 2800 2385 2840 censurae
2411 2787 2571 2842 freno
2594 2788 2900 2847 inferiores
2923 2795 3142 2866 quique
3164 2797 3234 2851 ad
3259 2814 3399 2854 suos
3429 2801 3786 2871 iudicandos

2129 2875 2470 2944 praepositos
2502 2880 2807 2933 coercendi
2839 2888 3000 2953 sunt,
3027 2883 3076 2937 si
3109 2883 3168 2938 hi
3202 2902 3306 2941 nec
3336 2887 3508 2942 etiam
3542 2889 3788 2945 benedi-

2125 2963 2291 3016 cendi
2319 2964 2418 3031 jus
2451 2965 2682 3021 nullum
2715 2969 2950 3038 penitus
2982 2973 3302 3030 obtineant.

2125 3068 2252 3150 Car.
2287 3071 2373 3150 i8.
2406 3101 2476 3150 -_—
2504 3073 2617 3150 Non
2650 3089 2764 3150 esse
2794 3077 3190 3133 attendendum
3243 3084 3430 3150 quales
3479 3087 3784 3143 sacerdotes

2047 3152 2088 3217 ρ
2195 3142 2324 3228 sirit,
2359 3142 2449 3228 sect
2473 3145 2610 3222 quid
2636 3144 2704 3228 de
2731 3146 2963 3228 Domi-nc
2991 3142 3307 3228 loquantur.
3340 3155 3602 3212 Nicolau:
3632 3142 3782 3228 papa

2191 3212 2446 3268 Michaeli
2475 3213 2797 3284 imperatori
2826 3219 3026 3288 (ibid.).

2192 3300 2264 3369 (1,
2296 3317 2348 3370 q.
2384 3303 2433 3371 1,
2458 3318 2507 3357 c.
2529 3304 2644 3358 Non
2667 3305 2906 3378 quales.)
2933 3312 3052 3363 Non
3081 3310 3284 3381 quales
3307 3316 3642 3373 sacerdotes
3666 3323 3781 3374 Do-

2120 3388 2285 3455 mini,
2308 3391 2408 3445 sed
2432 3391 2571 3462 quid
2591 3393 2662 3448 de
2687 3395 2929 3451 Domino
2946 3397 3285 3470 loquantur,
3303 3407 3394 3458 est
3410 3405 3574 3461 vobis
3607 3423 3783 3480 mag-

2122 3494 2336 3548 nopere
2395 3481 2844 3553 providendum,
2875 3501 2978 3540 nec
3009 3487 3064 3540 in
3120 3490 3351 3546 vicariis
3410 3493 3565 3548 beati
3622 3497 3782 3552 Petri

2120 3568 2368 3638 apostoli
2428 3572 2588 3625 vobis
2621 3577 2712 3626 est
2740 3575 3160 3631 attendendum
3196 3579 3298 3649 qui
3331 3580 3471 3648 sint,
3501 3584 3598 3638 sed
3635 3585 3780 3655 quid

2118 3671 2222 3724 pro
2254 3659 2610 3714 correctione
2639 3660 3042 3733 ecclesiarum,
3067 3665 3206 3735 quid
3230 3682 3334 3736 pro
3359 3669 3550 3726 salute
3579 3679 3783 3731 vestra

2118 3749 2409 3817 satagunt.
2431 3746 2546 3802 Nec
2572 3747 2726 3802 enim
2753 3749 2884 3804 illos
2903 3750 3210 3810 inferiores
3243 3755 3448 3814 dicetis
3472 3760 3698 3818 Scribis
3719 3768 3781 3820 et

2121 3833 2424 3890 Pharisaais
2456 3837 2800 3893 sedentibus
2847 3856 3025 3911 super
3073 3843 3416 3902 cathedram
3461 3848 3668 3922 Moysi,
3701 3853 3778 3909 de

2111 3923 2328 3992 quibus
2352 3923 2632 3980 Dominus
2655 3929 2931 4000 praecepit
2957 3930 3158 3988 dicens
3183 3949 3196 3987 :
3234 3936 3582 4009 Quaecunque
3609 3941 3776 3998 diaz-

2111 4013 2223 4066 rint
2256 4013 2408 4068 vobis
2437 4013 2627 4084 facite,
2660 4017 2961 4072 secundum
2993 4035 3157 4091 opera
3206 4040 3332 4080 vero
3379 4042 3571 4082 eorum
3597 4031 3777 4088 nolite

2106 4100 2289 4168 facere
2318 4101 2539 4170 (Matth.
2571 4105 2758 4174 xxm).
2793 4106 2962 4177 Ergo,
3003 4108 3343 4181 imperator,
3378 4116 3688 4174 considera
3718 4120 3770 4175 si

2107 4187 2240 4244 illos
2273 4189 2416 4244 dixit
2444 4191 2792 4257 audiendos,
2827 4195 2926 4266 qui
2957 4214 3134 4269 super
3182 4201 3517 4259 cathedram
3577 4205 3769 4280 Moysi

344 4287 664 4360 ciis,super
685 4291 1094 4362 episcoporum
1121 4293 1376 4364 querelis
1399 4299 1500 4350 aut
1523 4278 1996 4357 accusationibus
2108 4278 2650 4386 “dflim‘ftiquam?
2675 4283 2870 4386 Rom”
2903 4285 3004 4386 (ξυί
3039 4304 3218 4386 sime?
3245 4291 3582 4386 cafhedmm
3609 4297 3769 4352 Petri

342 4381 634 4447 ageretur,
665 4395 780 4432 non
813 4381 1364 4449 priustractandum
1382 4384 1465 4439 vel
1491 4387 1890 4454 accipiendum
1907 4407 1996 4446 es-
2107 4367 2365 4420 “ament
2393 4383 2520 4422 esse
2552 4371 2855 4427 ex'stimas
2887 4375 3288 4434 Obaudiendos
3310 4379 3337 4433 ?

344 4468 452 4534 set,
477 4480 652 4535 quam
687 4468 758 4521 ad
793 4468 1062 4522 notitiam
1092 4470 1259 4526 almis
1292 4472 1449 4527 sedis
1479 4478 1679 4529 vestras
1711 4482 1865 4533 esset
1893 4480 1992 4535 de-
2106 4472 2236 4525 CAP-
2276 4472 2450 4555 19η-
2483 4473 2631 4540 Ωιιοά
2657 4479 2973 4546 apostolica?
3000 4481 3143 4562 sedis
3163 4483 3443 4554 judicium
3471 4505 3504 4542 a
3542 4493 3770 4548 nemina

344 4552 581 4586 Anno-1m
623 4558 684 4586 ηδ
708 4554 886 4586 ιμήν...
909 4560 1247 4586 η..,.ι,...;ο..ι,.
1270 4560 1426 4586 ξη-ι..
1456 4564 1604 4586 -.ηλ
1633 4565 1830 4586 p.__-____.
1942 4585 1951 4586 ,
2026 4522 2070 4586 D
2314 4552 2385 4586 ῃ]
2417 4547 2824 4586 rptrnrtnndum
2903 4553 3027 4586 "om
3066 4555 3318 4586 Ναηηιη...
3354 4559 3523 4586 ηελλ...

342 4552 688 4620 ductum,ut
708 4554 886 4626 hujus
907 4560 1432 4630 auctoritatejuxta
1453 4564 1604 4632 quod
1632 4565 1839 4622 fuisset
1860 4585 1992 4640 pro-
2026 4547 2070 4586 υ
2176 4630 2229 4655 In
2288 4547 2398 4655 ἐίξ)
2414 4547 2866 4655 νεξναξξξξξίῆιις..
2898 4553 3029 4655 Item
3060 4547 3545 4655 Dicetauseidem.

343 4641 634 4697 nuntiatio
663 4645 1064 4702 inﬁrmaretur
1093 4653 1193 4703 aut
1224 4630 1573 4704 ﬁrmatam.
1860 4630 1878 4640 ‘
2176 4630 2248 4700 (9,
2280 4648 2331 4700 q.
2366 4633 2418 4697 3,
2456 4650 2503 4688 c.
2538 4639 2737 4704 Patet.)
2773 4637 2933 4694 Patet
2957 4641 3213 4711 profecto
3239 4645 3397 4700 sedis
3428 4648 3765 4718 apostolica

339 4733 472 4783 CAP.
507 4731 593 4783 16,
626 4761 693 4773 __
723 4734 881 4802 Quod
913 4737 972 4789 ίη
1003 4737 1260 4792 electione
1308 4739 1543 4793 ηατηαηε
1588 4744 1864 4814 pontiﬁcis
1911 4748 1991 4802 ιϐ,
2101 4720 2292 4814 (cujus
2324 4721 2672 4814 auctoritate
2704 4726 2892 4795 major
2923 4745 3038 4784 non
3074 4735 3180 4800 est)
3206 4732 3496 4801 judicium
3517 4754 3551 4791 a
3573 4740 3765 4795 nemi-

409 4802 531 4883 gati
569 4803 937 4894 imperatoris
989 4823 1099 4862 non
1151 4817 1286 4864 sunt
1335 4802 1752 4880 exspectdndif
1788 4817 1989 4888 Grego-
2101 4825 2172 4863 ne
2203 4810 2324 4865 fore
2347 4813 2804 4878 retractandum,
2831 4831 3018 4888 neque
3037 4819 3314 4891 cuiquam
3343 4823 3414 4876 de
3436 4825 3564 4894 ejus
3585 4825 3766 4886 liceat

561 4874 672 4982 III.“
824 4966 838 4982 Α
868 4965 882 4982 ⁷
931 4967 941 4978 ο
1116 4967 1127 4982 ι
1168 4967 1203 4982 ﬁ
1412 4873 1447 4982 _'
1894 4873 1948 4888 Γ
2092 4896 2357 4966 judicare
2381 4873 2812 4971 judicio,juxta
2843 4873 2997 4974 qucd
3035 4873 3563 4982 Bonitacius'pa'pa

410 4960 570 5061 (Diri.
602 4963 692 5029 63,
723 4979 770 5019 c.
805 4965 1131 5061 Adrianus.)
1165 4967 1309 5061 Cum
1342 4972 1639 5029 Adrianus
1693 4979 1989 5036 secundus
2092 4960 2155 5040 et
2177 4960 2402 5042 caeteris
2425 4960 2714 5060 episcopis
2738 5007 2838 5061 per
2858 4960 3598 5058 il‘hessaliamconstritutis
3621 4960 3764 5060 seri:

337 5048 409 5104 ad
445 5048 772 5106 Romanum
809 5054 1212 5124 pontiﬁcatum
1249 5059 1319 5113 ab
1349 5062 1592 5118 ecclesia
1612 5064 1710 5119 Dei
1738 5065 1987 5123 Genitri-
2099 5073 2272 5131 hens:
2299 5076 2548 5142 «Nemo,
2587 5078 2686 5144 ait,
2713 5095 2976 5151 unquam
3025 5085 3343 5154 apostolico
3388 5088 3635 5147 culmini
3661 5095 3760 5164 (de

340 5137 422 5164 ηε..
456 5138 701 5164 Anni-..
738 5148 943 5164 __-l_..
1003 5161 1115 5164 _____
1173 5147 1289 5164 19,-.
1447 5152 1461 5164 ι
1492 5156 1526 5164 κ
1799 5160 1806 5164 .
1887 5158 1899 5164 -

338 5137 423 5192 cis
454 5138 703 5196 dominae
738 5148 972 5211 nostras,
996 5161 1121 5215 quas
1155 5147 1370 5203 dicitur
1393 5152 1464 5205 ad
1491 5156 1767 5225 Praesepe,
1791 5158 1986 5213 trahe-
2097 5165 2506 5235 cujusjudicio
2531 5182 2644 5220 non
2671 5165 2808 5223 licet
2829 5174 3164 5244 retractare)
3197 5190 3407 5232 manus
3430 5179 3631 5236 obvias
3651 5137 3759 5238 au-

337 5231 498 5283 retur
519 5229 590 5284 ad
617 5230 1004 5288 Lateranense
1031 5236 1475 5306 patriarchium,
1496 5245 1758 5298 certatim
1783 5262 1814 5298 a
1833 5246 1985 5302 clero
2096 5229 2294 5309 dacter
2314 5253 2534 5319 intulit,
2559 5271 2729 5311 nemo
2752 5257 2810 5311 in
2834 5258 2944 5314 hoc
2969 5260 3204 5317 rebellis
3235 5265 3482 5336 exstitit,
3507 5269 3621 5326 nisi
3655 5273 3760 5344 qui

337 5322 388 5344 ..ι
414 5319 751 5344 -ι-ΑΑΑ-ἔῑι.--
780 5326 828 5344 ,ι
855 5321 1019 5344 _'I-L-
1051 5323 1300 5344 J-____.L_n
1486 5333 1495 5344 ι
1552 5331 1586 5344 Λ
1691 5333 1706 5344 ς
1839 5335 1875 5344 .-
2116 5343 2119 5344 ,
2358 5341 2370 5344 _
2427 5341 2435 5344 _
2506 5343 2510 5344 ν
2590 5343 2618 5344 ,,

333 5322 392 5373 et
414 5319 752 5389 proceribus
776 5326 832 5376 et
855 5321 1024 5392 plebe
1045 5323 1383 5394 deportatus
1415 5333 1521 5384 est.
1548 5331 1708 5397 Quod
1742 5335 1983 5390 audien-
2094 5343 2165 5397 de
2193 5357 2255 5397 se
2285 5341 2468 5396 voluit
2491 5343 2769 5412 judicari.
2797 5369 2824 5397 »
2854 5349 2922 5404 Et
2976 5351 3183 5408 beatus
3233 5319 3755 5426 papa—idelasiu‘s:

332 5408 418 5460 tes
454 5407 620 5464 missi
652 5409 926 5465 Ludovici
958 5412 1333 5484 imperatoris
1364 5417 1606 5473 moleste
1636 5419 1899 5478 tulerunt
1929 5430 1984 5480 et
2099 5453 2117 5479 α
2146 5431 2261 5486 Nec
2284 5431 2355 5486 de
2377 5430 2505 5499 ejus
2528 5430 2606 5500 (id
2633 5438 2721 5488 est
2745 5435 3016 5493 Romanis
3042 5407 3335 5513 Ecclesiae)
3354 5461 3612 5506 canones
3645 5467 3757 5506 un-

2405 5492 2425 5499 ..
2534 5492 2544 5500 .
2921 5492 2924 5493 ν
3059 5492 3327 5513 η--ητ,
3358 5492 3612 5506 "suum.
3647 5492 3727 5506 υ..

329 5492 643 5570 indignati,
667 5499 892 5556 scilicet
916 5503 1072 5572 quod
1106 5503 1245 5560 dum
1280 5512 1598 5578 praesentes
1623 5515 1840 5579 essent,
1866 5531 1979 5570 non
2090 5535 2266 5588 quam
2286 5526 2687 5590 przcceperunt
2705 5523 2976 5594 judicare
2993 5526 3242 5599 judicio,
3261 5549 3364 5588 nec
3391 5540 3754 5597 sententiam

328 5579 558 5641 invitati
584 5587 838 5659 fuerunt,
866 5608 972 5649 nec
995 5597 1206 5665 optatae
1230 5612 1263 5652 a
1284 5613 1344 5653 se
1368 5597 1546 5654 futuri
1569 5600 1837 5672 praesulis
1861 5602 1977 5661 ele-
2088 5579 2251 5664 illius
2271 5579 2726 5668 constituerunt
2745 5579 3016 5686 oportere
3042 5579 3307 5692 dissolvi,
3341 5579 3758 5700 cujuswpotiti;

371 3173 428 3224 et
457 3171 733 3226 canonice
760 3172 883 3226 fieri
916 3173 1142 3228 debeat.

371 3260 502 3312 CAP.
521 3259 623 3333 _15.
654 3291 723 3300 —
751 3262 812 3315 Ia
847 3269 1106 3331 potestate
1129 3280 1287 3333 papae
1337 3279 1450 3319 esse
1497 3267 1696 3332 iniuste
1724 3267 2014 3325 damnatos

440 3329 532 3386 vel
601 3329 1143 3412 accaym—tentantes:
1165 3329 1466 3412 restituere.
1519 3329 1846 3412 juristasius
1909 3359 2009 3412 pa-

440 3403 690 3458 triarcha
717 3405 884 3458 Felici
913 3422 1066 3476 papae
1096 3406 1270 3475 (inter
1323 3409 1475 3478 epist.
1510 3409 1712 3465 Felicis
1743 3411 1784 3477 I,
1819 3403 2006 3482 ep.'1).

439 3491 515 3560 (9,
539 3508 590 3560 q.
616 3491 670 3560 3,
693 3507 738 3545 c.
763 3493 888 3546 Fuit
932 3495 1188 3566 semper.)
1219 3494 1347 3550 Fuit
1376 3511 1610 3566 semper
1639 3503 1838 3554 vestra;
1869 3518 2010 3572 apo-

366 3577 586 3634 stolica:
608 3579 731 3634 sedi
753 3578 987 3636 licentia
1005 3581 1222 3654 injuste
1237 3584 1546 3640 damnatos
1567 3585 1651 3641 vel
1675 3604 2010 3646 excommu-

359 3666 584 3722 nicatos
606 3669 947 3739 potestative
968 3687 1078 3726 sua
1102 3673 1447 3730 auctoritate
1470 3676 1795 3744 restituere,
1821 3683 1878 3734 et
1902 3696 2011 3735 sua

353 3755 438 3812 eis
459 3756 656 3812 omnia
687 3758 952 3825 reddere,
980 3765 1036 3814 et
1060 3759 1188 3816 illos
1216 3761 1312 3831 qui
1345 3779 1445 3818 eos
1475 3766 2010 3823 condemnaverunt

354 3848 473 3908 aut.
497 3847 1169 3913 excommunicaverunt,
1192 3851 1515 3920 apostolico
1539 3855 1748 3924 punire
1772 3857 2001 3925 privile-

352 3933 468 4005 gio,
493 3933 642 3989 sicut
663 3935 838 3989 etiam
867 3937 1086 3991 nostris
1117 3941 1174 3992 et
1207 3939 1599 3995 anterioribus
1622 3945 2002 4014 cognovimus

350 4025 546 4077 actum
592 4024 979 4096 temporibus.
1023 4026 1178 4082 Item.
1222 4027 1297 4096 (9,
1331 4044 1381 4098 q.
1408 4027 1459 4092 3,
1487 4044 1530 4084 c.
1556 4030 1856 4101 Antiquis.)
1884 4037 1999 4089 An-

345 4110 529 4183 tiquis
563 4113 784 4185 regulis
817 4114 1107 4169 censitum
1131 4114 1471 4186 [sancitum]
1494 4121 1602 4183 est,
1627 4123 1689 4173 ut
1712 4121 1997 4193 quidquid

345 4201 616 4270 quamvis
637 4202 697 4257 in
721 4204 963 4259 remotis
986 4209 1086 4260 aut
1109 4205 1168 4259 in
1195 4203 1515 4278 longinquo
1539 4208 1743 4277 positis
1765 4212 1998 4281 provin-
