3978 6060
216 336 331 391 329

937 342 1243 395 DECRETI
1282 343 1467 395 PARS
1502 342 1569 393 V.
1600 369 1667 377 —
1699 340 1793 391 DE
1832 339 2153 391 PRIMATU
2192 338 2360 393 ROM.
2403 341 2715 411 ECCLES.,
2756 345 2914 399 ETC'

3522 358 3627 411 330

215 461 526 532 sequenda
557 461 789 516 decreta
830 462 1276 518 mandaverunt.
1311 484 1338 511 »
1372 464 1519 533 Ergo
1549 463 1617 517 de
1639 460 1863 531 judicio
1894 476 1947 538 Α
1978 459 2193 514 rabiles
2247 461 2493 531 pepulos
2551 467 2887 523 catervatim
2950 487 3150 526 secum
3207 475 3388 543 ducit,
3431 480 3618 548 primo

214 549 469 603 Romani
501 549 771 619 praesulis
828 567 942 605 non
994 552 1384 618 retractando,
1422 552 1561 623 quia
1610 568 1711 607 nec
1745 566 1872 604 mos

213 638 406 708 exigit
426 638 577 707 quod
604 638 863 693 diximus
886 641 1403 710 comprobato,non
1423 656 1706 711 negamus
1720 638 1873 708 ejus-

215 726 358 780 dem
392 726 935 783 sedis‘sententiam
972 745 1142 799 posse
1174 730 1230 783 in
1262 729 1470 783 melius
1496 726 1867 782 commutari:

214 830 357 869 cum
388 820 489 869 aut
511 815 858 886 subreptum
879 816 1092 887 aliquid
1122 818 1566 888 fuerit,autipsa
1599 834 1701 888 pro
1735 832 1869 870 con-

212 902 580 959 sideratione
611 908 874 969 aetatum,
907 908 963 958 et
993 910 1323 977 temporum
1359 923 1459 961 seu
1487 905 1751 976 gravium
1780 920 1874 958 ne-

213 990 559 1047 cessitatum
593 992 1029 1063 dispensatione
1060 994 1343 1064 quiddam
1376 995 1644 1049 ordinare
1675 994 1872 1047 decre-

210 1078 335 1145 vit;
373 1080 652 1149 quoniam
678 1084 735 1133 et
760 1081 1055 1152 egregium
1083 1083 1324 1137 Paulum
1349 1082 1681 1153 apostolum
1716 1097 1868 1152 quaa-

211 1166 355 1221 dam
389 1167 595 1222 fecisse
627 1168 1056 1238 dispensatorie
1088 1170 1358 1239 legimus,
1393 1188 1519 1241 qua:
1548 1174 1750 1241 postea
1784 1186 1870 1223 re-

208 1257 496 1325 probasse
550 1256 784 1328 legitur.
820 1259 981 1322 Quod
1036 1264 1231 1313 tamen
1264 1259 1701 1314 observandum
1758 1263 1867 1325 est,

208 1344 450 1413 quando
476 1344 855 1400 illaRomana
874 1346 1140 1401 videlicet
1158 1347 1870 1414 Ecclesia,discretissima

208 1432 683 1487 consideratione
718 1434 1282 1507 lieridelegerit,non
1317 1437 1548 1505 quando
1582 1436 1707 1506 ipsa
1741 1451 1867 1505 quas

207 1521 361 1575 bene
392 1526 531 1575 sunt
562 1522 805 1577 deﬁnita
837 1529 1154 1579 retractare
1188 1525 1445 1579 renuerit
1479 1524 1795 1595 [voluerit].

207 1634 345 1689 CAP.
377 1636 466 1708 20.
502 1666 569 1674 -—
601 1636 760 1705 Quod
796 1660 822 1687 «
855 1636 1039 1692 Gloria
1073 1640 1129 1691 in
1160 1640 1402 1708 excelsis,
1442 1659 1464 1688 υ
1498 1641 1565 1692 ab
1597 1638 1866 1707 episcopis

285 1709 346 1760 in
378 1706 535 1761 Crena
567 1708 783 1761 Domini
828 1708 1117 1763 dicendum
1147 1712 1236 1764 sit.
1271 1706 1413 1764 Idem
1455 1706 1735 1779 Railulpho
1766 1710 1866 1761 Bi-

280 1779 556 1832 turicensi
585 1780 990 1850 archiepiscopo
1023 1783 1130 1851 (ep.
1166 1782 1251 1846 19,
1282 1797 1328 1836 c.
1361 1782 1434 1851 7).

283 1884 381 1949 (De
409 1899 582 1949 cons.,
615 1883 741 1939 dist.
773 1846 829 1951 l,
865 1846 1119 1941 c.-Porro
1151 1909 1177 1935 ‹‹
1212 1846 1413 1941 Gloria;
1448 1887 1501 1957 .»)
1533 1890 1710 1941 Porro
1733 1882 1855 1939 ϐιο-
1892 1846 1938 1907 Β

207 1973 305 2027 ria
336 1972 397 2024 in
426 1971 655 2026 excelsis
688 1973 818 2038 Deo,
851 1973 922 2027 ab
958 1974 1248 2045 episcopis
1300 1974 1356 2028 in
1407 1978 1576 2029 Ccena
1627 1971 1859 2027 Domini

205 2060 365 2113 inter
395 2060 711 2115 missarum
746 2061 1033 2116 solemnia
1061 2078 1221 2116 more
1253 2067 1451 2117 nostro
1468 2062 1718 2117 dicenda
1747 2065 1854 2114 est.

207 2148 392 2202 Pallio
422 2163 557 2202 vero
608 2149 927 2219 apostolico
977 2151 1179 2205 eadem
1211 2151 1304 2205 die
1337 2151 1420 2205 uti
1451 2151 1568 2205 illis
1599 2150 1741 2205 solis
1770 2153 1858 2203 est

204 2235 457 2301 licitum,
491 2236 710 2307 quibus
767 2242 858 2292 est
911 2238 983 2292 ab
1037 2238 1356 2309 apostolica
1414 2240 1549 2293 sede
1608 2236 1853 2309 permis-

204 2340 365 2379 sum.

200 2442 334 2494 CAP.
368 2442 456 2496 21.
494 2472 562 2482 -
609 2442 682 2497 De
726 2443 973 2512 primatu
1024 2444 1286 2500 Romanae
1332 2443 1599 2499 Ecclesiae.
1655 2443 1751 2496 Leo
1781 2442 1851 2497 ιν

852 2513 1051 2567 Carolo
1082 2516 1219 2581 regi.

276 2618 387 2687 (16,
420 2636 469 2687 q.
503 2620 556 2686 6,
591 2636 636 2673 c.
672 2619 731 2673 Si
761 2620 1069 2689 fortassis).
1104 2620 1163 2675 Si
1214 2620 1461 2677 fortasse
1515 2621 1689 2691 (quod
1734 2638 1848 2676 non

200 2706 527 2777 credimus)
577 2708 733 2779 apud
784 2724 884 2762 vos
934 2707 1169 2762 inuliles
1195 2708 1552 2778 judicamur,
1598 2709 1851 2764 Ecclesia

201 2800 428 2862 tamen,
462 2796 552 2849 cui
602 2796 972 2865 permittente
1005 2797 1252 2852 Domino
1296 2799 1699 2869 praesidemus,
1734 2815 1848 2853 non

198 2882 472 2938 inutilis:
504 2885 602 2938 sed
637 2888 812 2955 caput
843 2884 1315 2957 principiumque
1346 2885 1607 2939 omnium
1643 2887 1848 2942 merito

197 2971 380 3026 simul
413 2971 484 3026 ab
517 2972 794 3028 omnibus
823 2978 1083 3030 vocatur.

194 3090 330 3161 CAP.
365 3088 454 3141 22.
494 3119 553 3127 -
585 3088 735 3155 Quod
766 3090 826 3142 in
851 3091 1156 3159 praesentia
1188 3090 1493 3157 legatorum
1540 3092 1844 3161 imperato-

270 3158 346 3212 ris
378 3163 477 3214 Leo
525 3176 675 3230 papa
731 3158 954 3214 causam
1009 3177 1168 3215 suam
1217 3164 1537 3216 examinari
1584 3158 1838 3218 voluerit.

266 3230 416 3283 Idem
447 3232 707 3285 Nicolaus
738 3233 1080 3301 imperatori.

266 3346 343 3413 (2,
378 3362 427 3415 q.
461 3346 518 3411 7,
549 3362 595 3399 c.
629 3345 734 3400 Nos
762 3347 813 3399 si
840 3346 1305 3417 incompelenter).
1356 3346 1470 3401 Nos
1521 3348 1571 3402 si
1618 3348 1837 3403 incom-

204 3436 473 3503 petenter
502 3433 723 3503 aliquid
756 3434 1008 3505 egimus,
1041 3438 1097 3489 et
1126 3434 1183 3487 in
1214 3434 1466 3489 subditis
1492 3436 1667 3505 justas
1698 3437 1845 3509 legis

194 3521 493 3575 tramitem
528 3538 643 3575 non
677 3523 1171 3588 conservavimus,
1203 3528 1394 3578 vestro
1429 3540 1492 3578 ac
1529 3526 1842 3581 missorum

195 3615 527 3664 vestrorum
564 3618 773 3667 cuncta
805 3610 1073 3665 volumus
1104 3612 1415 3666 emendare
1440 3612 1843 3685 judicio;quo-

197 3698 356 3751 niam
390 3698 437 3751 si
469 3714 575 3752 nos
607 3698 706 3769 qui
766 3698 958 3752 aliena
1006 3698 1288 3752 debemus
1320 3699 1606 3769 corrigere
1648 3701 1844 3769 pejora

194 3785 648 3852 committimus,
679 3790 833 3841 certe
890 3786 1004 3839 non
1064 3785 1326 3840 veritatis
1385 3786 1683 3857 discipuli,
1715 3790 1837 3855 sed,

190 3874 340 3944 quod
379 3874 643 3929 dolentes
682 3875 955 3941 dicimus,
981 3875 1203 3929 erimus
1235 3891 1348 3945 prie
1381 3876 1602 3930 caneris
1629 3877 1841 3933 erroris

191 3963 481 4033 magistri.
545 3965 685 4017 Inde
746 3962 1174 4034 magnitudinis
1230 3967 1430 4019 vestras
1493 3981 1840 4037 magnopere

187 4051 561 4106 clementiam
615 4051 1029 4123 imploramus,
1064 4056 1129 4105 ut
1158 4051 1306 4106 tales
1338 4052 1408 4106 ad
1444 4052 1563 4107 haec
1596 4072 1719 4123 qua:
1751 4055 1838 4109 di-

190 4140 389 4194 ximus
422 4140 833 4210 perquirenda,
872 4139 1085 4194 missos
1119 4140 1176 4193 in
1203 4140 1294 4195 his
1327 4141 1589 4212 partibus
1623 4143 1837 4214 diriga-

189 4229 289 4297 tis,
324 4228 425 4299 qui
457 4232 639 4283 Deum
669 4246 772 4300 per
801 4229 1000 4282 omnia
1029 4229 1295 4294 timeant,
1329 4234 1385 4283 et
1430 4236 1664 4294 cuncta,
1696 4248 1838 4302 que-

193 4316 575 4371 madmodum
625 4316 674 4370 si
724 4321 915 4372 vestra
970 4333 1224 4387 praesens
1270 4317 1477 4372 fuisset
1520 4318 1841 4389 imperialis

187 4404 398 4477 gloria,
431 4404 745 4475 diligenter
793 4405 1141 4475 exquirant;
1177 4410 1233 4459 et
1284 4422 1398 4459 non
1452 4411 1681 4462 tantum
1717 4409 1837 4465 hinc

188 4494 468 4563 sola,quae
501 4495 773 4564 superius
804 4494 1433 4564 diximus,quaarimus,
1454 4501 1514 4549 ut
1543 4514 1609 4551 ex
1639 4514 1835 4553 amus-

1983 549 2276 620 mancipio
2334 552 2614 621 gehennae
2671 572 2804 610 cum
2865 558 3013 629 ipso,
3048 561 3237 634 plagis
3294 568 3497 624 multis
3560 572 3619 628 in

1981 643 2261 692 aeternum
2315 640 2713 710 vapulaturos.
2747 648 2937 715 Hujus
2986 651 3191 722 culpas
3242 653 3375 709 istic
3430 661 3622 714 redar-

1980 741 2156 796 guere
2188 728 2487 797 praesumit
2505 732 2836 787 mortalium
2860 736 3229 810 nullus,quia
3253 743 3623 811 judicaturus

1982 815 2106 885 ipse
2136 833 2167 869 a
2199 816 2430 871 nemine
2461 824 2548 873 est
2571 820 2952 894 judicandus,
2988 826 3099 881 nisi
3151 829 3624 900 deprehendatur

1982 917 2013 954 a
2044 901 2155 955 fide
2190 902 2412 969 devius,
2448 922 2549 974 pro
2581 908 2746 976 cujus
2781 917 3060 981 perpetuo
3087 919 3244 970 statu
3270 920 3620 979 universitas

1982 988 2241 1045 ﬁdelium
2277 996 2437 1046 tanto
2469 992 2787 1051 instantius
2827 1005 2976 1067 orat,
3011 1010 3230 1071 quanto
3261 1023 3426 1063 suam
3462 1010 3622 1065 salu-

1980 1082 2098 1132 tem
2130 1084 2258 1149 post
2290 1085 2493 1149 Deum,
2530 1100 2596 1137 ex
2629 1083 2787 1139 illius
2821 1086 3223 1147 incolumitate
3255 1096 3624 1153 animadver-

1980 1170 2116 1220 tunt
2146 1169 2493 1239 prepensius
2526 1172 2794 1240 pendere.

1980 1280 2104 1336 CAP.
2140 1284 2228 1369 214.
2262 1314 2330 1324 -
2357 1287 2707 1369 βροδίρζαιαδ
2735 1291 3114 1369 principatum
3144 1298 3395 1369 omnibus
3418 1303 3619 1369 pne/e-

2049 1354 2297 1442 rendum.
2336 1354 2692 1442 ςίιιιυιξικιίηριδ2
2735 1354 2869 1431 cap.
2906 1354 2952 1428 l',
2990 1365 3081 1420 lib.
3117 1383 3155 1419 ιι
3190 1368 3263 1421 De
3293 1354 3457 1424 unico
3489 1354 3619 1442 bap-

2048 1428 2196 1479 tism.
2227 1432 2417 1480 contra
2444 1430 2780 1485 Donatistas.

2047 1531 2124 1598 (2,
2156 1549 2206 1601 q.
2237 1532 2290 1599 7,
2324 1548 2369 1586 c.
2404 1535 2540 1588 Puto
2590 1538 2728 1604 quod
2758 1538 2917 1607 sine).
2954 1544 3095 1595 Puto
3137 1546 3291 1613 quod
3346 1546 3472 1601 sine
3502 1548 3623 1604 ulla

1976 1619 2066 1673 sui
2099 1621 2454 1676 contumelia
2484 1624 2807 1694 Cyprianus
2838 1628 3148 1700 episcopus
3167 1632 3332 1688 Petro
3356 1637 3621 1706 apostolo

1976 1715 2369 1779 comparatur,
2400 1720 2690 1781 quantum
2748 1716 2953 1771 attinet
3010 1720 3081 1773 ad
3137 1723 3401 1792 martyrii
3451 1740 3618 1780 coro-

1979 1814 2131 1853 nam.
2167 1803 2446 1853 Cc'eterum
2499 1802 2684 1872 magis
2716 1806 2899 1860 vereri
2950 1807 3151 1875 debeo,
3186 1826 3256 1865 ne
3286 1811 3344 1865 in
3376 1816 3611 1869 Petrum

1968 1887 2431 1942 contumeliosus
2487 1891 2752 1945 existam.
2787 1892 2926 1955 Quis
2984 1898 3139 1950 enim
3201 1901 3387 1955 nescit
3444 1900 3610 1958 illum

1967 1975 2329 2045 apostolatus
2390 1978 2718 2048 principatu
2753 1982 2991 2038 cuilibet
3018 1985 3378 2058 episcopatui
3412 1993 3613 2061 praefe-

1967 2065 2233 2117 rendum.
2266 2066 2373 2119 Sed
2426 2067 2657 2122 etiamsi
2706 2069 2884 2125 distat
2941 2072 3350 2131 cathedrarum
3401 2080 3615 2149 gratia,

1966 2168 2083 2205 una
2115 2158 2311 2207 tamen
2344 2157 3143 2228 estmartyriiglorianidem
3162 2166 3328 2234 paulo
3346 2168 3609 2235 inferius.

1963 2239 2107 2293 Cum
2145 2241 2348 2296 Petrus
2379 2259 2411 2296 a
2450 2244 2619 2298 Paulo
2672 2249 2991 2316 posteriore
3039 2253 3367 2324 corrigatur
3407 2257 3610 2325 [corri-

1963 2329 2167 2398 gitur],
2193 2335 2249 2383 et
2283 2331 2441 2398 pacis
2474 2338 2648 2403 atque
2683 2336 2920 2391 unitatis
2952 2338 3183 2395 vinculo
3215 2344 3504 2399 custodito
3534 2347 3602 2400 ad

1964 2418 2308 2487 martyrium
2362 2429 2752 2488 promovetur,
2790 2430 3007 2493 quanto
3040 2428 3268 2484 facilius
3307 2436 3363 2485 et
3394 2432 3605 2488 fortius

1963 2505 2115 2573 quod
2150 2520 2251 2575 per
2282 2508 2563 2561 universas
2599 2510 2861 2565 Ecclesiae
2912 2519 3130 2570 statuta
3158 2518 3456 2574 firmatum
3490 2525 3603 2590 est,

1960 2592 2046 2647 vel
2081 2594 2256 2649 unius
2287 2596 2542 2667 episcopi
2575 2600 2933 2671 auctoritati,
2968 2602 3052 2657 vel
3088 2606 3263 2660 unius
3293 2608 3604 2677 provincia

1961 2682 2205 2737 concilio
2238 2686 2661 2753 praeferendum
2693 2692 2801 2743 est.

1956 2800 2211 2879 CAP._25.
2248 2831 2311 2879 -ς
2361 2801 2586 2879 {Vallum
2630 2820 2686 2858 se
2733 2821 2766 2857 a
2816 2806 3069 2879 societate
3113 2810 3267 2863 Petri
3311 2828 3605 2879 segregare

2028 2870 2412 2953 debere.nBe(la
2456 2877 3009 2953 supernMatthavum
3066 2880 3279 2949 (homil.
3340 2870 3410 2937 cie
3466 2870 3605 2953 festo

2028 2943 2206 3011 Apost.
2243 2944 2390 2997 Petri
2418 2949 2466 2998 et
2496 2945 2712 3013 Pauli).

2028 3049 2137 3118 (24,
2172 3066 2222 3120 q.
2258 3050 2308 3117 1,
2339 3066 2385 3105 c.
2419 3051 2742 3122 Quicunque
2773 3054 2840 3108 ab
2873 3057 3128 3125 unitate).
3153 3058 3496 3131 Quicunque
3528 3063 3599 3117 ab

1955 3136 2177 3191 unitate
2209 3137 2340 3192 ﬁdei
2386 3138 2473 3193 vel
2507 3142 2801 3197 societatis
2853 3143 2999 3197 Petri
3038 3148 3286 3217 apostoli
3338 3149 3602 3220 quolibet

1954 3226 2127 3279 modo
2158 3226 2507 3297 semetipsos
2541 3231 3019 3301 segregant,tales
3054 3250 3159 3288 nec
3190 3235 3438 3291 vinculis
3467 3254 3599 3308 pec-

1952 3317 2215 3368 catorum
2267 3316 2485 3371 absolvi
2516 3332 2618 3372 nec
2649 3319 2895 3387 januam
2940 3328 3190 3391 possunt
3219 3324 3475 3380 caelestis
3507 3342 3593 3381 re-

1953 3402 2052 3473 gni
2085 3402 2333 3474 ingredi.

1952 3516 2081 3572 CAP.
2110 3519 2198 3574 26.
2232 3550 2275 3559 —-
2330 3522 2604 3589 Prae/"alio
2634 3523 2847 3579 Nicaeni
2874 3527 3099 3598 concilii
3126 3526 3191 3581 de
3224 3529 3465 3598 primatu
3499 3530 3597 3586 Ro-

2588 3610 2767 3647 manae
2788 3597 2948 3650 sedis.

2022 3686 2366 3741 Beatissimo
2389 3689 2662 3745 Silvestro
2688 3690 2744 3745 in
2775 3692 2917 3747 urbe
2940 3694 3123 3752 Roma
3146 3698 3478 3768 apostolicae
3506 3716 3592 3755 se-

1952 3774 2043 3829 dis
2074 3775 2354 3831 antistite.
2393 3777 2648 3849 Augusto
2669 3781 3051 3840 Constantino
3074 3790 3131 3841 et
3160 3787 3382 3844 Licinio
3405 3788 3596 3846 Cessa-

1953 3881 2033 3930 re,
2066 3864 2369 3919 consulatu
2424 3868 2652 3923 Paulini
2679 3875 2734 3925 et
2783 3871 2998 3927 Juliani
3031 3875 3287 3931 virorum
3338 3877 3599 3934 clarissi-

1953 3970 2205 4019 morum,
2252 3972 2406 4009 anno
2450 3957 2522 4011 ab
2564 3957 2889 4016 Alexandro
2941 3962 3257 4021 millesimo
3290 3966 3595 4037 trigesimo

1950 4046 2111 4097 sexto
2145 4043 2314 4113 [306],
2350 4060 2549 4101 mense
2576 4046 2751 4103 Junio
2783 4067 2887 4103 xm
2936 4051 3225 4108 Kalendas
3271 4053 3414 4108 Julii
3462 4072 3593 4124 pro-

1948 4135 2074 4201 pter
2096 4132 2469 4203 insurgentes
2490 4134 2740 4191 haereses
2755 4137 2899 4191 ﬁdes
2915 4139 3201 4194 catholica
3226 4142 3490 4210 exposita
3503 4145 3593 4196 est

1948 4220 2100 4289 apud
2128 4219 2417 4276 Nicaenam
2460 4221 2760 4293 Bithynia,
2795 4241 2970 4295 quam
3005 4231 3209 4280 sancta
3238 4232 3292 4282 et
3325 4243 3590 4284 reveren-

1947 4308 2194 4363 dissima
2211 4309 2473 4363 Romana
2487 4310 2894 4381 complectitur
2906 4317 3291 4369 etveneratur
3311 4316 3590 4384 Ecclesia,

1947 4396 2353 4468 quippequam
2378 4399 2617 4453 trecenti
2653 4400 2846 4455 decem
2864 4405 2919 4455 et
2949 4407 3077 4456 octo
3101 4403 3299 4460 Patres
3327 4406 3592 4461 median-

1946 4484 2103 4537 tibus
2128 4484 2359 4539 Victore
2382 4491 2552 4555 atque
2578 4487 2880 4544 Vincentio
2898 4490 3362 4561 religiosissimis
3388 4495 3595 4551 Roma-

186 4584 301 4639 sim
334 4581 654 4652 exagitent,
687 4583 788 4637 sed
822 4583 942 4637 sive
974 4582 1223 4651 minora,
1257 4582 1375 4637 sive
1404 4584 1576 4639 etiam
1613 4588 1837 4657 majora

1967 4590 2029 4626 ire
2052 4573 2206 4626 sedis
2232 4575 2605 4645 presbyteris,
2629 4576 2955 4647 inspirante
2978 4579 3113 4644 Deo,
3139 4582 3205 4635 ad
3235 4583 3598 4639 obstruenda

185 4671 304 4726 illis
337 4672 458 4726 sint
489 4671 559 4725 de
593 4670 759 4725 nobis
790 4670 1047 4725 indicata
1079 4672 1427 4741 negotia,ita
1459 4690 1659 4727 eorum
1695 4692 1836 4731 cun-

184 4764 279 4813 cta
340 4758 600 4827 legitimo
660 4758 1051 4812 terminentur
1107 4758 1392 4823 examine,
1428 4765 1718 4829 quatenus
1776 4762 1833 4817 in

186 4852 491 4918 posterum
545 4845 691 4901 nihil
726 4845 803 4901 sit
833 4847 987 4915 quod
1041 4862 1109 4901 ex
1156 4846 1250 4902 his
1300 4846 1697 4903 indiscussum
1748 4850 1834 4906 vel

186 4936 563 4990 indefinitum
600 4940 921 4990 remaneat.

185 5051 321 5106 ΟΑΡ.
352 5050 443 5104 23.
482 5081 542 5091 -—
590 5049 740 5118 Quod
798 5050 952 5105 nulli
1005 5052 1333 5106 mortalium
1386 5056 1836 5122 praesumendum

254 5132 335 5177 est
368 5123 669 5196 Romanum
700 5123 1017 5196 ponjiﬁqem
1041 5125 1210 5196 etiam
1240 5122 1490 5196 graviter
1510 5124 1836 5196 delinquen-

259 5202 362 5247 (em
394 5194 745 5266 redarguere.
781 5194 862 5266 Ere
905 5192 1073 5248 Gestis
1123 5195 1394 5265 Bonifacii
1436 5192 1700 5266 martyris
1754 5200 1831 5255 le-

253 5267 373 5335 gati
404 5265 662 5321 Romanis
693 5265 971 5321 Ecclesiae.

258 5362 422 5431 (Dist.
467 5363 556 5427 40,
589 5378 618 5417 c
672 5362 733 5415 Si
759 5362 950 5432 papa).
984 5361 1040 5415 Si
1097 5378 1246 5432 papa
1296 5378 1413 5417 sua:
1459 5367 1516 5417 et
1565 5364 1834 5420 fraternas

187 5450 396 5505 salutis
430 5448 1454 5521 negligens,deprebenditurinutilis
1478 5456 1533 5506 et
1556 5455 1835 5511 remissus

189 5540 244 5594 in
277 5538 552 5609 operibus
576 5537 788 5603 suis,et
812 5536 1055 5608 insuper
1078 5555 1110 5593 a
1134 5538 1284 5593 bono
1313 5539 1663 5608 taciturnus,
1682 5546 1833 5614 quod

192 5629 377 5701 magis
401 5627 583 5683 officit
612 5624 725 5682 sibi
754 5630 809 5681 et
840 5625 1533 5695 omnibus,nihilominus
1566 5632 1835 5690 innume-

519 5755 789 5814 PATBOL.
835 5748 1037 5835 CLXI.

1947 4662 2346 4732 [destruenda]
2401 4663 2518 4715 Arii
2550 4680 2771 4718 venena
2803 4667 3194 4735 protulerunt.
3231 4670 3385 4740 (Vide
3425 4676 3595 4727 etiam

1946 4750 2212 4814 Anacleti,
2246 4767 2331 4819 ep.
2368 4751 2443 4819 3).
2479 4751 2621 4806 Nam
2654 4756 2710 4806 et
2741 4754 3037 4809 nonnulla:
3073 4757 3288 4829 regulis
3320 4760 3593 4816 subnexae

1943 4844 2105 4906 sunt,
2130 4856 2274 4906 quas
2305 4844 2621 4894 memorata
2642 4842 2969 4913 suscipiens
2999 4846 3369 4903 conﬁrmavit
3399 4849 3592 4905 Eccle-

1945 4928 2052 4982 sia.
2104 4928 2263 4997 (L‘ist.
2294 4928 2384 4995 22,
2416 4944 2460 4982 c.
2497 4929 2905 5002 Sacrosancta).
2938 4934 3255 4991 Sciendum
3308 4942 3396 4992 est
3452 4955 3593 4994 sane

1946 5016 2015 5070 ab
2046 5016 2323 5071 omnibus
2344 5016 2653 5073 Catholicis
2677 5020 2956 5090 quoniam
2982 5029 3183 5078 sancta
3208 5026 3472 5081 Romana
3500 5029 3594 5082 Ec-

1945 5104 2120 5159 clesia
2142 5104 2320 5160 nullis
2343 5105 2580 5176 synodis
2612 5108 2862 5165 decretis
2894 5117 3135 5182 praelata
3171 5116 3388 5182 est,sed
3421 5132 3591 5171 evan-

1944 5193 2129 5263 gelica
2167 5210 2301 5248 voce
2338 5194 2568 5249 Domini
2610 5200 2666 5251 et
2705 5196 3019 5255 Salvatoris
3053 5202 3237 5258 nostri
3272 5203 3591 5273 primatum

1945 5281 2219 5351 obtinuit,
2242 5283 2340 5337 ubi
2371 5284 2513 5338 dixit
2543 5286 2713 5340 beato
2746 5286 2911 5342 Petro
2944 5290 3209 5360 apostolo
3244 5308 3256 5345 :
3294 5294 3365 5346 Tu
3393 5308 3447 5346 es
3488 5297 3592 5345 Pe-

1945 5375 2082 5439 trus,
2102 5376 2149 5426 et
2170 5388 2335 5441 super
2357 5372 2495 5427 hanc
2504 5380 2721 5443 petram
2743 5375 3031 5444 aediﬁcabo
3052 5380 3356 5435 Ecclesium
3386 5394 3594 5446 meam,

1942 5463 1993 5513 el
2020 5469 2194 5529 portae
2222 5462 2393 5529 inferi
2421 5477 2521 5515 nor.
2543 5464 3137 5532 praevalebuntadvers
3149 5484 3209 5520 us
3231 5483 3351 5521 eam
3371 5484 3391 5527 ;
3422 5469 3471 5520 et
3494 5468 3599 5522 tibi

1943 5549 2082 5603 dabo
2108 5550 2284 5603 claves
2328 5551 2483 5617 regni
2531 5552 2783 5605 cwlorvm
2809 5570 2820 5619 ;
2848 5556 2894 5607 et
2936 5571 3269 5624 quaecunque
3318 5556 3597 5625 ligaveris

1942 5653 2108 5708 super
2153 5643 2380 5708 terram,
2414 5648 2572 5693 erunt
2601 5640 2771 5711 ligata
2818 5645 2867 5695 et
2901 5643 2960 5695 in
2988 5643 3145 5709 creto,
3173 5653 3225 5699 et
3254 5661 3601 5717 quaecunque

3204 5774 3275 5832 11
