3960 6072
364 301 464 355 331

1455 295 1521 344 D.
1563 287 1802 343 IVOGlS
1835 274 2330 335 CARNOTENSIS
2365 273 2684 328 EPISCOPI

3669 271 3784 330 332

361 424 590 482 solveris
619 436 783 493 super
813 425 1051 484 terram,
1086 420 1250 473 erunt
1275 416 1451 472 soluta
1481 422 1532 470 et
1561 415 1619 467 in
1647 410 1778 467 cwlo
1806 401 1991 477 (Matth

2194 396 2340 452 verit
2368 395 2466 466 qui
2501 396 2762 466 dejectus
2795 395 3028 451 videtur
3057 396 3208 467 [est],
3239 399 3297 452 et
3343 397 3673 471 confugerit
3704 400 3778 456 ad

363 515 501 586 xw).
524 510 804 568 Adhibita
824 514 911 566 est
931 508 1110 564 etiam
1136 506 1385 562 societas
1417 505 1476 559 in
1505 503 1708 558 eadem
1729 497 1873 589 urbe
1904 495 2013 589 Ro:

366 584 543 659 mana
573 598 899 655 beatissimi
931 595 1180 668 apostoli
1210 591 1563 662 Pauli,vasis
1584 584 2013 652 electionis,qui

369 709 487 748 uno
519 691 610 746 die
641 704 875 760 unoque
908 690 1164 757 tempore
1181 683 1434 756 gloriosa
1452 684 1640 737 morte
1671 692 1803 733 cum
1830 677 2010 736 Petro,

371 783 481 839 sub
513 778 775 852 principe
817 781 1039 831 Nerone
1094 774 1409 846 agonizans
1459 771 1770 826 coronatus
1819 765 1926 852 est,
1959 763 2016 814 et

372 851 544 926 ambo
571 868 786 938 pariter
817 867 1080 920 sanctam
1105 861 1412 917 ecclesiam
1438 859 1760 914 Romanam
1783 851 2014 908 Christo

370 957 616 1014 Domino
647 951 1339 1020 consecrarunt,aliisque
1368 946 1644 1003 omnibus
1676 941 1922 998 urbibus
1954 938 2011 992 in

370 1047 639 1102 universo
665 1043 882 1098 mundo
905 1058 1034 1096 eam
1059 1057 1166 1094 sua
1191 1037 1502 1109 praesentia
1538 1039 1712 1105 atque
1733 1043 2013 1086 veneran-

367 1136 438 1190 do
471 1132 766 1204 triumpho
800 1129 1201 1202 praetulerunt.
1229 1128 1298 1182 Et
1328 1125 1464 1180 licet
1495 1139 1598 1194 pro
1625 1119 1899 1177 omnibus
1927 1131 2015 1169 as-

365 1224 535 1278 sidua
552 1222 706 1293 apud
734 1221 909 1275 Deum
930 1222 1270 1273 sanctorum
1299 1213 1564 1269 omnium
1579 1211 1860 1266 fundatur
1883 1221 2013 1261 ora-

363 1312 465 1378 tio,
495 1311 587 1366 bis
618 1315 815 1364 tamen
847 1307 1041 1361 verbis
1073 1304 1288 1360 Paulus
1320 1301 1698 1359 beatissimus
1733 1293 2013 1352 Romanis

366 1399 602 1471 proprio
635 1395 1018 1464 chirographo
1050 1392 1359 1464 pollicetur
1389 1391 1590 1444 dicens
1625 1405 1637 1442 :
1674 1387 1837 1442 Testis
1866 1384 2014 1438 enim

362 1489 507 1542 mihi
535 1493 611 1542 est
643 1484 914 1551 Deus,cui
945 1483 1126 1536 servio
1156 1481 1218 1534 in
1249 1480 1457 1549 spiritu
1478 1493 1596 1531 meo
1625 1477 1686 1529 in
1715 1471 2016 1543 Evangelia

362 1575 502 1632 Filii
529 1577 667 1647 ejus,
700 1571 840 1644 quod
866 1572 987 1626 sine
1039 1571 1450 1624 intermissione
1495 1563 1814 1620 memoriam
1854 1557 2016 1614 vestri

363 1667 510 1736 facio
534 1677 745 1733 semper
775 1663 832 1717 in
857 1658 1196 1714 orationibus
1225 1657 1360 1709 meis
1395 1655 1575 1725 (Rom.
1612 1652 1672 1723 1).
1697 1649 1894 1705 Prima
1923 1664 2011 1702 er-

366 1770 438 1826 go
470 1752 638 1808 sedes
668 1755 757 1807 est
806 1747 1024 1804 cmlesti
1075 1744 1355 1839 beneﬁcio
1401 1743 1683 1839 Romana:
1718 1736 2012 1839 Ecclesiae,
2044 1775 2090 1839 Β

367 1858 544 1914 quam
567 1837 890 1895 beatissimi
924 1833 1172 1907 apostoli
1204 1833 1410 1888 Petrus
1441 1836 1616 1901 atque
1647 1827 1865 1882 Paulus
1903 1841 2012 1880 suo

366 1929 644 2001 martyrio
675 1927 1109 1981 dedicaverunt.
1132 1922 1400 1977 Secunda
1430 1923 1626 1975 autem
1659 1917 1827 1972 sedes
1855 1914 2009 1985 apud

363 2015 957 2082 Alexandriam,beati
991 2012 1150 2068 Petri
1180 2012 1415 2068 nomine
1437 2029 1469 2065 a
1491 2014 1678 2064 Marco
1701 2009 1828 2077 ejus
1842 2003 2010 2058 disci-

364 2107 502 2179 pulo
532 2111 708 2178 atque
738 2101 1096 2175 evangelista
1126 2103 1463 2156 consecrata
1494 2102 1584 2153 est
1611 2114 1622 2151 :
1645 2096 1784 2167 quia
1811 2094 1933 2164 ipse
1955 2095 2012 2146 et

365 2196 425 2250 in
450 2196 692 2266 Egypto
716 2193 942 2264 primus
965 2191 1208 2245 verbum
1233 2187 1494 2243 veritatis
1513 2185 1768 2240 directus
1791 2199 1824 2236 a
1845 2182 2011 2236 Petro

363 2283 720 2356 praedicavit,
755 2287 811 2337 et
840 2279 1160 2352 gloriosum
1216 2276 1474 2346 suscepit
1520 2272 1888 2344 martyrium,
1919 2268 2013 2324 cui

363 2370 713 2428 venerabilis
731 2365 1258 2425 successitAbilius
1281 2365 1586 2433 [Anianus,
1608 2368 1666 2417 et
1699 2364 1827 2432 post
1858 2358 2011 2413 hunc

363 2461 632 2530 Abilius].
653 2458 849 2514 Tertia
880 2474 1009 2512 vero
1041 2456 1210 2511 sedes
1243 2455 1398 2524 apud
1431 2451 1823 2516 Antiochiam,
1856 2449 2010 2518 ejus-

367 2550 500 2605 dem
533 2547 687 2603 beati
719 2546 870 2602 Petri
905 2543 1156 2616 apostoli
1188 2544 1436 2598 habetur
1465 2536 1848 2607 honorabilis,
1873 2535 2013 2607 quia

363 2638 484 2693 illic
517 2637 860 2708 priusquam
886 2639 1130 2688 Romam
1158 2631 1399 2699 veniret,
1429 2627 1732 2696 habitavit,
1757 2631 1813 2681 et
1843 2629 2011 2696 Igna-

361 2727 509 2782 tium
543 2727 878 2796 episcopum
916 2722 1240 2790 constituit,
1276 2724 1331 2775 et
1360 2718 1479 2772 illic
1509 2717 1764 2788 primum
1801 2729 2008 2768 nomen

360 2814 827 2870 Christianorum
861 2809 1094 2866 novellas
1129 2808 1322 2879 gentis
1358 2817 1624 2863 exortum
1659 2803 1920 2859 est.Nam
1957 2805 2011 2856 et

363 2899 925 2972 Hierosolymitanus
957 2899 1274 2969 episcopus
1304 2912 1406 2966 pro
1439 2893 1582 2948 tanti
1610 2892 1723 2948 loci
1755 2906 2014 2946 reveren-

363 2990 553 3056 tia,ab
585 2987 857 3043 omnibus
892 2986 1140 3040 habetur
1172 2983 1557 3051 honorabilis,
1592 2981 1844 3036 maxime
1870 2996 2012 3049 quo-

369 3076 530 3133 niam
558 3075 679 3132 illic
710 3074 937 3146 primus
967 3072 1346 3128 beatissimus
1376 3068 1759 3140 Jacobus,qui
1790 3067 2014 3122 diceba-

2124 485 2536 542 beatissimum
2569 485 2846 540 Romanas
2877 484 3142 540 Ecclesiae
3189 484 3551 558 episcopum,
3583 492 3641 544 et
3671 505 3776 544 vo-

2122 573 2297 630 luerit
2327 590 2390 630 se
2421 573 2637 639 audiri,
2669 573 2718 629 si
2757 574 2989 645 justum
3039 574 3330 645 putaverit
3369 580 3434 630 ut
3462 579 3782 632 renovetur

2122 678 2384 730 examen,
2419 662 2673 718 scribere
2727 662 2815 718 his
2845 662 3134 734 episcopis
3174 663 3451 736 dignetur
3476 668 3776 721 Romanus

2123 751 2438 822 episcopus
2469 751 2568 822 qui
2601 749 2659 805 in
2696 751 2946 806 ﬁnitima
2980 755 3036 806 et
3067 751 3397 823 propinqua
3429 751 3777 824 [altera],vel

2124 840 2224 911 qui
2257 839 2312 894 in
2329 839 2507 895 altera
2531 839 2828 911 provincia
2851 844 3086 907 sunt,ut
3107 839 3219 911 ipsi
3241 840 3554 912 diligenter
3573 843 3776 898 omnia

2124 929 2445 1000 requirant,
2480 934 2536 983 et
2558 929 2729 998 juxta
2755 927 3016 984 veritatis
3063 928 3237 984 ﬁdem
3270 929 3572 986 deﬁniant.
3607 932 3773 996 Quod

2125 1019 2174 1073 si
2208 1018 2258 1073 is
2288 1017 2387 1089 qui
2418 1021 2582 1088 rogat
2613 1033 2854 1072 causam
2886 1033 3057 1073 suam
3088 1017 3302 1074 iterum
3336 1019 3550 1088 audiri,
3574 1021 3776 1092 depre-

2123 1106 2350 1162 catione
2381 1123 2488 1160 sua
2522 1105 2815 1161 monuerit
2849 1106 3191 1178 episc0pum
3224 1107 3574 1177 Romanum,
3609 1115 3673 1164 ut
3705 1109 3777 1164 de

2120 1194 2299 1250 latere
2356 1211 2462 1250 suo
2519 1195 2887 1266 presbyteros
2945 1194 3163 1267 mittat,
3195 1196 3307 1251 erit
3364 1196 3422 1250 in
3482 1200 3779 1268 potestate

2123 1283 2309 1354 ipsius
2342 1283 2481 1354 quid
2516 1282 2653 1338 velit
2686 1288 2743 1338 et
2775 1283 2916 1354 quid
2966 1283 3237 1339 aestimet.
3271 1284 3340 1339 Et
3369 1284 3420 1341 si
3454 1285 3780 1341 decreverit

2125 1371 2442 1426 mittendos
2474 1388 2622 1437 esse,
2646 1371 2746 1442 qui
2777 1376 3095 1444 praesentes
3127 1389 3264 1428 eum
3296 1373 3585 1447 episcopis
3609 1374 3778 1445 judi-

2123 1460 2540 1527 cent,habeant
2568 1460 2744 1515 etiam
2777 1464 3129 1531 potestatem
3157 1460 3607 1533 [auctoritatem]
3642 1479 3776 1534 per-

2123 1565 2281 1605 sonas
2311 1549 2492 1615 illius,
2524 1566 2557 1604 a
2587 1565 2702 1620 quo
2735 1549 3016 1604 destinati
3046 1552 3374 1622 sunt,quod
3407 1552 3518 1606 erit
3546 1550 3607 1606 in
3641 1552 3774 1622 ejus

2123 1637 2451 1693 arbitrio.Si
2483 1655 2616 1693 vero
2647 1637 2958 1694 crediderit
2984 1639 3254 1695 sufﬁcere
3275 1640 3582 1712 episcopos
3607 1657 3774 1696 com-

2124 1725 2600 1798 provinciales,ut
2630 1727 2860 1799 negotio
2886 1727 3206 1783 terminum
3241 1728 3569 1800 imponant,
3605 1730 3774 1784 faciet

2123 1816 2276 1886 quod
2312 1815 2752 1887 sapientissimo
2783 1815 3027 1873 concilio
3059 1833 3165 1872 suo
3187 1817 3558 1888 judicaverit.

2121 1956 2255 2011 CAP.
2287 1956 2376 2010 28.
2412 1987 2475 2031 έ-
2509 1959 2642 2012 Item
2670 1956 2811 2031 quod
2865 1957 3243 2031 legatushvice
3290 1959 3410 2030 ejus
3454 1961 3713 2031 fungitur
3741 1978 3777 2017 α

2193 2043 2296 2097 quo
2341 2030 2553 2154 gnissus
2608 2033 2708 2082 est.
2767 2030 2850 2084 Ex
2903 2028 3149 2085 concilio
3205 2028 3636 2100 Carthaginensi
3690 2049 3776 2098 v1,

2191 2115 2311 2169 cap.
2383 2141 2394 2152 .

2193 2241 2467 2296 Aurelius
2497 2242 2810 2314 episcopus
2854 2241 3000 2298 dixit
3032 2259 3044 2298 :
3081 2244 3414 2300 Proferatur
3443 2247 3772 2302 commoni-

2123 2331 2339 2385 torium
2371 2331 2523 2402 quod
2553 2330 2761 2386 fratres
2787 2335 2842 2386 et
2874 2333 3204 2388 sacerdotes
3235 2333 3421 2389 nostri
3451 2334 3604 2390 Actis
3655 2353 3774 2390 uu-

2123 2433 2225 2489 per
2252 2418 2742 2490 allegaverunt,et
2771 2425 2977 2474 cetera
3006 2437 3138 2491 quae
3171 2425 3300 2478 acta
3329 2430 3486 2492 sunt,
3519 2423 3607 2478 vel
3639 2440 3772 2495 que

2123 2509 2346 2578 agenda
2377 2513 2516 2563 sunt
2537 2508 2994 2580 subsequantur.
3031 2510 3226 2566 Daniel
3266 2512 3531 2567 notarius
3563 2512 3772 2567 recita-

2122 2597 2202 2650 vit
2232 2596 2767 2651 commonitorium.
2819 2599 3004 2653 Fratri
3037 2599 3338 2668 Faustino,
3374 2607 3430 2656 et
3461 2601 3596 2656 ﬁliis
3629 2601 3770 2656 Phi-

2123 2685 2281 2756 lippo
2331 2690 2387 2741 et
2441 2684 2629 2740 Asello
2677 2686 3054 2758 presbyteris,
3101 2687 3369 2744 Zosimus
3415 2690 3770 2762 episcopus:

2120 2774 2299 2832 Vobis
2328 2773 2647 2829 commissa
2677 2776 2907 2847 negotia
2939 2793 3052 2832 non
3086 2775 3410 2834 latent.Vos
3445 2779 3544 2848 ita,
3569 2784 3631 2834 ut
3661 2796 3774 2835 no-

2123 2868 2266 2930 stra,
2295 2862 2412 2917 imo
2444 2863 2582 2934 quia
2624 2869 2828 2919 nostra
2872 2864 2952 2919 ibi
2981 2866 3038 2920 in
3090 2865 3254 2923 vobis
3304 2868 3618 2938 praesentia
3657 2873 3774 2936 est,

2122 2957 2330 3006 cuncta
2364 2953 2900 3023 peragite,maxime
2921 2969 3052 3009 cum
3074 2960 3132 3010 et
3152 2954 3262 3012 hoc
3285 2960 3551 3012 nostrum
3577 2960 3774 3028 possi-

2124 3040 2202 3095 tis
2233 3040 2445 3096 habere
2498 3042 2866 3110 mandatum,
2895 3047 2952 3098 et
2996 3044 3169 3099 verba
3200 3061 3495 3101 canonum
3549 3062 3676 3118 quae
3714 3047 3776 3103 in

368 3128 837 3235 iﬁﬁléméfqui
867 3161 1044 3216 etiam
1078 3161 1404 3215 secundum
1439 3128 1882 3213 carnemdrater
1909 3161 2012 3210 Do-
2045 3135 2088 3202 (ἶ
2128 3128 2447 3235 Plenior?“
2493 3129 2829 3235 δι’ίξιίίθίξξω
2860 3131 2999 3235 bule
3027 3133 3482 3235 effulgonltofiq
3516 3134 3776 3235 iuscrip-

371 3253 516 3310 mini
541 3258 915 3322 nuncupatus
938 3253 1085 3317 cst,a
1107 3253 1297 3318 Petro,
1313 3246 1529 3303 Jacobo
1551 3249 1608 3301 et
1625 3246 1849 3301 Joanne
1873 3261 2012 3316 apo-

371 3342 539 3400 stolis
556 3342 868 3414 episcopus
889 3343 977 3394 est
999 3337 1539 3406 ordinatus.ltaque
1561 3335 1882 3390 secundum
1918 3349 2014 3386 an-

372 3432 670 3501 tiquorum
689 3431 928 3484 Patrum
947 3425 1370 3490 deﬁnitionem,
1395 3425 1561 3480 sedes
1583 3423 1772 3494 prima
1795 3421 1852 3476 in
1885 3421 2014 3477 Hie-

373 3518 687 3590 rosolymis
718 3532 847 3572 esse
870 3515 1113 3571 minime
1141 3513 1455 3581 dicitur,ne
1489 3514 1634 3568 forte
1662 3511 1734 3567 ab
1766 3509 2016 3566 inﬁdeli-

371 3608 484 3663 bus
517 3609 616 3661 aut
645 3604 843 3660 idiotis
892 3605 1059 3660 sedes
1109 3602 1340 3659 Domini
1388 3602 1570 3657 nostri
1602 3600 1742 3656 Jesu
1777 3598 2015 3664 Christi,

371 3711 498 3765 quae
529 3695 590 3749 in
621 3695 763 3750 ccelo
795 3699 902 3761 est,
937 3693 995 3748 in
1030 3699 1186 3748 terra
1215 3709 1345 3747 esse
1377 3695 1700 3762 putaretur.
1727 3690 1828 3745 Est
1859 3689 2016 3743 enim

367 3783 534 3838 sedes
563 3784 689 3852 ejus
740 3783 972 3849 omium,
1009 3787 1160 3837 terra
1206 3785 1400 3835 autem
1439 3779 1761 3835 scabellum
1802 3779 2016 3848 pedum

365 3872 495 3939 ejus
526 3872 679 3938 (Isai.
717 3875 884 3938 var),
907 3869 1186 3940 quoniam
1220 3869 1342 3938 ipse
1377 3871 1466 3921 est
1492 3883 1592 3936 per
1624 3882 1799 3936 quem
1831 3867 2018 3921 omnia

363 3959 515 4032 facta
545 3969 696 4025 sunt,
721 3963 771 4014 et
801 3960 919 4012 sine
949 3974 1064 4027 quo
1086 3959 1293 4025 factum
1315 3963 1395 4009 est
1424 3954 1573 4008 nihil
1603 3953 1859 4024 (locum),
1883 3970 2020 4023 quo-

363 4050 518 4104 niam
546 4065 618 4104 ex
650 4050 764 4117 ipso
796 4050 845 4102 el
875 4062 972 4118 per
1003 4048 1260 4116 ipsumet
1292 4045 1350 4097 in
1383 4045 1498 4112 ipso
1524 4046 1649 4095 sunt
1677 4043 2022 4112 omnia,ipsi

364 4138 546 4206 gloria
580 4139 636 4192 in
668 4136 871 4193 saecula
915 4132 1258 4191 saecularum
1291 4131 1462 4202 (Rom.
1497 4130 1597 4200 x1).
1633 4129 1800 4200 Apud
1833 4129 2018 4201 Ephe-

366 4243 496 4282 sum
519 4243 650 4280 vero
675 4224 1057 4280 beatissimus
1079 4223 1339 4278 Joannes
1370 4217 1673 4290 apostolus
1696 4222 1752 4273 et
1769 4233 2020 4289 evange-

365 4313 502 4367 lista
525 4313 709 4368 multo
737 4318 1003 4383 tempore
1025 4315 1161 4382 post
1185 4309 1414 4365 Domini
1451 4305 1934 4363 resurrectionem
1965 4309 2023 4383 et

367 4401 770 4456 ascensionem
803 4382 876 4454 in,
897 4400 1037 4454 coelo
1093 4398 1349 4467 [Domini
1405 4395 1587 4452 nostri
1636 4394 1775 4450 Jesu
1807 4382 2020 4450 Christi

2125 3217 2330 3273 simus.
2375 3221 2459 3272 Ita
2506 3219 2662 3274 enim
2713 3219 2986 3276 dixerunt
3035 3221 3404 3278 dilectissimi
3458 3223 3663 3279 fratres
3713 3225 3776 3280 in

2125 3305 2366 3362 concilio
2397 3307 2649 3379 Nicaeno,
2672 3324 2804 3364 cum
2836 3309 2906 3365 de
2935 3309 3344 3382 episcoporum
3378 3312 3776 3384 appellatione

2124 3396 2526 3452 decernerent.

2124 3543 2261 3594 CAP.
2292 3540 2483 3616 29._7—
2516 3539 2666 3616 Quod
2713 3541 3090 3616 episcoporum
3134 3545 3428 3600 sententia
3456 3542 3776 3616 apostolica

2195 3612 2522 3736 augtoritate
2571 3612 2824 3667 roborari
2871 3613 3116 3669 debeant.
3151 3616 3246 3670 Ex
3289 3612 3518 3671 concilio
3563 3616 3774 3682 eodem,

2197 3699 2242 3736 c.
2317 3723 2331 3736 .

2197 3699 2242 3736 6.
2276 3699 2331 3737 ἰ).

2199 3805 2517 3859 Faustinus
2567 3805 2900 3876 episc0pus,
2933 3805 3162 3877 legatus
3203 3807 3471 3864 Ecclesia;
3500 3812 3781 3864 Romana;

2128 3891 2274 3946 dixit
2307 3909 2319 3947 :
2353 3893 2468 3946 Nec
2488 3897 2681 3947 vestra
2703 3893 2987 3948 sanctitas
3007 3896 3355 3965 prasjudicat
3378 3896 3642 3952 Ecclesia;
3666 3897 3782 3953 Ro-

2129 3995 2335 4043 manae,
2369 3979 2490 4034 sive
2521 3981 2591 4036 de
2622 3980 2731 4035 hoc
2761 3981 3044 4052 capitulo,
3069 3983 3189 4038 sive
3220 3983 3290 4038 de
3320 3984 3485 4055 aliis;
3518 3985 3658 4056 quia
3690 3986 3782 4040 di-

2129 4083 2257 4122 cere
2289 4067 2562 4137 dignatus
2599 4071 2687 4122 est
2722 4067 2902 4123 frater
2941 4074 3145 4125 noster
3164 4075 3221 4126 et
3250 4074 3630 4144 coepiscopus
3656 4073 3782 4128 Ali-

2128 4155 2284 4227 pius,
2305 4155 2514 4210 dubios
2536 4172 2664 4210 esse
2684 4171 2957 4211 canones.
2989 4158 3100 4212 Sed
3125 4159 3244 4214 haec
3263 4159 3390 4226 ipsa
3409 4161 3478 4216 ad
3503 4167 3780 4217 sanctum

2128 4260 2192 4298 ac
2216 4243 2624 4298 beatissimum
2651 4261 2863 4315 papam
2887 4251 3160 4302 nostrum
3177 4249 3432 4304 scribere
3454 4249 3782 4321 dignemini

2130 4338 2194 4387 ut
2223 4338 2279 4387 et
2309 4332 2433 4403 ipse
2463 4333 2720 4404 integros
2751 4349 3005 4390 canones
3056 4335 3393 4407 inquirens,
3425 4354 3558 4393 cum
3587 4344 3782 4394 vestra

2130 4421 2436 4474 sanctitate
2463 4421 2533 4475 de
2581 4421 2857 4476 omnibus
2901 4425 3236 4480 constitutis
3287 4429 3536 4482 tractare
3567 4427 3777 4498 possit.

366 4493 763 4586 ροωξῐιοξθιῑυε
796 4493 900 4556 est,
934 4487 1135 4586 ibiquf
1176 4487 1377 4586 eliam]
1412 4483 1789 4586 Ενδξιὲεξξίυῖξ)
1822 4483 2021 4586 divina
2048 4498 2095 4562 D
2127 4509 2356 4562 Sufficit
2378 4513 2572 4562 autem
2589 4509 2858 4580 utetipse
2877 4511 3258 4568 beatissimus
3285 4483 3782 4586 episcopusurbis

362 4576 747 4646 inspiratione
779 4575 1154 4646 conscripsit,
1181 4580 1352 4644 atque
1383 4573 1689 4643 requievit,
1722 4577 1777 4626 et
1809 4571 1880 4626 ob
1913 4571 2019 4625 hoc

361 4664 673 4736 episcopus
708 4664 1039 4735 Ephesinus
1073 4680 1174 4734 pro
1211 4661 1355 4716 tanti
1391 4661 1635 4732 apostoli
1659 4665 1713 4715 et
1735 4659 2022 4730 evangeli-

361 4759 463 4810 stae
491 4755 773 4810 memoria
796 4754 1027 4809 caeteris
1050 4752 1346 4824 episcopis
1364 4750 1833 4819 metropolitanis
1857 4747 1913 4801 in
1935 4765 2024 4819 sy-

362 4843 533 4898 nodis
564 4843 1069 4898 honorabiliorem
1102 4840 1328 4894 obtinet
1361 4839 1560 4894 sedem
1600 4835 1859 4907 [locum].

361 4985 494 5040 CAP.
522 4986 611 5039 ‘27.
644 5015 712 5025 —
746 4985 896 5052 Quod
947 4985 1118 5054 legati
1163 4982 1395 5054 Romani
1422 4979 1703 5049 pontiﬁcis
1731 4979 1793 5031 in
1839 4979 2022 5054 causis

430 5051 806 5126 episcoporum
864 5051 1284 5119 examinandis,
1338 5053 1669 5126 funguntur:
1699 5051 2022 5126 auctoritate

430 5121 549 5197 eius
657 5143 760 5198 quo
804 5128 963 5181 missi
1019 5130 1167 5180 sunt.
1222 5125 1300 5177 Ea:
1349 5122 1588 5178 concilio
1637 5121 1948 5175 Sardicensi
1977 5137 2015 5188 ι,

429 5215 546 5269 cap.
582 5197 638 5254 7.

426 5327 506 5396 (2,
541 5340 591 5394 q.
627 5324 682 5389 6,
713 5338 762 5378 ε.
811 5322 869 5376 Si
918 5322 1044 5391 quis
1092 5321 1413 5390 episcopus).
1477 5314 1649 5370 Osius
1703 5315 2015 5386 episcopus

357 5412 503 5467 dixit
536 5431 548 5469 :
584 5413 651 5467 Et
671 5411 779 5467 hoc
804 5409 1116 5482 placuit,ut
1139 5407 1190 5464 si
1213 5406 1523 5477 episcopus
1545 5407 1855 5456 accusatus
1893 5401 2014 5456 fue-

357 5499 516 5565 rit,et
542 5498 1158 5567 omnesjudicaverint
1178 5493 1435 5568 episcopi
1461 5491 1796 5562 congregati
1825 5489 2012 5561 regio-

359 5584 453 5646 nis
482 5586 723 5660 illius,et
752 5589 822 5645 de
847 5589 1033 5662 gradu
1065 5603 1172 5645 suo
1204 5582 1522 5657 dejecerint
1556 5579 1784 5650 eum,si
1822 5578 2014 5651 appel-

2130 4597 2345 4663 Romse,
2377 4597 2548 4651 sicuti
2579 4603 2770 4652 vestra
2799 4600 3080 4656 sanctitas
3131 4602 3289 4672 apud
3323 4618 3385 4657 se
3425 4607 3660 4670 tractat,
3693 4604 3781 4661 ita

2130 4690 2186 4739 et
2219 4686 2342 4756 ipse
2373 4685 2650 4756 inquirat,
2684 4702 2755 4741 ne
2785 4688 3077 4743 contentio
3110 4690 3262 4744 inter
3291 4690 3582 4747 Ecclesias
3614 4695 3780 4749 nasci

2130 4773 2416 4842 videatur,
2449 4775 2550 4829 sed
2602 4791 2790 4847 magis
2833 4775 3114 4832 charitate
3165 4779 3424 4835 fraterna
3456 4779 3782 4838 deliberare

2131 4862 2522 4933 possitis,ipso
2550 4864 3074 4935 rescribente,quid
3102 4865 3315 4922 melius
3345 4869 3644 4924 observari
3677 4872 3781 4925 de-

2129 4953 2281 5005 beat.
2327 4951 2597 5006 Aurelius
2644 4951 2953 5024 episcopus
3001 4952 3192 5010 dixit:
3230 4959 3444 5010 Praeter
3489 4956 3602 5012 ista
3650 4974 3778 5028 quae

2129 5039 2523 5111 prmmisimus
2546 5041 2991 5112 [prompsimusz
3021 5043 3166 5097 alias
3191 5044 3776 5115 promisimusJactis,

2127 5145 2365 5185 necesse
2387 5134 2474 5184 est
2494 5133 2560 5184 ut
2581 5129 2757 5184 etiam
2782 5133 2994 5185 I108le
3029 5132 3331 5201 pravitatis
3355 5133 3777 5207 [paternitatis]

2127 5219 2334 5274 litteris
2364 5223 2567 5273 sancto
2617 5217 2782 5272 fratri
2811 5223 2868 5272 et
2918 5220 3325 5276 consacerdoti
3359 5225 3564 5278 nostro
3597 5222 3773 5279 Boni-

2125 5309 2293 5374 facio,
2327 5305 2560 5376 singula
2609 5321 2735 5376 quae
2787 5310 3110 5364 tractamus
3162 5308 3505 5380 plenissime
3536 5310 3776 5368 intime-

2126 5413 2278 5450 mus.
2314 5395 2459 5464 Ergo
2510 5394 2559 5448 si
2590 5393 2864 5452 omnibus
2909 5395 3100 5468 placet
3154 5399 3484 5468 prosecutio
3543 5404 3774 5473 nostra,

2123 5499 2221 5538 ore
2267 5482 2527 5537 omnium
2581 5483 3017 5542 eoudiscamus.
3047 5485 3396 5546 Universum
3448 5489 3774 5551 concilium

2121 5571 2265 5627 dixit
2296 5587 2309 5627 :
2341 5567 2554 5627 Placet.
