3960 6072
349 273 456 328 335

1430 267 1496 314 D.
1538 263 1779 315 IVONIS
1815 259 2306 314 CARNOTENSIS
2342 257 2662 312 EPISOOPI

3651 251 3764 306 336

349 395 657 468 pontiﬁces
689 391 1038 458 ediderunt;
1071 390 1173 445 sed
1197 404 1344 460 quas
1365 384 1692 442 beatissimi
1723 401 1885 456 papae
1907 385 1993 438 di-
2025 385 2078 451 Α
2109 384 2257 468 Car.
2277 383 2465 468 38.'—
2496 386 2578 468 De
2613 381 2857 468 eodeni,
2878 375 3413 468 fldririni
3451 385 3762 468 pupis-tn-

348 484 530 541 versis
559 480 1025 554 temporibus,ab
1059 481 1200 534 urbe
1231 477 1414 534 Roma
1445 475 1788 531 dederunt.»
1811 473 1994 528 Dictis

349 581 549 630 autem
581 573 823 628 diversis
855 568 1307 639 temporibus,et
1337 564 1437 620 illa
1466 570 1732 634 tempora
1752 563 1836 618 vir
1857 579 1990 616 san-

351 669 481 720 ctus
495 658 1094 733 comprehendit,quee
1113 653 1616 712 crebrescentibus
1628 668 1990 724 paganorum

351 747 959 825 persecutionibus,ad
992 747 1187 801 sedem
1219 743 1601 815 apostolicam
1629 739 1838 796 deferri
1861 756 1993 795 cau-

351 860 444 898 sas
475 840 883 912 episcoporum
917 834 1258 890 difficillime
1311 832 1744 904 permittebant.
1779 830 1880 885 His
1912 830 1992 884 ita

350 929 548 985 divina
569 930 792 984 favente
814 925 1002 997 gratia
1031 920 1743 994 praelibatis,ostendimus
1767 917 1990 974 nullam

349 1016 735 1073 dill‘erentiam
767 1031 897 1070 esse
927 1014 1080 1068 inter
1111 1013 1210 1066 illa
1240 1012 1494 1076 decreta,
1525 1026 1650 1079 quas
1705 1007 1763 1062 in
1795 1008 1992 1062 codice

348 1122 639 1162 canonum
672 1103 965 1158 habentur
995 1101 1152 1156 sedis
1193 1099 1520 1171 apostolicae
1566 1096 1904 1169 prmsulum,
1935 1099 1992 1150 et

347 1211 414 1250 ea
442 1211 570 1265 quas
603 1210 717 1264 prae
737 1191 1116 1246 multitudine
1141 1189 1232 1244 vix
1248 1205 1347 1260 per
1369 1187 1602 1258 singula
1624 1186 1988 1241 voluminum

346 1299 590 1354 corpora
620 1282 992 1352 reperiuntur
1023 1296 1035 1333 :
1070 1295 1202 1332 cum
1229 1277 1427 1332 omnia
1452 1276 1830 1345 omniumque
1853 1290 1992 1328 suo-

347 1387 478 1424 rum
507 1371 882 1425 decessorum
914 1367 1228 1422 decretalia
1249 1365 1770 1434 constituta,atque
1799 1363 1992 1417 decre-

345 1458 493 1514 tales
522 1457 822 1530 epistolas,
855 1473 1000 1528 quas
1031 1455 1354 1510 beatissimi
1381 1470 1541 1524 papa:
1575 1451 1820 1506 diversis
1844 1456 1989 1506 tem-

344 1547 586 1618 poribus
617 1547 689 1602 ab
717 1547 860 1600 urbe
890 1549 1075 1599 Roma
1105 1544 1416 1611 dederunt,
1439 1540 1844 1596 venerabiliter
1872 1540 1989 1594 fore

346 1635 837 1707 suscipiendas,et
865 1630 1554 1695 custodiendas,eximios
1576 1627 1853 1701 praesules
1873 1627 1990 1682 sci-

347 1724 484 1780 licet
519 1725 761 1778 Leonem
792 1726 848 1776 et
879 1721 1178 1777 Gelasium
1212 1720 1520 1774 mandasse
1553 1717 1952 1789 probavimus.

350 1858 484 1913 CAP.
535 1857 622 1910 34.
657 1887 724 1896 ——
756 1855 907 1923 Quod
936 1855 1079 1909 nulli
1109 1854 1269 1908 liceat
1299 1855 1379 1910 vel
1409 1853 1608 1908 addere
1659 1852 1879 1923 aliquid
1911 1851 1992 1906 vel

423 1929 638 1983 demere
683 1927 916 1981 decretis
973 1927 1313 1996 pontiﬁcum.
1383 1925 1658 1980 Adrianus
1703 1940 1850 1996 papa
1897 1939 1989 1994 sy-

419 1999 557 2055 nodo
585 1998 732 2068 apud
766 2000 974 2053 Trecas.

423 2105 479 2158 Si
512 2104 668 2159 sedis
697 2103 1025 2175 apostolica:
1060 2102 1290 2173 praesul,
1321 2101 1405 2156 vel
1429 2102 1617 2172 ipsius
1645 2102 1875 2157 decreta
1897 2101 1989 2156 de-

351 2193 648 2248 testationi
681 2193 766 2247 vel
813 2192 1161 2247 abdicationi
1213 2192 1522 2259 habentur,
1553 2191 1600 2245 si
1634 2189 1855 2245 nullius
1887 2206 1989 2244 no-

351 2286 540 2336 strum
576 2282 879 2350 [vestrum]
910 2280 994 2335 vel
1029 2295 1239 2335 nomen
1262 2279 1349 2334 vel
1381 2280 1718 2333 institutum
1751 2280 1986 2333 ﬁrmum

350 2375 453 2425 aut
480 2370 688 2426 stabile
718 2385 1060 2441 permanere
1086 2369 1336 2432 valebit;
1373 2369 1510 2438 quin
1567 2368 1762 2439 potius
1793 2371 1848 2423 et
1888 2369 1988 2422 do-

349 2460 671 2530 gmatibus,
705 2475 831 2530 quae
871 2459 942 2513 de
991 2464 1194 2512 sancta
1224 2463 1282 2512 et
1312 2457 1614 2512 individua
1645 2457 1927 2512 Trinitate
1959 2473 1992 2510 a

347 2548 698 2618 praesulibus
711 2547 868 2602 sedis
887 2547 1216 2618 apostolicae
1239 2547 1863 2617 promulgantur,nonn
1875 2544 1994 2600 ulla

349 2637 470 2692 fieri
503 2641 750 2708 possunt
779 2635 1205 2700 detrimenta,si
1231 2635 1681 2707 praecedentium
1711 2651 1991 2707 quorum-

348 2741 462 2795 que
491 2730 548 2780 et
578 2725 825 2780 maxime
857 2725 1056 2795 primas
1091 2725 1248 2779 sedis
1279 2724 1620 2795 pontificum
1655 2722 1994 2790 statuta,vel

350 2813 454 2868 ulli
487 2813 661 2882 (quod
687 2812 800 2867 dici
833 2817 995 2867 netas
1016 2811 1275 2882 est,quin
1300 2817 1356 2866 et
1379 2811 1506 2882 ipso
1529 2812 1730 2866 auditu
1755 2828 1994 2883 prorsus

271 2943 274 2946 ‹
351 2901 735 2968 horrendum)
768 2901 1322 2970 aconsequentibus
1371 2900 1726 2970 quibusque,
1777 2899 1893 2954 imo
1940 2904 1997 2954 et
2049 2919 2052 2922 '

350 2987 748 3053 inferioribus,
781 2988 1064 3042 additioni
1098 2989 1330 3043 cuidam
1362 2988 1450 3042 vel
1481 2988 1842 3043 damnationi
1863 2989 1996 3044 sub-

345 3075 743 3174 jicianturyel
769 3075 962 3174 impiae
993 3075 1336 3131 temeritatis
1359 3093 1505 3132 ausu
1528 3077 1733 3132 saltem
1760 3076 1868 3133 soli
1895 3077 1992 3132 de-
2027 3108 2068 3174 Ο

351 3163 636 3235 rogationi
668 3165 1012 3236 prodantur.

352 3303 484 3353 CAP.
519 3298 607 3352 35.
635 3328 704 3340 —-
736 3297 888 3369 Quod
906 3298 1004 3368 qui
1032 3297 1244 3352 decreta
1276 3299 1644 3353 Romanorum
1671 3298 1997 3369 pontiﬁcum

421 3370 707 3425 violaverit
737 3368 1035 3443 anathema
1063 3370 1159 3423 sit.
1195 3373 1280 3424 8.2:
1311 3369 1551 3425 concilio
1601 3368 1788 3426 Lebnis
1827 3368 1996 3443 papae

425 3443 510 3506 IV,
539 3443 911 3510 episc0porum
939 3441 1029 3508 72,
1061 3455 1179 3510 cap.
1211 3443 1265 3495 5.

422 3546 479 3599 Si
514 3545 647 3616 quis
697 3545 990 3614 dogmata,
1025 3546 1382 3615 sanctiones,
1418 3547 1728 3603 interdicta
1776 3548 1865 3604 vel
1897 3550 1994 3604 de-

354 3638 509 3690 creta
542 3650 642 3705 pro
673 3633 956 3689 catholica
990 3635 1228 3704 fide,pro
1259 3636 1657 3692 ecclesiastica
1688 3637 1998 3710 disciplina

356 3739 458 3794 pro
489 3722 840 3778 correctione
873 3722 1156 3792 ﬁdelium,
1191 3741 1292 3794 pro
1322 3726 1728 3780 emendatione
1749 3727 1994 3781 scelera-

357 3819 574 3882 torum,
607 3811 692 3867 vel
725 3811 1132 3868 interdictione
1165 3813 1623 3880 imminentium,
1647 3813 1732 3869 vel
1769 3815 1996 3870 futuro-

356 3917 486 3956 rum
511 3900 798 3956 malorum
825 3919 858 3955 a
879 3900 1034 3956 sedis
1052 3901 1382 3971 apostolicae
1415 3901 1661 3973 prazsule
1683 3901 1999 3958 salubriter

355 3989 724 4062 promulgata
755 3988 1193 4060 contempserit,
1229 3989 1542 4044 anathema
1572 3990 1665 4044 sit.

352 4124 484 4177 CAP.
518 4124 606 4178 36.
661 4154 729 4164 —-
777 4122 924 4189 Quod
969 4124 1144 4178 scelus
1187 4123 1521 4179 idololatria
1590 4125 1852 4191 incurrit,
1902 4126 1998 4194 qui

419 4195 531 4249 sedi
559 4197 865 4264 apostolica:
914 4195 1131 4249 obedire
1161 4195 1423 4249 noluerit.
1474 4196 1560 4249 Es:
1603 4196 1833 4250 decretis
1864 4196 1994 4251 Gre-

420 4267 566 4332 gorii
589 4281 746 4336 papa
783 4265 885 4318 VII.

421 4371 526 4434 Qui
561 4369 889 4439 apostolicae
921 4370 1076 4424 sedis
1109 4371 1499 4426 saluberrimo
1531 4377 1817 4443 praecepto
1857 4374 1996 4428 obe-

348 4459 473 4512 dire
507 4458 779 4555 nolueri-t,
811 4456 1162 4555 idololatrias
1199 4464 1499 4530 peccatum
1549 4461 1815 4528 incurrit,
1848 4467 1997 4517 teste
2025 4475 2071 4539 D
2105 4456 2418 4555 s‘crigeret;
2455 4456 2597 4544 dixi;
2636 4490 2706 4544 de
2737 4456 3133 4545 ﬁdeuiuomm
3171 4506 3184 4544 τ
3217 4456 3383 4547 μῶρε

347 4545 614 4601 Samuele
646 4548 692 4617 (I
713 4548 838 4616 Reg.
883 4547 997 4615 xv),
1043 4552 1099 4600 et
1151 4548 1318 4602 beato
1371 4549 1644 4619 Gregorio
1695 4555 1993 4604 astruente

349 4638 427 4704 (in
456 4634 572 4690 Job.
610 4637 646 4688 l.
681 4651 846 4700 xxxv,
879 4651 925 4689 c.
975 4635 1083 4705 10).
1136 4641 1442 4692 Peccatum
1497 4639 1653 4692 enim
1705 4638 1992 4693 ariolandi

346 4727 435 4777 est
466 4739 578 4777 non
612 4722 868 4788 obedire,
901 4725 958 4776 et
989 4722 1181 4778 scelus
1205 4723 1541 4778 idololatria:
1575 4725 1726 4779 nolle
1758 4726 1992 4796 acquie-

347 4811 778 4866 scere.Peccatu
791 4827 840 4864 m
866 4809 1046 4880 igitur
1063 4811 1413 4881 paganitatis
1432 4812 1677 4866 incurrit
1698 4811 1989 4884 quisquis,

347 4901 486 4954 dum
521 4899 919 4954 Christianum
949 4914 1010 4953 se
1041 4898 1271 4968 asserit,
1305 4900 1428 4954 sedi
1487 4899 1818 4970 apostolicae
1849 4903 1989 4958 obe-

346 4988 468 5042 dire
500 4988 845 5042 contemnit.

341 5127 471 5177 ΟΑΡ.
504 5122 592 5175 37.
627 5149 696 5160 -—
726 5121 1145 5175 Constitutiones
1173 5126 1363 5176 contra
1390 5137 1630 5177 canones
1669 5128 1721 5177 et
1769 5123 1987 5180 decreta

408 5192 754 5266 pontiﬁcum,
785 5190 1305 5266 nulliusmomenti
1354 5209 1488 5266 esse.
1541 5193 1794 5248 Hilarius
1836 5211 1986 5266 papa

407 5261 611 5336 synodo
639 5261 945 5334 praesidens
973 5265 1054 5316 ait
1097 5265 1179 5332 (in
1208 5264 1412 5333 synodo
1444 5267 1706 5336 Romana,
1737 5282 1783 5319 c.
1822 5261 1892 5332 Ι).

409 5372 519 5442 (25,
553 5389 604 5442 q.
643 5371 693 5437 1,
724 5368 936 5423 c.Nulli
962 5369 1049 5436 fas
1078 5371 1197 5437 sit.)
1231 5368 1383 5426 Nulli
1423 5371 1506 5425 fas
1537 5371 1612 5425 sit
1645 5371 1770 5425 sine
1794 5374 1985 5424 status

338 5459 429 5512 sui
462 5458 740 5529 periculo,
784 5456 867 5512 vel
916 5455 1143 5512 divinas
1195 5460 1666 5523 constitutiones,
1716 5456 1803 5511 vel
1853 5474 1986 5530 apo-

341 5547 558 5606 stolicaa
591 5547 748 5606 sedis
780 5548 1011 5607 decreta
1040 5549 1345 5606 temerare.

2179 453 2297 508 dita
2373 454 2704 524 Ingelranno
2782 447 3185 506 Mediomatrice
3249 447 3409 504 urbis
3487 447 3761 520 episeopo,

2172 541 2293 596 cap.
2328 525 2415 579 38.

2173 614 2332 684 (Dist.
2370 613 2460 681 10,
2492 629 2611 683 cap.
2647 611 3078 666 Constitutiones
3121 608 3217 663 ubi
3263 607 3332 662 ad
3383 608 3617 663 Felicem
3651 624 3760 679 pa-

2095 719 2214 774 pap
2244 701 2530 772 refertur.)
2562 700 3026 756 Conetitutiones
3057 701 3263 754 contra
3285 713 3538 752 canones
3563 701 3623 751 et
3652 697 3759 751 de-

2099 794 2255 845 creta
2286 789 2605 862 praesulum
2643 785 3163 851 Romanorum,vel
3199 787 3384 841 bonos
3405 785 3758 853 mores,nul-

2097 878 2212 934 lius
2244 880 2363 934 sint
2395 879 2698 934 momenti.

2099 995 2233 1050 CAP.
2266 997 2354 1051 39.
2389 1027 2454 1036 —-
2502 994 2652 1063 Quod
2700 993 2924 1050 alienus
2970 997 3045 1048 δτι
3073 1009 3108 1047 a
3153 991 3357 1048 divinis
3391 999 3443 1046 et
3466 991 3759 1063 pontiﬁca-

2171 1067 2311 1120 libus
2341 1067 2570 1138 ofﬁciis,
2618 1066 2714 1138 qui
2762 1067 3048 1138 praceptis
3090 1064 3334 1119 noluerit
3377 1063 3594 1118 obedire
3622 1077 3758 1134 apo-

2167 1136 2397 1192 stolicis.
2432 1137 2719 1192 Hormisda
2749 1153 2895 1207 papa
2921 1136 3087 1190 dixit.

2169 1244 2348 1300 Nemo
2380 1244 2526 1299 mihi
2559 1243 2748 1300 aliena
2779 1246 2985 1298 contra
3017 1257 3293 1307 canones,
3325 1247 3526 1296 contra
3554 1244 3756 1296 aucto-

2098 1332 2327 1388 ritatem
2361 1333 2516 1388 sedis
2540 1330 2985 1404 apostolicm,vel
3013 1334 3216 1386 contra
3246 1333 3641 1386 trecentorum
3661 1329 3758 1384 de-

2099 1437 2222 1476 cem
2249 1426 2306 1477 et
2335 1426 2464 1477 octo
2492 1421 2730 1477 Patrum
2763 1419 3023 1490 objiciet,
3059 1419 3198 1490 quia
3235 1418 3525 1490 quidquid
3550 1424 3757 1472 contra

2100 1509 2334 1566 illorum
2366 1509 2789 1578 definitionem,
2824 1509 2882 1562 in
2908 1509 3126 1580 quibus
3157 1507 3442 1580 Spiritum
3475 1512 3754 1562 sanctum

2099 1597 2359 1654 locutum
2394 1599 2576 1654 fuisse
2617 1598 2932 1664 credimus,
2964 1597 3190 1652 dictum
3241 1595 3438 1666 fuerit,
3492 1595 3757 1667 recipere

2101 1703 2214 1742 non
2270 1687 2462 1743 solum
2516 1687 2921 1755 temerarium,
2972 1686 3074 1741 sed
3124 1684 3299 1740 etiam
3349 1683 3753 1756 periculosum

2022 1756 2070 1820 Β
2100 1791 2229 1832 esse
2259 1792 2374 1831 non
2408 1776 2633 1832 dubito.

2101 1893 2233 1948 CAP.
2269 1893 2355 1946 40.
2389 1923 2452 1934 --
2487 1891 2638 1959 Quod
2669 1891 2814 1946 beati
2847 1890 2995 1946 Petri
3023 1891 3178 1945 sedes
3197 1897 3367 1960 caput
3393 1898 3472 1946 est
3500 1892 3756 1945 omnium

2175 1965 2563 2027 Ecclesiarum,
2589 1967 2641 2018 et
2687 1977 2874 2018 omnes
2913 1962 3143 2017 decretis
3191 1963 3310 2031 ejus
3357 1963 3626 2016 assentire
3656 1961 3754 2016 de-

2173 2034 2626 2158 bentafldrt'anus
2651 2050 2797 2106 papa
2848 2049 2918 2088 ex
2962 2035 3174 2089 actione
3220 2033 3456 2088 secunda
3499 2035 3760 2104 septima?

2170 2121 2306 2176 δᾳ,ηο
2349 2122 2388 2160 ι.

2171 2194 2459 2249 Sanctitas
2487 2197 2679 2248 vestra
2712 2192 2822 2265 piis
2852 2197 2910 2248 et
2925 2191 3463 2264 triumphatoribus
3496 2192 3754 2262 impera-

2096 2281 2324 2338 toribus
2353 2286 2648 2354 suggerat,
2683 2285 2975 2352 quatenus
3007 2280 3216 2337 falsum
3259 2279 3572 2338 concilium
3605 2279 3756 2335 illud

2099 2371 2254 2444 quod
2281 2371 2498 2426 factum
2523 2375 2608 2425 est
2631 2371 2756 2425 sine
2778 2369 3099 2442 apostolica
3121 2369 3257 2424 sede
3279 2368 3760 2424 inordinabiliter

2099 2463 2304 2516 contra
2334 2458 2816 2514 constitutionem
2838 2457 3262 2514 venerabilium
3291 2457 3525 2512 Patrum
3550 2457 3759 2512 adver-

2103 2564 2205 2602 sus
2235 2563 2433 2602 sacras
2453 2545 3301 2616 imagines,anatbematizetur
3315 2559 3512 2600 coram
3530 2544 3757 2616 apocri-

2103 2635 2296 2691 siariis
2327 2634 2887 2690 nostris.ltem.Beati
2915 2634 3063 2690 Petri
3091 2635 3259 2688 sedes
3287 2647 3390 2704 per
3412 2632 3756 2689 universum

2103 2724 2300 2778 orbem
2338 2723 2725 2795 principatum
2759 2728 2964 2778 tenens
2996 2721 3264 2792 refulget.
3315 2725 3372 2778 et
3421 2726 3596 2794 caput
3625 2737 3754 2776 om-

2104 2812 2267 2867 nium
2301 2812 2689 2867 Ecclesiarum
2739 2811 2831 2865 Dei
2883 2810 3102 2866 existit.
3157 2810 3322 2866 Unde
3364 2809 3490 2881 ipse
3545 2809 3757 2865 beatus

2105 2899 2408 2972 apostolus
2440 2901 2641 2955 Petrus
2673 2916 2740 2954 ex
2772 2903 3058 2971 praecepto
3095 2898 3322 2954 Domini
3359 2915 3604 2970 pascens
3647 2898 3757 2954 Ec-

2106 2988 2342 3044 clesiam
2378 2987 2520 3042 nihil
2554 2987 2761 3043 defecit
2792 2989 2968 3058 (Joan.
2999 2987 3139 3056 χχι),
3172 2987 3274 3042 sed
3301 2986 3489 3042 tenuit
3521 3001 3759 3058 semper

2106 3080 2164 3132 et
2192 3080 2350 3131 tenet
2380 3076 2799 3146 principatum,
2833 3091 2936 3148 per
2965 3091 3139 3146 quem
3171 3074 3217 3130 si
3251 3075 3506 3130 adheret
3536 3075 3758 3130 sancti-

2107 3170 2198 3220 tas
2227 3169 2420 3220 vestra
2449 3164 2768 3235 apostolico
2791 3163 3141 3235 throno,qui
3165 3168 3254 3220 est
3281 3168 3458 3235 caput
3487 3164 3758 3220 omnium

2103 3253 2492 3307 Ecclesiarum
2530 3252 2653 3321 Dei,
2683 3254 2931 3323 ejusque
2972 3267 3204 3307 sacrum
3256 3255 3312 3306 et
3357 3251 3756 3307 orthodoxum

2103 3341 2365 3396 ordinem
2401 3340 2925 3411 incorruptibiliter
2955 3345 3013 3396 et
3058 3339 3475 3396 inviolabiliter
3522 3357 3759 3396 servare

2104 3430 2322 3495 studet,
2371 3429 2524 3484 sicut
2571 3429 2892 3485 orthodoxa
2924 3433 2981 3484 et
3027 3427 3259 3484 Deicola
3305 3428 3584 3495 existens,
3642 3428 3757 3485 hoc

2106 3518 2362 3590 primum
2410 3517 2765 3573 sacriﬁcium
2831 3515 3220 3588 omnipotenti
3262 3520 3379 3572 Deo
3423 3516 3645 3582 offerat,
3699 3522 3759 3573 et

2101 3606 2224 3662 vice
2253 3623 2382 3662 mea
2410 3609 2546 3661 ante
2578 3604 2980 3677 piissimorum
3033 3605 3278 3675 vestigia
3325 3603 3754 3674 imperatorum

2105 3694 2387 3766 procidat,
2421 3699 2476 3750 et
2527 3693 2788 3749 terribile
2836 3693 3126 3763 judicium
3176 3693 3276 3748 Dei
3327 3693 3384 3747 in
3435 3699 3755 3765 conspectu

2105 3799 2303 3839 eorum
2325 3785 2930 3854 proponat,quatenus
2961 3781 3324 3837 venerabiles
3348 3781 3545 3838 iconas
3567 3783 3625 3837 in
3651 3801 3762 3839 an-

2104 3872 2336 3941 tiquum
2368 3875 2586 3925 statum
2612 3870 2843 3926 restitui
2868 3870 3616 3941 precipiant,observantes
3637 3876 3761 3929 tra-

2105 3958 2356 4015 ditiones
2386 3958 2565 4029 hujus
2598 3964 2981 4014 sacrosanctae
3013 3961 3286 4014 Romanas
3318 3959 3759 4016 Ecclesiantem

2102 4048 2475 4118 Apocrisiarii
2509 4063 2668 4118 papae
2695 4046 2966 4102 dixerunt
2995 4064 3008 4102 :
3041 4047 3202 4104 Dicat
3244 4048 3415 4104 nobis
3445 4049 3760 4105 sanctissi-

2105 4152 2238 4191 mus
2269 4137 2588 4191 Tharasius
2621 4135 3029 4206 patriarcha,si
3053 4137 3348 4192 consentit
3378 4135 3590 4192 litteris
3612 4154 3760 4193 san-

2104 4225 2350 4280 ctissimi
2383 4241 2564 4296 papae.
2597 4223 2917 4280 Tharasius
2946 4224 3282 4296 patriarcha
3311 4225 3458 4280 dixit
3491 4242 3505 4282 :
3538 4224 3761 4282 Paulus

2103 4314 2426 4385 apostolus,
2461 4329 2632 4384 quem
2669 4314 2767 4367 tua:
2793 4313 3162 4383 circum/utsii
3205 4313 3273 4368 de
3321 4315 3452 4368 cwlo
3481 4314 3618 4384 (Act.
3653 4315 3760 4384 1x),

2104 4403 2203 4473 qui
2235 4401 2435 4471 genuit
2453 4417 2558 4456 nos
2576 4417 2677 4472 per
2699 4401 3072 4472 Evangelium
3097 4417 3438 4468 suum,cum
3473 4401 3761 4459 Romanis

3433 4499 3613 4546 vestra
3643 4508 3758 4546 an-

2100 4581 2396 4633 nuntiatur
2425 4580 2480 4632 in
2514 4579 2764 4633 universo
2794 4578 3001 4632 mundo
3024 4579 3196 4649 (Rom.
3226 4581 3286 4647 ι).
3319 4579 3454 4634 Tale
3484 4579 3756 4635 testimo-

2103 4667 2264 4722 nium
2289 4668 2449 4738 sequi
2478 4667 2873 4722 necessarium
2906 4671 2994 4722 est
3014 4671 3072 4722 et
3101 4667 3498 4723 contradicere
3520 4684 3634 4722 non
3657 4673 3755 4724 est

2101 4755 2432 4810 consilium.
2467 4755 2612 4820 Quid
2649 4770 2786 4826 ergo
2817 4754 3109 4810 Adrianus
3142 4755 3327 4810 Roma
3357 4755 3605 4811 senioris
3635 4772 3751 4810 an-

2100 4845 2286 4912 tistes,
2320 4860 2453 4898 cum
2486 4843 2564 4898 sit
2595 4859 2796 4898 eorum
2831 4843 3143 4914 particeps,
3175 4843 3390 4914 quibus
3431 4843 3753 4915 Apostolus

2098 4932 2506 4988 testimonium
2539 4931 2944 5002 perhibet.piis
2973 4917 3433 5002 imperatoribus
3455 4936 3513 4988 et
3537 4936 3755 4988 nostras

2098 5021 2481 5077 mediocritati
2513 5017 2800 5090 scripsit?
2828 5019 3085 5074 Confessi
3135 5035 3365 5088 sumus,
3397 5024 3456 5076 et
3504 5021 3757 5076 conﬁte-

2097 5126 2249 5179 mur,
2272 5113 2329 5164 et
2375 5108 2804 5176 conﬁtebimur,
2837 5111 2894 5163 et
2939 5107 3249 5174 sentimus,
3303 5114 3362 5164 et
3404 5109 3750 5165 corrobora-

2097 5215 2230 5253 mus
2260 5197 2488 5252 litteras
2519 5195 3220 5268 suas.Item.Apocrisiarii
3253 5213 3418 5268 papas
3441 5197 3751 5256 dixerunt:

2096 5286 2258 5340 Dicat
2307 5285 2476 5340 nobis
2522 5287 2725 5338 sancta
2779 5285 3060 5355 synodus,
3127 5285 3176 5340 si
3230 5284 3473 5357 recipiat
3523 5283 3756 5342 litteras

2095 5372 2452 5427 sanctissimi
2486 5375 2886 5443 papasSancta
2915 5373 3180 5444 synodus
3201 5372 3348 5427 dixit
3380 5389 3394 5428 :
3428 5373 3759 5444 Sequimur

2093 5465 2149 5515 et
2179 5459 2516 5530 recipimus,
2547 5464 2604 5515 et
2631 5459 3054 5517 consentimus.
3103 5460 3365 5536 Joannes
3394 5461 3760 5520 intercessor

2063 5547 2462 5630 orientalium
2495 5549 2823 5607 dioeceseon
2855 5549 3001 5606 dixit
3034 5567 3048 5606 :
3081 5549 3250 5607 Nunc
3300 5550 3586 5624 gaudium
3621 5567 3756 5613 ma-
