3978 6060
206 286 324 340 337

938 290 1248 343 DECRETI
1286 292 1470 344 PARS
1505 293 1571 344 V.
1606 319 1670 328 —
1694 292 1790 343 DE
1827 292 2150 345 PRIMATU
2186 292 2359 344 ROM.
2401 290 2683 344 ECCLES.
2748 292 2901 343 ETC.

3528 293 3634 347 338

208 430 405 485 gnum
438 412 658 467 factum
690 413 800 478 est,
824 410 880 463 in
910 410 1161 467 lectione
1180 415 1520 467 sanctarum
1541 411 1871 467 litterarum
1903 415 1956 480 Α
1983 412 2113 467 CAP.
2149 413 2236 466 44.
2271 445 2337 452 -—
2366 411 2515 478 Quod
2535 413 2674 465 sicut
2695 412 2918 485 cardine
2945 415 3119 466 totum
3163 415 3373 481 regitur
3411 418 3631 479 ostium,

208 500 576 558 sanctissimi
608 516 768 572 papae
797 498 1060 567 Adriani,
1087 501 1158 555 ad
1186 500 1596 557 serenissimos
1620 501 1875 572 impera—

206 606 373 647 tores
408 594 663 656 nostros,
700 592 756 644 et
789 589 859 642 ad
884 588 1296 645 beatissimum
1322 590 1714 662 patriarcham
1732 589 1877 644 Tha-

208 680 468 735 rasium.
505 682 664 732 Item.
700 677 1129 733 Constantinus
1161 678 1473 750 episcopus
1505 678 1675 751 Cypri
1697 678 1871 732 dixit:

211 768 511 824 Omnibus
548 766 739 821 modis
775 765 1035 836 epistola:
1060 766 1301 821 Adriani
1337 785 1519 839 papae,
1545 784 1668 839 quae
1691 768 1875 822 missa

209 860 307 912 est
339 858 411 911 ad
448 872 553 910 nos
579 860 636 910 et
668 860 901 910 nostros
934 855 1320 927 imperatores
1343 861 1399 910 et
1430 856 1514 910 illi
1542 873 1668 927 quae
1698 855 1874 910 missa

210 950 309 1001 est
360 946 432 1000 ad
481 943 879 1016 patriarcham
931 945 1282 999 Tharasium
1346 945 1666 1014 consentio,
1700 949 1755 1000 et
1792 944 1873 998 ita

211 1034 522 1099 conﬁteor,
556 1035 613 1087 et
645 1047 775 1087 cum
804 1032 917 1087 ﬁde
944 1031 1053 1087 hac
1085 1036 1221 1088 ante
1252 1032 1511 1089 tribunal
1543 1033 1755 1088 Christi
1781 1050 1870 1087 as-

216 1122 455 1177 sistam.

210 1229 353 1284 CAP.
397 1229 485 1283 41.
537 1259 604 1268 —-
654 1230 726 1283 De
776 1228 1129 1285 damnatione
1175 1233 1422 1301 septimae
1474 1230 1689 1300 synodi,
1738 1230 1871 1299 quia

286 1301 413 1355 sine
464 1301 710 1354 Romana
750 1302 1077 1355 auctoritate
1118 1307 1248 1355 acta
1296 1311 1395 1356 est.
1468 1302 1692 1356 Actione
1718 1308 1869 1354 sexta

285 1380 431 1427 tomo
456 1372 660 1442 primo,
690 1375 881 1426 contra
910 1373 1114 1441 falsam
1140 1373 1409 1443 synodum
1439 1375 1751 1443 septimam.

286 1460 595 1525 Quomodo
655 1475 870 1531 magna
926 1464 983 1515 et
1041 1460 1392 1515 universalis
1448 1465 1537 1515 est
1584 1460 1865 1531 synodus,

209 1564 399 1619 quam
421 1564 526 1603 nec
552 1553 915 1618 receperunt,
938 1564 1125 1619 neque
1151 1554 1625 1604 consonaverunt
1644 1552 1867 1603 caetera-

211 1653 351 1691 rum
383 1636 775 1691 Ecclesiarum
808 1636 1125 1703 antistites,
1152 1638 1253 1692 sed
1285 1641 1341 1692 et
1371 1637 1729 1692 anathemati
1749 1642 1866 1691 tra-

213 1724 550 1780 diderunt?
603 1728 732 1779 Non
776 1724 987 1779 habuit
1036 1731 1471 1796 cooperatorem
1538 1726 1865 1780 Romanum

216 1814 584 1885 pontiﬁcem,
619 1817 722 1868 aut
753 1814 1084 1869 sacerdotes
1112 1814 1213 1884 qui
1247 1830 1377 1869 cum
1405 1830 1470 1868 eo
1494 1819 1651 1881 sunt,
1682 1830 1868 1884 neque

214 1920 325 1975 per
355 1903 697 1959 canonicam
736 1903 1041 1975 epistolam
1077 1905 1230 1960 sicut
1260 1904 1350 1959 lex
1382 1910 1471 1959 est
1501 1904 1561 1958 in
1594 1904 1863 1976 synodis;

212 1992 319 2046 sed
356 2008 544 2063 neque
577 1993 1012 2048 consentientes
1042 1993 1251 2048 habuit
1286 1992 1597 2048 orientales
1620 1993 1865 2064 patriar-

210 2081 381 2147 chas,
412 2081 469 2135 id
504 2086 592 2136 est
614 2079 1097 2145 Alexandrinum,
1120 2082 1573 2150 Antiochenum,
1597 2082 1863 2137 Hieroso-

205 2169 565 2241 lymitanum
599 2175 655 2225 et
687 2170 1166 2243 archiepiscOpos
1203 2172 1303 2243 qui
1338 2188 1470 2226 cum
1503 2172 1586 2227 eis
1619 2177 1776 2225 sunt.

208 2278 348 2331 CAP.
385 2276 471 2348 42.
508 2306 575 2315 --
613 2276 763 2344 Quod
792 2276 1106 2346 apostolica
1144 2278 1300 2333 sedes
1330 2295 1361 2332 a
1414 2280 1501 2333 via
1554 2279 1866 2348 apostolicae

277 2346 692 2417 praedicationis
722 2364 837 2401 non
871 2350 1193 2417 deviaverit,
1224 2365 1322 2403 nec
1350 2346 1733 2404 haereticorum
1766 2365 1862 2403 no-

279 2419 501 2542 vitgous
554 2419 849 2475 deciderit.
901 2421 984 2474 Ex
1031 2422 1250 2475 actione
1301 2424 1499 2491 quarta
1556 2425 1718 2475 sextae
1767 2437 1862 2490 sy-

285 2503 359 2542 no
402 2506 441 2542 ι.

285 2503 441 2544 ηοαι.

282 2578 510 2649 Agatho
532 2594 682 2649 papa
714 2582 1119 2645 Constantino,
1153 2579 1439 2646 Heraclio,
1474 2580 1701 2635 Tiberio
1745 2586 1861 2633 Au—

211 2666 430 2736 gustis.
463 2666 793 2737 Apostolica
820 2667 1080 2723 Ecclesia
1108 2668 1229 2723 hac
1261 2684 1363 2740 per
1391 2670 1640 2740 gratiam
1668 2667 1862 2722 Omni-

213 2754 501 2825 potentis,
521 2771 554 2808 a
574 2754 667 2809 via
687 2756 1019 2827 apostolicae
1039 2756 1378 2813 traditionis
1400 2757 1737 2812 nullatenus
1760 2758 1860 2810 de-

212 2840 413 2897 viasse
444 2843 795 2909 ostenditur,
830 2860 1018 2916 neque
1048 2844 1451 2900 haereticorum
1505 2844 1862 2900 novitatibus

214 2931 527 2986 adversata
557 2932 794 2997 decidit,
828 2934 927 2987 sed
960 2933 1113 2987 sicut
1143 2951 1176 2988 a
1208 2934 1492 3005 principio
1523 2933 1861 2989 Christianae

213 3018 351 3074 ﬁdei
397 3020 617 3090 accepit
666 3037 699 3075 a
743 3021 999 3076 dominis
1040 3031 1097 3078 et
1141 3023 1506 3094 principibus
1556 3022 1703 3087 suis,
1735 3023 1863 3077 sine

211 3109 544 3164 mutatione
575 3125 758 3179 usque
790 3111 851 3165 in
876 3111 1050 3166 ﬁnem
1078 3112 1537 3182 manebit,juxta
1562 3113 1788 3168 Domini
1808 3115 1863 3166 et

206 3196 529 3252 Salvatoris
549 3200 729 3253 nostri
753 3199 1011 3254 divinam
1043 3201 1525 3271 promissionem,
1581 3201 1857 3256 dicentis:

205 3286 422 3349 Simon,
455 3286 667 3353 Simon,
700 3303 819 3344 ecce
849 3289 1082 3345 Satanas
1133 3291 1398 3361 expetivit
1448 3306 1535 3346 vos
1580 3300 1641 3345 ut
1685 3291 1866 3345 criba-

210 3383 295 3429 ret
321 3377 465 3430 sicut
493 3376 758 3447 triticum,
790 3393 883 3447 ego
912 3382 1101 3433 autem
1149 3381 1349 3447 rogavi
1392 3396 1498 3449 pro
1551 3388 1621 3447 te,
1656 3387 1715 3434 ut
1756 3394 1867 3434 non

208 3463 436 3534 deﬁciat
466 3464 598 3534 fides
618 3476 716 3520 tua
739 3467 885 3537 (Luc.
910 3467 1071 3537 xxn).
1100 3466 1396 3538 lntelligat
1419 3484 1556 3540 ergo
1583 3467 1867 3523 serenitas

208 3557 425 3619 vestra,
474 3554 753 3624 quoniam
807 3556 1109 3625 Dominus,
1162 3556 1261 3627 qui
1313 3556 1489 3611 ﬁdem
1553 3557 1705 3611 Petri
1756 3573 1863 3611 non

211 3641 575 3697 defecturam
609 3643 882 3715 promisit
912 3644 1110 3715 ipsum
1143 3645 1354 3701 fratres
1375 3646 1862 3700 conﬁrmaturum

216 3729 504 3800 praedixit.
556 3731 713 3794 Quod
769 3732 1124 3804 apostolicos
1176 3736 1509 3789 sacerdotes
1560 3733 1865 3804 parvitatis

214 3833 358 3872 meae
386 3819 841 3889 praedecessores
872 3820 1229 3877 confidenter
1257 3838 1491 3893 semper
1512 3822 1720 3877 fecisse
1741 3838 1866 3877 om-

216 3907 395 3962 nibus
425 3912 627 3963 notum
662 3913 773 3976 est,
803 3925 950 3980 quos
984 3915 1039 3965 et
1058 3910 1364 3966 humilitas
1414 3927 1546 3965 mea
1593 3911 1865 3981 quamvis

216 3994 529 4066 inaequalis
559 4002 615 4051 et
648 3997 895 4052 minima
926 4003 1163 4070 propter
1186 4004 1560 4071 assumptum
1586 4015 1652 4054 ex
1670 3999 1866 4055 divina

214 4085 433 4139 virtute
466 4084 858 4141 ministerium
892 4086 1051 4157 sequi
1083 4089 1397 4144 desiderat.

214 4194 343 4245 CAP.
372 4190 459 4245 43.
491 4222 558 4265 _—-
591 4191 742 4260 Quod
774 4192 970 4247 litteris
1024 4194 1256 4248 Romani
1298 4195 1582 4265 pontiﬁcis
1632 4196 1868 4250 concilia

286 4263 728 4347 auctorizentur.
772 4265 855 4318 Ex
903 4267 1115 4320 actione
1163 4263 1415 4321 secundae
1463 4263 1669 4338 synodi
1697 4267 1866 4338 Ephe-

287 4349 444 4387 sanae.

289 4420 545 4492 Cyrillus
575 4422 888 4494 episcopus
932 4422 1296 4480 Alexandria:
1349 4425 1535 4480 dixit:
1586 4429 1868 4495 Suscepta

2058 487 2133 538 ita
2188 501 2221 538 a
2260 486 2418 538 Petro
2480 491 2529 536 et
2574 484 2967 536 successoribus
3021 485 3144 552 ejus
3193 488 3356 538 totius
3378 487 3632 541 Ecclesiae

2055 557 2366 628 disponitur
2424 557 2880 628 emolumentum.
2943 556 3047 628 Leo
3097 557 3184 628 IX
3223 556 3479 611 Michaeli
3536 575 3634 628 pa-

2054 624 2312 681 triarcha:
2347 624 2958 694 ConstantinOpolitano
2990 626 3167 695 (epist.
3209 630 3257 697 1,
3289 642 3335 681 c.
3377 628 3480 697 10).

2054 722 2101 767 Α
2136 716 2271 768 sede
2305 713 2588 784 principis
2619 712 3015 783 apostolorum
3053 714 3228 783 Petri,
3260 718 3520 769 Romana
3550 716 3631 769 vi-

1985 802 2193 857 delicet
2225 801 2500 869 Ecclesia,
2552 806 2670 854 tam
2721 818 2821 870 per
2850 802 3121 855 eumdem
3156 807 3413 870 Petrum,
3456 820 3633 874 quam

1983 908 2085 963 per
2116 907 2486 946 successores
2517 906 2677 953 suos,
2712 890 3017 958 reprobata
3048 896 3104 943 et
3150 892 3410 946 convicta
3459 898 3635 964 atque

1982 984 2314 1051 expugnata
2336 977 2751 1033 suntomnium
2778 977 3182 1033 haereticorum
3202 986 3556 1049 commenta,
3579 986 3632 1038 et

1982 1070 2231 1125 fratrum
2266 1069 2440 1123 corda
2472 1068 2527 1121 in
2562 1067 2674 1121 ﬁde
2704 1067 2879 1132 Petri,
2916 1083 3040 1137 qua:
3073 1067 3357 1123 hactenus
3389 1086 3490 1124 nec
3527 1071 3631 1125 de-

1981 1159 2137 1223 fecit,
2171 1174 2275 1212 nec
2308 1173 2494 1228 usque
2523 1155 2580 1209 in
2606 1157 2779 1209 ﬁnem
2816 1155 3065 1221 deﬁciet,
3104 1162 3243 1211 sunt
3287 1158 3632 1213 conﬁrmata

1980 1252 2136 1303 Item.
2173 1247 2445 1300 Romanae
2479 1244 2747 1299 Ecclesia:
2776 1243 2965 1298 facitis
2988 1245 3495 1314 praejudiciumﬁe
3517 1263 3630 1316 quo

1980 1350 2085 1391 nec
2114 1334 2298 1401 vobis,
2332 1348 2435 1387 nec
2462 1332 2701 1386 cuilibet
2725 1330 3062 1386 mortalium
3096 1331 3233 1388 licet
3256 1333 3442 1388 facere
3465 1334 3630 1402 judi-

1978 1424 2171 1479 cium:
2220 1421 2559 1476 beatissimo
2591 1425 2648 1474 et
2690 1420 3008 1489 apostolico
3041 1422 3314 1491 pontiﬁce
3356 1422 3630 1477 Silvestro

1978 1512 2259 1567 divinitus
2293 1512 2663 1574 decernente,
2698 1508 3113 1580 spiritualique
3154 1512 3282 1580 ejus
3318 1509 3438 1565 ﬁlio
3487 1514 3631 1564 Con-

1978 1599 2235 1656 stantino
2266 1597 2713 1669 religiosissimo
2745 1600 3029 1667 Augusto,
3063 1614 3196 1651 cum
3230 1598 3503 1653 universa
3536 1616 3632 1669 sy-

1978 1689 2129 1743 nodo
2153 1688 2383 1743 Nicaana
2404 1687 2763 1758 approbante
2781 1702 2848 1739 ac
2866 1686 3298 1755 subscribente,
3317 1691 3380 1740 ut
3397 1703 3633 1741 summa

1900 1784 1944 1848 Β
1977 1778 2145 1833 sedes
2160 1793 2191 1830 a
2209 1774 2766 1844 neminejudicetur,
2783 1773 3196 1829 inviolabiliter
3219 1774 3631 1830 etinconcusse

1977 1865 2091 1920 sibi
2125 1870 2463 1919 conservato
2497 1861 2595 1916 illo
2630 1861 2951 1933 privilegio,
2983 1865 3134 1930 quod
3171 1864 3324 1918 idem
3362 1863 3630 1935 princeps

1977 1958 2186 2025 quarto
2212 1950 2584 2023 baptismatis
2606 1951 2697 2006 sui
2722 1952 2814 2005 die
2838 1953 3083 2006 devotus
3101 1952 3345 2007 contulit
3366 1953 3623 2024 pontiﬁci

1975 2043 2233 2096 Romano
2250 2039 2493 2104 scilicet,
2516 2044 2577 2092 ut
2599 2038 2657 2093 in
2684 2042 2802 2093 toto
2826 2040 2963 2093 orbe
2988 2048 3269 2093 terrarum
3294 2041 3625 2116 sacerdotes

1974 2129 2055 2183 ita
2086 2128 2243 2182 hunc
2275 2132 2449 2198 caput
2478 2127 2754 2192 habeant,
2789 2127 2942 2182 sicut
2972 2144 3178 2182 omnes
3204 2128 3433 2198 judices
3458 2128 3630 2199 [judi-

1974 2218 2121 2288 cem]
2157 2233 2371 2287 regem.
2406 2219 2590 2280 Quam
2624 2220 2959 2270 sanctorum
2986 2220 3223 2270 Patrum
3252 2218 3627 2271 reverendam

1974 2306 2133 2361 omni
2177 2305 2398 2359 mundo
2452 2304 2828 2372 sententiam,
2888 2304 3039 2359 sicut
3100 2304 3382 2359 veraciter
3430 2304 3627 2358 divina

1971 2395 2376 2464 inspiratione,
2405 2410 2519 2446 non
2550 2392 2810 2446 humana
2858 2393 3236 2446 aestimatione
3286 2393 3624 2463 promulga-

1971 2488 2089 2537 tam
2125 2482 2401 2553 amplexae
2450 2480 2685 2550 reliquae
2746 2480 3103 2534 universales
3161 2482 3369 2551 synodi
3419 2481 3473 2534 id
3526 2486 3616 2535 est

1971 2568 2611 2639 Constantinopolitana
2642 2568 2850 2639 prima,
2883 2585 3163 2623 consensu
3190 2568 3269 2639 pii
3296 2570 3536 2637 Augusti
3560 2572 3618 2623 et

1972 2659 2227 2731 religiosi
2262 2658 2504 2728 majoris
2553 2657 2898 2725 Theodosii;
2940 2657 3227 2726 Ephesina
3278 2658 3454 2726 prior,
3506 2658 3615 2712 sub

1968 2748 2200 2820 juniore
2239 2746 2564 2802 Theodosio
2615 2744 2732 2799 ﬁlio
2782 2745 3054 2812 Arcadii;
3107 2745 3617 2811 Chalcedonensis,

1972 2838 2083 2893 sub
2115 2835 2361 2907 imperio
2383 2835 2529 2889 divae
2552 2834 2845 2889 memoriae
2866 2834 3135 2889 Martiani
3165 2851 3176 2888 :
3202 2836 3458 2890 secunda
3480 2834 3621 2888 Con-

1974 2923 2520 2996 stantinopolitana,
2554 2924 2610 2977 in
2645 2924 2952 2993 prasentia
2988 2923 3223 2993 Augusti
3264 2922 3620 2987 Justiniani;

1972 3016 2109 3069 item
2134 3014 2308 3068 tertia
2337 3010 3007 3083 Constantinopolitana,
3027 3016 3230 3082 rogatu
3257 3015 3312 3065 et
3334 3026 3624 3064 consensu

1966 3102 2222 3174 junioris
2272 3100 2673 3170 Constantini,
2724 3101 2984 3155 unanimi
3036 3100 3337 3155 voluntate
3384 3115 3625 3153 concor-

1976 3192 2148 3263 dique
2180 3192 2351 3245 verbo
2384 3196 2437 3245 et
2470 3190 2688 3261 scripto
2738 3190 3153 3244 conﬁrmavere
3204 3192 3467 3242 sanctam
3517 3187 3627 3241 Ro-

1976 3298 2209 3336 manam
2243 3286 2299 3335 et
2330 3279 2710 3351 apostolicam
2736 3279 2928 3332 sedem
2954 3282 3086 3347 post
3108 3277 3399 3331 Doninum
3424 3280 3624 3332 Jesum

1976 3375 2153 3441 caput
2184 3386 2312 3423 esse
2342 3368 2603 3422 omnium
2639 3366 3017 3421 ecclesiarum
3045 3365 3167 3433 Dei,
3198 3370 3254 3419 et
3282 3366 3386 3419 hoc
3416 3365 3626 3419 debere

1975 3458 2155 3524 credi,
2188 3456 2447 3511 conﬁteri
2482 3460 2536 3510 et
2567 3454 2741 3510 scribi
2774 3455 2843 3508 ab
2867 3453 3142 3507 omnibus
3184 3452 3625 3508 veneratoribus

1974 3546 2191 3601 Nicaani
2222 3543 2475 3599 concilii.
2503 3544 2681 3613 Cujus
2716 3546 3071 3597 statutorum
3106 3558 3294 3613 usque
3330 3543 3400 3597 ad
3442 3558 3625 3597 unum

1976 3636 2095 3690 iota
2127 3632 2656 3703 contemptorihus,
2684 3630 3014 3686 districtum
3044 3631 3358 3686 anathema
3387 3634 3627 3686 cautum

1975 3729 2064 3779 est
2097 3741 2129 3778 a
2159 3720 2420 3791 quinque
2454 3720 2707 3792 praefatis
2749 3725 2805 3774 et
2852 3719 3081 3774 cunctis
3131 3726 3467 3775 sanctorum
3522 3721 3626 3775 Pa-

1976 3816 2131 3867 trum
2157 3808 2397 3882 synodis
2430 3808 2951 3880 subsequentibus.
2984 3808 3138 3863 Item.
3181 3808 3459 3864 Dolemus
3491 3808 3630 3879 quia

1976 3898 2382 3972 praejudicium
2419 3897 2684 3953 faciendo
2711 3914 2961 3953 summae
2993 3896 3140 3965 sedi,
3175 3897 3245 3951 de
3277 3913 3393 3967 qua
3418 3913 3521 3951 nec
3546 3898 3629 3965 ju-

1978 3989 2200 4043 dicium
2236 3988 2424 4042 facere
2455 3986 2588 4041 licet
2620 3986 2894 4057 cuiquam
2944 3986 3273 4052 hominum,
3325 3985 3633 4040 anathema

1975 4077 2286 4149 accepistis
2310 4076 2381 4131 ab
2400 4076 2691 4131 universis
2713 4075 2984 4130 Patribus
3003 4078 3337 4130 sanctorum
3363 4073 3629 4127 omnium

1975 4166 2379 4222 conciliorum.
2435 4167 2584 4221 Item.
2631 4163 2864 4235 Apicem
2919 4162 3170 4218 ccclestis
3219 4159 3520 4231 dignitatis
3567 4161 3629 4214 in

1974 4255 2142 4311 beato
2174 4258 2344 4309 Petro
2372 4257 2427 4308 et
2458 4254 2515 4306 in
2548 4254 2674 4323 ejus
2702 4250 2937 4306 vicariis
2983 4249 3479 4321 prudentissimus
3510 4252 3628 4303 ter-

1976 4359 2131 4398 rents
2151 4341 2505 4397 monarchiae
2526 4341 2798 4411 princeps
2821 4338 3245 4395 Constantinus
3268 4337 3476 4394 intima
3497 4354 3629 4393 con-

1981 4431 2336 4488 sideratione
2366 4429 2664 4499 reveritus,
2697 4433 2938 4483 cunctos
2980 4444 3167 4499 usque
3204 4428 3263 4481 in
3315 4428 3487 4482 ﬁnem
3521 4445 3628 4483 saa-

214 4507 469 4579 epistola
490 4510 849 4565 sanctissimi
872 4514 929 4564 et
950 4528 1051 4581 per
1081 4512 1279 4568 omnia
1300 4514 1627 4569 beatissimi
1650 4518 1866 4570 sanctae
1897 4506 1942 4569 D
1976 4520 2092 4576 culi
2125 4534 2496 4575 successores
2554 4519 2738 4573 eidem
2772 4518 3033 4589 apostolo
3077 4517 3135 4571 in
3188 4518 3447 4572 Romana
3492 4517 3627 4572 sede

219 4596 378 4652 sedis
410 4601 467 4651 et
506 4597 841 4669 apostolica:
872 4598 1136 4655 Ecclesiae
1172 4600 1567 4657 Romanorum
1600 4603 1855 4674 episcopi

218 4683 539 4752 Caelestini,
573 4702 707 4741 cum
741 4689 1093 4757 competenti
1114 4688 1333 4744 honore
1354 4689 1645 4762 relegatur
1662 4698 1860 4748 sancto

220 4771 489 4828 concilio.
525 4772 769 4829 Siricius
803 4775 1067 4831 notarius
1100 4781 1314 4832 sanctae
1359 4778 1661 4835 catholicae
1700 4781 1864 4837 urbis

220 4860 415 4915 Romae
450 4861 653 4917 Latine
703 4861 863 4933 legit.
910 4865 1068 4918 Item.
1124 4864 1337 4921 Omnes
1396 4868 1865 4924 reverendissimi

216 4949 471 5020 episcopi
509 4949 805 5019 petierunt
845 4951 1218 5024 interpretari
1273 4954 1584 5026 epistolam
1627 4961 1684 5011 et
1729 4956 1863 5029 legi.

221 5035 525 5108 Philippus
557 5039 860 5110 presbyter
890 5040 1216 5111 apostolicae
1249 5044 1405 5099 sedis
1437 5043 1664 5115 legatus
1684 5045 1863 5101 dixit:

221 5124 599 5181 Satisfactum
639 5132 730 5183 est
753 5129 1186 5197 consuetudini,
1217 5136 1283 5186 ut
1305 5131 1505 5188 litterae
1528 5134 1869 5205 Apostolicaa

219 5212 375 5269 sedis
406 5213 465 5268 in
498 5214 705 5285 primis
739 5216 944 5271 Latine
977 5218 1327 5290 legerentur,
1362 5238 1519 5277 nunc
1551 5240 1681 5279 vero
1705 5224 1870 5279 simi-

219 5300 351 5357 liter
389 5304 671 5374 quoniam
704 5309 895 5360 vestra
945 5307 1160 5377 expetit
1203 5309 1531 5379 beatitudo,
1574 5316 1637 5367 ut
1693 5313 1870 5368 etiam

223 5389 415 5446 Graece
443 5392 735 5465 legantur,
766 5395 1164 5453 necessarium
1204 5404 1291 5453 est
1330 5401 1620 5457 desiderio
1663 5408 1871 5458 vestrae

229 5479 501 5535 satisﬁeri
523 5482 875 5551 sanctitatis,
900 5499 1078 5555 quam
1115 5501 1284 5557 agere
1307 5491 1658 5558 curavimus,
1687 5497 1749 5546 ut
1774 5493 1877 5548 La-

231 5568 351 5624 tina
383 5568 603 5626 locutio
634 5572 827 5628 Graece
852 5574 1263 5630 transferatur.

1966 4608 2269 4683 pontiﬁces
2285 4623 2385 4679 per
2397 4607 3120 4675 beatumSilvestrum,non
3135 4604 3323 4661 solum
3340 4605 3631 4677 imperiali

1972 4700 2263 4772 potestate
2296 4699 2354 4751 et
2372 4694 2677 4767 dignitate,
2710 4711 2912 4750 verum
2944 4694 3115 4750 etiam
3162 4693 3373 4750 insulis
3424 4697 3481 4749 et
3520 4694 3626 4748 mi-

1977 4787 2181 4843 nistris
2212 4785 2512 4841 adornavit
2540 4783 2967 4856 imperialibus,
2990 4782 3159 4839 valde
3179 4783 3490 4855 indignum
3512 4783 3631 4838 fore

1976 4877 2317 4942 arbitratus,
2353 4878 2582 4929 terreno
2616 4873 2863 4944 imperio
2895 4872 3090 4939 subdi,
3112 4889 3259 4944 quos
3281 4871 3478 4927 divina
3510 4889 3631 4926 ma-

1968 4964 2157 5035 jestas
2184 4962 2439 5034 praefecit
2470 4961 2705 5018 caelesti.
2741 4963 2892 5017 Item.
2922 4960 3332 5017 Recordamini
3358 4960 3517 5016 illius
3541 4978 3633 5016 ne-

1979 5052 2165 5107 fandae
2216 5050 2445 5124 synodi,
2503 5068 2677 5122 quam
2730 5050 3042 5106 voluerunt
3089 5051 3281 5107 vocari
3321 5051 3636 5122 septimam

1978 5140 2153 5195 vestri
2189 5140 2606 5209 haeresiarchas,
2652 5156 2906 5211 quorum
2958 5139 3394 5211 conspiratione
3446 5138 3633 5210 ipsius

1981 5227 2213 5283 DOmini
2247 5229 2425 5284 nostri
2446 5229 2584 5284 Jesu
2607 5228 2842 5296 Christi,
2866 5233 2919 5284 et
2944 5234 3282 5284 sanctorum
3309 5229 3632 5284 reverenda:

1982 5315 2269 5387 imagines
2301 5322 2402 5371 aut
2433 5317 2687 5372 flammis
2720 5317 2943 5371 traditae
2976 5323 3135 5383 sunt,
3169 5322 3271 5372 aut
3294 5319 3462 5388 aquis
3493 5317 3633 5371 sub-

1984 5421 2206 5473 mersa,
2243 5406 2479 5475 picturae
2512 5424 2643 5461 vero
2675 5422 2741 5460 ex
2776 5406 3097 5475 parietibus
3124 5405 3492 5461 basilicarum
3529 5405 3635 5461 de-

1984 5492 2127 5549 letae.
2150 5497 2373 5561 Quibus
2399 5496 2669 5568 quamvis
2688 5511 2914 5565 semper
2937 5496 3215 5549 restiterit
3238 5500 3633 5551 Romanorum

1987 5585 2327 5655 pontiﬁcum
2360 5586 2693 5655 auctoritas,
2726 5584 3071 5655 praecunctis
3122 5587 3318 5638 tamen
3386 5588 3634 5645 sanctis-
