3960 6072
318 243 422 298 339

1399 245 1467 294 Ι).
1509 243 1750 295 IVONIS
1785 239 2276 294 CARNOTENSIS
2311 241 2626 295 EPISCOPI

3617 237 3735 292 340

319 363 453 420 simi
485 379 649 435 papa
670 363 892 419 Nicolai
924 363 1116 419 ubivis
1148 363 1517 435 pradicanda
1565 362 1827 429 libertas,
1871 360 1972 432 qui
2003 361 2053 427 Α
2085 360 2356 417 honores.
2414 366 2570 417 Item.
2621 362 3011 420 Beatissimus
3076 362 3467 434 pradecessor
3534 365 3743 417 noster

317 469 419 524 per
447 451 669 522 legatos
702 469 865 519 suos,
896 458 1017 507 tam
1047 469 1148 524 pro
1174 451 1358 507 sacris
1384 450 1769 522 imaginibus,
1801 466 1975 520 quam

314 557 417 612 pro
450 541 812 612 depositione
845 541 998 596 beati
1033 541 1270 595 antistis
1312 541 1539 612 Ignatii,
1591 545 1647 594 et
1690 539 1974 594 substitu-

311 630 468 685 tione
502 630 685 686 Photii
719 647 753 684 n
789 629 1066 700 neopbyti
1118 629 1429 684 ecclesiam
1479 633 1699 684 Sancta
1748 627 1974 698 Sophia

319 718 552 788 clausit,
586 719 773 773 donec
804 719 960 773 sedis
992 718 1324 788 apostolica
1349 720 1746 787 acquiesceret
1775 718 1975 771 decre-

314 807 411 862 tis.
449 809 600 862 llem.
636 807 774 861 Cum
813 807 972 860 nullo
1006 807 1201 861 divino
1235 805 1322 861 vel
1366 806 1625 861 humano
1675 804 1976 876 privilegio

317 905 716 961 honorabilior
745 922 846 960 seu
879 905 1092 960 clarior
1117 904 1231 960 illis
1255 904 1533 960 Ecclesiis
1569 904 1980 960 Constantino-

318 995 578 1066 politana
642 994 848 1050 existat
919 993 1205 1063 ecclesia,
1267 998 1322 1048 et
1381 994 1739 1048 Antiochena
1805 997 1978 1062 atque

321 1083 713 1138 Alexandrina
739 1084 812 1136 ob
847 1083 1226 1138 reverentiam
1266 1082 1548 1154 principis
1579 1083 1975 1153 apostolorum

319 1173 473 1228 inter
504 1171 648 1226 alias
681 1175 970 1226 retentent
997 1171 1452 1243 dignitatisjura
1477 1192 1490 1239 ;
1517 1177 1712 1226 tamen
1736 1171 1830 1242 pia
1857 1186 1980 1224 ma-

315 1267 426 1331 ter,
452 1261 717 1316 Romana
739 1259 966 1314 scilicet
986 1260 1263 1324 Ecclesia,
1284 1259 1485 1315 nolens
1503 1260 1776 1316 dilectam
1799 1257 1976 1312 ﬁliam

322 1352 456 1404 dote
486 1348 943 1402 honoriﬁcentia
975 1365 1040 1402 ex
1074 1352 1193 1402 toto
1221 1363 1438 1414 carere,
1474 1365 1576 1419 per
1603 1349 1806 1403 beatos
1838 1363 1980 1418 pra-

319 1438 657 1492 decessores
684 1440 918 1490 nostros
943 1435 1001 1490 in
1051 1435 1276 1506 aliquot
1324 1438 1563 1507 synodis
1611 1435 1834 1490 curavit
1877 1435 1979 1489 de—

319 1540 575 1593 cernere,
629 1528 691 1578 ut
739 1522 901 1578 salva
954 1522 1366 1594 principalium
1421 1527 1477 1577 et
1525 1522 1978 1593 apostolicarum

319 1613 548 1668 sedium
575 1614 815 1684 antiqua
837 1613 1146 1684 dignitate,
1172 1611 1855 1682 Constantinopolitanus
1877 1627 1979 1665 an-

2085 449 2398 521 Gregorius
2439 452 2587 506 dixit
2621 469 2633 506 :
2678 453 2859 508 Nemo
2921 469 3028 507 nos
3076 460 3312 523 propter
3353 467 3460 506 nos
3497 450 3557 504 in
3602 449 3737 506 loco

2087 539 2236 594 Petri
2269 540 2578 611 despiciat,
2611 540 2750 611 quia
2780 558 2849 596 ex
2881 541 3156 596 cathedra
3186 541 3336 610 ejus,
3367 540 3461 594 cui
3498 544 3744 595 auctore

2085 627 2200 683 Deo
2232 628 2675 701 qualescunque
2697 630 3104 701 prasidemus,
3135 629 3330 685 debita
3353 628 3618 699 sihijura
3636 644 3744 682 no-

2087 720 2276 770 strum
2325 717 2586 772 ofﬁcium
2635 719 2936 773 reclamat.
2984 718 3342 789 Frequenter
3381 718 3534 771 enim
3587 715 3743 771 solet

2086 804 2314 860 evenire
2337 807 2492 877 quod
2514 807 2788 873 dicimus,
2814 812 2877 862 ut
2900 823 3147 878 persona
3167 811 3371 878 potens
3393 806 3737 876 despectum

2089 909 2264 947 suum
2297 894 2526 952 habeat.
2562 895 2826 965 Cumque
2857 912 2958 966 per
2983 911 3115 950 eum
3149 897 3275 950 suis
3317 893 3403 950 vel
3444 893 3744 949 extraneis

2089 981 2288 1052 aliqua
2315 984 2576 1050 mandat,
2614 1000 2730 1039 non
2764 982 3084 1055 despicitur
3103 999 3354 1054 persona
3375 983 3525 1038 servi
3543 981 3743 1051 missi,

2090 1071 2228 1141 quia
2259 1072 2316 1124 in
2350 1073 2523 1128 corde
2545 1077 2809 1128 servatur
2824 1073 3146 1127 reverentia
3165 1071 3397 1127 Domini
3422 1071 3744 1137 mittentis,

2090 1161 2245 1214 Item.
2279 1161 2558 1232 Quisquis
2591 1162 2864 1216 Romana
2898 1161 3171 1216 Ecclesia
3191 1161 3621 1226 auctoritatem,
3645 1158 3744 1214 vel

2092 1247 2397 1320 privilegia
2427 1266 2728 1315 evacuare,
2755 1267 2856 1305 seu
2882 1250 3233 1305 imminuere
3252 1249 3482 1319 nititur,
3504 1266 3616 1304 non
3643 1248 3748 1304 hic

2092 1336 2267 1391 unius
2297 1337 2588 1404 Ecclesia,
2623 1340 2720 1394 sed
2749 1337 2930 1394 totius
2961 1338 3421 1394 Christianitatis
3470 1337 3748 1393 submer-

2091 1425 2316 1480 sionem
2350 1433 2405 1480 et
2436 1427 2738 1482 interitum
2771 1426 3166 1482 machinatur.

2088 1570 2222 1624 CAP.
2257 1570 2344 1623 45.
2379 1601 2447 1609 —
2479 1569 2628 1637 Quod
2659 1571 2904 1625 Romana
2933 1569 3177 1625 Ecclesia
3210 1569 3357 1625 inter
3384 1585 3568 1624 omnes
3615 1568 3746 1639 pri-

2162 1657 2314 1694 mum
2375 1643 2552 1696 locum
2596 1641 2828 1708 obtinet,
2875 1640 3250 1695 Ateaandrina
3295 1656 3416 1695 vero
3463 1648 3512 1695 et
3542 1640 3748 1694 Antio-

319 1703 491 1758 tistes
543 1703 931 1758 hOHOPRI‘CtUI‘
979 1701 1131 1756 sicut
1186 1701 1453 1796 civitates
1498 1702 1665 1773 regia
1713 1700 1981 1772 quamvis
2012 1732 2058 1796 B
2363 1700 2962 1796 {gt'unt'iunfjrhﬂicblaus
2983 1729 3128 1784 ραρα
3163 1711 3456 1768 ΙΜίσΙιαειί
3491 1720 3747 1782 Αιιρυδιο

323 1792 702 1847 Justinianus
734 1791 1042 1861 religiosus
1073 1793 1376 1861 Augustus
1425 1789 1653 1862 legibus
1704 1791 1978 1846 humanis

321 1879 612 1935 voluisset
643 1884 928 1945 astruere,
963 1883 1026 1933 ut
1047 1883 1180 1950 post
1203 1879 1529 1934 Romanum
1555 1896 1766 1951 papam
1785 1880 1982 1934 sedeat

319 1967 986 2039 Constantinopolitana
1038 1967 1248 2039 prasul
1297 1967 1598 2022 Ecclesia.
1644 1970 1806 2023 Item.
1864 1969 1982 2022 Scit

320 2062 534 2112 sancta
556 2057 816 2112 Romana
847 2055 1125 2123 Ecclesia,
1160 2057 1298 2127 quia
1345 2056 1490 2111 nihil
1543 2058 1759 2111 obsunt
1808 2056 1982 2112 saluti

323 2144 683 2201 credentium
721 2147 960 2200 diversa
985 2161 1090 2215 pro
1121 2145 1246 2199 loco
1273 2149 1329 2199 et
1357 2149 1621 2216 tempore
1671 2149 1982 2200 consuetu-

325 2235 518 2301 dines,
553 2235 788 2305 quando
833 2251 946 2287 una
996 2233 1139 2288 ﬁdes
1175 2250 1278 2304 per
1325 2233 1693 2288 dilectionem
1735 2249 1984 2306 operans

323 2323 428 2377 uni
464 2328 578 2378 Deo
596 2323 965 2377 commendet
1003 2338 1227 2378 omnes.
1253 2323 1404 2376 Item.
1427 2323 1612 2388 Absit,
1639 2327 1699 2376 ut
1733 2322 1985 2394 religiosi

332 2411 629 2482 principes
659 2417 715 2466 et
735 2410 1038 2466 orthodoxi
1065 2416 1240 2482 atque
1261 2410 1763 2466 Christianissima
1785 2416 1840 2466 et
1869 2411 1984 2466 Deo

333 2500 539 2555 devota
570 2499 774 2554 civitas
791 2516 892 2554 vos
909 2499 966 2553 in
983 2515 1175 2554 errore
1196 2506 1388 2554 vestro
1413 2500 1738 2556 audiendos
1759 2504 1984 2571 putent,

334 2615 482 2669 quos
513 2597 709 2669 potius
754 2598 824 2652 ad
860 2597 1104 2652 unitatis
1155 2599 1370 2653 bonum
1415 2604 1634 2654 terrore
1679 2599 1984 2669 potestatis

329 2703 539 2758 cogere
570 2687 802 2753 debent,
837 2689 989 2743 Item.
1040 2691 1311 2742 Romana
1354 2686 1622 2742 Ecclesia
1667 2687 1833 2742 sedes
1885 2704 1987 2758 per

333 2776 504 2830 Petru
517 2792 568 2829 m
589 2792 768 2846 super
781 2781 1004 2845 petram
1022 2777 1322 2844 aedificata,
1341 2793 1443 2831 nec
1459 2777 1743 2831 hactenus
1759 2776 1988 2832 deﬁciet

329 2864 391 2918 in
425 2863 661 2930 sacula,
693 2862 923 2917 Christo
967 2863 1216 2918 Domino
1263 2868 1500 2934 rogante
1546 2881 1648 2934 pro
1693 2882 1782 2929 ea,
1836 2865 1988 2920 sicut

334 2951 460 3023 ipse
510 2953 796 3005 testatur:
850 2952 960 3020 Ego
1004 2966 1104 3022 pro
1153 2956 1202 3007 te
1262 2952 1481 3022 rogavi,
1526 2955 1718 3019 Petre,
1769 2961 1832 3006 ut
1875 2967 1987 3008 non

331 3038 550 3095 deﬁciat
579 3038 714 3109 ﬁdes
748 3046 861 3106 tua,
897 3047 947 3094 et
975 3043 1035 3094 tu
1058 3040 1362 3111 aliquando
1391 3057 1677 3096 conversus
1721 3043 1986 3110 conﬁrma

329 3130 534 3198 fratres
562 3131 682 3183 tuos
715 3129 860 3197 (Luc.
897 3128 1054 3198 χχιι).
1082 3130 1204 3193 Quo
1250 3129 1402 3184 dicto
1457 3129 1872 3184 demonstravit
1911 3131 1983 3184 ﬁ-

332 3217 464 3272 dem
514 3218 760 3272 fratrum
817 3217 974 3271 verio
1007 3217 1233 3272 defectu
1267 3216 1728 3288 periclitandam,
1761 3221 1860 3273 sed
1904 3219 1988 3272 in-

335 3324 622 3364 concussa
648 3313 704 3364 et
729 3306 1100 3362 indeﬁciente
1132 3307 1244 3362 ﬁde
1275 3307 1447 3374 Petri,
1481 3306 1638 3362 velut
1682 3308 1860 3362 ﬁrma
1885 3326 1988 3363 an-

336 3398 524 3454 chora
557 3396 823 3452 subsidio
858 3397 1192 3466 regendam,
1218 3401 1276 3450 et
1323 3396 1380 3449 in
1425 3397 1803 3451 fundamento
1851 3397 1983 3452 uni-

335 3485 581 3540 versalis
612 3483 877 3539 Ecclesia
909 3483 1393 3539 conﬁrmandam.
1415 3485 1576 3548 Quod
1601 3501 1760 3539 nemo
1793 3493 1983 3557 negat,

336 3573 450 3629 nisi
465 3572 562 3640 qui
577 3573 874 3628 evidenter
886 3572 1006 3627 hac
1021 3572 1149 3643 ipsa
1167 3573 1429 3628 veritatis
1447 3573 1620 3628 verba
1638 3574 1946 3645 impugnat
1969 3592 1982 3642 ;

337 3670 477 3741 quia
506 3669 658 3724 sicut
689 3669 926 3725 cardine
975 3673 1161 3724 totum
1213 3670 1434 3741 regitur
1473 3671 1710 3736 ostium,
1742 3671 1823 3726 ita
1853 3677 1910 3726 et
1953 3689 1986 3726 a

333 3762 503 3813 Petro
533 3763 590 3813 et
619 3758 1060 3814 successoribus
1093 3759 1220 3828 ejus
1250 3758 1430 3813 totius
1480 3758 1742 3814 Ecclesia
1791 3759 1984 3831 dispo-

335 3846 496 3900 nitur
524 3847 988 3901 emolumentum
1016 3863 1028 3911 ;
1063 3851 1119 3899 et
1137 3846 1288 3900 sicut
1307 3847 1480 3900 cardo
1511 3847 1832 3903 immobilis
1865 3864 1989 3918 per-

339 3950 580 3990 manens
610 3935 768 3989 ducit
789 3935 1029 3999 ostium,
1056 3935 1139 3987 sic
1162 3935 1365 3989 Petrus
1388 3939 1444 3989 et
1468 3951 1837 3991 successores
1857 3937 1986 4006 ejus

335 4023 585 4079 liberum
617 4024 688 4078 de
712 4022 872 4078 omni
912 4021 1171 4077 Ecclesia
1220 4021 1439 4076 habent
1467 4023 1800 4092 judicium;
1853 4041 1987 4079 cum

337 4129 508 4170 nemo
535 4129 734 4169 corum
768 4112 975 4167 debeat
1007 4126 1231 4166 movere
1264 4117 1549 4166 sanetum.
1603 4110 1764 4167 Unde
1794 4111 1990 4167 clerici

339 4204 466 4273 ejus
496 4203 772 4257 dicuntur
802 4198 1152 4269 cardinales,
1185 4199 1407 4255 cardini
1463 4200 1668 4271 utique
1717 4200 1824 4267 illi,
1873 4218 1990 4272 quo

341 4296 548 4346 catera
577 4295 903 4355 moventur,
936 4288 1186 4344 vicinius
1227 4289 1609 4344 adharentes.
1659 4290 1810 4346 Item.
1854 4290 1988 4354 Qui-

344 4395 576 4450 cunque
633 4378 986 4437 sacerdotes.
1060 4377 1168 4431 etsi
1219 4378 1486 4447 dispares
1555 4383 1696 4432 sunt
1759 4379 1990 4444 merito,

2162 1783 2345 1854 (epist.
2378 1785 2433 1852 2,
2467 1785 2552 1838 vel
2584 1786 2661 1852 8).

2161 1908 2282 1963 Non
2316 1923 2452 1978 ergo
2483 1907 2691 1962 dicatis
2723 1925 2837 1962 non
2871 1907 3105 1979 eguisse
3137 1923 3239 1962 vos
3261 1906 3321 1961 in
3345 1923 3522 1962 causa
3552 1905 3745 1977 pieta-

2089 1997 2165 2053 tis
2197 1997 2467 2051 Romana
2501 1997 2787 2061 Ecclesia,
2820 2013 2947 2068 qua
2970 1995 3213 2051 collecta
3233 1995 3482 2051 concilia
3499 2012 3606 2050 sua
3627 2012 3746 2050 au-

2091 2086 2361 2141 ctoritate
2394 2086 2610 2154 ﬁrmat,
2663 2102 2772 2141 sua
2813 2085 3216 2141 moderatione
3264 2085 3539 2140 custodit.
3572 2083 3745 2139 Unde

2093 2175 2358 2245 quadam
2392 2190 2592 2228 eorum
2623 2174 2761 2242 quia
2790 2190 3140 2230 consensum
3170 2173 3415 2229 Romani
3441 2172 3745 2244 pontiﬁcis

2095 2280 2206 2318 non
2278 2263 2631 2330 habuerunt,
2680 2263 3067 2319 valitudinem
3135 2263 3535 2334 perdiderunt.
3581 2262 3743 2329 Item,

2090 2353 2257 2423 paulo
2284 2361 2420 2422 post.
2451 2351 2902 2406 Alexandrinam
2935 2351 3240 2408 ecclesiam
3273 2368 3441 2407 suam
3476 2352 3746 2406 fecerunt

2094 2440 2278 2496 sancti
2311 2440 2554 2511 apostoli
2575 2441 2781 2495 Petrus
2805 2445 2861 2496 et
2877 2439 3114 2505 Paulus,
3135 2457 3238 2512 per
3257 2441 3491 2494 beatum
3513 2439 3744 2496 scilicet

2092 2532 2347 2584 Marcum
2368 2528 2544 2583 unius
2561 2528 2772 2584 horum
2795 2527 2980 2583 ﬁlium
2999 2533 3057 2584 et
3079 2528 3457 2600 discipulum.
3483 2527 3740 2582 Heredi-

2093 2622 2182 2673 tas
2217 2618 2433 2689 quippe
2467 2617 2568 2670 ﬁlii
2592 2618 2647 2670 in
2686 2621 2972 2688 potestate
2995 2617 3254 2689 parentis
3278 2617 3497 2683 existit,
3520 2621 3578 2671 et
3605 2615 3741 2687 glo-

2095 2707 2182 2762 ria
2197 2707 2340 2761 disci
2353 2723 2422 2776 pu
2437 2705 2556 2760 liad
2577 2706 2921 2777 magistrum
2939 2707 3066 2761 sine
3079 2709 3450 2762 cunctatione
3464 2705 3738 2760 refertur.

2095 2795 2330 2850 Fecerat
2359 2799 2550 2849 autem
2586 2794 2967 2850 beatissimus
2988 2794 3194 2850 Petrus
3215 2793 3524 2866 prasentia
3542 2810 3746 2864 corpo-

2096 2883 2201 2938 rali
2225 2888 2281 2937 et
2305 2882 2622 2937 Ecclesiam
2646 2882 3208 2954 Antiochenamjam
3231 2899 3422 2948 suam,
3442 2898 3567 2953 qua
3583 2883 3744 2937 sicut

2095 2972 2302 3026 beatus
2348 2988 2500 3042 papa
2547 2971 2690 3026 dicit
2736 2971 3112 3028 Innocentius
3181 2971 3363 3042 (epist.
3412 2973 3524 3041 21),
3573 2971 3743 3027 urbis

2016 3094 2058 3160 Ο
2098 3059 2292 3114 Roma
2324 3059 2446 3113 sedi
2481 3076 2593 3114 non
2628 3059 2880 3127 cederet,
2914 3059 3027 3115 nisi
3057 3061 3209 3131 quod
3245 3059 3344 3114 illa
3369 3058 3430 3114 in
3479 3059 3737 3114 transitu

2098 3148 2332 3217 meruit,
2368 3147 2480 3203 ista
2510 3148 2770 3218 suscepit
2801 3164 2926 3218 qua
2985 3149 3176 3219 [quin]
3220 3148 3454 3203 beatum
3503 3151 3739 3202 Petrum

2097 3237 2249 3307 apud
2284 3253 2345 3291 se
2386 3241 2868 3292 consummatum
2916 3237 3219 3307 gauderet.
3253 3240 3363 3291 Per
3410 3236 3512 3291 bas
3554 3235 3740 3306 igitur

2093 3329 2212 3380 tres
2230 3324 2552 3396 pracipuas
2575 3324 2860 3380 Ecclesias
2878 3324 3143 3380 omnium
3170 3324 3557 3380 Ecclesiarum
3577 3323 3710 3380 solli
3721 3351 3746 3364 -

2095 3414 2291 3468 citudo
2324 3414 2626 3468 beatorum
2661 3413 2994 3485 principum
3026 3412 3423 3485 apostolorum
3469 3413 3622 3468 Petri
3681 3419 3743 3468 et

2095 3501 2253 3557 Pauli
2274 3501 2471 3570 procul
2487 3501 2664 3556 dubio
2679 3503 3056 3557 moderamen
3071 3506 3389 3572 exspectat.
3407 3502 3510 3556 Pro
3523 3501 3742 3572 quibus

2092 3590 2360 3645 Patribus
2383 3607 2488 3645 nos
2508 3591 2790 3646 divinitus
2806 3590 3165 3646 incremento
3186 3591 3384 3662 gratia
3407 3590 3745 3645 ministrate

2092 3679 2210 3733 nati
2243 3695 2452 3734 sumus
2483 3678 2611 3744 ﬁlii,
2635 3683 2692 3734 et
2720 3679 3022 3734 constituti
3055 3679 3213 3749 (licet
3234 3677 3634 3750 indigni,licet
3655 3679 3746 3734 eis

2093 3767 2262 3838 longe
2295 3767 2517 3822 meritis
2546 3766 2824 3838 impares)
2855 3767 3147 3839 principes
3168 3782 3347 3838 super
3366 3781 3596 3821 omnem
3625 3775 3745 3822 ter-

2095 3872 2242 3920 ram,
2275 3860 2331 3909 et
2349 3871 2527 3926 super
2553 3857 2880 3911 universam
2908 3854 3245 3910 Ecclesiam.
3271 3857 3424 3920 Item,
3445 3861 3562 3926 post
3586 3857 3741 3910 mut-

2095 3951 2178 3999 ta.
2217 3943 2391 3998 Porro
2443 3961 2514 3998 ne
2562 3945 2769 3998 dicatis
2820 3960 2928 3998 nos
2978 3948 3188 4014 prater
3235 3943 3503 3999 Ecclesia
3550 3943 3739 4015 legem

2099 4031 2394 4104 Ignatium
2419 4031 2505 4086 vel
2532 4032 2801 4087 Photium
2827 4036 3071 4087 Romam
3103 4033 3300 4087 venire
3329 4032 3752 4099 sanxisse,sci-

2095 4125 2215 4177 tote
2235 4137 2338 4176 nos
2354 4121 2579 4192 antiqui
2605 4122 2816 4191 Patris,
2835 4125 2894 4176 et
2913 4120 3365 4191 pradecessoris
3400 4121 3582 4176 nostri
3605 4120 3753 4176 Julii

2096 4209 2155 4264 in
2189 4209 2295 4265 hoc
2329 4225 2456 4264 esse
2488 4215 2720 4264 secutos
2751 4208 3084 4280 exemplum
3113 4226 3125 4264 :
3151 4209 3277 4280 qui,
3301 4210 3470 4279 juxta
3501 4211 3655 4280 quod
3685 4209 3746 4263 in

2099 4297 2346 4368 epistola
2372 4315 2480 4353 sua
2511 4299 2818 4368 reperitur,
2846 4297 2939 4352 his
2973 4297 3072 4368 qui
3115 4302 3507 4352 convenerant
3543 4297 3748 4352 Antio-

2100 4386 2242 4440 chia
2275 4386 2384 4440 hoc
2432 4386 2774 4456 pracepisse
2822 4385 3208 4456 dignoscitur,
3242 4392 3301 4440 et
3347 4385 3751 4440 Theodoretus

344 4484 514 4540 pares
529 4464 1097 4521 sunttamenofﬁcio.
1118 4465 1240 4519 Non
1259 4469 1446 4536 potest
1473 4465 1746 4538 denegari
1778 4465 1986 4521 merito
2016 4459 2062 4522 D
2095 4473 2604 4545 bistoriographus
2637 4473 2727 4527 his
2758 4473 2865 4528 hoc
2894 4472 3090 4544 ipsum
3121 4472 3310 4528 verbis
3341 4473 3596 4530 ostendit
3618 4473 3749 4540 (Ec-

347 4556 498 4627 quod
526 4554 772 4609 debetur
800 4552 1011 4608 ofﬁcio.
1044 4553 1316 4625 Alioquin
1345 4571 1457 4608 non
1500 4560 1684 4610 staret
1728 4555 1996 4610 sacerdo-

347 4645 518 4708 tium,
552 4642 600 4698 si
634 4644 826 4712 majus
856 4645 958 4696 aut
988 4642 1178 4697 minus
1203 4643 1389 4704 ﬁeret,
1423 4660 1522 4697 seu
1557 4645 1881 4697 variaretur
1910 4660 1998 4698 se-

346 4732 606 4787 cundum
641 4731 1033 4785 humanorum
1080 4732 1413 4785 varietatem
1462 4732 1826 4784 meritorum.
1878 4732 2000 4794 Qua

345 4823 415 4876 de
449 4835 528 4888 re,
563 4821 794 4886 fratres,
828 4817 1051 4872 utinam
1078 4833 1193 4871 non
1217 4819 1283 4871 ad
1305 4817 1598 4886 judicium
1623 4823 1890 4873 nostrum
1914 4818 1999 4872 di-

343 4923 568 4963 camus.
603 4905 772 4961 Tales
797 4905 1054 4976 profecto
1077 4920 1306 4971 sumus,
1337 4905 1528 4974 qualis
1556 4909 1782 4972 Petrus,
1809 4911 1862 4960 et
1884 4922 1998 4960 non

346 5012 553 5052 sumus
586 4994 779 5065 qualis
811 4994 1038 5061 Petrus,
1063 4993 1200 5063 quia
1232 4997 1288 5047 et
1322 4993 1474 5046 idem
1528 5010 1737 5049 sumus
1785 4995 2000 5063 ofﬁcio,

346 5091 403 5141 et
433 5100 547 5139 non
570 5083 724 5138 idem
760 5081 964 5137 merito
990 5097 1003 5147 ;
1025 5087 1080 5136 et
1104 5082 1577 5152 quotiescunque
1598 5081 1687 5137 lac
1711 5082 1998 5147 etlanam,

348 5181 712 5255 stipendium
732 5178 954 5234 scilicet
975 5183 1031 5233 et
1048 5177 1546 5233 honoriﬁcentiam
1568 5182 1639 5233 ab
1668 5181 1872 5234 ovibus
1899 5179 1999 5234 Dei

349 5271 660 5343 exigimus,
698 5267 857 5322 nulla
878 5267 1066 5322 meriti
1095 5267 1274 5321 nostri
1300 5267 1376 5320 ibi
1404 5269 1467 5320 ﬁt
1498 5268 1998 5336 commemoratio,

353 5363 449 5417 scd
477 5359 666 5417 ofﬁcio
686 5361 883 5412 nostro
899 5355 1093 5410 debita
1112 5356 1572 5426 recompensatio
1610 5357 1905 5426 quaeritur,
1935 5373 2001 5410 ac

353 5451 437 5504 sic
469 5451 743 5504 meritum
779 5445 927 5500 Petri
971 5461 1085 5499 non
1141 5443 1444 5510 habentes,
1497 5443 1754 5498 cilicium
1805 5449 1998 5500 autem

263 5610 269 5617 _
357 5539 507 5591 Petri
541 5538 922 5608 exsequentes
946 5533 1135 5589 ofﬁcio
1161 5544 1359 5589 nostro
1383 5533 1613 5588 debitos
1638 5534 2000 5604 reposcimus

2107 4561 2445 4617 clesiastica
2477 4579 2615 4630 sua,
2651 4561 2933 4630 historia,
2967 4561 3068 4616 lib.
3114 4579 3177 4630 ιι,
3227 4578 3280 4618 c.
3314 4562 3366 4616 3.
3417 4561 3751 4632 Tripartita

2107 4656 2300 4704 autem
2334 4649 2476 4704 Hist.
2511 4649 2611 4704 lib.
2645 4667 2722 4712 v1,
2755 4666 2806 4713 c,
2844 4651 2938 4721 6):
2972 4649 3212 4717 Verum,
3245 4650 3542 4722 inquiens,
3565 4651 3755 4706 Euse-

2107 4739 2240 4792 bius
2271 4739 2518 4809 ejusque
2549 4742 2872 4803 consortes,
2905 4737 3236 4794 calumnias
3276 4739 3335 4794 in
3372 4739 3756 4795 Athanasium

2109 4829 2312 4895 factas,
2343 4828 2498 4882 Julio
2527 4831 2786 4882 Romano
2834 4827 3095 4896 pontiﬁci
3148 4828 3611 4883 destinaverunt.
3645 4829 3756 4892 Qui

2107 4916 2561 4971 ecclesiasticam
2595 4931 2848 4986 sequens
2878 4915 3090 4986 legem,
3119 4917 3297 4971 etiam
3321 4917 3481 4988 ipsos
3506 4915 3754 4972 Romam

2107 5007 2304 5060 venire
2338 5003 2631 5076 praeepit,
2666 5008 2723 5059 et
2741 5004 3131 5059 venerabilem
3149 5004 3536 5060 Athanasium
3569 5005 3640 5060 ad
3658 5005 3760 5075 ju-

2108 5093 2325 5149 dicium
2356 5092 2701 5162 regulariter
2722 5092 3001 5148 evocavit.
3028 5091 3129 5148 Ille
3152 5094 3431 5148 continuo
3451 5093 3756 5148 vocatione

2110 5184 2259 5238 facta
2291 5183 2652 5253 [evocatione
2685 5183 2983 5251 suscepta]
3012 5182 3186 5236 venit.
3235 5182 3398 5245 Quod
3441 5181 3490 5237 si
3540 5183 3611 5236 ad
3645 5181 3760 5238 hoc

2109 5271 2326 5326 dicitis.
2354 5270 2453 5324 Ille
2485 5269 2718 5339 quidem
2753 5269 2998 5337 vocavit,
3022 5269 3119 5324 sed
3149 5270 3259 5340 ipsi
3281 5270 3477 5325 venire
3499 5274 3761 5325 contem-

2111 5366 2389 5430 pserunt;
2417 5359 2610 5412 audite
2626 5357 2952 5428 sequentia,
2972 5362 3027 5412 et
3043 5358 3316 5414 videbitis
3335 5363 3532 5414 utrum
3551 5358 3612 5412 in
3627 5357 3760 5412 lau-

2108 5451 2236 5503 dem
2270 5453 2368 5501 aut
2401 5447 2751 5518 vituperium
2783 5446 2896 5501 ista
2926 5446 2997 5501 εἰι
3025 5446 3143 5502 illis
3163 5451 3432 5518 reputate
3455 5447 3760 5504 contentio

2109 5540 2289 5609 Μυονία,
2318 5535 2692 5606 contemptio]
2723 5535 3040 5605 Subjunxit
3069 5535 3228 5592 enim
3268 5536 3423 5592 idem
3475 5535 3758 5592 historio-
