3978 6060
194 275 309 329 341

927 274 1237 328 DECRETI
1276 274 1458 327 PARS
1494 274 1559 324 V.
1596 301 1660 312 --
1698 275 1793 326 DE
1832 272 2155 327 PRIMATU
2194 269 2364 324 ROM.
2407 270 2716 334 ECCLES.,
2756 272 2910 324 ETC.

3515 270 3621 324 3/12

194 398 493 472 graphus,
525 397 725 453 dicens
755 414 768 453 :
802 396 1242 454 Calumniarum
1291 412 1425 452 vero
1467 397 1853 452 sarcinatores
1883 398 1935 463 Α
1966 395 2139 451 etiam
2159 395 2326 448 beato
2345 392 2622 449 Silvestro
2654 393 2803 464 patri
2839 395 3060 458 nostro,
3085 408 3319 448 summo
3346 396 3606 466 pontiﬁci

198 491 457 545 Romam
490 487 727 558 quidem
758 486 1001 559 profecti
1051 504 1165 542 non
1218 491 1377 554 sunt,
1412 486 1663 541 scientes
1697 485 1861 541 facile

195 595 380 651 posse
412 594 583 633 suum
614 577 739 648 capi
775 576 1169 632 mendacium.
1223 576 1303 631 Ne
1350 593 1485 649 ergo
1517 576 1726 631 dicatis
1757 592 1863 630 nos

198 673 420 740 prater
469 665 740 722 Ecclesia
791 665 978 737 legem
1040 667 1309 736 praefatos
1370 667 1613 721 Romam
1670 666 1864 719 venire

194 759 497 827 sanxisse,
550 757 831 828 quoniam
885 756 1041 811 sicut
1088 758 1157 811 ab
1202 755 1675 827 historiographo
1733 768 1864 810 ecce

191 847 480 911 audistis,
514 846 722 901 beatus
772 843 963 900 Julius
1013 849 1070 900 et
1104 849 1441 901 accusatum
1474 852 1529 900 et
1562 849 1862 900 accusato-

192 954 293 992 res
328 940 577 991 Romam
609 934 809 991 venire
849 934 1132 1009 praecipit,
1166 940 1223 988 et
1267 934 1658 990 venerabilem
1691 933 1865 988 Atha-

195 1028 445 1082 nasium
479 1026 551 1079 ad
575 1023 870 1096 judicium
924 1022 1275 1096 regulariter
1303 1022 1576 1079 evocavit.
1609 1023 1715 1077 Sed
1748 1021 1866 1088 ille,

193 1117 307 1189 qui
352 1117 568 1172 bonam
623 1114 1038 1171 conscientiam
1086 1116 1344 1186 gerebat,
1380 1112 1525 1168 nihil
1576 1112 1868 1168 reluctans

192 1205 400 1272 venit;
434 1205 520 1260 illi
555 1220 689 1259 vero
721 1203 818 1275 qui
853 1203 1095 1267 malam,
1137 1206 1642 1274 contempserunt,
1675 1201 1867 1257 scien-

190 1300 284 1351 tes
321 1294 522 1366 procul
556 1293 757 1362 dubio,
781 1292 934 1348 sicut
966 1292 1046 1347 ibi
1082 1292 1318 1363 legitur,
1342 1291 1509 1347 facile
1542 1308 1715 1348 suum
1740 1286 1869 1361 capi

191 1400 375 1456 posse
407 1383 805 1439 mendacium.

190 1496 335 1547 CAP.
375 1492 464 1546 46.
499 1521 563 1530 -
607 1488 756 1557 Quod
806 1489 948 1543 sicut
991 1490 1152 1543 Petro
1200 1503 1514 1542 concessum
1560 1491 1638 1541 est
1685 1503 1718 1540 a
1767 1487 1868 1540 Da-

266 1564 437 1617 mino
471 1566 538 1616 ut
568 1561 700 1617 aliis
732 1561 1006 1632 apostolis
1022 1561 1435 1630 praemineret,
1470 1560 1548 1632 ita
1579 1558 1699 1626 ejus
1726 1558 1867 1632 sedi.

275 1636 363 1689 Ea:
421 1633 657 1689 decretis
715 1631 1029 1688 Melchiadis
1073 1646 1255 1703 papae,
1313 1647 1431 1701 cap.
1479 1631 1532 1696 2,
1584 1631 1870 1700 Hispaniae

275 1707 560 1775 episcopis
590 1705 833 1760 directis.

276 1807 469 1874 Atque
500 1802 609 1857 hoc
643 1800 1015 1874 privilegium
1050 1800 1334 1855 Dominus
1366 1801 1531 1855 beato
1579 1798 1867 1868 clavigero

200 1893 374 1948 Petro
405 1910 512 1947 sua
542 1891 663 1947 vice
715 1889 1086 1946 solummodo
1132 1889 1430 1944 commisit
1478 1889 1689 1959 (Matth.
1722 1892 1861 1957 xvxl,

189 1982 355 2053 quod
380 1983 686 2051 ejusjuste
712 1979 1163 2050 praerogativam
1192 1977 1478 2033 successit
1500 1978 1623 2032 sedi
1648 1979 1862 2035 futuris

192 2070 672 2125 hmreditandum
718 2074 895 2139 atque
927 2069 1245 2122 tenendum
1296 2067 1683 2138 temporibus,
1717 2085 1859 2140 quo-

194 2161 362 2213 niam
391 2162 447 2212 et
480 2158 633 2212 inter
676 2156 1055 2212 beatissimos
1104 2155 1401 2226 apostolos
1450 2156 1559 2211 fuit
1590 2158 1857 2227 quaedam

187 2246 471 2302 discretio
505 2245 831 2318 potestatis.
865 2245 933 2299 Et
984 2244 1118 2299 licet
1148 2248 1489 2299 cunctorum
1525 2262 1629 2316 par
1654 2244 1857 2300 electio

188 2336 359 2404 foret,
404 2336 575 2390 beato
628 2340 823 2390 tamen
879 2334 1046 2388 Petro
1096 2349 1443 2389 concessum
1494 2339 1583 2389 est
1630 2340 1696 2389 ut
1727 2335 1855 2390 aliis

186 2423 617 2495 praemineret,
650 2428 707 2479 et
736 2438 938 2478 eorum
974 2438 1104 2493 qum
1137 2422 1205 2477 ad
1239 2422 1539 2493 querelam
1567 2424 1853 2478 venirent.

184 2528 403 2568 causas
452 2516 509 2567 et
565 2511 1053 2583 interrogationes
1113 2511 1432 2581 prudenter
1488 2510 1849 2581 disponeret-

187 2603 357 2668 Quod
390 2601 480 2656 Dei
515 2601 883 2656 ordinatione
916 2598 1113 2655 taliter
1144 2600 1480 2654 ordinatum
1512 2614 1641 2654 esse
1672 2602 1854 2655 credi'

189 2706 351 2756 mus,
380 2706 450 2744 ne
480 2705 685 2744 omnes
719 2688 935 2761 posteri
969 2703 1171 2742 eorum
1205 2692 1415 2743 cuncta
1444 2688 1555 2742 sibi
1589 2688 1850 2744 vindica-

192 2783 347 2843 rent,
373 2779 471 2832 sed
502 2794 735 2849 semper
763 2793 955 2832 cauere
982 2778 1257 2847 majores,
1278 2776 1430 2831 sicut
1460 2780 1600 2831 sunt
1629 2778 1851 2847 episco-

187 2883 425 2938 porum,
469 2871 527 2922 et
573 2867 869 2937 potiorum
922 2882 1071 2921 curae
1120 2866 1510 2937 negotiorum,
1552 2867 1621 2920 ad
1672 2883 1845 2921 unam

190 2954 350 3010 beati
380 2955 530 3009 Petri
588 2954 869 3026 principis
913 2954 1312 3026 apostolorum
1364 2954 1556 3009 sedem
1592 2955 1845 3009 conﬂue-

190 3052 338 3110 rent,
387 3048 452 3098 ut
495 3044 629 3098 inde
681 3043 1010 3115 suscipiant
1056 3043 1234 3098 finem
1276 3042 1656 3113 judiciorum,
1690 3045 1845 3099 unde

189 3136 545 3204 acceperunt
576 3131 812 3187 initium
845 3131 1306 3202 institutionum,
1332 3149 1404 3187 ne
1434 3133 1786 3204 quandoque
1819 3150 1852 3188 a
1881 3124 1924 3191 C

192 3238 301 3279 suo
333 3220 736 3292 discreparent
766 3220 974 3293 capite.

191 3332 325 3383 CAP.
369 3328 457 3383 47.
506 3358 576 3367 -
629 3328 703 3382 De
751 3331 1016 3384 potestate
1065 3330 1116 3381 et
1166 3327 1507 3383 discretione
1548 3328 1846 3384 doctorum.

263 3401 326 3527 git.
354 3398 796 3526 primaepistola
847 3398 1138 3454 Clementis
1164 3414 1345 3469 papae,
1380 3399 1542 3454 verba
1588 3402 1741 3455 Petri
1779 3401 1850 3455 de

331 3486 492 3527 emen
560 3510 572 3524 .

267 3559 457 3613 Trade
490 3557 600 3628 ipsi
634 3557 917 3613 Clementi
945 3574 978 3612 a
1010 3557 1256 3614 Domino
1278 3557 1553 3613 traditam
1589 3558 1731 3613 mihi
1756 3575 1852 3630 po-

195 3651 469 3703 testatem
502 3646 725 3717 ligandi
757 3650 814 3701 et
828 3646 1193 3712 solvendi,ut
1221 3648 1293 3702 de
1313 3647 1590 3702 omnibus
1611 3648 1852 3718 quibus-

196 3750 430 3806 cunque
481 3734 801 3790 decreverit
844 3734 905 3789 in
958 3735 1152 3804 terris,
1185 3734 1295 3790 hoc
1339 3736 1637 3790 decretum
1684 3735 1761 3790 sit
1791 3736 1851 3791 in

197 3823 377 3879 caelis.
412 3823 638 3895 Ligabit
679 3824 837 3879 enim
887 3825 1040 3895 quod
1090 3828 1317 3895 oportet
1362 3824 1552 3896 ligari,
1585 3830 1640 3879 et
1671 3825 1854 3881 solvet

197 3913 353 3984 quod
384 3916 613 3983 oportet
641 3912 916 3985 [expedit]
948 3912 1113 3979 solvi,
1145 3916 1428 3985 tanquam
1455 3913 1555 3984 qui
1579 3914 1647 3967 ad
1676 3914 1851 3984 liqui-

196 4002 337 4056 dum
369 4000 638 4057 Ecclesia;
671 4000 934 4073 regulam
963 4002 1208 4058 noverit.
1232 4002 1433 4073 Ipsum
1464 4018 1600 4073 ergo
1630 4004 1849 4071 audite,

196 4088 450 4144 scientes
506 4088 645 4159 quia
691 4089 1031 4159 quicunque
1080 4089 1511 4145 contristaverit
1556 4091 1849 4145 doctorem

198 4177 480 4243 veritatis,
526 4182 727 4249 peccat
770 4178 829 4232 in
860 4178 1181 4245 Christum,
1215 4184 1271 4232 et
1315 4179 1542 4233 Patrem
1584 4180 1849 4233 omnium

199 4267 507 4323 exacerbat
532 4265 734 4322 Deum.

200 4373 338 4428 CAP.
366 4372 449 4428 48.
480 4403 547 4411 —-
576 4372 723 4444 Quod
741 4372 890 4444 apud
916 4374 1214 4427 Dominum
1238 4389 1345 4428 non
1367 4377 1645 4429 sententia
1668 4389 1852 4429 sacer—

273 4443 482 4512 dotum,
510 4443 605 4498 sed
634 4445 751 4498 vita
776 4447 1114 4515 requiratur.
1150 4447 1514 4516 Hieronymus
1544 4447 1640 4501 lib.
1675 4463 1758 4515 ιιι,
1791 4447 1852 4500 in

276 4531 373 4570 xvx
400 4530 523 4585 cap.
554 4516 819 4573 Matthzi.

282 4612 634 4683 Quaecunque
680 4613 990 4681 ligaveritis
1037 4628 1205 4683 super
1249 4620 1479 4680 terram,
1527 4618 1635 4669 etc.
1670 4617 1851 4669 Istum

209 4700 404 4756 locum
434 4700 691 4772 episcopi
721 4706 777 4756 et
808 4701 1130 4774 presbyteri
1155 4718 1269 4756 non
1301 4701 1717 4773 intelligentes,
1749 4701 1855 4756 ali-

207 4789 347 4860 quid
381 4789 493 4844 sibi
521 4789 593 4844 de
627 4789 1053 4846 Pharisaeorum
1088 4794 1403 4846 assumunt
1433 4790 1768 4861 supercilio,
1795 4795 1859 4846 ut

206 4876 295 4933 vel
338 4878 624 4934 damnent
670 4879 1035 4948 innocentes,
1067 4878 1153 4935 vel
1185 4879 1407 4935 solvere
1454 4896 1515 4935 se
1546 4880 1747 4935 noxios
1773 4897 1860 4934 ar-

207 4967 500 5022 bitrentur
531 4983 545 5022 :
580 4984 716 5023 cum
749 4969 904 5039 apud
938 4969 1250 5024 Dominum
1300 4985 1415 5024 non
1447 4969 1739 5024 sententia
1766 4985 1855 5023 sa-

206 5056 536 5126 cerdotum,
571 5058 672 5113 sed
703 5074 935 5113 reorum
969 5057 1088 5112 vita
1117 5063 1438 5130 quaeratur.

206 5163 342 5218 CAP.
376 5162 465 5216 49.
497 5193 567 5203 -—
596 5165 927 5233 Exemplum
972 5165 1254 5220 constituti
1307 5166 1662 5221 Constantini
1692 5166 1862 5234 impe-

276 5236 485 5317 ratoris
515 5235 590 5291 de
631 5236 945 5305 insignibus
995 5238 1386 5308 imperialibus
1439 5235 1699 5292 Ecclesia
1728 5252 1862 5290 con-

280 5321 448 5362 cessis
456 5350 468 5361 .

285 5395 448 5463 (Dist.
480 5396 571 5465 96,
603 5412 653 5451 c.
692 5396 1126 5465 Constantinus).
1160 5396 1241 5450 Ex
1270 5400 1620 5452 testamento
1650 5395 1863 5451 consti-

221 5482 330 5538 tuti
364 5485 547 5539 nostri
583 5485 958 5541 concedimus
1008 5484 1152 5555 ipsis
1198 5485 1421 5539 sanctis
1451 5486 1733 5557 apostolis
1765 5486 1873 5555 (Ιο-⁴

227 5570 410 5628 minis
442 5573 588 5629 meis
621 5573 971 5631 beatissimis
1014 5574 1182 5629 Petro
1232 5578 1286 5629 et
1314 5573 1514 5641 Paulo,
1548 5578 1604 5629 et
1631 5592 1732 5645 per
1767 5590 1865 5629 eos

1971 489 2028 542 et
2058 484 2369 541 universali
2413 484 2575 539 urbis
2621 488 2813 539 Romae
2847 500 3030 555 papae,
3081 487 3135 537 et
3185 485 3457 541 omnibus
3488 487 3616 556 ejus

1973 574 2415 631 successoribus
2464 573 2861 644 pontiﬁcibus,
2923 572 3020 642 qui
3077 588 3266 641 usque
3325 574 3383 626 in
3445 574 3617 629 finem

1975 664 2178 719 mundi
2215 664 2272 716 in
2306 664 2440 717 sede
2474 662 2628 717 beati
2665 662 2811 716 Petri
2863 665 3033 715 erunt
3067 661 3313 727 sessuri,
3347 665 3525 731 atque
3555 664 3624 717 de

1974 751 2244 824 praesenti
2276 752 2678 806 contradimus
2711 750 2994 821 palatium
3029 750 3258 820 imperii
3295 750 3483 804 nostri
3516 751 3624 805 La-

1975 846 2307 903 teranense,
2343 840 2492 911 quod
2546 839 2823 893 omnibus
2871 838 2928 892 in
2983 842 3103 892 toto
3155 839 3293 893 orbe
3344 842 3628 893 terrarum

1975 930 2299 1002 praefertur,
2327 936 2499 999 atque
2519 928 2796 999 praecellit
2818 926 3072 998 palatiis.
3103 926 3318 982 Deinde
3337 928 3628 997 diadema,

1976 1030 2247 1085 videlicet
2299 1045 2573 1083 coronam
2623 1026 2827 1099 capitis
2863 1025 3068 1092 nostri,
3120 1025 3422 1096 simulque
3452 1027 3631 1099 phry-

1977 1118 2161 1190 gium,
2196 1134 2297 1172 nec
2345 1134 2456 1171 non
2490 1121 2547 1171 et
2599 1113 3100 1185 superbumerale,
3149 1113 3417 1168 videlicet
3445 1113 3633 1169 lorum

1979 1224 2092 1278 quo
2124 1206 2427 1276 imperiale
2476 1204 2827 1260 circumdari
2878 1204 3095 1258 assolet
3143 1202 3379 1269 collum,
3427 1218 3633 1258 verum

1979 1296 2150 1352 etiam
2184 1294 2549 1366 chlamydem
2584 1307 2938 1365 purpuream
2975 1296 3149 1362 atque
3174 1291 3429 1346 tunicam
3452 1292 3635 1347 cocci-

1981 1400 2173 1448 neam,
2206 1386 2262 1436 et
2292 1382 2488 1436 omnia
2536 1379 2865 1451 imperialia
2895 1378 3246 1432 indumenta
3282 1395 3293 1431 :
3326 1379 3427 1433 sed
3461 1383 3515 1433 et
3546 1378 3632 1433 di-

1980 1472 2262 1543 gnitatem
2294 1468 2686 1540 imperialium
2720 1466 3186 1539 praesidentium,
3212 1482 3425 1536 equum
3450 1466 3641 1521 confe-

1979 1562 2174 1616 rentes
2230 1558 2430 1622 etiam,
2480 1562 2535 1611 et
2591 1555 2922 1626 imperialia
2974 1556 3296 1625 [Gratianus
3344 1556 3422 1609 sic
3476 1555 3641 1609 habet

1980 1646 2344 1718 imperialcm
2377 1645 2811 1717 praesidentium
2860 1644 3152 1713 equitum,
3187 1644 3552 1699 conferentes
3583 1644 3635 1699 ei

1899 1767 1945 1830 B
1982 1738 2155 1791 etiam
2208 1734 2559 1806 imperialia,
2591 1736 2726 1801 etc.]
2781 1737 3029 1802 sceptra,
3081 1731 3378 1803 simulque
3426 1736 3636 1787 cuncta

1975 1826 2175 1897 signa,
2209 1828 2385 1895 atque
2417 1823 2607 1877 banda
2636 1826 2693 1875 et
2721 1821 2950 1875 diversa
2981 1824 3325 1875 ornamenta
3356 1820 3632 1891 imperia-

1972 1904 2069 1978 lia,
2105 1918 2160 1968 et
2190 1928 2422 1967 omnem
2477 1909 2904 1981 processionem
2958 1908 3274 1979 imperialis
3318 1908 3618 1978 culminis,

1971 2016 2027 2066 et
2056 2009 2301 2081 gloriam
2346 2007 2649 2078 potestatis
2682 2009 2911 2060 nostras.
2964 2004 3115 2059 Viris
3146 2004 3318 2058 etiam
3356 2020 3619 2059 reveren-

1970 2097 2236 2154 dissimis
2258 2096 2502 2165 clericis,
2526 2097 2580 2150 in
2603 2094 2849 2149 diversis
2872 2093 3179 2148 ordinibus
3212 2093 3398 2146 eidem
3428 2109 3619 2147 sacro-

1969 2191 2180 2241 sanctae
2230 2190 2501 2241 Romanis
2546 2184 2816 2239 Ecclesiae
2869 2182 3282 2245 servientibus,
3320 2180 3464 2234 illud
3498 2180 3619 2235 cul-

1968 2292 2101 2330 men
2143 2273 2462 2345 singularis
2521 2272 2793 2344 potentiae
2848 2278 2903 2325 et
2950 2269 3356 2341 praecellentia:
3407 2268 3621 2324 habere

1966 2364 2288 2429 sancimus,
2321 2363 2490 2432 cujus
2524 2360 2929 2431 amplissimus
2964 2363 3159 2413 noster
3190 2361 3432 2412 senatus
3466 2358 3620 2411 vidc-

1962 2454 2059 2505 tur
2084 2450 2267 2521 gloria
2299 2449 2591 2516 adornari,
2617 2448 2805 2515 idest,
2837 2445 3112 2516 patricios
3135 2450 3311 2515 atque
3341 2443 3611 2499 consules

1962 2539 2132 2605 efﬁci,
2169 2554 2271 2593 nec
2302 2555 2412 2592 non
2448 2542 2504 2591 et
2535 2535 2758 2590 caeteris
2790 2534 3176 2605 dignitatibus
3206 2532 3612 2603 imperialibus

1962 2645 2061 2683 eos
2094 2625 2539 2697 promulgamus
2570 2622 2851 2690 decorari,
2884 2626 2940 2676 et
2980 2622 3133 2676 sicut
3161 2619 3485 2691 imperialis
3518 2636 3613 2674 ex-

1961 2720 2079 2771 stat
2101 2716 2373 2771 decorata
2404 2712 2633 2775 militia,
2655 2712 2735 2765 ita
2760 2715 2814 2764 et
2844 2709 3064 2763 clerum
3094 2712 3308 2762 sanctae
3340 2712 3613 2761 Romana:

1960 2802 2226 2859 Ecclesiae
2271 2802 2463 2857 ornari
2517 2800 2906 2855 decernimus.
2962 2798 3026 2851 Et
3073 2798 3245 2867 paulo
3294 2800 3430 2866 post.
3484 2797 3613 2865 Ipse

1959 2892 2336 2948 beatissimus
2368 2906 2518 2961 papa
2563 2904 2737 2958 super
2784 2902 3056 2942 coronam
3090 2885 3400 2939 clericatus
3434 2900 3609 2953 quam

1956 2981 2125 3052 gerit,
2159 2980 2228 3034 ad
2262 2978 2504 3048 gloriam
2552 2976 2704 3032 beati
2761 2975 2907 3030 Petri
2941 2973 3181 3028 omnino
3214 2972 3343 3043 ipsa
3374 2987 3442 3025 ex
3472 2989 3614 3026 auro

1964 3087 2077 3125 non
2111 3073 2198 3123 est
2231 3082 2440 3137 passus
2472 3066 2554 3119 uti
2589 3080 2821 3120 corona.
2855 3062 3173 3132 Phrygium
3206 3077 3339 3115 vero
3367 3060 3616 3116 candido

1964 3159 2147 3213 nitore
2180 3155 2582 3228 splendidum,
2614 3152 3097 3208 resurrectionem
3132 3149 3495 3205 Dominicam
3527 3150 3621 3204 de-

1960 3247 2226 3318 signans,
2258 3246 2386 3315 ejus
2419 3241 2821 3298 sacratissimo
2860 3238 3058 3294 vertici
3094 3238 3366 3293 manibus
3399 3238 3619 3293 nostris

1959 3331 2378 3404 imposuimus,
2412 3334 2468 3385 et
2520 3332 2786 3384 tenentes
2837 3327 3065 3381 frenum
3119 3325 3217 3395 qui
3266 3325 3479 3395 ipsius,
3513 3341 3617 3394 pro

1960 3420 2280 3477 reverentia
2312 3418 2461 3473 beati
2515 3418 2688 3483 Petri,
2724 3416 2992 3470 stratoris
3043 3412 3300 3467 ofﬁcium
3334 3412 3430 3479 illi
3464 3412 3619 3467 exhi-

1960 3510 2220 3569 buimus.
2274 3512 2596 3563 statuentes
2652 3505 2855 3559 eodem
2916 3502 3163 3574 phrygio
3220 3517 3423 3555 omnes
3484 3500 3612 3570 ejus

1961 3613 2326 3654 successores
2358 3594 2736 3665 singulariter
2782 3592 2867 3645 uti
2918 3592 2976 3645 in
3012 3588 3505 3661 processionibus,
3542 3589 3613 3645 ad

1960 3688 2344 3743 imitationem
2374 3683 2601 3754 imperii
2629 3680 3011 3735 nostri.Unde
3032 3683 3096 3733 ut
3120 3695 3233 3733 non
3261 3678 3617 3750 pontificalis

1962 3802 2103 3857 apex
2134 3784 2394 3850 vilescat,
2428 3781 2525 3836 sed
2564 3782 2749 3850 magis
2781 3776 3039 3848 amplius
3064 3793 3242 3847 quam
3273 3777 3485 3831 terreni
3510 3777 3618 3830 im-

1960 3873 2103 3946 perii
2125 3873 2380 3944 dignitas
2402 3869 2596 3942 glorise
2622 3866 2877 3938 potentia
2898 3864 3108 3936 [gloria
3130 3868 3185 3920 et
3208 3865 3487 3936 potentia]
3513 3865 3616 3918 de-

1960 3966 2211 4031 coretur,
2246 3976 2378 4015 ecce
2408 3964 2528 4014 tam
2564 3957 2847 4029 palatium
2882 3959 3147 4009 nostrum
3182 3956 3269 4024 (ut
3303 3953 3607 4025 praelatum

1960 4054 2069 4124 est)
2102 4066 2275 4123 quam
2310 4050 2501 4104 Romae
2526 4048 2689 4101 urbis
2716 4050 2773 4101 et
2795 4061 2996 4099 omnes
3017 4043 3193 4097 Italiae
3217 4058 3319 4097 seu
3349 4042 3614 4096 occiden-

1962 4141 2163 4196 talium
2201 4139 2502 4210 regionum
2542 4133 2894 4207 provincias,
2923 4132 3048 4185 loca
3077 4138 3129 4185 et
3162 4130 3423 4183 civitates
3456 4144 3608 4199 stepe

1959 4230 2076 4284 fato
2108 4226 2448 4283 beatissimo
2482 4222 2742 4295 pontiﬁci
2772 4219 2928 4274 Patri
2962 4221 3159 4272 nostro
3185 4216 3461 4271 Silvestre
3485 4216 3612 4270 uni-

1955 4315 2167 4374 versali
2204 4331 2365 4386 papae
2418 4312 2848 4369 contradentes.
2882 4312 3059 4378 atque
3109 4305 3509 4375 relinquentes
3542 4305 3615 4371 ei,

1959 4405 2051 4460 vel
2082 4402 2524 4458 successoribus
2556 4400 2679 4455 suis
2713 4397 3058 4470 pontiﬁcum
3110 4393 3409 4466 potestati,
3441 4397 3498 4448 et
3528 4393 3616 4447 di-

1884 4487 1929 4551 D
1960 4493 2105 4550 tioni
2135 4493 2305 4547 ﬁrma
2336 4488 2657 4561 imperialis
2683 4502 2930 4543 censura
2960 4486 3402 4556 [Successorum
3428 4481 3615 4553 ipsius

1963 4581 2304 4656 pontificum
2340 4577 2617 4649 potestati
2650 4580 2707 4632 et
2729 4575 2935 4630 ditioni
2967 4574 3139 4628 firma
3170 4570 3459 4644 imperiali
3484 4587 3617 4626 cen-

1962 4688 2116 4728 sura.
2150 4670 2389 4726 lsidorus
2439 4670 2499 4723 in
2529 4665 2789 4722 conciliis
2818 4664 2969 4733 ms.],
3021 4678 3120 4733 per
3170 4661 3320 4715 hanc
3352 4664 3619 4716 nostram

1964 4760 2208 4817 divalem
2256 4774 2483 4813 sacram
2518 4760 2574 4811 et
2626 4753 3052 4827 pragmaticum
3087 4750 3496 4814 constitutum,
3530 4749 3625 4804 de-

1967 4850 2265 4906 cernimus
2317 4846 2776 4918 disponendum,
2809 4846 2981 4911 atque
3017 4839 3137 4909 juri
3188 4842 3400 4894 sancta
3431 4837 3624 4893 Eccle-

1968 4938 2065 4994 siae
2098 4939 2368 4992 Romanae
2400 4934 2777 4991 concedimus
2812 4929 3290 5003 permanendum
3328 4933 3624 4999 [perman-

1969 5030 2223 5096 surum].
2285 5025 2443 5081 Unde
2493 5038 2818 5095 congruum
2879 5018 3287 5091 perspeximus
3347 5020 3615 5072 nostrum

1972 5115 2283 5186 imperium
2300 5118 2357 5168 et
2380 5112 2541 5185 regni
2559 5115 2903 5183 potestatem
2922 5105 3307 5162 orientalibus
3324 5100 3627 5160 transferri

1975 5223 2039 5262 ac
2071 5202 2453 5260 transmutari
2479 5200 2913 5273 regionibus,et
2937 5197 2995 5252 in
3017 5196 3274 5268 Byzantii
3310 5190 3628 5265 provincia,

1974 5296 2032 5349 in
2067 5294 2191 5349 loco
2223 5292 2442 5364 optimo
2497 5289 2805 5363 [Byzantiis
2860 5285 3169 5357 provinciae
3219 5284 3461 5357 optimo,
3492 5280 3626 5345 etc.]

1977 5392 2198 5447 nomini
2234 5394 2430 5445 nostro
2463 5390 2755 5445 civitatem
2790 5383 3084 5450 aediﬁcari,
3120 5387 3175 5437 et
3208 5386 3474 5437 nostrum
3506 5374 3625 5431 illic

1977 5481 2250 5537 constitui
2282 5481 2613 5551 imperium,
2648 5476 2926 5549 quoniam
2980 5473 3076 5527 ubi
3136 5469 3499 5543 principatus
3532 5480 3625 5520 sa-

1981 5554 2315 5640 cerdotum,
2333 5576 2388 5627 et
2412 5570 2754 5625 Christiana
2795 5561 3095 5633 religionis
3130 5562 3305 5630 caput
3335 5557 3407 5614 ab
3436 5555 3625 5628 impe-
