3960 6072
350 229 457 284 343

1428 240 1496 292 Ι).
1537 238 1773 294 IVONIS
1807 244 2301 305 CARNOTRNSIS
2333 255 2651 313 EPISCOPI

3645 258 3762 314 344

353 356 542 409 ratore
574 351 792 408 ccelesti
826 355 1213 411 constitutum
1247 364 1356 423 est,
1379 361 1612 430 justum
1647 379 1760 418 non
1793 367 1901 435 est,
1930 370 1994 420 ut
2022 369 2076 436 Α
2106 368 2241 426 CAP.
2271 372 2362 430 52.
2395 407 2462 416 ——
2495 377 3066 455 Constilulumprimi
3104 382 3345 453 Henrici,
3377 386 3424 438 et
3452 384 3627 455 primi
3655 385 3763 439 Ut-

350 440 470 496 illic
497 443 766 497 terrenus
798 442 1115 514 imperator
1145 445 1355 503 habeat
1383 453 1755 520 potestatem.

351 559 480 639 Cain.
512 558 604 639 _50.
639 587 712 639 ᾖ
739 563 816 639 pc
845 575 907 614 eo
923 562 985 639 3i
1016 564 1145 639 quis.
1167 564 1250 639 alr
1278 568 1576 639 apostolico
1618 569 1818 639 falsam
1847 574 2000 629 detu-

422 631 550 715 lerit
577 631 994 715 epistola_m,.Ex
1021 631 1277 715 capitulis
1310 631 1496 694 Caroli
1538 631 1727 710 Magni
1756 644 1995 715 impera-

425 702 559 755 toris
590 705 759 767 (conc.
790 703 1026 770 Tribur.,
1059 721 1174 775 cap.
1211 707 1286 777 3).

422 808 578 877 (υἱεῖ.
614 809 700 873 19,
731 824 777 864 c.
811 810 872 864 In
924 813 1287 882 memoriam).
1343 816 1404 868 In
1460 819 1794 876 memoriam
1845 823 1997 879 beati

355 896 506 950 Petri
558 896 804 966 apostoli
859 898 1212 956 honoremus
1262 909 1526 961 sanctam
1575 911 1893 966 Romanam
1943 917 1999 967 et

354 985 734 1055 apostolicam
769 986 990 1056 sedem,
1024 993 1088 1042 ut
1113 1005 1238 1060 quas
1270 993 1438 1049 nobis
1469 998 1848 1054 sacerdotalis
1881 1018 1998 1056 ma-

351 1078 438 1127 ter
466 1076 554 1128 est
577 1073 902 1143 dignitatis,
919 1092 1046 1131 esse
1071 1078 1278 1134 debeat
1303 1083 1997 1154 magistraecclesiasticas

351 1160 615 1216 rationis.
648 1162 835 1226 Quare
889 1167 1170 1221 servanda
1221 1175 1311 1224 est
1360 1187 1492 1227 cum
1547 1180 2000 1234 mansuetudine

351 1249 712 1318 humanitas,
747 1257 804 1306 et
835 1251 968 1308 licet
994 1253 1085 1309 vix
1114 1256 1417 1315 ferendum
1448 1262 1520 1316 ab
1550 1262 1651 1320 illa
1681 1273 1884 1322 sancta
1904 1283 2000 1323 se-

354 1339 424 1393 de
445 1337 787 1410 imponatur
803 1342 1037 1412 jugum,
1065 1344 1319 1402 feramus
1339 1353 1394 1403 ct
1418 1349 1512 1420 pia
1533 1353 1837 1411 devotione
1859 1357 1997 1413 tole-

358 1445 576 1485 remus.
610 1430 667 1483 Si
699 1446 830 1486 vero
879 1433 1057 1502 (quod
1111 1452 1225 1490 non
1256 1439 1441 1509 decet)
1474 1442 1740 1515 quilibet,
1773 1447 1892 1502 sive
1925 1449 2002 1504 sit

355 1517 678 1589 presbyter,
724 1520 843 1575 sive
883 1521 1165 1578 diaconus
1197 1525 1454 1597 aliquam
1503 1534 1998 1600 perturbationem

355 1606 769 1678 machinando,
797 1613 852 1664 et
874 1614 1070 1666 nostro
1096 1614 1419 1671 ministerio
1445 1618 2000 1693 insidiando,redar-

349 1700 567 1764 guatur
597 1696 806 1752 falsam
839 1699 910 1753 ab
942 1701 1262 1771 apostolica
1303 1706 1439 1760 sede
1469 1707 1752 1766 detulisse
1784 1714 1998 1783 episto-

353 1782 493 1870 lam,
525 1784 611 1839 vel
643 1785 803 1841 aliud
837 1791 990 1858 quod
1029 1789 1164 1844 inde
1198 1808 1308 1847 non
1365 1797 1624 1864 venerit;
1679 1782 1836 1856 salva
1866 1804 1999 1870 fide,

351 1875 408 1924 et
438 1869 664 1943 integra
695 1874 847 1930 circa
876 1877 1260 1947 apostolicum
1296 1881 1645 1955 humilitate,
1673 1905 1847 1959 penes
1878 1893 1999 1964 epi-

354 1974 600 2030 scopum
633 1963 711 2016 sit
741 1969 1025 2032 potestas,
1059 1971 1257 2022 utrum
1307 1986 1439 2026 eum
1487 1973 1546 2028 in
1578 1991 1867 2034 carcerem
1899 1963 2001 2037 aut

351 2043 410 2098 in
443 2045 618 2102 aliam
649 2049 922 2106 detrudat
943 2056 1289 2124 custodiam,
1323 2076 1628 2133 usquequo
1659 2083 1760 2135 per
1788 2068 1999 2138 episto-

352 2133 466 2224 lam
498 2141 726 2224 autper
747 2139 988 2196 idoneos
1017 2159 1132 2197 suae
1155 2147 1340 2216 partis
1372 2148 1593 2220 legatos
1615 2133 1994 2224 apostolicam

345 2219 674 2294 interpellet
691 2226 1139 2301 sublimitatem,
1166 2239 1230 2287 ut
1263 2219 1634 2304 potissimum
1653 2219 1768 2296 sua
1790 2251 1996 2302 sancta

345 2310 633 2381 legatione
665 2314 942 2386 dignetur
965 2319 1454 2395 decernere,quid
1488 2328 1558 2383 de
1591 2330 1806 2387 talibus
1828 2334 1993 2403 justo

343 2401 550 2455 ordine
578 2400 669 2456 lex
704 2404 964 2461 Romana
1007 2412 1230 2465 statuat
1259 2412 1520 2486 definire,
1553 2421 1617 2472 ut
1645 2424 1703 2474 et
1732 2420 1782 2476 is
1812 2400 1990 2478 corri-

341 2493 535 2559 gatur,
562 2494 619 2545 et
648 2494 871 2550 caeteris
904 2497 1112 2552 modus
1144 2499 1498 2572 imponatur.

337 2607 471 2662 CAP.
499 2609 559 2662 5l
577 2651 590 2663 .
622 2641 696 2694 .—-.
719 2613 953 2695 Pactum
981 2620 1388 2695 constitutionis
1417 2625 1774 2695 imperatoris
1805 2633 1986 2690 Ludo«

585 2683 696 2738 vici
720 2687 899 2754 primi
925 2702 1051 2741 cum
1083 2689 1342 2747 Romanis
1367 2683 1736 2766 pontiﬁcibus.

403 2785 566 2856 (Dist.
593 2789 684 2853 63,
715 2805 762 2843 c.
800 2793 906 2862 Ego
927 2793 1273 2864 Ludovicus).
1309 2799 1425 2870 Ego
1449 2801 1774 2863 Ludovicus
1797 2810 1982 2881 impe-

334 2879 492 2928 rator
521 2878 845 2950 Augustus,
880 2885 1073 2937 statuo
1105 2889 1161 2938 et
1191 2891 1444 2943 concedo
1478 2908 1580 2962 per
1607 2894 1715 2951 hoc
1747 2878 1980 2968 pactum

331 2963 794 3022 conﬁrmationis
819 2974 1033 3026 nostrae
1055 2972 1162 3028 tibi
1192 2976 1359 3032 beato
1383 2982 1549 3036 Petro
1574 2963 1823 3057 principi
1848 3005 1982 3060 apo-

325 3049 632 3123 etolorum,
667 3059 724 3109 et
773 3073 872 3127 per
919 3063 974 3113 te

325 3154 561 3195 summo
606 3144 888 3213 pontifici,
923 3151 979 3203 et
1009 3154 1450 3209 successoribus
1499 3158 1628 3228 ejus
1679 3161 1736 3216 in
1769 3180 1977 3236 perpe-

321 3232 514 3298 tuum,
550 3230 702 3286 sicut
735 3249 768 3287 a
803 3236 1334 3305 prsedecessoribus
1367 3246 1575 3302 vestris
1607 3230 1792 3322 usque
1822 3230 1977 3312 nunc

323 3315 383 3370 in
413 3323 607 3375 vestra
639 3325 946 3392 potestate,
969 3333 1024 3380 et
1047 3327 1267 3383 ditione
1288 3333 1561 3390 tenuistis
1592 3341 1646 3391 et
1677 3315 1974 3412 disposui-

326 3407 434 3462 stis
467 3408 762 3466 civitatem
799 3412 1148 3480 Romanam,
1184 3434 1313 3472 cum
1347 3421 1558 3477 ducatu
1603 3443 1730 3497 suo,
1759 3407 1815 3485 et
1845 3435 1977 3490 sub-

327 3496 566 3551 urbanis
593 3503 767 3568 atque
797 3500 1008 3557 viculis
1039 3507 1336 3578 omnibus,
1385 3515 1441 3565 et
1473 3496 1782 3573 territoriis
1821 3523 1972 3594 ejus,

325 3584 619 3639 montanis
651 3590 709 3640 et
741 3589 1056 3648 maritimis
1107 3593 1404 3654 littoribus
1433 3605 1489 3655 et
1526 3584 1969 3676 portubus,‘seu'

321 3671 550 3726 cunctis
600 3673 956 3745 civitatibus,
1021 3682 1302 3749 castellis,
1362 3671 1594 3760 oppidis
1651 3710 1716 3749 ac
1767 3671 1971 3756 viculis

319 3756 519 3850 [villis
551 3761 680 3828 legit
729 3767 1058 3839 Gratianus]
1111 3770 1169 3825 in
1220 3756 1458 3830 Tusciae.
1500 3781 1783 3850 partibus.
1820 3787 1968 3842 Item-

319 3847 563 3910 Quando
603 3851 802 3905 divina
832 3856 1132 3913 vocatione
1166 3860 1343 3930 hujus
1377 3847 1783 3927 sacratissima:
1815 3878 1971 3933 sedis

319 3935 578 4004 pontifex
599 3937 669 3991 de
693 3938 800 3992 hoc
834 3945 1053 3998 mundo
1087 3948 1440 4019 migraverit,
1469 3955 1665 4013 nullus
1697 3977 1762 4015 ex
1793 3981 1969 4036 regno

317 4027 514 4079 nostro
538 4031 638 4080 aut
660 4028 940 4094 Francus,
965 4036 1066 4085 aut
1091 4032 1529 4114 Longobardus,
1555 4051 1656 4101 aut
1687 4050 1757 4106 de
1789 4027 1972 4123 quali-

318 4111 416 4212 bet
446 4118 616 4212 gente
637 4113 824 4212 homo
875 4120 986 4174 sub
1019 4128 1221 4178 nostra
1275 4111 1558 4198 potestate
1588 4111 1964 4212 constitutus,

315 4198 612 4257 licentiam
636 4202 851 4262 habeat
871 4215 1075 4266 contra
1096 4216 1338 4271 Romam
1360 4226 1461 4274 aut
1478 4224 1707 4293 publice
1730 4198 1965 4302 autpri;

313 4290 492 4384 vatim
523 4291 816 4360 veniendi,
851 4296 936 4351 vel
970 4299 1312 4359 electionem
1345 4290 1616 4380 faciendi,
1651 4290 1964 4392 nullusque

313 4373 373 4428 in
405 4375 742 4436 civitatibus
771 4385 860 4437 vel
892 4388 1198 4446 territoriis
1229 4395 1298 4447 ad
1333 4373 1778 4460 Ecclesiaebeati

311 4465 937 4560 apostolipotestatem
989 4477 1418 4546 pertinentibus
1467 4487 1696 4560 aliquod
1741 4496 1960 4553 malum

310 4557 548 4623 propter
577 4554 684 4611 hoc
716 4559 904 4616 facere
947 4575 1305 4639 praesumat;
1354 4576 1451 4630 sed
1488 4554 1658 4636 liceat
1688 4583 1963 4642 Romanis

306 4727 486 4797 tione,
520 4731 902 4794 honoriﬁcam
940 4758 1047 4797 suo
1098 4727 1672 4816 pontifici-exhibere
1698 4727 1960 4830 sepultu-

305 4833 453 4886 ram,
488 4825 545 4874 et
593 4837 723 4878 eum
779 4842 954 4896 quem
1005 4831 1203 4890 divina
1250 4837 1654 4910 inspiratione,
1708 4825 1782 4902 et
1808 4850 1956 4906 beati

302 4907 456 4960 Petri
491 4907 914 4972 intercessione
946 4934 1152 4978 omnes
1177 4907 1419 4982 Romani
1454 4947 1569 4987 uno
1602 4937 1847 4994 consilio
1877 4945 1959 4995 at-

301 5009 415 5064 que
445 5001 775 5071 concordia,
810 5004 939 5061 sine
970 5008 1168 5080 aliqua
1200 5017 1587 5084 promissione
1619 5025 1686 5078 ad
1723 5029 1955 5096 pontifi-

299 5087 468 5186 catus
499 5089 765 5145 ordinem
799 5093 1103 5167 elegerint,
1128 5103 1256 5158 sine
1285 5106 1540 5174 qualibet
1570 5087 1955 5186 ambiguitate

297 5171 386 5227 vel
436 5178 896 5239 contradictione
950 5202 1106 5244 more
1156 5193 1432 5250 canonico
1484 5171 1843 5261 consecrare.
1891 5211 1954 5262 Et

299 5261 440 5318 dum
475 5274 848 5326 consecratus
882 5273 1077 5345 fuerit,
1126 5277 1299 5349 legati
1349 5284 1419 5338 ad
1453 5303 1578 5354 nos,
1604 5290 1686 5344 vel
1720 5295 1786 5348 ad
1817 5311 1949 5349 suc-

301 5365 562 5446 cessores
595 5362 824 5415 nostros
870 5379 1032 5434 reges
1082 5366 1432 5426 Francorum
1467 5375 1814 5451 dirigantur,
1849 5384 1947 5453 qui

300 5436 454 5493 inter
482 5459 587 5498 nos
617 5451 673 5499 et
705 5447 869 5506 illum
919 5454 1261 5522 amicitiam,
1293 5465 1349 5513 et
1379 5436 1722 5522 charitatem
1755 5436 1821 5523 ac
1854 5436 1948 5542 pa-

299 5540 425 5580 cem
457 5531 696 5592 socient.

2547 453 2689 506 tonis
2713 468 2838 506 cum
2867 453 3127 508 Romanis
3155 463 3306 524 pont.

2176 532 2342 603 (Dist.
2374 536 2464 607 63,
2495 554 2614 610 cap.
2650 538 3067 612 Constitutum).
3102 541 3174 596 Ut
3204 541 3405 598 nullus
3437 543 3763 598 missorum

2107 626 2462 694 nostrorum,
2518 628 2923 700 cujuscunque
2981 631 3383 702 impeditionis
3441 649 3762 703 argumen-

2104 711 2231 764 tum
2291 729 2659 787 componere,
2720 717 2778 772 in
2829 717 3108 774 electione
3158 719 3405 775 Romani
3456 721 3760 791 pontificis

2106 800 2338 870 audeat,
2373 805 2612 859 omnino
2645 806 3048 877 prohibemus.
3099 809 3251 876 Item,
3285 808 3510 864 Ibidem.
3541 812 3602 864 In
3636 809 3764 864 ele-

2106 889 2297 945 ctione
2331 891 2723 948 Romanorum
2778 895 3120 966 pontificum
3153 911 3342 966 neque
3389 896 3536 952 liber
3567 914 3763 968 neque

2107 992 2308 1032 servus
2340 981 2411 1034 ad
2455 981 2561 1036 hoc
2592 985 2784 1038 venire
2829 989 3168 1054 praesumat,
3218 989 3283 1039 ut
3313 984 3430 1040 illis
3478 986 3764 1040 Romanis

2108 1081 2252 1136 quos
2279 1068 2349 1122 ad
2385 1069 2534 1124 hanc
2563 1070 2930 1142 electionem,
2969 1089 3070 1144 per
3099 1073 3576 1129 constitutionem
3621 1092 3762 1130 san-

2107 1160 2329 1210 ctorum
2366 1162 2599 1214 Patrum
2655 1161 2896 1232 antiqua
2943 1161 3183 1216 admisit
3229 1164 3616 1231 consuetudo,
3648 1163 3764 1218 ali-

2106 1246 2256 1314 quod
2291 1246 2464 1301 faciat
2515 1248 3018 1319 impedimentum.
3069 1251 3230 1316 Quod
3283 1251 3331 1306 si
3382 1251 3515 1322 quis
3555 1257 3764 1308 contra

2107 1331 2258 1387 hanc
2289 1341 2547 1391 nostram
2582 1339 3063 1394 constitutionem
3110 1341 3573 1412 praesumpserit,
3607 1342 3763 1396 exsi-

2106 1421 2185 1476 lio
2216 1423 2500 1479 tradatur.

2107 1529 2263 1607 CAP._
2305 1531 2397 1586 53.
2431 1537 2640 1607 i—_In
2695 1537 2894 1606 quibus
2949 1538 3269 1593 civitatibus
3331 1538 3443 1591 sint
3497 1538 3766 1607 primates

2181 1604 2638 1727 pefpalriarchz.
2693 1604 2976 1663 Anacletus
3023 1625 3166 1680 papa
3208 1610 3269 1664 in
3298 1604 3533 1664 secundo
3576 1609 3763 1664 decre-

2204 1691 2236 1727 a
2265 1689 2282 1726 ι
2310 1691 2426 1727 suo.

2204 1689 2282 1728 au
2310 1691 2426 1730 suo.

2179 1762 2338 1831 (Dist.
2361 1765 2450 1830 99,
2474 1781 2594 1835 cap.
2621 1768 2973 1837 Prouincia).
3000 1767 3314 1823 Provinciae
3348 1772 3544 1824 autem
3570 1768 3763 1824 multo

2111 1854 2244 1906 ante
2263 1852 2478 1909 Christi
2500 1856 2814 1911 adventum
2843 1861 3105 1928 tempore
3125 1856 3321 1912 divisae
3345 1861 3485 1912 sunt
3505 1857 3768 1914 maxime

2109 1955 2177 1994 ex
2207 1946 2390 2011 parte,
2422 1948 2478 1997 et
2507 1948 2706 2014 postea
2739 1946 2808 2000 ab
2840 1945 3123 2016 apostolis
3171 1950 3229 2000 et
3260 1946 3429 2001 beato
3460 1945 3764 2002 Clemente

2107 2030 2528 2099 praedecessore
2561 2037 2757 2089 nostro
2807 2034 2936 2106 ipsa
2965 2034 3174 2089 divisio
3220 2039 3309 2089 est
3358 2040 3653 2090 renovata.
3693 2039 3764 2090 Et

2106 2116 2164 2171 in
2198 2119 2386 2189 capite
2417 2122 2844 2191 provinciarum
2873 2125 3174 2194 [renovata
3204 2127 3294 2178 est
3321 2123 3380 2177 in
3413 2123 3601 2195 capite
3634 2141 3766 2193 pro-

2102 2204 2448 2275 vinciarum,
2475 2211 2632 2280 etc.],
2677 2209 2777 2264 ubi
2810 2211 3034 2266 dudum
3086 2211 3368 2282 primates
3400 2211 3558 2282 leges
3591 2218 3766 2267 erant

2103 2293 2318 2362 saeculi,
2350 2311 2415 2350 ac
2460 2297 2651 2368 prima
2692 2298 3012 2369 judiciaria
3042 2302 3320 2370 potestas,
3374 2300 3445 2354 ad
3477 2315 3622 2370 quos
3653 2301 3761 2371 qui

2101 2397 2206 2453 per
2231 2383 2485 2455 reliquas
2535 2389 3072 2454 commorabantur,
3107 2389 3342 2459 quando
3390 2388 3475 2443 eis
3518 2403 3765 2444 necesse

2100 2477 2243 2539 erat,
2276 2473 2375 2543 qui
2407 2475 2477 2529 ad
2529 2475 2723 2530 aulam
2778 2476 3200 2547 imperatorum
3231 2475 3319 2530 vel
3365 2492 3567 2548 regum
3615 2493 3761 2532 con-

2099 2560 2299 2632 fugere
2332 2579 2445 2618 non
2480 2567 2764 2633 poterant,
2816 2565 2903 2621 vel
2954 2565 3170 2636 quibus
3224 2565 3578 2636 permissum
3633 2582 3756 2621 non

2097 2654 2240 2716 erat,
2273 2651 2688 2724 confugiebant
2718 2670 2820 2725 pro
2861 2654 3348 2725 oppressionibus
3394 2652 3478 2709 vel
3510 2655 3752 2724 injusti-

2096 2737 2188 2793 tiis
2220 2741 2365 2805 suis,
2398 2741 2676 2813 ipsosque
2699 2741 3075 2814 appellabant
3098 2743 3560 2815 quotiescunque
3590 2759 3749 2815 cpus

2094 2833 2236 2895 erat,
2283 2829 2433 2884 sicut
2485 2831 2541 2884 in
2592 2831 2717 2902 lege
2764 2848 2965 2887 eorum
3014 2834 3369 2904 praeceptum
3411 2831 3748 2904 [scriptum]

2093 2923 2234 2971 erat.
2271 2918 2422 2988 Ipsis
2455 2936 2687 2990 quoque
2718 2921 2776 2974 in
2827 2920 3163 2976 civitatibus
3206 2920 3296 2976 vel
3345 2920 3489 2976 locis
3521 2923 3749 2978 nostris

2093 3005 2480 3074 patriarchas,
2503 3007 2589 3063 vel
2613 3009 2892 3080 primates
2913 3009 3009 3080 qui
3037 3025 3215 3064 unam
3242 3009 3486 3064 formam
3513 3015 3743 3079 tenent,

1063 3061 1073 3070 .
1186 3061 1198 3073 .
2093 3061 2111 3074 .
2404 3061 2425 3062 η
2467 3061 2480 3072 ,
2549 3061 2561 3063 -
2729 3061 2888 3065 ηπ-
2920 3061 3008 3080 1m
3242 3061 3484 3064 ~--———
3521 3061 3743 3079 ηην--ι

1023 3077 1238 3117 "cano
1288 3069 1386 3169 ίξξο
1426 3068 1664 3127 domino
1713 3073 1977 3132 PaSChali
2010 3099 2051 3166 ρ
2091 3090 2226 3146 licet
2257 3093 2484 3150 diversa
2515 3061 2634 3150 sint
2665 3097 2926 3167 nomina,
2960 3097 3118 3169 leges
3149 3097 3354 3152 divinae
3385 3102 3444 3153 et
3468 3097 3749 3154 ecclesia-

2091 3181 2247 3236 sticas
2280 3183 2437 3252 poni,
2479 3192 2526 3238 et
2562 3200 2691 3240 esse
2729 3186 3062 3256 jusserunt,
3098 3187 3168 3241 ad
3202 3203 3350 3258 quos
3379 3187 3638 3260 episcopi
3672 3189 3749 3259 (si

2086 3285 2323 3325 necesse
2354 3272 2569 3343 (fuerit)
2623 3275 3028 3346 confugerent,
3060 3291 3279 3348 eosque
3328 3275 3696 3347 appellarent
3731 3293 3745 3331 :

2085 3360 2142 3412 et
2171 3357 2284 3428 ipsi
2318 3359 2630 3430 primatum
2682 3364 2922 3418 nomine
2975 3365 3328 3432 fruerentur,
3380 3370 3437 3419 et
3468 3380 3585 3419 non
3619 3365 3744 3422 alii.

2085 3445 2342 3516 Reliquas
2375 3466 2505 3505 vero
2539 3452 2998 3521 metropolitanaa
3031 3452 3294 3507 civitates
3319 3469 3447 3523 quae
3480 3453 3745 3510 minores

2072 3534 2306 3604 judices
2337 3536 2631 3593 habebant
2653 3538 2811 3610 (licet
2841 3541 3094 3610 majores
3116 3541 3433 3596 comitibus
3466 3541 3743 3611 [comita-

2083 3623 2266 3694 tibus]
2299 3631 2514 3694 essent)
2566 3627 2848 3683 haberent
2899 3627 3385 3700 metropolitanos
3433 3646 3597 3697 suos,
3631 3633 3741 3702 qui

2082 3713 2376 3782 praedictis
2419 3715 2582 3783 juste
2626 3717 2932 3772 obedirent
2979 3717 3354 3789 primatibus,
3407 3717 3558 3773 sicut
3587 3724 3643 3774 et
3674 3720 3740 3777 in

2082 3799 2312 3871 legibus
2343 3803 2537 3857 saeculi
2571 3804 2905 3860 ordinatum
2939 3810 3083 3873 erat,
3109 3807 3212 3877 qui
3243 3823 3357 3861 non
3391 3805 3742 3880 primatum,

2082 3891 2179 3945 sed
2224 3895 2324 3944 aut
2373 3893 2955 3964 metropolitanorum
3005 3900 3108 3950 aut
3153 3895 3738 3967 archiepiscoporum

2081 3975 2314 4030 nomine
2347 3977 2702 4036 fruerentur.
2733 3981 2803 4035 Et
2833 3980 2968 4036 licet
2999 3981 3247 4054 singulae
3269 3983 3623 4055 metropoles
3653 3987 3741 4040 ci-

2078 4064 2308 4130 vitates,
2343 4082 2482 4121 suas
2515 4068 2845 4138 provincias
2877 4069 3153 4135 habeant,
3182 4076 3241 4126 et
3273 4088 3410 4126 suos
3444 4076 3741 4144 metrOpo-

2078 4151 2288 4208 litanos
2319 4153 2534 4210 habere
2563 4157 2815 4213 debeant
2862 4158 3189 4231 episcopos,
3224 4160 3378 4216 sicut
3408 4161 3569 4232 prius
3604 4179 3737 4217 me-

2077 4241 2461 4312 tropolitanos
2493 4243 2790 4300 habebant
2817 4246 3048 4317 judices
3083 4246 3415 4318 saeculares,
3448 4248 3736 4319 primates

2072 4331 2268 4384 tamen
2286 4336 2346 4385 ut
2362 4333 2659 4402 praeﬁxum
2681 4339 2791 4405 est,
2813 4340 2869 4390 et
2890 4340 3031 4391 tunc
3057 4340 3115 4390 et
3137 4353 3291 4390 nunc
3315 4336 3731 4408 baberejussae

2073 4423 2236 4483 sunt,
2264 4420 2333 4472 ad
2368 4437 2514 4491 quos
2549 4427 2682 4493 post
2713 4423 2908 4478 sedem
2944 4425 3326 4495 apostolicam
3353 4442 3588 4481 summa
3619 4442 3728 4482 ne-

2069 4507 2225 4574 gotia
2256 4508 2626 4571 conveniant,
2672 4515 2735 4564 ut
2767 4511 2982 4566 ibidem
3033 4511 3250 4582 quibus
3281 4528 3521 4568 necesse
3548 4513 3730 4569 fuerit

2074 4591 2424 4662 releventur,
2453 4601 2510 4651 et
2533 4601 2696 4667 juste
2741 4600 3152 4667 restituantur,
3185 4606 3242 4656 et
3271 4601 3330 4655 hi
3364 4602 3464 4673 qui
3498 4602 3726 4672 injuste

1939 4705 1962 4716 -
2071 4683 2670 4756 opprimunturjuste
2721 4688 3112 4743 reformentur
3163 4693 3336 4760 atque
3381 4690 3726 4762 fulciantur,

2071 4770 2598 4846 episcoporumque
2630 4792 2817 4831 causae
2851 4781 2907 4831 et
2944 4793 3312 4833 summorum
3348 4778 3725 4851 negotiorum

2063 4859 2307 4929 judicia,
2340 4861 2500 4918 salva
2531 4864 2860 4934 apostolica:
2910 4866 3067 4922 sedis
3115 4867 3484 4934 auctoritate,
3512 4868 3731 4938 justis-

2069 4947 2214 5004 sime
2246 4953 2657 5008 terminentur.

2064 5054 2197 5108 CAP.
2229 5057 2319 5111 54.
2355 5088 2420 5099 —
2456 5058 2560 5125 Qui
2580 5059 2694 5113 sint
2723 5061 3011 5136 primates:
3039 5061 3256 5136 duilius
3288 5061 3589 5134 (Anicetus)
3617 5082 3724 5136 pa-

2573 5147 2646 5201 pa
2677 5133 2944 5203 episcopis
2975 5133 3186 5188 Gallias.

2133 5217 2293 5282 (Dist.
2325 5219 2415 5286 99,
2445 5235 2571 5287 cap.
2621 5220 2782 5274 Nulli
2811 5220 3252 5292 archiepiscopi).
3299 5222 3457 5278 Nulli
3487 5221 3717 5280 archie-

2063 5303 2283 5376 piscopi
2319 5307 2600 5376 primates
2631 5312 2930 5376 vocentur,
2963 5309 3075 5364 nisi
3119 5309 3202 5365 illi
3235 5312 3335 5382 qui
3369 5311 3592 5383 primas
3625 5316 3714 5368 te-

2061 5397 2197 5444 nent
2227 5393 2510 5459 civitates,
2543 5411 2791 5464 quarum
2841 5397 3148 5470 episcopos
3181 5400 3450 5471 apostoli,
3484 5404 3541 5455 et
3572 5416 3710 5457 suc-

2057 5494 2316 5534 cessores
2332 5482 2726 5553 apostolorum
2740 5484 3107 5556 ,regulariter
3125 5489 3487 5560 patriarchas
3511 5494 3570 5544 et
3592 5492 3713 5563 pri-

2058 5571 2242 5623 mates
2273 5586 2402 5627 esse
2420 5573 2998 5645 constituerunt,nisi
3029 5576 3227 5649 aliqua
3256 5594 3399 5650 gens
3421 5577 3708 5653 deinceps
