3978 6060
168 276 281 331 345

879 280 1191 333 DECRETI
1229 281 1412 333 PARS
1448 280 1514 330 V.
1551 305 1617 314 ——
1646 277 1742 329 DE
1780 272 2102 327 PBIMATU
2140 271 2312 324 ROM.
2354 269 2665 331 ECCLES.,
2703 267 2856 320 ETC.

3467 262 3573 316 346

172 404 247 459 ad
284 402 463 458 ﬁdem
497 406 895 471 convertatur,
939 404 1034 458 cui
1068 420 1303 459 necesse
1342 404 1421 459 sit
1450 406 1685 474 propter
1731 416 1823 455 eo-
1856 400 1910 465 Α
1942 397 2093 453 mitti
2118 395 2345 466 negotia
2367 392 2653 465 [judicia];
2678 394 2893 462 quanto
2926 389 3125 445 minus
3147 389 3362 456 divina,
3387 388 3443 443 id
3484 394 3576 445 est

180 509 318 546 rum
354 491 800 546 multitudinem
828 492 1137 563 primatem
1163 493 1462 548 constitui.
1488 489 1717 561 Reliqui
1738 506 1826 543 ve-

184 599 249 636 ro
283 581 385 651 qui
413 581 562 637 alias
584 582 1069 652 metropolitanas
1101 583 1269 637 sedes
1300 582 1491 652 adepti
1525 584 1681 645 sunt,
1707 596 1821 632 non

172 670 482 741 primates,
517 670 615 725 sed
650 671 1087 741 metropolitani
1116 672 1514 725 nominentur.
1540 669 1614 740 (9,
1638 670 1818 738 q.3,c.

174 757 236 812 Si
266 763 452 811 autem
484 758 734 827 aliquis.)
766 757 824 812 Si
859 762 1052 811 autem
1090 757 1305 828 aliquis
1337 754 1820 825 metropolitano-

175 862 311 901 rum
341 845 574 901 inﬂatus
604 846 799 911 fuerit,
824 851 880 899 et
904 846 1033 901 sine
1075 847 1336 901 omnium
1377 842 1819 912 provincialium

178 936 493 1007 praasentia
518 934 606 988 vel
640 934 883 989 consilio
907 936 1320 1006 episCOporum
1344 938 1445 988 aut
1474 948 1699 997 eorum,
1724 935 1823 985 aut

177 1022 326 1078 alias
350 1040 530 1077 causa
552 1023 663 1078 nisi
694 1040 791 1077 eas
824 1028 1079 1090 tantum,
1103 1039 1228 1092 qua:
1254 1024 1321 1077 ad
1341 1022 1630 1093 propriam
1655 1036 1821 1075 suam

177 1112 479 1183 pertinent
502 1111 839 1181 parochiam
867 1128 1037 1181 agere
1061 1116 1160 1165 aut
1183 1127 1280 1164 eos
1306 1126 1542 1180 gravare
1557 1107 1821 1173 voluerit,

179 1201 252 1254 ab
286 1200 565 1255 omnibus
588 1199 849 1254 districte
881 1201 1230 1270 corrigatur,
1273 1215 1343 1253 ne
1386 1198 1520 1252 talia
1552 1196 1824 1267 deinceps

180 1305 538 1360 prazsumere
587 1289 819 1343 audeat.
870 1289 928 1343 Si
972 1306 1104 1343 vero
1164 1287 1580 1357 incorrigibilis
1628 1286 1825 1354 eisque

176 1376 525 1431 inobediens
553 1376 913 1448 apparuerit,
935 1378 1001 1430 ad
1021 1377 1171 1431 hanc
1192 1374 1575 1447 apostolicam
1602 1378 1823 1441 sedem,

178 1467 273 1520 cui
298 1465 567 1520 omnium
590 1465 999 1536 episcoporum
1017 1464 1245 1534 judicia
1271 1463 1589 1519 terminare
1612 1476 1827 1532 praece-

180 1558 281 1624 pta
315 1558 477 1621 sunt,
500 1553 626 1622 ejus
649 1553 1023 1608 contumacia
1056 1553 1359 1621 referatur,
1396 1558 1456 1606 ut
1489 1551 1741 1605 vindicta
1759 1550 1828 1603 de

179 1658 247 1697 eo
290 1642 411 1708 ﬁat,
448 1647 510 1696 ut
539 1642 726 1696 caeteri
761 1642 1034 1696 timorem
1068 1641 1346 1696 habeant.
1381 1640 1435 1694 Si
1469 1644 1665 1695 autem
1693 1655 1828 1709 pro-

180 1734 312 1801 pter
340 1730 588 1784 nimiam
625 1729 1141 1801 longinquitatem,
1168 1734 1267 1784 aut
1300 1728 1583 1800 temporis
1612 1729 1823 1782 incom-

182 1818 553 1885 moditatem,
589 1817 674 1873 vel
706 1818 933 1874 itineris
966 1817 1342 1890 asperitatem
1376 1834 1550 1889 grave
1581 1817 1652 1871 ad
1684 1816 1836 1870 hanc

184 1906 573 1978 apostolicam
616 1907 816 1962 sedem
875 1907 1004 1977 ejus
1063 1922 1301 1961 causam
1363 1905 1584 1960 deferre
1643 1905 1834 1970 fuerit,

182 2001 326 2051 tunc
358 1996 427 2049 ad
463 1996 591 2065 ejus
643 1996 955 2066 primatem
1010 2012 1190 2049 causa
1228 1994 1542 2059 deferatur,
1576 1997 1632 2047 et
1662 2009 1836 2063 penes

184 2086 384 2156 ipsum
413 2084 592 2153 hujus
624 2089 839 2138 sanctae
870 2084 1028 2139 sedis
1060 2083 1734 2153 auctoritatejudicetur.
1759 2080 1838 2135 Si-

183 2173 427 2241 militer,
466 2173 512 2228 si
548 2172 767 2243 aliquis
809 2174 1218 2243 episcoporum
1261 2172 1564 2243 proprium
1621 2176 1835 2226 metro-

182 2262 514 2331 politanum
572 2266 911 2333 suspectum
975 2262 1269 2326 habuerit,
1322 2262 1475 2330 apud
1528 2260 1836 2330 primatem

180 2351 524 2416 diceceseos,
558 2356 659 2405 aut
690 2351 845 2421 apud
882 2349 1036 2405 hanc
1071 2349 1456 2420 apostolicam
1502 2349 1699 2404 sedem
1733 2365 1837 2404 au-

186 2439 404 2496 diatur.

178 2574 320 2628 CAP.
351 2574 441 2629 55.
475 2603 542 2613 —-
575 2573 724 2641 Quod
757 2575 987 2645 inimici
1012 2577 1373 2645 accusatores
1420 2588 1536 2628 esse
1576 2590 1683 2628 non
1712 2590 1835 2645 pos-

257 2646 713 2781 supt.8)Nicolaus
767 2662 913 2716 papa
974 2644 1234 2699 Michaeli
1291 2646 1525 2714 Augusto
1570 2646 1747 2715 (epist.
1781 2646 1837 2713 2,

257 2732 367 2772 ve.
466 2759 477 2771 .

256 2732 367 2772 vet.
400 2732 477 2772 ὅ).

258 2831 486 2886 Placuit
508 2834 723 2886 sancte
748 2832 970 2903 synodo
992 2833 1403 2903 episcoporum
1428 2831 1527 2903 qui
1550 2832 1838 2887 Constan-

184 2920 538 2991 tinopolium
560 2925 1002 2984 concurrerunt,
1020 2937 1091 2975 ne
1113 2922 1241 2975 sine
1265 2921 1600 2975 discusione
1623 2921 1836 2974 admit-

180 3015 391 3065 tantur
409 3014 911 3074 accusatores,nec
926 3011 1203 3065 omnibus
1219 3009 1588 3081 praecipiatur
1602 3026 1838 3064 accusa-

1931 484 2325 541 ecclesiastica
2345 485 2372 537 ?
2401 482 2507 546 Qui
2538 482 2773 552 sapiens
2805 484 2894 534 est
2922 477 3232 549 intelligat.
3281 482 3347 533 Et
3377 495 3576 535 revera

1933 575 2067 630 hinc
2098 572 2471 628 Justinianus
2504 570 2819 639 imperator
2850 567 2960 636 piis
2992 566 3169 637 [pius]
3205 564 3430 636 legibus
3453 566 3576 621 suis

1934 663 2341 736 promulgasse
2364 658 2747 731 dignoscitur,
2775 657 2979 710 dicens
3012 672 3025 709 :
3063 655 3253 709 Liceat
3284 655 3335 708 ei
3364 654 3459 724 qui
3479 671 3576 708 su-

1932 759 2195 825 spectum
2241 750 2504 821 judicem
2538 748 2713 801 habet
2744 744 2979 816 [putat],
3012 748 3328 813 antequam
3364 742 3434 797 lis
3485 742 3577 795 in-

1931 843 2335 907 choetur,eum
2370 852 2657 901 recusare,
2686 840 2747 888 ut
2768 834 2834 887 ad
2861 831 3041 887 alium
3066 830 3579 885 recurratur.Nam

1932 929 2360 1003 quodammodo
2394 924 2658 980 naturale
2680 928 2767 977 est
2785 919 3472 993 suspectorumjudicum
3488 919 3580 972 in-

1934 1020 2117 1075 sidias
2139 1016 2432 1072 declinare
2463 1020 2519 1069 et
2548 1008 3225 1080 inimicorumjudicium
3248 1007 3336 1061 vel
3361 1008 3580 1079 fugere.

1936 1110 2079 1163 Hinc
2110 1110 2349 1161 sanctus
2379 1108 2635 1159 Joannes
2667 1118 2731 1156 os
2761 1114 3007 1155 aureum
3022 1095 3248 1151 concilii
3282 1102 3484 1151 contra
3524 1113 3585 1151 se

1935 1194 2273 1268 congregati
2305 1192 2500 1248 renuit
2528 1190 2749 1245 intrare
2780 1187 3111 1258 collegium.
3130 1184 3384 1256 (Joannes
3410 1183 3585 1255 Chry-

1934 1290 2150 1341 sostom.
2188 1284 2276 1351 19,
2307 1301 2349 1337 c.
2388 1284 2463 1351 :2).

1937 1374 2072 1429 CAP.
2121 1374 2212 1428 56.
2246 1403 2311 1411 —-
2342 1372 2415 1425 De
2461 1370 2594 1438 jure
2646 1368 2980 1438 primatum.
3033 1362 3288 1417 Nicolaus
3346 1362 3585 1430 Radulfo

2362 1436 2699 1495 Bituricensi
2728 1436 3157 1505 archiepiscopo.

2012 1534 2087 1605 (9,
2119 1550 2169 1604 q.
2204 1532 2257 1599 3,
2289 1548 2333 1585 ε.
2370 1528 2751 1599 Conqueslus.)
2792 1525 3155 1595 Conquestus
3182 1526 3267 1577 est
3298 1520 3588 1594 apostola-

1939 1623 2026 1678 tui
2058 1625 2257 1677 nostro
2292 1620 2465 1674 frater
2495 1615 2820 1689 Sigebodus
2850 1613 3325 1683 archiepiscopus
3365 1611 3589 1665 Narbo-

1944 1711 2163 1775 nensis,
2200 1709 2351 1780 quod
2384 1706 2623 1763 clericos
2670 1720 2808 1759 suos
2862 1720 2928 1759 eo
2971 1702 3152 1756 invito
3183 1702 3252 1756 ad
3296 1698 3589 1771 judicium

1871 1762 1912 1826 Β
1946 1804 2114 1854 tuum
2150 1762 2349 1853 venire
2387 1794 2728 1867 compellas,
2778 1800 2833 1847 et
2864 1793 2935 1847 de
2968 1791 3143 1846 rebus
3175 1790 3245 1844 ad
3273 1762 3590 1843 ﬁcolesiam

1946 1905 2111 1945 suam
2149 1885 2603 1960 pertinentibus,
2636 1900 2701 1938 eo
2732 1880 3085 1949 inconsulto,
3119 1878 3288 1951 quasi
3312 1879 3445 1949 jure
3489 1894 3590 1948 pa-

1945 1977 2305 2032 triarchatus
2335 1975 2418 2030 tui
2460 1975 2763 2045 disponas,
2789 1988 2921 2026 cum
2946 1974 3001 2025 et
3032 1984 3220 2039 neque
3268 1966 3592 2039 antiquitas

1947 2068 2063 2135 (cui
2083 2067 2276 2121 Patres
2292 2079 2537 2120 sanxere
2551 2058 3258 2130 reverentiam)habeat,et
3272 2056 3592 2111 auctoritas

1949 2162 2291 2211 sanctorum
2329 2167 2618 2207 canonum
2652 2148 2888 2221 penitus
2940 2147 3269 2211 interdicat,
3294 2144 3408 2199 nisi
3450 2144 3595 2199 forte

1949 2262 2050 2315 pro
2078 2242 2273 2298 causis
2305 2258 2453 2313 quas
2483 2240 2639 2312 apud
2662 2256 2725 2294 se
2746 2237 3065 2293 terminare
3089 2252 3203 2289 non
3231 2243 3496 2306 possunt,
3519 2233 3593 2286 ad

1948 2338 2005 2388 te
2036 2332 2207 2403 quasi
2241 2332 2310 2386 ad
2364 2328 2757 2402 patriarcham
2792 2342 2967 2381 suum
3014 2321 3472 2396 provocaverint,
3505 2320 3594 2375 vel

1949 2422 1998 2477 si
2031 2422 2341 2493 episcopus
2375 2436 2519 2473 suus
2550 2415 2884 2481 decesserit,
2910 2430 3002 2469 res
3034 2412 3301 2467 Ecclesiae
3355 2427 3473 2465 suae
3498 2410 3595 2479 ju-

1948 2511 2100 2565 dicio
2133 2515 2233 2564 tuo
2266 2504 2596 2579 dispensari
2630 2504 2939 2559 voluerint.
2975 2500 3255 2556 Primates
3302 2498 3460 2554 enim
3510 2496 3597 2552 vel

1951 2598 2312 2672 patriarchas
2345 2594 2489 2650 nihil
2523 2592 2803 2665 privilegii
2836 2591 3049 2645 habere
3076 2604 3189 2659 prae
3221 2587 3445 2641 caeteris
3475 2584 3596 2656 epi-

1949 2688 2164 2759 scopis,
2200 2686 2311 2741 nisi
2345 2688 2634 2755 quantum
2677 2680 2827 2735 sacri
2868 2692 3118 2733 canones
3149 2674 3496 2743 concedunt,
3539 2678 3599 2728 et

1950 2777 2143 2848 prisca
2172 2773 2535 2830 consuetudo
2569 2771 2685 2825 illis
2718 2767 3047 2839 antiquitus
3078 2762 3352 2831 contulit,
3384 2760 3597 2816 deﬁni-

1949 2882 2116 2932 mus;
2155 2864 2233 2918 ita
2265 2871 2325 2917 ut
2356 2860 2683 2916 secundum
2706 2857 2974 2912 Nicaenas
3006 2851 3237 2925 regulas
3268 2868 3375 2907 sua
3421 2848 3600 2921 privi-

1948 2953 2097 3025 legia
2128 2955 2433 3008 serventur
2463 2946 2762 3011 Ecclesiis,
2782 2950 3169 3016 praeterquam
3201 2940 3247 2996 si
3281 2936 3602 3010 apostolica

1949 3024 2119 3099 sedes
2136 3041 2391 3111 aliquam
2417 3037 2754 3101 Ecclesiam,
2778 3032 2865 3088 vel
2887 3037 3171 3087 rectorem
3198 3028 3387 3100 ipsius
3409 3024 3597 3097 quoli-

180 3099 378 3152 tiones
398 3098 1705 3169 facere,contradispensatoresEcclesiarum.
1730 3097 1837 3151 Ve-
1870 3125 1911 3191 Ο
2077 3097 2313 3201 Speci‘a“
2347 3124 2645 3199 privilegio
2687 3097 3006 3178 décreverit
3035 3097 3344 3174 δοηοτξηθ.

178 3187 421 3242 niamus
463 3186 534 3240 ad
576 3192 842 3241 sanctam
876 3186 1409 3242 Chaceldonensem
1436 3188 1748 3258 synodum,
1780 3190 1837 3241 et

176 3276 323 3345 quid
353 3274 521 3330 nobis
537 3275 935 3330 deAthanasiu
952 3275 1335 3330 Perrenorum
1355 3276 1596 3329 referrat
1614 3276 1838 3346 episco-

180 3379 255 3433 po
276 3362 675 3418 audiamus.Is
697 3363 853 3418 enim
871 3364 1084 3418 antites
1104 3365 1272 3418 tertio
1287 3370 1560 3419 evocatus
1582 3365 1650 3418 ad
1672 3380 1839 3435 syno-

178 3450 493 3523 dum,quia
506 3468 615 3506 non
633 3451 945 3510 occurrit.a
961 3452 1292 3524 patriarcha
1305 3469 1407 3507 suo
1419 3452 1692 3507 canonice
1707 3469 1839 3507 con-

179 3541 492 3595 demnatus
521 3539 849 3595 exstiterat.
885 3540 989 3595 Sed
1026 3541 1238 3607 solum,
1274 3541 1411 3611 quia
1440 3558 1571 3595 cum
1606 3555 1836 3595 vocare-

182 3634 280 3683 tur
306 3629 377 3684 ad
409 3629 721 3700 synodum,
748 3631 906 3700 quod
932 3630 1212 3684 inimicus
1239 3635 1395 3685 esset
1421 3630 1544 3701 ipse
1565 3629 1837 3700 quijudi-

180 3719 373 3786 cabat,
408 3718 681 3771 clamavit
712 3735 745 3771 a
778 3723 978 3773 sancta
1014 3718 1473 3773 Chaceldonensi
1515 3719 1736 3789 synodo
1766 3718 1837 3772 ad

181 3822 394 3860 causas
428 3805 624 3861 illatas
668 3807 783 3861 sibi
810 3807 1239 3862 examinandas
1263 3814 1591 3862 reservatur
1611 3811 1687 3876 et,
1721 3807 1836 3861 nisi

180 3896 374 3949 denuo
406 3895 873 3962 convinceretur,
908 3896 1163 3966 recipere
1193 3895 1501 3951 ecclesiam
1540 3896 1835 3967 propriam

170 3983 498 4053 judicatur.
535 3985 696 4048 Quod
724 3985 771 4039 si
797 3985 1156 4039 Athanasius
1186 4004 1219 4041 a
1252 3985 1579 4056 patriarcha
1598 4003 1702 4040 suo
1734 3987 1834 4041 de-

179 4072 429 4142 positus,
455 4073 593 4141 quia
618 4073 688 4127 de
710 4073 1021 4127 inimicitia
1042 4076 1170 4145 ejus
1193 4079 1553 4145 conquestus
1583 4079 1692 4143 est,
1728 4074 1834 4130 ite-

177 4166 303 4214 rato
328 4161 396 4215 ad
418 4161 712 4229 judicium
738 4163 1136 4217 renovandum
1179 4162 1470 4233 dirigitur,
1502 4167 1558 4217 et
1581 4162 1691 4216 nisi
1720 4180 1835 4217 ma-

180 4249 395 4303 nifesta
427 4249 540 4303 sibi
583 4249 845 4304 ofﬁciant
902 4251 1152 4305 crimina
1201 4269 1318 4307 suae
1359 4252 1518 4305 reddi
1569 4250 1834 4306 Ecclesiae

177 4337 518 4408 praecipitur
551 4354 562 4392 :
600 4344 820 4408 quanto
853 4340 1044 4411 magis
1078 4340 1357 4408 Ignatius,
1393 4340 1491 4411 qui
1525 4356 1638 4394 non
1672 4358 1705 4394 a
1735 4356 1834 4410 pa-

177 4424 460 4491 triarcha,
481 4426 579 4480 sed
616 4427 740 4495 ipse
773 4427 970 4497 potius
1002 4428 1258 4483 existens
1288 4428 1833 4499 patriarcha,mini-

178 4530 274 4569 me
306 4487 510 4568 debuit
533 4487 1043 4587 Ecclesiapropria
1066 4487 1325 4572 inimicis
1347 4522 1402 4572 et
1424 4487 1713 4589 suspectis
1732 4518 1837 4587 ju-
1870 4487 1911 4551 ί)

178 4602 416 4657 dicibus
468 4603 923 4659 decernentibus
975 4606 1339 4677 exspoliari?
1368 4607 1528 4670 Quod
1571 4606 1836 4675 quamvis

175 4691 399 4745 factum
433 4690 537 4756 sit,
577 4691 765 4746 multo
800 4694 986 4765 magis
1014 4710 1192 4765 quam
1224 4694 1601 4761 Athanasius,
1635 4695 1838 4749 inimi-

176 4796 382 4835 corum
413 4781 867 4851 solutojudicio,
909 4799 1016 4838 sua
1050 4784 1330 4839 debuerat
1352 4784 1423 4839 ab
1464 4783 1717 4838 Ecclesia
1749 4798 1835 4837 re-

175 4865 311 4936 cipi.
346 4864 557 4921 Veniat
577 4871 630 4921 et
660 4866 1119 4924 facundissimus
1144 4873 1343 4924 noster
1376 4885 1523 4939 papa
1546 4867 1833 4936 Gelasius,

174 4952 585 5008 hereticorum
637 4959 1006 5025 expugnator
1056 4958 1442 5023 fortissimus,
1473 4962 1531 5011 et
1582 4957 1733 5026 quod
1765 4956 1835 5010 de

175 5041 840 5114 Constantinopolitanis
890 5045 1204 5116 episc0pis,
1267 5061 1427 5099 more
1485 5044 1655 5099 solito
1698 5050 1835 5098 tunc

176 5133 601 5201 aegrotantibus
651 5134 818 5201 dixit,
869 5134 1044 5190 etiam
1096 5138 1265 5191 nobis
1316 5152 1473 5190 nunc
1526 5134 1829 5189 edisserat.

175 5219 401 5289 Quaero,
432 5220 645 5292 inquit,
678 5224 750 5276 ab
782 5221 895 5288 his,
921 5224 1216 5293 judicium
1250 5226 1405 5296 quod
1441 5223 1832 5295 praetendunt,

173 5307 277 5361 ubi
310 5308 499 5379 possit
520 5308 771 5381 agitari?
794 5327 863 5364 an
890 5314 1044 5381 apud
1081 5314 1265 5385 ipsos,
1303 5319 1368 5368 ut
1398 5313 1575 5367 iidem
1610 5310 1834 5365 inimici

174 5399 354 5451 testes
379 5397 498 5451 sint
519 5397 863 5468 etjudices?
891 5401 1002 5455 Sed
1032 5400 1133 5455 tali
1155 5402 1380 5471 judicio
1428 5417 1533 5456 nec
1574 5399 1832 5454 humana

177 5484 392 5540 debent
414 5486 700 5541 committi
734 5488 984 5559 negotia.
1009 5491 1171 5554 Quod
1196 5490 1243 5546 si
1260 5491 1505 5561 judicio,
1533 5489 1631 5544 ubi
1652 5489 1828 5544 iidem

179 5580 320 5628 sunt
349 5573 574 5631 inimici
607 5574 709 5646 qui
731 5575 989 5649 judices,
1012 5595 1117 5636 nec
1142 5580 1401 5635 humana
1428 5579 1640 5635 debent
1670 5594 1828 5635 com-

1947 3244 2077 3297 CAP.
2110 3238 2198 3291 57.
2233 3266 2301 3275 —
2333 3234 2480 3303 Quod
2507 3248 2655 3303 papa
2682 3232 2880 3302 primae
2907 3227 3056 3303 sedis
3081 3227 3361 3303 episcopus
3389 3237 3594 3303 uocan-

2018 3292 2116 3363 dus
2145 3316 2258 3448 oga.)
2278 3292 2365 3361 ΕΞ
2388 3292 2535 3361 conc.
2566 3292 2855 3375 Africano,
2875 3316 2994 3370 cap.
3028 3300 3062 3351 5
3087 3292 3268 3369 (conc;
3297 3292 3482 3350 Carth.
3509 3309 3593 3362 ιιι,

2018 3398 2136 3448 cap.
2167 3386 2200 3433 ἱ,
2268 3422 2278 3432 .

2016 3398 2136 3435 cap.
2167 3381 2278 3435 26).

2020 3398 2310 3539 ῗὲᾜιῗᾙέ),
2342 3481 2463 3536 cap.
2491 3465 2701 3520 Prima?
2721 3460 2913 3531 sedis.)
2942 3458 3014 3514 Ut
3047 3457 3246 3529 prima;
3280 3453 3438 3511 sedis
3470 3450 3596 3522 epi-

1949 3574 2163 3630 scopus
2197 3572 2308 3610 non
2366 3552 2690 3625 appelletur
2738 3552 3007 3622 princeps
3042 3545 3436 3609 sacerdotum,
3492 3544 3597 3597 aut

1950 3662 2221 3703 summus
2252 3643 2543 3706 sacerdos,
2576 3645 2677 3694 aut
2697 3638 2918 3709 aliquid
2951 3634 3315 3707 hujusmodi,
3341 3632 3442 3687 sed
3462 3635 3591 3686 tan-

1946 3739 2071 3791 tum
2106 3733 2309 3805 prima:
2340 3729 2497 3786 sedis
2527 3728 2859 3800 episcopus.

1946 3846 2077 3897 CAP.
2135 3842 2226 3894 58.
2286 3870 2353 3878 --
2403 3836 2551 3904 Quod
2589 3833 2874 3905 bipertitus
2912 3834 2984 3886 sit
3030 3830 3163 3905 ordo
3219 3826 3583 3905 saces-dotata.

2018 3895 2097 3967 Ea:
2122 3913 2278 3981 epist.
2312 3895 2560 3964 Andcleli
2578 3895 2733 3981 papas
2764 3903 3143 3981 tertia,‘missa_
3163 3901 3438 3981 omnibus
3470 3895 3585 3968 epi-

2017 3974 2192 4054 scopis
2222 3990 2276 4038 et
2304 3983 2519 4037 caeteris
2540 3974 2910 4034 sacerdotibus
2940 3976 3083 4045 (cap.
3126 3974 3199 4040 1).

2014 4074 2416 4139 Sacerdotum,
2453 4070 2841 4137 fratres,ordo
2872 4064 3191 4136 bipertitus
3215 4064 3322 4125 est,
3351 4063 3407 4113 et
3438 4056 3593 4110 sicut

1945 4164 2229 4219 Dominus
2251 4162 2417 4215 illum
2441 4159 2764 4219 constituit,
2793 4174 2824 4210 a
2858 4153 3018 4208 nullo
3042 4153 3211 4205 debet
3236 4142 3587 4218 perturbari.

1944 4254 2117 4308 Scitis
2150 4256 2343 4306 autem
2369 4247 2707 4321 apostolosa
2733 4243 2977 4299 Domino
2998 4254 3125 4295 esse
3147 4237 3359 4292 electos
3380 4238 3437 4287 et
3458 4248 3592 4285 con-

1946 4342 2211 4406 stitutos,
2238 4344 2294 4394 et
2326 4342 2521 4408 postea
2549 4352 2649 4408 per
2677 4334 2938 4387 diversas
2964 4326 3291 4400 provincias
3340 4323 3409 4377 ad
3453 4337 3594 4393 prae-

1946 4430 2260 4484 dicandum
2295 4427 2615 4498 dispersos.
2650 4426 2793 4478 Cum
2824 4438 2957 4475 vero
2992 4417 3203 4473 messis
3264 4414 3437 4484 coepit
3467 4427 3591 4465 cre-

1946 4534 2124 4585 scere,
2154 4517 2357 4571 videns
2387 4530 2604 4585 paucos
2626 4529 2753 4568 esse
2771 4506 3169 4581 operarios,ad
3193 4520 3393 4559 eorum
3418 4501 3591 4569 adju-

1947 4611 2211 4660 mentum
2248 4602 2621 4674 septuaginta
2642 4600 2774 4671 eligi
2803 4596 3074 4669 praaccpit
3103 4590 3585 4662 discipulos(Luc.

1944 4697 2021 4761 x).
2056 4692 2322 4763 Episcopi
2357 4707 2492 4746 vero
2541 4688 2929 4760 apotolorum,
2989 4681 3313 4755 presbyteri
3359 4692 3595 4751 quoque
3670 4722 3673 4723 ν

1946 4784 2323 4853 septuaginta
2346 4778 2767 4850 discipulorum
2798 4775 2988 4829 locum
3021 4776 3221 4827 tenent
3245 4768 3591 4837 (Dist.8,cap.

1946 4872 2203 4941 Episcopi
2228 4886 2338 4925 non
2368 4871 2470 4935 in).
2494 4866 2760 4938 Episcopi
2779 4868 2971 4918 autem
2993 4877 3109 4915 non
3133 4860 3190 4913 in
3214 4856 3469 4913 castellis
3492 4858 3595 4910 aut

1947 4959 2003 5012 in
2026 4957 2275 5013 modicis
2295 4956 2635 5011 civitatibus
2652 4954 2866 5009 debent
2892 4948 3190 5017 constitui,
3216 4948 3317 5002 sed
3352 4945 3591 5018 presby-

1943 5048 2050 5101 teri
2086 5063 2187 5106 ner
2216 5044 2545 5108 castella,et
2576 5059 2677 5113 per
2699 5040 2959 5095 modicas
2990 5037 3257 5091 civitates
3289 5038 3464 5103 atque
3482 5029 3590 5087 vil-

1943 5134 2031 5189 las
2057 5135 2270 5189 debent
2293 5135 2363 5188 ab
2386 5132 2675 5201 episcopis
2708 5128 2963 5183 ordinari
2995 5132 3051 5182 et
3074 5125 3233 5197 poni,
3252 5121 3468 5194 singuli
3500 5125 3592 5175 ta-

1953 5239 2083 5277 men
2118 5239 2223 5293 per
2252 5220 2513 5289 singulos
2547 5219 2747 5273 titulos
2778 5234 2937 5271 suos.
2979 5214 3243 5285 Amplius
3274 5227 3445 5280 quam
3493 5207 3590 5263 isti

1941 5312 2057 5367 duo
2089 5312 2323 5366 ordines
2354 5311 2745 5377 sacerdotum,
2790 5321 2895 5359 nec
2937 5302 3103 5359 nobis
3153 5319 3185 5355 a
3238 5302 3348 5355 Deo
3395 5294 3589 5352 collati

1940 5405 2100 5467 sunt,
2135 5417 2240 5455 nec
2272 5397 2519 5470 apostoli
2555 5398 2903 5453 docuerunt.

1939 5511 2067 5564 CAP.
2100 5510 2188 5563 59.
2224 5538 2289 5547 ——
2324 5508 2386 5563 Ut
2418 5520 2527 5561 non
2552 5505 2701 5570 laici,
2749 5520 2851 5557 nec
2886 5499 3301 5571 neap/iytiLaec
3351 5490 3585 5571 bigami,

2008 5598 2106 5636 nec
2128 5580 2424 5635 viduarum
2446 5575 2663 5642 mariti,
2688 5564 2779 5629 sed
2805 5564 3315 5643 irrepréhénsibilcs
3336 5564 3589 5619 ordinen-
