3960 6072
339 197 444 252 347

1422 204 1489 256 D.
1529 201 1768 255 IVONIS
1801 201 2299 260 CARNOTENSIS
2335 203 2653 257 EPIBCOPI

3654 201 3770 255 348

407 321 782 398 turAepiscopi.
835 323 916 378 Eo.-
943 321 1174 382 drcretis
1216 324 1408 382 Leonis
1452 339 1618 397 papae
1666 326 1690 379 I
1753 325 1862 397 (ep.
1895 326 1987 393 82,
2019 327 2070 393 Α
2101 326 2271 382 cibus
2294 329 2540 395 asserat,
2575 325 2629 380 id
2663 329 2752 382 est
2789 326 3018 381 Patrem
3051 329 3104 381 et
3137 325 3347 382 Filium
3379 329 3438 381 et
3467 327 3768 398 Spiritum

409 409 456 448 ο.
487 393 560 461 3).

408 479 468 535 In
494 481 853 553 civitatibus,
880 501 1127 556 quarum
1161 489 1428 556 pastores
1459 484 1737 549 obierint,
1761 485 1830 540 de
1853 484 1991 540 sub.

339 570 662 627 stituendis
695 573 987 643 episcopis
1023 574 1142 628 hzsc
1177 575 1361 628 lorma
1393 578 1674 641 servetur,
1710 579 1772 628 ut
1819 573 1868 628 is
1900 557 1996 641 qui

340 660 706 716 ordinandus
729 662 1008 716 estetiam
1035 662 1083 715 si
1130 661 1289 716 bona:
1328 662 1457 716 vitae
1495 661 1822 717 testimonio
1881 663 1997 718 ful-

337 749 544 816 ciatur,
588 767 700 803 non
763 749 973 818 laicus,
1027 768 1141 805 non
1199 751 1514 823 nephytus,
1566 768 1670 806 nec
1727 753 1996 806 secundae

338 837 608 909 conjugis
640 838 716 892 sit
749 841 1021 907 maritus,
1047 841 1146 895 sed
1175 847 1280 894 aut
1313 841 1414 912 qui
1445 857 1621 895 unam
1649 841 1883 911 quidem
1904 841 1998 896 ha-

339 927 471 982 beat
497 925 578 982 vel
616 926 902 996 habuerit,
927 933 983 982 et
1016 945 1193 999 quam
1230 929 1341 984 sibi
1380 929 1666 1001 virginem
1690 929 1998 1001 copulave-

339 1015 435 1070 rit.
471 1016 850 1070 Sacerdotum
884 1017 1040 1072 enim
1071 1023 1192 1072 tam
1235 1017 1524 1072 excellens
1555 1025 1644 1074 est
1683 1017 1907 1084 electio,
1933 1022 1998 1073 ut

340 1103 460 1159 hac
481 1122 606 1173 ques
637 1104 694 1159 in
727 1103 859 1160 aliis
893 1106 1173 1161 membris
1193 1107 1461 1161 Ecclesiae
1495 1124 1606 1162 non
1631 1107 1996 1162 vocanturad

337 1191 592 1263 culpam,
625 1193 682 1247 in
719 1193 849 1248 aliis
884 1199 1082 1248 tamen
1117 1195 1449 1249 habeantur
1479 1195 1702 1250 illicita.

341 1294 475 1347 Cap.
514 1292 604 1346 60.
636 1323 700 1332 —
736 1294 798 1348 Ut
830 1293 963 1347 dum
995 1294 1279 1358 episcopus
1326 1294 1574 1363 eligitur,
1625 1295 1676 1347 si
1723 1293 1997 1348 contradz'

417 1367 590 1418 ctare:
620 1363 896 1432 habuerit,
929 1367 1169 1434 quinque
1197 1367 1438 1433 episcopi
1486 1365 1555 1419 ad
1600 1365 2000 1420 examinandos

413 1449 504 1490 eos
533 1437 878 1508 conveniant.
931 1438 1016 1490 Ex
1060 1436 1292 1490 concilio
1337 1439 1630 1506 Africano,
1661 1453 1780 1506 cap.
1832 1437 1894 1489 l7
1927 1439 1999 1508 (et

415 1508 478 1561 in
511 1522 658 1562 conc.
687 1506 871 1562 Carth.
910 1524 989 1574 ιιι,
1023 1524 1068 1560 c.
1105 1509 1214 1575 40),

411 1595 520 1649 Sed
554 1599 610 1650 et
635 1594 778 1650 illud
803 1600 892 1650 est
913 1596 1315 1665 statuendum,
1341 1600 1405 1650 ut
1425 1595 1659 1667 quando
1683 1596 1753 1650 ad
1775 1594 1998 1667 eligen-

345 1684 487 1739 dum
508 1683 850 1757 episcopum
876 1685 1352 1750 convenerimus,
1385 1684 1431 1737 si
1469 1700 1581 1754 qua
1614 1684 1999 1740 contradictio
2028 1691 2076 1756 B

346 1773 522 1828 fuerit
551 1773 758 1829 oborta
788 1774 950 1845 (quia
979 1773 1118 1828 talia
1150 1773 1302 1827 facta
1332 1777 1471 1828 sunt
1502 1775 1656 1845 apud
1708 1775 1831 1845 nos)
1881 1791 1994 1829 non

346 1867 707 1934 praesumant
730 1863 801 1918 ad
828 1863 1201 1934 purgandum
1227 1878 1359 1916 eum
1385 1862 1866 1933 quiordinandus
1886 1869 2009 1932 est,

345 1956 464 2007 tres
496 1951 774 2024 episcopi,
800 1953 898 2006 sed
931 1951 1305 2022 postulentur
1348 1953 1419 2007 ad
1455 1969 1768 2008 numerum
1820 1970 2002 2025 supra

349 2040 640 2094 dictorum
671 2041 745 2108 (si
776 2040 978 2096 haberi
1011 2040 1261 2112 possint)
1282 2056 1436 2096 unus
1461 2040 1546 2096 vel
1569 2041 1684 2095 duo
1717 2041 1773 2096 in
1795 2042 1999 2097 eadem

350 2127 519 2200 plebe
551 2128 644 2183 cui
677 2129 1042 2184 ordinandus
1073 2133 1180 2198 est,
1215 2134 1272 2184 et
1301 2129 1698 2185 discutiantur
1729 2131 1866 2201 [duo
1912 2129 2000 2186 vel

351 2221 471 2272 tres
500 2233 512 2271 :
538 2221 595 2271 et
618 2217 675 2271 in
696 2218 898 2273 eadem
924 2217 1112 2289 plebe,
1145 2217 1235 2272 cui
1270 2219 1637 2274 ordinandus
1666 2223 1774 2287 est,
1801 2219 2000 2275 discu-

354 2305 598 2372 tiantur,
625 2307 758 2377 etc.]
785 2307 972 2378 primo
1003 2322 1263 2378 personae
1295 2307 1818 2362 contradicentium
1845 2328 1860 2376 ;
1894 2325 2000 2380 po-

356 2399 573 2450 stremo
610 2395 787 2450 etiam
807 2395 906 2451 illa
925 2413 1049 2466 qum
1073 2395 1432 2466 objiciuntur
1456 2399 1902 2468 pertractentur.
1935 2397 2003 2452 Et

357 2500 489 2540 cum
523 2490 806 2557 purgatus
832 2484 1024 2555 fuerit,
1053 2486 1162 2541 sub
1187 2491 1502 2557 conspectu
1527 2486 1760 2557 publico
1792 2487 1874 2542 ita
1904 2488 2004 2541 de-

355 2590 519 2630 mum
570 2575 891 2631 ordinetur.
950 2576 1010 2631 Si
1070 2575 1179 2631 hoc
1233 2592 1366 2630 cum
1419 2579 1623 2632 vestra:
1676 2576 2005 2632 sanctitatis

356 2665 552 2720 animo
585 2666 921 2734 concordat,
955 2665 1263 2720 roboratur
1296 2668 1494 2720 vestrae
1528 2664 1831 2736 dignitatis
1881 2681 2003 2720 res-

358 2755 661 2826 ponsione.
695 2755 780 2809 Ab
814 2753 1104 2809 universis
1136 2753 1430 2824 episcopis
1455 2754 1678 2809 dictum
1711 2753 2006 2810 est:Satis

362 2841 564 2912 placet.

357 2944 488 2998 Car.
521 2941 582 2997 6t
599 2985 611 2997 .
643 2971 711 2984 -—
743 2943 806 2998 Ut
835 2957 995 2996 nemo
1019 2941 1298 3010 episcopus
1323 2941 1610 2996 ordinetur
1625 2941 1850 2997 nolente
1868 2943 2009 2998 clero

429 3018 478 3069 et
487 3013 708 3085 populo.
736 3016 830 3067 E2:
851 3012 1083 3095 decretis
1102 3011 1573 3083 Caelestinipapw,
1601 3030 1720 3084 cap.
1746 3014 1811 3068 18
1835 3016 2006 3085 (epist.

425 3086 460 3138 2
489 3085 567 3140 ad
595 3087 762 3153 episc.
798 3083 1013 3151 Galliae,
1046 3100 1168 3153 cap.
1201 3085 1278 3153 5).

427 3099 460 3138 Ζ
489 3099 567 3140 αα
595 3099 762 3156 ερῑδσ.
798 3099 1013 3151 cautae,
1046 3100 1168 3154 cap.
1201 3099 1278 3153 ὓ).

431 3174 591 3243 (Dist.
623 3175 714 3239 6i,
758 3189 884 3242 cap.
932 3172 1175 3238 Nullus.)
1207 3172 1418 3228 Nullus
1459 3171 1659 3228 invitis
1691 3173 1863 3228 detur
1891 3175 2007 3246 epi-

358 3279 604 3333 scopus;
631 3261 767 3318 cleri
791 3260 978 3332 plebis
1008 3267 1067 3317 et
1096 3261 1321 3317 ordinis
1343 3277 1670 3317 consensus
1691 3267 1748 3318 et
1771 3263 2004 3319 deside-

361 3353 512 3406 rium
547 3350 898 3421 requiratur.
931 3351 1096 3406 Tunc
1124 3352 1270 3407 alter
1301 3353 1370 3406 de
1415 3351 1595 3407 altera
1625 3351 1876 3424 eligatur
1907 3353 2010 3408 Ec-

363 3440 560 3505 clesia,
586 3439 634 3493 si
677 3438 748 3493 de
771 3437 1020 3494 civitatis
1044 3439 1231 3512 ipsius
1254 3440 1504 3505 clericis,
1533 3441 1626 3496 cui
1676 3445 1764 3497 est
1785 3441 2011 3512 episco-

364 3546 476 3600 pus
505 3527 888 3596 ordinandus,
915 3527 1111 3585 nullus
1146 3529 1363 3602 dignus
1397 3531 1573 3602 (quod
1628 3530 1855 3585 evenire
1895 3547 2011 3586 non

365 3615 684 3687 credimus)
707 3617 919 3690 poterit
939 3617 1481 3674 inveniri.Primum
1507 3619 1662 3675 enim
1691 3619 1776 3674 illi
1817 3636 2014 3692 repro-

365 3706 542 3762 bandi
575 3710 732 3776 sunt,
775 3712 839 3760 ut
869 3707 1050 3781 aliqui
1107 3708 1178 3763 de
1228 3708 1503 3765 Ecclesiis
1551 3709 1758 3765 alienis
1808 3709 2015 3765 merito

364 3795 765 3868 praeferantur.
809 3797 1030 3852 Habeat
1079 3813 1216 3869 ergo
1263 3797 1676 3869 unusquisque
1730 3814 1846 3853 sua:
1893 3797 2018 3852 fru-

365 3889 522 3942 ctum
555 3885 777 3942 militiaa
807 3886 866 3942 in
898 3886 1178 3951 Ecclesia,
1212 3887 1271 3941 in
1318 3904 1433 3957 qua
1465 3902 1633 3941 suam
1683 3902 1786 3958 per
1817 3887 2020 3941 omnia

367 3976 559 4033 officia
580 3975 799 4048 peregit
820 3979 1070 4032 aetatem.
1095 3975 1157 4030 In
1193 3974 1382 4030 aliena
1405 3975 1704 4046 stipendia
1725 3973 1876 4030 alius
1909 3974 2018 4028 mi-

368 4065 526 4121 nime
556 4065 819 4135 obrepat,
853 4080 958 4120 nec
992 4063 1088 4120 alii
1143 4062 1424 4130 debitam,
1462 4062 1610 4118 alter
1647 4062 1757 4118 sibi
1807 4062 2022 4118 audeat

364 4155 660 4212 vindicare
694 4155 1041 4210 mercedem.
1077 4153 1165 4209 Sit
1200 4151 1447 4208 facultas
1487 4151 1716 4207 clericis
1763 4151 2019 4207 reniten-

367 4245 447 4311 di,
479 4245 527 4298 si
557 4260 618 4299 se
647 4243 899 4298 viderint
925 4241 1299 4315 praegravari,
1327 4245 1383 4296 et
1421 4257 1570 4313 quos
1593 4240 1703 4296 sibi
1738 4239 1924 4313 ingeri
1955 4256 2024 4295 ex

366 4337 697 4388 transverso
738 4332 1136 4403 cognoverint,
1169 4349 1284 4388 non
1316 4331 1566 4386 timeant
1608 4330 1898 4386 refutare:
1923 4329 2021 4400 qui

370 4421 480 4477 etsi
513 4437 628 4475 non
659 4419 924 4475 debitum
958 4419 1334 4492 episcopatus
1387 4419 1720 4492 praemium,
1761 4419 1846 4474 vel
1892 4419 2030 4474 libe-
2058 4418 2106 4484 D

371 4525 500 4564 rum
535 4508 605 4564 de
636 4524 724 4575 eo,
759 4506 860 4580 qui
891 4522 990 4564 eos
1023 4511 1291 4565 recturus
1323 4511 1433 4580 est,
1466 4509 1678 4564 debent
1707 4507 1921 4564 habere
1935 4508 2029 4580 ju-

375 4595 620 4652 dicium.

374 4686 507 4743 CAP.
540 4687 629 4741 62.
655 4717 724 4726 —-
754 4685 903 4753 Quod
932 4688 1088 4756 prius
1133 4687 1451 4742 examinari
1495 4685 1724 4740 debeant
1771 4687 1869 4756 qui
1915 4687 2029 4755 epi-

445 4759 608 4882 scopi!
623 4765 752 4812 sunt
772 4757 1092 4812 ordinandi.
1129 4759 1212 4812 Ex
1236 4758 1474 4813 concilio
1489 4756 1919 4824 Carthaginensi
1948 4774 2024 4825 ιν,

445 4845 558 4882 can.
623 4872 634 4882 .

441 4845 558 4898 cap.
585 4845 634 4884 ι.

448 4918 616 4987 (Dist.
647 4917 739 4982 23,
768 4933 888 4986 cap.
910 4919 1016 4985 Qui
1045 4917 1371 4987 episcopus.)
1397 4916 1501 4980 Qui
1526 4919 1837 4988 episcopus
1869 4917 2023 4973 ordi-

375 5007 608 5060 nandus
630 5010 738 5074 est,
761 5009 895 5060 ante
915 5005 1284 5061 examinetur
1314 5006 1362 5060 si
1394 5010 1604 5060 natura
1625 5007 1884 5077 prudens
1915 5009 2024 5071 est,

374 5095 424 5150 si
446 5094 1002 5164 dolilis(docibilis],
1032 5095 1079 5148 si
1107 5093 1370 5148 moribus
1393 5097 1777 5165 temperatus,
1818 5095 1868 5150 si
1909 5095 2027 5150 vita

377 5188 598 5244 castus.
624 5184 674 5239 si
696 5183 950 5247 sobrius,
992 5183 1040 5237 si
1071 5199 1305 5252 semper
1327 5183 1419 5238 sui
1462 5184 1679 5254 negotii
1709 5199 1940 5250 cavens,
1974 5184 2023 5239 si

376 5272 643 5339 humilis,
671 5269 720 5328 si
753 5271 1029 5336 affabilis,
1053 5271 1101 5326 si
1145 5272 1504 5337 misericors,
1541 5271 1589 5326 si
1625 5271 1940 5337 litteratus,
1976 5273 2026 5327 si

375 5363 435 5418 in
455 5363 580 5434 lege
624 5361 852 5417 Domini
879 5361 1220 5428 instructus,
1247 5361 1292 5416 si
1318 5359 1375 5414 in
1404 5361 1806 5431 Srriptuarum
1841 5361 2026 5415 sensi-

381 5452 492 5507 bus
513 5456 744 5520 cautus,
765 5451 814 5508 si
839 5451 897 5506 in
922 5449 1304 5523 dogmatibus
1327 5447 1736 5505 ecclesiasticis
1758 5449 2030 5507 exercita-

384 5542 501 5594 tus.
542 5540 610 5594 Et
647 5546 778 5598 ante
810 5539 1010 5597 omnia
1043 5538 1180 5595 ﬁdei
1207 5538 1559 5595 documenta
1579 5537 1773 5594 verbis
1803 5536 2030 5610 simpli-

2105 417 2377 470 sanctum
2410 430 2594 469 unum
2620 431 2750 470 esse
2768 414 2951 469 Deum
2975 415 3350 484 conﬁrmans,
3375 419 3680 487 totamque
3701 415 3770 469 in

2102 503 2388 558 Trinitate
2413 503 2698 558 Deitatem
2724 503 3191 574 coessentialem,
3215 507 3271 559 et
3315 505 3770 560 consubtantia-

2105 592 2244 661 lem,
2268 596 2327 646 et
2357 596 2733 658 coaeternam,
2764 597 2818 647 et
2840 593 3374 663 coomnipotentem
3408 592 3767 665 praedicans,

2108 679 2520 750 singulamque
2549 680 2609 734 in
2669 680 2950 735 Trinitate
3008 697 3314 750 personam
3373 680 3445 748 [si
3487 679 3766 752 singulas

2107 785 2369 840 quasque
2400 769 2459 823 in
2493 768 2774 823 Trinitate
2824 769 3123 841 personas]
3173 769 3411 840 plenum
3443 769 3652 840 Deum,
3701 773 3769 825 et

2106 862 2258 912 totas
2281 863 2399 912 tres
2450 875 2731 928 personas
2755 875 2937 912 unum
2971 858 3178 924 Deum,
3211 857 3261 912 si
3291 859 3764 914 incarnationem

2107 947 2392 1014 divinam,
2421 963 2535 1000 non
2564 947 2617 1000 in
2646 947 2813 1002 Patre
2844 964 3031 1018 neque
3062 947 3120 1001 in
3152 947 3372 1019 Spiritu
3404 952 3606 1003 sancto
3639 948 3767 1004 fac-

2106 1040 2250 1102 tam,
2286 1036 2385 1091 sej
2411 1035 2467 1089 in
2507 1034 2645 1090 Filio
2677 1040 2906 1090 tantum
2929 1036 3150 1101 credat,
3183 1040 3246 1090 ut
3278 1036 3378 1107 qui
3419 1036 3630 1091 eratin
3665 1037 3765 1091 di-

2104 1124 2350 1179 vinitate
2377 1123 2475 1179 Dei
2508 1123 2694 1178 Patris
2721 1123 2924 1193 Filius,
2956 1124 3082 1196 ipse
3109 1123 3270 1178 ﬁeret
3301 1125 3360 1178 in
3388 1123 3626 1180 homine
3649 1123 3764 1179 ho-

2108 1213 2285 1268 minis
2319 1212 2524 1268 matris
2555 1212 2730 1282 ﬁlius,
2763 1213 2917 1268 Deus
2944 1229 3114 1268 verus
3140 1230 3207 1268 ex
3239 1214 3430 1282 Patre,
3465 1213 3638 1269 homo
3663 1229 3764 1268 ve-

2106 1319 2207 1357 rus
2227 1317 2296 1356 ex
2320 1305 2524 1368 matre,
2550 1318 2783 1356 carnem
2823 1317 2893 1356 ex
2925 1301 3132 1356 matris
3152 1301 3476 1357 visceribus
3508 1301 3766 1372 habens,

2107 1396 2164 1445 et
2193 1391 2450 1445 animam
2483 1390 2804 1445 humanam
2856 1390 3286 1458 rationabilem,
3339 1390 3517 1446 simul
3571 1390 3626 1445 in
3689 1408 3763 1446 eo

2107 1484 2418 1551 utramque
2442 1485 2736 1546 naturam,
2761 1480 2817 1534 id
2841 1484 2930 1534 est
2962 1480 3217 1535 hominis
3237 1484 3294 1536 et
3309 1479 3409 1535 Dei
3435 1496 3448 1534 :
3475 1497 3592 1535 una
3623 1496 3764 1550 per-

2106 1585 2270 1635 sona,
2305 1585 2459 1624 unus
2492 1567 2666 1634 lilius,
2704 1584 2860 1622 unus
2905 1567 3197 1633 Christus,
3263 1585 3416 1624 unus
3477 1567 3766 1624 Dominus

2105 1663 2330 1714 creator
2358 1658 2620 1713 omnium
2658 1661 3127 1725 [creaturarum],
3159 1674 3286 1728 quae
3337 1662 3500 1724 sunt,
3529 1660 3588 1712 et
3617 1675 3766 1712 auc-

2104 1752 2215 1815 tor,
2249 1753 2306 1802 et
2337 1752 2544 1814 rector,
2566 1751 2623 1802 et
2644 1747 2801 1802 Deus
2823 1763 2956 1801 cum
2984 1747 3150 1802 Patre
3179 1751 3237 1802 et
3259 1747 3479 1819 Spiritu
3508 1751 3716 1802 sancto
3748 1764 3764 1802 :

2105 1835 2206 1908 qui
2240 1852 2449 1908 passus
2469 1835 2547 1890 sit
2564 1851 2699 1890 vera
2721 1835 2822 1903 [sit
2841 1851 2943 1907 pro
2968 1834 3161 1891 salute
3194 1840 3394 1891 nostra
3423 1851 3578 1901 vera,
3621 1835 3769 1906 etc.]

2107 1925 2301 1982 carnis
2333 1925 2625 1997 passione,
2661 1928 2931 1979 mortuus
2962 1939 3096 1980 vera
3125 1925 3388 1997 corporis
3419 1924 3512 1980 sui
3546 1929 3762 1992 morte,

2107 2014 2426 2070 resurrexit
2455 2029 2590 2068 vera
2620 2014 2813 2068 carnis
2844 2030 2963 2068 suis
3015 2012 3462 2081 resurrectione,
3513 2018 3569 2069 et
3626 2027 3772 2068 vera

2108 2103 2317 2160 animaa
2352 2103 2774 2174 resumptione,
2808 2101 2866 2156 in
2917 2119 3034 2174 qua
3064 2102 3257 2158 veniet
3304 2103 3574 2173 judicare
3602 2101 3774 2156 vivos

2109 2196 2165 2249 et
2198 2196 2480 2247 mortuos.
2515 2190 2899 2256 Quaerendum
2933 2194 3023 2246 est
3051 2190 3230 2246 etiam
3271 2193 3344 2247 ab
3375 2206 3463 2259 eo,
3517 2190 3566 2246 si
3616 2189 3772 2245 Novi

2109 2285 2167 2337 et
2196 2279 2421 2336 Veteris
2451 2279 2835 2347 Testamenti,
2885 2279 2941 2333 id
2989 2283 3080 2334 est
3127 2279 3293 2351 legis,
3346 2283 3403 2336 et
3449 2279 3769 2351 pr0pheta-

2110 2387 2263 2436 rum,
2299 2373 2355 2424 et
2387 2367 2787 2440 apostolorum
2811 2384 2996 2423 unum
3017 2369 3412 2439 eumdemque
3443 2368 3643 2424 credat
3664 2384 3771 2422 au-

2114 2465 2328 2514 ctorem
2350 2458 2556 2523 Deum;
2579 2457 2627 2511 si
2659 2456 2931 2512 diabolus
2952 2473 3067 2511 non
3100 2473 3202 2528 per
3231 2455 3764 2522 conditionem,sed

2114 2564 2217 2619 per
2237 2546 2545 2601 arbitrium
2580 2561 2754 2600 suum
2780 2545 2969 2600 factus
3012 2546 3090 2600 sit
3133 2543 3343 2599 malus.
3376 2545 3767 2611 Quaerendum

2115 2636 2294 2691 etiam
2327 2636 2398 2690 ab
2430 2652 2518 2700 eo,
2544 2633 2590 2689 si
2616 2635 2817 2690 credat
2841 2633 3020 2704 hujus
3044 2651 3220 2705 quam
3246 2636 3765 2706 gestamus,etnon

2115 2724 2360 2780 alterius
2390 2725 2583 2779 carnis
2615 2723 3122 2789 resurrectionem;
3158 2722 3207 2776 si
3251 2720 3762 2792 credatjudicium

2118 2813 2472 2880 futurum,et
2499 2816 2834 2892 recepturos
2866 2809 3132 2882 singulos
3165 2827 3266 2882 pro
3296 2809 3384 2865 his
3417 2827 3542 2883 quae
3566 2810 3623 2864 in
3647 2826 3779 2864 car-

2121 2918 2193 2957 ne
2215 2901 2347 2970 [hac
2380 2903 2574 2970 carne]
2597 2905 2930 2970 gesserunt,
2984 2899 3073 2955 vel
3122 2916 3324 2972 pmnas
3353 2898 3441 2954 vel
3499 2897 3775 2970 przemia;

2120 2990 2168 3046 si
2205 2990 2439 3062 nuptias
2483 2990 2809 3062 improbet;
2863 2989 2911 3044 si
2958 2989 3218 3044 secunda
3251 2987 3626 3042 matrimonia
3658 3002 3778 3041 non

2041 3056 2084 3124 C
2125 3079 2500 3138 condemnet:
2531 3078 2578 3132 si
2609 3077 2872 3132 carnium
2909 3077 3354 3149 praeceptionem
3391 3092 3506 3131 non
3557 3074 3781 3146 culpet,

2121 3167 2169 3223 si
2232 3166 2652 3238 paenitentibus
2704 3165 3100 3222 reconciliatis
3148 3163 3581 3230 communicet;
3640 3163 3787 3218 siin

2119 3255 2414 3326 baptismo
2447 3256 2644 3310 omnia
2675 3261 2935 3327 peccata,
2968 3254 3024 3307 id
3059 3258 3148 3308 est
3177 3258 3297 3308 tam
3321 3252 3467 3307 illud
3499 3250 3791 3323 originale

2121 3349 2510 3410 contractum,
2554 3359 2729 3414 quam
2787 3343 2888 3397 illa
2937 3359 3064 3412 quae
3109 3341 3442 3396 voluntarie
3510 3339 3781 3396 admissa

2121 3439 2261 3489 sunt
2291 3433 2704 3498 dimittantur;
2739 3433 2786 3487 si
2846 3435 3009 3487 extra
3049 3430 3367 3487 Ecclesiam
3422 3428 3778 3484 catholicam

2124 3521 2322 3576 nullus
2355 3522 2633 3577 salvetur.
2678 3521 2821 3575 Cum
2853 3520 2910 3574 in
2943 3519 3220 3574 omnibus
3252 3517 3344 3574 his
3378 3517 3772 3585 examinatus,

2125 3609 2488 3682 pleniterque
2509 3609 2838 3664 instructus
2871 3613 3136 3680 repertus
3159 3607 3352 3677 fuerit,
3376 3611 3514 3661 tunc
3543 3605 3783 3662 ordine-

2125 3704 2224 3755 tur
2253 3699 2586 3771 episcopus.

2129 3790 2259 3844 CAP.
2292 3787 2381 3841 63.
2425 3818 2484 3826 —
2520 3787 2583 3843 Ut
2615 3786 2856 3857 episcOpi
2875 3785 3291 3856 diligentissime
3309 3783 3607 3854 probentur
3623 3787 3787 3857 priu-

2422 3856 2769 3913 ordinentur.
2796 3856 2888 3912 Ea:
2933 3873 3090 3914 conc.
3141 3857 3551 3923 Aurietanensi,
3591 3871 3713 3926 cap.
3749 3856 3785 3906 7

2202 4019 2272 4075 Ut
2301 4017 2582 4090 episcopi,
2613 4018 2842 4075 Judicio
2871 4015 3479 4088 metmpolitanorum,
3503 4020 3562 4070 et
3581 4031 3791 4070 eorum

2132 4106 3067 4180 episcoporum,quicircumcirca
3098 4111 3258 4173 sunt,
3287 4105 3682 4176 provehantur
3713 4105 3792 4160 ad

2132 4196 2590 4254 ecclesiasticam
2617 4202 2986 4267 potestatem,
3012 4195 3052 4251 ii
3089 4193 3376 4260 videlicet,
3402 4193 3500 4264 qui
3534 4192 3797 4264 plurimo

2131 4291 2248 4343 tem
2261 4302 2398 4358 pore
2421 4289 2747 4356 probantur
2767 4290 2887 4342 tam
2907 4284 3080 4342 verbo
3107 4283 3242 4339 fidei
3266 4299 3445 4354 quam
3461 4286 3632 4338 rectas
3654 4298 3795 4338 con-

2136 4373 2483 4430 versationis
2513 4373 2802 4445 exemplo.

2136 4464 2266 4519 CAP.
2312 4463 2402 4517 64.
2461 4493 2533 4504 -—
2591 4463 2742 4531 Quod
2791 4463 2993 4534 populo
3049 4478 3159 4518 non
3217 4462 3385 4517 liceat
3416 4461 3795 4534 sacerdotum

2206 4535 2490 4659 electiclmes
2543 4551 2644 4605 per
2699 4550 2754 4590 se
2809 4537 3010 4604 facere.
3095 4535 3178 4589 Ex
3249 4533 3484 4590 concilio
3554 4537 3790 4591 Bracar.

2207 4622 2329 4676 cap.
2403 4647 2415 4660 .

2206 4694 2364 4762 (Dist.
2396 4693 2488 4760 63,
2520 4709 2565 4746 ο.
2601 4699 2720 4750 Non
2751 4694 2925 4762 licet.)
2966 4693 3089 4748 Non
3144 4692 3279 4749 licet
3319 4691 3532 4765 populo
3562 4691 3796 4749 electio-

2139 4799 2268 4837 nem
2301 4782 2489 4838 l‘acere
2509 4799 2612 4854 per
2641 4799 2702 4838 se
2728 4799 2930 4838 eorum
2965 4781 3066 4854 qui
3117 4783 3189 4837 ad
3229 4781 3632 4838 sacerdotium
3662 4798 3800 4854 pro-

2137 4872 2425 4927 vehantur
2455 4871 2937 4943 [promoventur],
2976 4872 3078 4928 sed
3111 4871 3168 4926 in
3213 4871 3438 4941 judicio
3488 4870 3798 4943 episcopo-

2137 4977 2263 5016 rum
2293 4976 2422 5016 esse
2478 4961 2651 5016 debet
2709 4969 2768 5015 ut
2827 4960 2940 5032 ipsi
2999 4976 3133 5016 eum
3179 4961 3276 5032 qui
3309 4959 3674 5016 ordinandus
3706 4966 3802 5016 est

2136 5049 2405 5120 probent,
2440 5049 2488 5104 si
2522 5049 2579 5104 in
2612 5064 2902 5118 sermone,
2943 5053 2999 5105 et
3032 5049 3167 5116 ﬁde,
3220 5053 3278 5104 et
3323 5048 3628 5120 spirituali
3678 5049 3803 5104 vita

2137 5139 2382 5194 edoctus
2404 5136 2502 5194 sit.

2141 5228 2276 5284 CAP.
2310 5228 2399 5280 65.
2433 5259 2500 5266 —
2533 5226 2684 5295 Quod
2714 5242 2823 5281 non
2872 5227 3182 5283 habeantur
3225 5226 3481 5297 episcopi,
3531 5241 3661 5296 quos
3697 5242 3807 5281 nec

2213 5299 2410 5361 clerus,
2445 5314 2543 5353 nec
2590 5298 2822 5370 populus
2872 5299 3118 5369 elegerit,
3167 5313 3267 5353 nec
3313 5297 3807 5368 comprovinciate:

2210 5372 2455 5439 episcopi
2485 5372 2881 5424 consecrarint.
2921 5371 3022 5426 Leo
3054 5371 3272 5425 Rustico
3308 5370 3658 5426 Narbonensi
3677 5372 3802 5440 epi-

2207 5457 2391 5511 scopo,
2423 5443 2651 5512 epistola
2677 5443 2769 5497 90.

2218 5529 2384 5600 (Diu.
2417 5530 2510 5600 62,
2539 5547 2587 5587 c.
2620 5531 2783 5587 Nulla
2810 5529 3002 5602 ratio.)
3031 5530 3205 5587 Nulla
3232 5529 3380 5587 ratio
3409 5528 3573 5601 sinit,
3605 5533 3672 5586 ut
3702 5529 3804 5588 in-
