3960 6072
368 223 469 279 351

1459 226 1525 274 D.
1565 218 1803 274 IVONIS
1837 219 2332 275 CARNOTENSIS
2370 223 2683 278 EPISCOPI

3601 206 3783 276 -352

371 345 640 410 efferens,
668 346 959 398 asseveret
992 343 1132 414 quia
1161 342 1385 399 litteras
1443 341 1642 414 populi
1703 341 2013 412 acceperit,
2043 343 2095 409 Α
2127 347 2332 398 sancta
2363 344 2555 400 modis
2588 343 2866 400 omnibus
2898 343 3330 413 abscidatur,et
3361 344 3408 400 si
3441 344 3789 409 anathema,

369 449 505 488 cum
537 431 909 486 manifestum
940 431 1018 485 sit
1048 431 1240 502 potius
1271 430 1528 501 potuisse
1558 429 1755 501 plures
1779 430 2014 501 prmmio

368 530 422 577 et
455 521 724 577 mercede
755 520 1048 591 corrumpi
1081 535 1304 583 eorum,
1338 519 1436 591 qui
1497 519 1788 575 sinceram
1841 519 2014 574 fidem

366 628 482 666 non
515 611 755 675 habent,
791 613 854 663 ut
885 610 1208 663 clamarent
1237 607 1294 661 in
1330 606 1605 677 Ecclesia,
1630 612 1685 663 et
1713 609 1904 679 ipsum
1933 625 2018 679 pe-

366 705 489 756 tere
533 701 870 754 viderentur
925 696 1290 768 episcopum,
1324 696 1562 751 omnino
1621 697 1728 752 has
1785 697 2018 753 fraudes

373 789 740 844 damnandas
771 803 894 842 esse
918 784 1190 852 arbitror,
1226 785 1308 839 ita
1365 790 1429 840 ut
1459 803 1530 839 ne
1572 786 1778 840 laicam
1815 785 1872 841 in
1907 787 2020 842 ﬁne

374 877 847 934 communionem
885 874 1021 928 talis
1053 873 1384 945 accipiat.Si
1418 875 1582 930 vobis
1604 875 1878 930 omnibus
1903 874 2020 946 pla-

375 970 481 1033 cet,
516 964 773 1020 statuite.
807 963 1078 1034 Synodus
1107 963 1448 1033 respondit:
1482 962 1695 1018 Placet.

375 1055 605 1110 CAP.74.
641 1084 706 1094 —
740 1052 890 1120 Quod
939 1051 1221 1123 episcOpus
1280 1067 1396 1107 esse
1454 1068 1563 1105 non
1592 1052 1767 1123 possit
1797 1052 1894 1123 qui
1923 1069 2018 1106 ne-

442 1125 651 1180 sciente
677 1123 1104 1190 metropolitano
1133 1132 1475 1178 consecratus
1503 1123 1696 1191 fuerit.
1719 1127 1810 1178 Ex
1837 1123 2018 1180 conci-

443 1196 517 1252 lio
539 1195 864 1250 Arelatensi.
903 1211 962 1261 ιι,
997 1211 1115 1266 cap.
1147 1196 1202 1249 6.

444 1284 594 1340 Illud
625 1289 816 1339 autem
851 1289 984 1338 ante
1014 1283 1211 1339 omnia
1231 1283 1592 1355 claret,quod
1620 1299 1754 1338 eum
1777 1283 2018 1354 quisine

369 1372 729 1429 conscientia
757 1371 1190 1441 metropolitani
1225 1373 1581 1426 constitutus
1608 1371 1781 1426 fuerit
1801 1371 2018 1442 episco-

373 1478 506 1532 pus,
535 1461 704 1530 juxta
736 1476 1011 1531 magnam
1045 1461 1334 1530 synodum
1366 1474 1497 1514 esse
1527 1460 1868 1530 episcopum
1904 1475 2019 1514 non

372 1551 604 1605 debere.

375 1638 510 1693 CAP.
541 1640 632 1692 75.
665 1670 732 1678 —
762 1639 838 1692 Ne
865 1637 1107 1708 episcopi
1133 1653 1231 1707 per
1261 1637 1634 1692 Simoniacam
1665 1637 1898 1692 heresim
1929 1653 2020 1692 re-

447 1709 674 1780 giminis
735 1706 909 1765 locum
956 1706 1260 1764 obtineant.
1319 1713 1401 1764 Ex
1452 1709 1712 1765 Metdensi
1765 1709 2017 1777 concilio,
2051 1706 2097 1770 B

446 1799 565 1853 cap.
601 1783 686 1835 43.

447 1871 525 1942 (1,
555 1886 607 1940 q.
640 1871 696 1939 7,
717 1885 761 1924 c.
797 1867 1154 1939 Cavendum.)
1185 1868 1539 1938 Cavendum,
1570 1873 1627 1923 et
1647 1885 2018 1940 summopere

377 1963 462 2014 est
495 1958 964 2029 praecavendum,
997 1973 1062 2011 ac
1094 1973 1195 2028 per
1224 1956 1495 2012 virtutem
1527 1957 1836 2028 sanguinis
1854 1957 2016 2013 Chri-

379 2046 454 2103 sti
487 2046 956 2102 interdicendum
991 2045 1305 2116 episcopis,
1327 2052 1384 2100 et
1407 2046 1725 2118 regibus,et
1745 2047 2018 2102 omnibus

379 2134 826 2190 sublimioribus
851 2135 1235 2206 potestatibus
1252 2139 1428 2206 atque
1441 2135 1667 2190 cunctis
1691 2136 2018 2192 fautoribus

377 2229 434 2280 et
463 2223 814 2280 electoribus
843 2239 1350 2294 quorumcunque,
1375 2227 1549 2294 atque
1565 2223 2019 2280 consensoribus

379 2329 484 2370 seu
516 2312 953 2368 ordinatoribus
997 2312 1054 2366 in
1088 2313 1270 2384 gradu
1307 2311 1720 2379 ecclesiastico,
1754 2317 1817 2368 ut
1847 2327 2018 2368 nemo

379 2401 886 2476 perSimoniacam
903 2402 1170 2456 haeresim
1195 2401 1502 2472 regiminis
1522 2400 1714 2456 locum
1737 2401 2016 2471 obtineat,

380 2506 732 2564 quacunque
789 2489 1066 2556 fautionc,
1102 2489 1441 2557 calliditate,
1479 2489 1884 2560 promissione,
1917 2506 2019 2546 seu

375 2579 813 2647 commoditate,
847 2583 948 2634 aut
1003 2577 1316 2635 donatione
1343 2595 1442 2651 per
1471 2594 1555 2644 se,
1607 2582 1708 2633 aut
1739 2595 1842 2650 per
1871 2578 2018 2634 sub-

371 2668 615 2725 missam
648 2684 984 2739 personam,
1008 2684 1141 2724 cum
1172 2667 1427 2738 Spiritus
1459 2671 1697 2722 sanctus
1729 2666 1880 2722 inter
1910 2683 2018 2721 caa-

372 2764 495 2814 tera
525 2758 876 2812 documenta
935 2773 1038 2828 per
1094 2773 1159 2811 os
1217 2756 1376 2811 dicat
1405 2755 1664 2828 Gregorii
1696 2758 1878 2827 (epist.
1918 2755 2020 2809 110

374 2847 471 2903 lib.
505 2850 605 2914 vn)
639 2864 652 2902 :
684 2849 802 2903 Cur
832 2862 945 2900 non
1005 2845 1256 2910 videtur,
1315 2862 1418 2900 cur
1449 2861 1564 2899 non
1614 2845 2017 2916 perpenditur,

373 2936 512 3008 quia
541 2933 869 2990 benedictio
925 2932 1009 2988 illi
1059 2933 1116 2987 in
1150 2932 1618 2988 maledictionem
1661 2931 2020 2987 convertitur

369 3024 468 3096 qui
501 3024 573 3078 ad
603 3023 710 3078 hoc
747 3028 810 3077 ut
842 3022 944 3076 fiat
971 3021 1276 3076 hwreticus
1297 3020 1604 3076 ordinatur
1624 3021 1650 3074 ?
1675 3020 2016 3085 Item.Quis-

370 3112 502 3184 quis
532 3117 734 3167 contra
764 3111 914 3167 hanc
936 3111 1329 3166 Simoniacam
1368 3114 1424 3164 et
1454 3109 1878 3181 neophytorum
1902 3113 2012 3167 ha:-

370 3200 547 3257 resim
579 3201 954 3256 vehementer
1015 3216 1117 3269 pro
1165 3197 1340 3253 officii
1399 3197 1491 3252 sui
1549 3199 2013 3256 consideratione

368 3307 481 3345 non
517 3289 748 3354 arserit,
779 3304 914 3342 cum
948 3287 1186 3342 Simone
1217 3302 1389 3358 mago
1421 3303 1483 3342 se
1515 3303 1630 3341 non
1662 3288 1889 3343 dubitet
1915 3289 2014 3344 ha-

368 3378 505 3433 bere
537 3375 986 3448 portionem,qui
1020 3375 1249 3445 primus
1268 3374 1566 3429 commisit
1589 3374 1696 3431 hoc
1723 3376 2015 3446 piaculare

371 3465 761 3536 ﬂagitium.Et
792 3462 932 3517 alibi
962 3463 1140 3534 (epist.
1169 3463 1260 3531 5|,
1295 3479 1392 3518 seu
1423 3479 1468 3518 c.
1501 3464 1594 3533 95,
1625 3464 1663 3518 ι.
1696 3464 1773 3536 ιν)
1800 3483 1811 3520 :
1845 3465 2011 3529 Quis-

372 3551 506 3622 quis
535 3551 644 3606 hoc
681 3551 862 3622 pretio
894 3552 1091 3607 studet
1120 3552 1526 3623 accipere,non
1559 3568 1689 3608 esse
1715 3555 2014 3627 sacerdos,

371 3641 472 3696 sed
505 3639 619 3694 dici
652 3642 1064 3696 tantummodo
1093 3640 1348 3697 inaniter
1377 3641 1754 3713 concupiscit.
1782 3643 1851 3697 Et
1875 3644 2016 3698 alibi

373 3729 558 3800 (epist.
589 3729 645 3800 9)
678 3745 690 3783 :
725 3729 960 3799 Dolens,
992 3730 1202 3800 inquit,
1231 3731 1382 3798 dico,
1440 3747 1681 3803 gemens
1712 3732 2014 3802 denuntio,

370 3818 508 3887 quia
537 3819 928 3874 sacerdotium
964 3820 1117 3889 quod
1142 3820 1295 3890 apud
1328 3835 1426 3874 vos
1449 3820 1610 3874 intus
1641 3821 2019 3886 cecidit,foris

371 3909 472 3964 diu
506 3913 660 3965 stare
699 3927 813 3965 non
847 3909 1054 3981 potuit.

371 4000 506 4054 CAP.
539 3999 628 4054 76.
661 4029 731 4038 —
760 3999 836 4052 De
864 3998 948 4053 his
995 3997 1092 4068 qui
1124 3997 1302 4068 pretio
1357 4014 1570 4052 sacram
1617 3999 1844 4054 mercati
1894 4009 2021 4057 sunt

418 4070 856 4141 dignitatemEx
883 4069 1114 4141 epistola
1147 4068 1350 4124 Getasii
1376 4083 1542 4139 papa
1562 4070 1664 4140 (ep.
1698 4069 1752 4139 9,
1779 4087 1826 4124 c.
1860 4073 1970 4142 26).

447 4163 510 4230 (Ι,
541 4179 591 4232 q.
629 4161 680 4228 1,
713 4176 759 4214 ε.
796 4159 934 4228 Quos
961 4158 1308 4228 constiterit.)
1340 4158 1495 4222 Quos
1554 4157 1883 4214 constiterit
1929 4161 2016 4216 in-

373 4248 580 4319 dignos
613 4249 1108 4315 meritos,sacram
1143 4251 1432 4302 mercatos
1461 4263 1588 4302 esse
1618 4248 1801 4319 pretio
1833 4249 2020 4321 digni-

372 4339 550 4390 tatem
575 4336 711 4406 (Act.
751 4338 1196 4408 vm),convictos
1228 4341 1454 4408 oportet
1487 4336 1690 4407 arceri,
1712 4337 1851 4409 quia
1871 4339 2016 4394 dan-

373 4425 489 4478 tem
552 4425 769 4495 pariter
825 4429 881 4480 et
938 4425 1318 4496 accipientem
1371 4425 1669 4482 damnatio
1743 4425 2018 4498 Simonis,

374 4528 550 4583 quam
579 4530 746 4568 sacra
780 4513 948 4569 lectio
981 4513 1518 4582 testatur,involvit.

445 4603 578 4654 CAP.
610 4602 700 4655 77.
736 4630 801 4642 —
831 4603 907 4657 De
927 4602 1110 4676 eadem
1140 4619 1218 4658 re.
1279 4607 1362 4659 Ex
1417 4606 1646 4676 epistola
1703 4606 2022 4664 Hormisdae

858 4689 1019 4744 papa?
1048 4675 1188 4745 (cap.
1234 4676 1325 4745 25,
1371 4693 1416 4732 c.
1446 4675 1522 4748 2).

446 4759 560 4814 Hoc
593 4759 787 4831 itaque
814 4762 885 4816 ad
921 4762 1116 4833 priora
1145 4763 1584 4834 conjungimus,
1607 4781 1677 4820 ne
1696 4765 2020 4821 benedictio

375 4862 477 4917 per
503 4848 941 4919 impositionem
968 4867 1343 4921 manusque
1374 4870 1407 4907 a
1437 4853 1552 4909 Deo
1583 4870 1712 4910 esse
1742 4853 2020 4924 creditur,

374 4935 558 5006 pretio
591 4943 982 5008 comparetur,
1035 4939 1172 5010 quia
1222 4939 1423 4995 Simon
1485 4941 1687 5013 Magus
1736 4941 2017 5012 Spiritum

374 5027 648 5078 sanctum
698 5025 902 5081 volens
953 5027 1136 5098 pretio
1165 5029 1412 5083 mercari
1445 5031 1694 5101 apostoli
1725 5031 1876 5086 Petri
1910 5032 2022 5088 fuit

374 5111 762 5168 detestatione
794 5131 1129 5186 percussus.

374 5201 508 5257 CAP.
535 5202 627 5255 78.
659 5233 727 5242 —-
756 5205 886 5258 Item
915 5204 980 5259 de
1003 5205 1191 5260 eadem
1246 5221 1320 5280 re.
1353 5208 1459 5280 lic
1491 5223 1697 5264 canone
1751 5210 2021 5280 Apostolo-

927 5293 1069 5343 rum,
1094 5294 1214 5348 cap.
1247 5278 1316 5330 3O
1350 5278 1483 5349 [29].

447 5363 505 5418 Si
550 5362 684 5434 quis
706 5364 1016 5437 episcopus
1050 5371 1151 5420 aut
1183 5367 1501 5437 presbyter,
1536 5371 1635 5421 aut
1666 5367 1847 5422 abbas
1871 5368 2019 5438 [dia-

377 5453 582 5524 conus]
617 5470 716 5525 per
744 5455 1053 5525 pecuniam
1088 5455 1236 5510 hanc
1281 5455 1603 5511 obtinuerit
1648 5455 2018 5530 dignitatem,

376 5537 688 5609 dejiciatur
716 5543 840 5616 ipse
867 5550 923 5601 et
952 5545 1256 5602 ordinator
1284 5546 1434 5617 ejus,
1459 5549 1516 5601 et
1545 5562 1578 5601 a
1609 5545 2022 5605 communione

2127 431 2272 486 sicut
2303 432 2500 488 Simon
2537 434 2742 504 Magus
2776 450 2809 489 a
2833 433 3023 489 Petro.

2127 537 2260 593 CAP.
2293 539 2384 592 79.
2410 569 2480 580 —
2516 544 2664 610 Erga
2694 540 3036 595 Simoniacos
3093 539 3310 594 nullam
3337 538 3791 594 misericordiam

2198 610 2551 682 servandam.
2583 611 2843 667 Nicotaus
2895 611 3084 679 iunior
3110 611 3344 681 synodos
3384 610 3695 682 praesidens
3727 613 3794 665 in

2202 681 2809 753 Constantinopolitana
2839 683 3065 738 ecclesia
3096 682 3259 737 dixit.

2200 771 2276 836 (1,
2309 775 2516 841 q.1,c.
2582 773 2726 840 Erga
2779 771 3164 837 Simoniacos.)
3215 771 3360 840 Erga
3414 770 3794 825 Simoniacos

2131 857 2354 912 nullam
2387 858 2850 915 misericordiam
2870 860 2927 913 in
2952 859 3239 930 dignitate
3259 860 3545 914 servanda
3568 858 3796 913 baben-

2131 946 2267 1001 dam
2291 962 2423 1002 esse
2456 947 2851 1015 decernimus,
2885 949 2984 1004 sed
3012 949 3187 1017 juxta
3217 963 3509 1002 canonum
3535 946 3798 1002 sanctio-

2135 1050 2263 1102 nes,
2298 1040 2355 1089 et
2412 1042 2754 1092 sanctorum
2811 1036 3046 1091 Patrum
3100 1038 3330 1092 decreta
3391 1052 3491 1092 eos
3543 1036 3796 1090 omnino

2129 1123 2506 1191 damnamus,
2541 1141 2607 1179 ac
2635 1126 3009 1197 deponendos
3041 1141 3142 1180 eos
3175 1123 3496 1196 apostolica
3529 1124 3797 1178 auctori-

2127 1215 2244 1267 tate
2276 1213 2756 1270 sancimuthem.
2791 1215 2866 1270 De
2895 1219 3124 1281 caetero,
3147 1216 3194 1268 si
3230 1214 3366 1284 quis
3396 1213 3456 1266 in
3479 1217 3791 1283 posterum

2132 1303 2203 1356 ab
2234 1317 2300 1356 eo
2331 1317 2504 1372 quem
2527 1302 2922 1358 Simoniacum
2967 1319 3097 1357 esse
3128 1319 3242 1356 non
3274 1301 3526 1368 dubitat,
3558 1316 3621 1355 se
3650 1316 3799 1355 con-

2131 1391 2342 1446 secrari
2369 1390 2721 1462 permiserit,
2754 1396 2812 1445 et
2867 1396 3241 1446 consecrator
3295 1395 3354 1445 et
3400 1394 3796 1444 consecratus

2132 1495 2244 1534 non
2268 1478 2559 1550 disparem
2595 1479 2990 1535 damnationis
3021 1479 3375 1535 sententiam
3407 1479 3637 1547 subeat,
3674 1478 3788 1532 sed

2129 1571 2187 1622 et
2210 1572 2455 1638 uterque
2475 1568 2778 1639 depositus
2801 1567 3200 1639 pmnitentiam
3253 1571 3473 1640 agat,et
3518 1566 3794 1638 privatus

2131 1672 2161 1710 a
2196 1657 2429 1727 propria
2459 1657 2744 1728 dignitate
2765 1657 3062 1728 persistat.

2127 1766 2259 1817 CAP.
2293 1763 2381 1818 80.
2415 1793 2482 1802 —
2515 1763 2665 1830 Quod
2693 1762 2746 1818 si
2769 1765 3048 1818 Romanus
3076 1761 3332 1833 pontifex
3361 1761 3701 1833 Simoniace,
3727 1767 3792 1816 et

2193 1834 2314 1888 sine
2348 1849 2611 1889 consensu
2662 1835 3036 1889 cardinalium
3078 1832 3342 1889 ’intrusus
3369 1832 3560 1902 fuerit,
3588 1833 3662 1888 ab
3693 1833 3779 1888 eis

2195 1905 2774 1970 excommunicaudus,
2807 1915 2857 1960 et
2886 1907 3126 1960 humano
3151 1905 3322 1960 etiam
3349 1905 3552 1972 iudicia
3583 1921 3617 1960 a
3645 1905 3778 1959 sede

2193 1977 2476 2047 pellendus
2504 1979 2597 2031 sit.
2621 1977 2760 2043 Ibid,
2792 1993 2912 2047 cap.
2944 1978 2997 2032 2.

2196 2064 2255 2119 Si
2283 2065 2416 2136 quis
2448 2065 2693 2136 pecunia
2722 2072 2824 2120 aut
2845 2067 3034 2136 gratia
3065 2065 3346 2131 humana,
3369 2068 3469 2119 aut
3501 2063 3782 2136 populari

2126 2171 2228 2209 seu
2263 2154 2503 2209 militari
2535 2154 2951 2222 tumultu,sine
2973 2155 3240 2210 concordi
3274 2160 3328 2210 et
3359 2153 3642 2210 canonica
3664 2153 3788 2208 ele-

2127 2242 2318 2297 ctione
2348 2249 2405 2297 et
2465 2243 2872 2298 benedictione
2930 2242 3339 2313 cardinalium,
3363 2243 3788 2314 episcoporum

2127 2349 2194 2387 ac
2226 2331 2437 2386 deinde
2467 2333 2839 2402 sequentium
2871 2333 3146 2387 ordinum
3169 2331 3790 2403 religiosorum,apos-

2128 2421 2314 2477 tolicaa
2346 2421 2471 2476 sedi
2504 2420 2679 2476 fuerit
2700 2419 3277 2487 inthronizatus,non
3310 2437 3460 2492 papa
3488 2418 3574 2475 vel
3605 2436 3790 2490 apos—

2126 2509 2361 2576 tolicus,
2384 2509 2483 2565 sed
2519 2509 2878 2581 apostaticus
2903 2509 3226 2565 habeatur:
3251 2508 3422 2564 liceat
3447 2524 3560 2580 que
3585 2507 3786 2562 cardi-

2128 2599 2384 2667 nalibus,
2418 2597 2709 2670 episcopis
2739 2614 2872 2654 cum
2907 2597 3195 2670 religiosis
3218 2602 3276 2653 et
3304 2597 3487 2654 Deum
3516 2594 3789 2651 timenti-

2127 2687 2238 2742 bus
2264 2685 2494 2742 clericis
2525 2691 2584 2740 et
2612 2685 2780 2741 laicis
2811 2686 3341 2754 invasorem,etiam
3373 2701 3506 2740 cum
3540 2684 3788 2740 anathe-

2127 2779 2279 2830 mate
2300 2779 2358 2828 et
2388 2775 2650 2829 humano
2683 2774 2900 2830 auxilio
2927 2779 2982 2829 et
3005 2774 3200 2830 studio
3227 2791 3260 2830 a
3291 2773 3430 2829 sede
3453 2771 3786 2844 apostolica

2126 2861 2487 2934 repellere,et
2519 2878 2692 2932 quem
2724 2862 2966 2933 dignum
2992 2861 3390 2932 judicaverint
3420 2876 3781 2933 praeponere.

2125 2951 2285 3015 Quod
2319 2950 2368 3005 si
2399 2951 2508 3006 hoc
2527 2951 2681 3006 intra
2711 2951 2915 3006 urbem
2941 2951 3217 3022 perﬁcere
3244 2949 3785 3022 nequiverint,nos-

2124 3043 2215 3094 tra
2236 3039 2584 3094 auctoritate
2615 3044 2779 3094 extra
2809 3039 3015 3095 urbem
3048 3039 3382 3111 congregati
3413 3038 3472 3093 in
3505 3038 3631 3094 loco
3663 3055 3786 3110 quo

2124 3128 2208 3183 eis
2240 3127 2544 3198 placuerit,
2580 3127 2799 3198 eligant
2830 3144 3003 3198 quem
3038 3128 3366 3200 digniorem
3397 3132 3454 3182 et
3483 3126 3785 3182 utiliorem

2123 3214 2452 3287 apostolicae
2485 3215 2608 3270 sedi
2626 3215 3400 3287 perspexerint,concessaei
3433 3215 3790 3272 auctoritate

2124 3304 2362 3377 regendi
2394 3307 2451 3358 et
2481 3305 2834 3376 disponendi
2866 3321 2958 3360 res
2989 3305 3060 3360 ad
3081 3304 3391 3360 utilitatem
3427 3308 3644 3359 sanctae
3664 3303 3783 3360 Ro-

2127 3411 2318 3449 manae
2340 3392 2628 3457 Ecclesiae,
2662 3394 2991 3449 secundum
3035 3395 3190 3465 quod
3223 3394 3276 3448 ei
3308 3392 3521 3448 melius
3553 3392 3788 3447 videbi-

2125 3482 2424 3554 tur,juxla
2451 3482 2794 3552 qualitatem
2845 3482 3151 3554 temporis,
3183 3482 3354 3553 quasi
3379 3483 3507 3553 jam
3537 3481 3788 3538 omnino

2124 3570 2554 3626 inthronizatus
2575 3569 2666 3626 sit.

2126 3661 2259 3715 CAP.
2287 3659 2379 3731 81.
2413 3689 2477 3700 —-
2511 3659 2762 3731 Qualiter
2807 3659 3106 3731 judicandi
3159 3658 3272 3731 sint
3331 3659 3425 3731 qui
3465 3658 3790 3716 Simoniace

2196 3730 2414 3856 ordinis:
2441 3730 2770 3802 acceperint.
2809 3730 2906 3786 ’Em
2934 3731 3161 3786 decretis
3183 3730 3433 3801 Gregorii
3459 3747 3614 3803 papa
3647 3733 3786 3803 VII,

2197 3819 2315 3873 cap.
2425 3843 2436 3855 .

2197 3893 2274 3962 (1,
2306 3907 2356 3961 q.
2388 3892 2440 3961 1,
2473 3907 2520 3947 c.
2552 3891 2978 3962 Ordinationes.)
3009 3891 3418 3948 Ordinationes
3435 3906 3564 3963 quae
3589 3891 3786 3947 inter-

2126 3979 2395 4036 veniente
2417 3981 2599 4050 pretio
2629 3981 2715 4035 vel
2749 3981 3042 4052 precibus,
3065 3979 3152 4036 vel
3184 3980 3467 4051 obsequio
3490 3996 3557 4035 ea
3592 3979 3792 4036 inten-

2126 4068 2283 4124 tione
2314 4068 2580 4140 impenso
2612 4068 2787 4124 alicui
2821 4067 3198 4140 personae,vel
3224 4085 3346 4139 qua:
3379 4085 3493 4123 non
3515 4085 3790 4124 commu-

2127 4157 2185 4211 ni
2219 4172 2508 4211 consensu
2569 4155 2706 4210 cleri
2764 4161 2822 4211 et
2854 4156 3052 4228 populi
3107 4157 3433 4212 secundum
3465 4155 3790 4214 canonicas

2127 4244 2457 4301 sanctiones
2493 4245 2726 4314 fiunt,et
2755 4245 2826 4300 ab
2858 4245 2950 4300 his
2982 4245 3052 4300 ad
3085 4261 3231 4315 quos
3259 4245 3621 4300 consecratio
3647 4261 3787 4316 per-

2128 4333 2415 4402 tinet,non
2449 4333 2924 4404 comprobantur,
2957 4333 3134 4388 falsas
3166 4349 3296 4388 esse
3327 4333 3734 4403 dijudicamus
3771 4359 3786 4401 ;

2130 4421 2406 4492 quoniam
2441 4422 2540 4492 qui
2567 4421 2760 4476 taliter
2783 4421 3277 4492 ordinantur,non
3309 4438 3414 4494 per
3441 4425 3659 4478 ostium
3686 4423 3781 4477 in-

2128 4514 2308 4576 trant,
2341 4510 2394 4564 id
2428 4515 2516 4565 est
2559 4526 2660 4581 per
2689 4509 3010 4577 Christum,
3039 4511 3141 4566 sed
3178 4514 3243 4566 ut
3273 4511 3400 4582 ipsa
3431 4511 3660 4567 Veritas
3693 4517 3785 4568 te-

2129 4603 2341 4666 statur,
2374 4598 2530 4654 fures
2552 4603 2692 4653 sunt
2719 4603 2776 4654 et
2803 4598 3058 4655 latrones
3096 4601 3272 4670 (Joan.
3306 4601 3383 4671 x).

2131 4705 2262 4761 CAP.
2297 4706 2385 4760 82.
2412 4735 2482 4747 --
2526 4705 2680 4772 Quod
2725 4705 3068 4760 ordinatores
3118 4706 3556 4760 Simoniacorum
3608 4705 3783 4762 simul

2200 4793 2324 4830 cum
2355 4776 2492 4902 ipsis
2520 4776 2824 4831 damnandi
2851 4781 2999 4832 sunt.
3056 4777 3138 4832 Ea:
3196 4777 3447 4833 Toletano
3501 4793 3651 4833 conc.
3701 4795 3783 4851 vr,

2200 4865 2318 4902 can.
2395 4889 2406 4902 .

2200 4865 2318 4918 cap.
2355 4865 2406 4902 4.

2202 4937 2548 5007 Quicunque
2575 4935 2832 4991 Simonis
2864 4936 3148 5006 imitator,
3177 4935 3521 4992 Simoniacae
3545 4952 3787 5008 quoque

2130 5023 2368 5080 haeresis
2396 5024 2682 5081 exstiterit
2713 5028 2988 5092 sectator,
3022 5029 3088 5078 ut
3118 5023 3650 5080 ecclesiasticarum
3685 5042 3786 5080 or-

2129 5113 2336 5168 dinum
2368 5115 2589 5185 gradus
2623 5130 2736 5168 non
2770 5111 3056 5184 dignitate
3078 5129 3310 5168 morum
3363 5113 3644 5179 obtineat,
3677 5116 3785 5170 sed

2130 5217 2443 5256 munerum
2477 5201 2845 5273 impensione
2875 5199 3268 5273 conquirat,et
3298 5217 3400 5272 per
3429 5199 3628 5257 oblata
3656 5217 3787 5259 mu-

2131 5305 2271 5345 nera
2323 5289 2536 5361 capiat,
2587 5289 2804 5360 quibus
2836 5290 2988 5346 hanc
3037 5305 3142 5346 nec
3196 5290 3441 5346 rationis
3479 5291 3642 5355 ordo,
3676 5309 3788 5349 nec

2130 5377 2385 5447 dignitas
2410 5393 2640 5432 morum
2668 5377 3174 5434 ullacommendat
3196 5394 3210 5433 :
3232 5378 3374 5435 talis
3392 5379 3790 5450 inventus,sa~

2129 5464 2572 5536 crorumapices
2597 5467 2874 5523 ordinum
2893 5466 3052 5524 nullo
3073 5469 3249 5524 modo
3273 5467 3521 5540 adipisci
3542 5469 3791 5539 permit-

2127 5557 2322 5624 tatur;
2354 5553 2456 5612 sed
2490 5559 2548 5612 et
2569 5556 2620 5612 si
2651 5557 2900 5628 adeptus
2924 5555 3121 5624 fuerit,
3142 5557 3557 5614 communione
3587 5558 3786 5630 priva-
