3978 6060
165 316 281 369 353

888 312 1199 367 DECRETI
1235 312 1419 364 PARS
1454 310 1520 362 V.
1557 337 1623 346 ——
1660 307 1755 358 DE
1794 300 2116 356 PRIMATU
2154 300 2326 353 ROM.
2367 301 2674 366 ECCLES.,
2714 301 2866 355 ETC.

3469 307 3574 361 354

166 446 262 495 tus
296 455 426 494 cum
458 436 898 493 ordinatoribus
936 436 1060 492 suis
1111 433 1477 504 prepriorum
1531 431 1819 485 bonorum
1850 427 1905 493 Α
1934 426 2071 477 tunc
2094 423 2167 477 ab
2196 423 2355 477 omni
2378 439 2620 478 munere
2644 441 2853 480 manus
2884 426 3123 493 excutit,
3150 429 3381 497 quando
3404 431 3463 485 in
3488 431 3575 485 di-

166 528 486 583 amissione
516 527 850 581 damnetur.

168 622 306 673 CAP.
329 617 417 671 83.
450 646 521 655 -—-
553 616 618 672 Ut
649 616 743 683 qui
770 613 1088 668 Simoniace
1134 628 1171 665 a
1212 609 1551 683 Simonideis
1585 622 1819 683 munera

236 690 565 759 acceperint,
578 688 629 740 si
656 678 855 741 clerici
878 686 1094 759 fuerint
1113 683 1333 759 liquoris
1353 678 1818 759 antistioneyul-

236 749 444 823 tentur,
477 760 528 812 si
549 749 705 812 Vlaici
752 749 1105 811 anathemate
1146 756 1493 809 damnentur.
1526 753 1610 805 Ex
1658 749 1816 804 Tolet.

237 830 470 887 concilio
497 845 621 894 vm,
651 845 773 899 cap.
807 830 859 883 3.

242 922 318 991 (l,
349 936 401 990 q.
436 920 487 985 1,
518 934 566 972 c.
599 916 1009 988 Reperiuntur.)
1036 914 1379 983 Quicunque
1410 914 1646 982 propter
1676 907 1821 963 acci-

168 1009 440 1081 piendam
475 1005 785 1063 sacerdotii
818 1003 1167 1075 dignitatem
1188 1001 1486 1073 quodlibet
1513 999 1818 1071 praemium

166 1097 339 1154 fuerit
370 1098 632 1152 detectus
675 1092 981 1161 obtulisse,
1006 1108 1073 1146 ex
1104 1092 1306 1146 eodem
1337 1094 1597 1159 tempore
1627 1102 1687 1141 se
1718 1102 1819 1141 no-

164 1188 313 1242 verit
342 1184 736 1243 anathematis
768 1181 1080 1254 opprobrio
1105 1180 1766 1247 condemnatum,atque
1788 1192 1821 1229 a

166 1274 613 1348 participatione
627 1271 845 1329 Christi
871 1270 1134 1342 corporis
1148 1274 1205 1324 et
1220 1268 1524 1339 sanguinis
1540 1265 1819 1333 alienum,

167 1382 233 1420 ex
254 1381 371 1436 quo
395 1364 561 1419 illum
583 1366 812 1418 constat
835 1357 1193 1415 exsecrabile
1215 1358 1442 1412 Christo
1457 1362 1824 1427 perpetrasse

174 1453 489 1525 ﬂagitium.
513 1451 675 1515 Quod
704 1450 751 1505 si
786 1448 999 1520 aliquis
1032 1446 1313 1501 exstiterit
1337 1445 1435 1516 qui
1469 1442 1823 1509 accuset,ille

169 1543 263 1614 qui
288 1542 450 1598 hunc
474 1540 740 1597 ordinem
769 1554 1084 1593 munerum
1106 1532 1820 1601 fueritdationelucratus,

169 1636 222 1687 et
251 1630 511 1701 suscepti
546 1628 787 1684 honoris
808 1627 993 1698 gradu
1015 1625 1290 1696 privetur,
1308 1627 1365 1676 et
1385 1622 1443 1676 in
1468 1620 1821 1676 monasterio

186 1721 294 1777 sub
322 1717 562 1791 perenni
594 1715 933 1789 poenitentia
962 1713 1273 1783 religetur;
1314 1710 1397 1765 illi
1429 1727 1561 1765 vero
1594 1709 1689 1780 qui
1723 1724 1825 1780 pro

170 1823 345 1862 causa
377 1806 485 1860 hac
518 1818 833 1859 munerum
866 1804 1199 1870 acceptores
1222 1796 1538 1860 extiterint,
1559 1794 1608 1849 si
1631 1793 1826 1849 clerici
1856 1801 1905 1866 Β

168 1896 424 1964 fuerunt,
445 1892 685 1949 honoris
717 1889 1039 1945 amissione
1064 1886 1407 1951 multantur,
1433 1884 1482 1939 si
1508 1899 1642 1938 vero
1664 1881 1819 1937 laici:

171 1984 543 2039 anathemate
574 1984 853 2052 perpetuo
889 1977 1378 2033 condemnentur.

172 2072 307 2127 CAP.
346 2073 439 2125 84.
462 2102 530 2110 -—
564 2069 713 2141 Quid
739 2072 1025 2138 episcopus
1056 2080 1243 2141 uouere
1271 2063 1460 2118 debeat
1487 2061 1704 2141 ordines
1733 2076 1822 2115 ac-

376 2136 661 2209 cepturus.
684 2136 776 2194 Bai
803 2140 962 2194 Tolet.
995 2137 1227 2192 concilio
1259 2152 1335 2199 1x,
1366 2151 1482 2204 cup.
1522 2136 1607 2187 10.

236 2231 655 2303 Unusquisque
688 2228 790 2299 qui
823 2227 893 2282 ad
928 2224 1355 2281 ecclesiasticos
1377 2222 1597 2294 gradus
1618 2225 1707 2275 est
1728 2236 1822 2275 ac-

173 2334 590 2385 cessurus,non
615 2320 751 2371 ante
775 2314 1015 2370 honoris
1036 2311 1537 2367 consecrationem
1555 2308 1821 2380 accipiat,

173 2425 342 2480 quam
364 2406 565 2480 placiti
600 2405 689 2460 sui
724 2402 1105 2458 innodatione
1122 2400 1440 2470 promittat,
1457 2403 1521 2453 ut
1538 2399 1709 2452 ﬁdem
1734 2413 1825 2451 ca-

172 2495 445 2552 tholicam
479 2493 695 2550 sinceri
729 2492 924 2548 cordis
950 2489 1252 2546 devotione
1282 2487 1641 2556 custodiens,
1666 2487 1824 2557 juste

172 2589 224 2639 et
250 2584 341 2656 pie
371 2584 562 2638 vivere
593 2582 897 2648 debeat,et
917 2579 975 2633 in
1003 2577 1182 2633 nullis
1203 2576 1479 2647 operibus
1502 2575 1625 2631 suis
1649 2572 1821 2631 cano-

174 2673 314 2728 nicis
346 2671 568 2743 regulis
599 2669 985 2735 contradicat,
1003 2672 1180 2738 atque
1207 2669 1271 2719 ut
1300 2666 1562 2719 debitum
1583 2681 1683 2736 per
1703 2682 1824 2720 om-

175 2762 267 2817 nia
312 2762 601 2817 honorem
637 2764 811 2830 atque
842 2756 1108 2827 obsequii
1140 2754 1523 2809 reverentiam
1558 2755 1823 2825 prasemi-

176 2851 326 2905 nenti
362 2848 477 2905 sibi
511 2847 830 2917 unicuique
855 2845 1165 2917 dependat.

174 2943 295 2993 CAP.
330 2940 423 2993 85.
457 2968 523 2978 —
581 2937 643 2993 Ut
686 2934 885 2989 nulla:
928 2950 1026 3004 pro
1072 2933 1246 3004 gradu
1292 2931 1595 2988 sacerdotii
1626 2934 1821 3004 confe-

240 3011 545 3074 rendo,nec
564 3013 868 3073 antea,nec
892 3002 1009 3076 post
1038 3002 1238 3059 manus
1267 3007 1387 3058 sine
1415 3002 1669 3073 periculo
1698 3006 1823 3059 exi-

239 3086 347 3153 gat.
385 3082 473 3135 Ea:
503 3079 842 3134 Bracarensi
870 3078 1101 3132 concilio
1132 3093 1217 3144 ιιι,
1246 3091 1369 3146 cap.
1401 3078 1455 3129 7.

241 3170 399 3279 9:3:
438 3164 1818 3279 ἶτξξὲἶαζρῗῖἕῗῖδῗῖξῗῗῖἶ9ὶ¹¹ῗξῗέ³ἓῗῗέἷ⁰ηῗῗῒ
1852 3168 1893 3233 (³
2001 3212 2075 3275 (ί.
2107 3225 2158 3279 ιιι
2190 3209 2245 3273 3.
2278 3225 2325 3263 ο.
2366 3208 2702 3278 Vendentes.)

176 3258 406 3315 ferendo
440 3257 715 3329 cuiquam
742 3253 1055 3310 sacerdotii
1078 3253 1621 3324 gradu,autmunus
1644 3252 1825 3322 quod-

177 3363 424 3418 cunque,
461 3353 563 3401 aut
595 3344 1016 3416 promissiones
1040 3340 1304 3396 muneris
1330 3348 1643 3411 antequam
1668 3342 1824 3395 ordi-

179 3440 339 3489 netur
360 3432 763 3505 acceperit,vel
779 3432 955 3486 etiam
974 3434 1285 3502 postquam
1308 3429 1614 3484 ordinatus
1633 3430 1824 3499 fuerit,

182 3522 233 3577 in
264 3523 464 3595 aliquo
496 3538 558 3577 se
592 3538 694 3592 pro
727 3520 833 3576 hoc
866 3519 993 3590 ipso
1037 3518 1475 3589 praesumpserit
1506 3518 1825 3585 munerari,

181 3610 292 3665 sive
321 3610 422 3666 ille
455 3609 552 3680 qui
588 3608 833 3673 dederit,
876 3607 995 3661 sive
1024 3606 1119 3677 qui
1152 3607 1457 3676 acceperit,
1496 3606 1667 3675 juxta
1697 3622 1828 3660 sen-

182 3700 418 3753 tentiam
449 3696 939 3753 Chalcedonensis
970 3694 1198 3750 concilii
1231 3695 1449 3765 gradus
1480 3695 1572 3749 sui
1603 3694 1828 3765 pericu-

184 3784 296 3841 lum
331 3785 694 3841 substinebit
726 3786 864 3853 (cap.
888 3785 965 3854 2).

184 3878 305 3929 CAP.
339 3876 430 3929 86.
462 3906 531 3913 —
574 3873 727 3942 Quod
775 3873 1022 3927 Simonia
1073 3872 1188 3925 alia
1235 3871 1303 3925 ab
1348 3871 1619 3941 obsequio,
1654 3871 1767 3925 alia
1797 3887 1831 3925 a

248 3962 443 4009 manu,
476 3946 661 4000 aliaa
692 3945 885 4014 lingua
915 3945 1004 3998 sit.
1041 3942 1343 4014 Gregorius
1374 3946 1432 3997 in
1462 3942 1645 3998 codice
1689 3958 1828 4012 qua-

250 4016 510 4086 draginta
540 4016 951 4082 homiliarum.,
984 4013 1125 4069 hom.
1147 4013 1212 4068 ⁷4.

249 4106 320 4173 (1,
353 4123 403 4176 q.
444 4106 495 4175 1,
530 4119 573 4159 c.
612 4104 749 4158 Sunt
780 4102 1087 4173 nonnulli.)
1111 4100 1427 4156 Columbae
1448 4102 1717 4167 vendere,
1740 4104 1831 4155 est

188 4192 622 4264 impositionem
658 4208 886 4260 manus,
920 4206 1037 4260 qua
1081 4189 1330 4260 Spiritus
1361 4193 1602 4244 sanctus
1634 4190 1828 4252 datur,

187 4296 291 4335 non
324 4282 393 4335 ad
428 4280 559 4334 vita:
593 4280 891 4344 meritum,
928 4279 1028 4333 sed
1061 4277 1133 4332 ad
1169 4277 1473 4347 pra-mium
1528 4278 1684 4330 dare.
1717 4276 1829 4331 Sed

187 4375 315 4426 sunt
345 4370 641 4438 nonnulli,
670 4370 766 4442 qui
797 4369 1034 4440 quidem
1068 4384 1448 4423 nummorum
1494 4366 1732 4438 praemia
1763 4383 1831 4421 ex

187 4459 545 4516 ordinatione
574 4476 689 4514 non
722 4457 1039 4527 accipiunt,
1056 4456 1156 4511 sed
1214 4461 1411 4511 tamen
1447 4471 1644 4510 sacros
1675 4454 1830 4509 ordi-

1925 510 2076 565 vinis
2099 512 2272 567 rebus
2296 528 2412 566 non
2434 511 2626 567 solum
2659 512 2882 568 nullam
2916 514 3247 586 pecuniam,
3272 518 3372 572 sed
3396 520 3571 577 etiam

1928 600 2245 655 humanam
2280 601 2528 671 gratiam
2565 618 2678 656 non
2712 602 2977 673 requirit.

1927 718 2057 768 CAP.
2083 716 2172 789 87.
2206 746 2273 754 —
2306 716 2459 789 Quod
2487 717 2761 771 columbas
2792 719 3062 782 vendunt,
3097 722 3194 789 qui
3240 738 3440 777 manus
3468 724 3571 778 im-

1994 788 2323 910 poslitionem
2377 788 2448 841 ad
2498 792 2741 857 pretium
2797 788 3156 853 distribuunt.
3210 793 3419 849 Ibidem
3473 795 3573 850 ho-

1998 874 2073 910 mi
2105 874 2179 910 ια.

1998 874 2179 911 muta.

1998 953 2323 1010 Nonnullos
2354 960 2610 1011 vestrum
2641 974 2774 1011 cum
2807 958 3064 1028 praemiis
3081 960 3477 1017 ordinationes
3502 964 3580 1019 fa-

1930 1058 2055 1098 cere
2105 1044 2506 1116 cognovimus,
2540 1044 2906 1115 spiritualem
2939 1048 3189 1117 gratiam
3221 1051 3487 1119 vendere,
3520 1056 3577 1107 et

1930 1131 2000 1187 de
2017 1131 2222 1187 alienis
2253 1132 2666 1203 iniquitatibus
2698 1151 2829 1188 cum
2864 1136 3081 1205 peccati
3115 1137 3329 1193 damno
3361 1142 3578 1211 tempo-

1929 1218 2076 1274 ralia
2106 1220 2269 1275 lucra
2315 1220 2637 1276 cumulare.
2667 1221 2782 1276 Cur
2811 1239 2947 1293 ergo
2980 1224 3051 1277 ad
3084 1226 3430 1282 memoriam
3482 1245 3579 1283 ve-

1930 1313 2111 1363 stram
2147 1326 2259 1363 non
2291 1309 2464 1378 redit,
2489 1310 2643 1379 quod
2669 1328 2775 1365 vox
2808 1311 3111 1366 Dominica
3138 1314 3477 1384 praecipiens
3499 1317 3581 1371 di-

1930 1396 2039 1451 cit:
2084 1395 2263 1451 Gratis
2305 1400 2613 1468 accepistis,
2644 1401 2819 1466 gratis
2861 1398 3027 1453 date?
3076 1401 3279 1471 (Matth.
3332 1405 3410 1472 x.)
3465 1404 3581 1458 Cur

1932 1501 2047 1539 non
2080 1490 2212 1540 ante
2242 1486 2457 1541 mentis
2488 1486 2688 1541 oculos
2737 1488 3017 1543 revocatis
3078 1492 3232 1560 quod
3291 1493 3577 1565 templum

1933 1573 2288 1646 Redemptor
2310 1579 2508 1631 noster
2529 1576 2855 1647 ingressus,
2873 1577 3075 1632 cathed
3088 1596 3180 1635 ras
3202 1583 3579 1639 vendentium

1932 1661 2234 1718 columbas
2263 1664 2483 1731 evertit,
2515 1670 2573 1718 et
2621 1666 3154 1721 nummulariorum
3203 1669 3408 1726 effudit
3453 1672 3579 1728 aes?

1933 1751 2151 1821 (Matth.
2184 1754 2318 1821 XXI.)
2342 1752 2447 1815 Qui
2472 1769 2719 1823 namque
2746 1761 2880 1807 sunt
2907 1755 2960 1808 in
2987 1757 3203 1826 templo
3243 1757 3344 1812 Dei
3384 1759 3577 1829 hodie,

1938 1842 2039 1909 qui
2070 1839 2370 1895 columbas
2401 1841 2661 1896 vendunt
2690 1843 2865 1908 (Joan.
2901 1842 2985 1912 ιι),
3018 1843 3128 1899 nisi
3161 1845 3261 1915 qui
3292 1846 3351 1901 in
3383 1847 3578 1903 Eccle-

1934 1927 2022 1983 sia
2052 1929 2306 1999 pretium
2338 1930 2407 1983 de
2433 1928 2808 2000 impositione
2868 1947 3077 1986 manus
3126 1933 3442 2005 accipiunt,
3477 1953 3579 2007 per

1933 2032 2111 2087 quam
2144 2016 2409 2072 videlicet
2438 2018 2874 2088 impositionem
2907 2020 3162 2090 Spiritus
3193 2028 3435 2079 sanctus
3464 2041 3580 2080 coe-

1931 2104 2072 2160 litus
2105 2105 2318 2161 datur?
2348 2106 2629 2161 Columba
2660 2106 2840 2178 igitur
2867 2110 3157 2175 venditur,
3189 2112 3323 2182 quia
3367 2130 3580 2170 manus

1930 2193 2251 2265 impositio,
2280 2211 2380 2265 per
2410 2212 2587 2266 quam
2619 2195 2865 2266 Spiritus
2896 2204 3135 2254 sanctus
3168 2200 3471 2272 accipitur,
3508 2204 3581 2258 ad

1932 2284 2182 2354 pretium
2242 2284 2433 2338 datur.
2468 2283 2577 2338 Sed
2629 2285 2982 2355 Redemptor
3026 2292 3227 2342 noster
3273 2290 3580 2346 cathedras

1932 2372 2304 2427 vendentium
2337 2372 2641 2428 columbas
2667 2374 2891 2440 evertit,
2916 2374 3055 2444 quia
3085 2374 3289 2431 talium
3319 2378 3586 2450 negotia-

1934 2464 2125 2514 torum
2158 2460 2547 2515 sacerdotium
2580 2460 2849 2516 destruit.
2902 2461 3047 2517 Hinc
3102 2470 3190 2519 est
3234 2466 3390 2522 enim
3425 2468 3579 2538 quod

1933 2548 2083 2603 sacri
2126 2565 2377 2603 canones
2428 2549 2820 2604 Simoniacam
2870 2549 3136 2606 heresim
3187 2554 3488 2620 damnant,
3521 2559 3579 2611 et

1932 2653 2029 2692 eos
2052 2655 2085 2691 a
2105 2637 2427 2693 sacerdotio
2460 2637 2675 2707 privari
2706 2638 3188 2710 prmoipiunt,qui
3222 2642 3293 2696 de
3324 2641 3576 2712 largien-

1932 2728 2022 2782 dis
2054 2727 2359 2781 ordinibus
2392 2726 2643 2798 pretium
2677 2728 3268 2797 quaarunt.Cathedra
3288 2747 3424 2803 ergo
3446 2749 3579 2788 ven-

1933 2816 2195 2871 dentium
2227 2817 2531 2872 columbas
2562 2816 2861 2887 evertitur,
2894 2819 3126 2888 quando
3159 2819 3218 2873 hi
3251 2820 3351 2891 qui
3399 2821 3581 2892 spiri-

1931 2905 2149 2960 tualem
2182 2905 2430 2976 gratiam
2455 2906 2733 2971 vendunt,
2750 2905 2838 2960 vel
2859 2911 2993 2962 ante
3012 2907 3420 2978 humanos,vel
3442 2914 3577 2967 ante

1935 2994 2032 3050 Dei
2063 2992 2264 3049 oculos
2294 2994 2618 3049 sacerdotio
2652 2994 2971 3065 privamur.

2169 3110 2302 3164 CAP.
2336 3111 2425 3165 88.
2448 3140 2517 3149 ——
2547 3111 2621 3165 De
2647 3108 2835 3165 eadem
2864 3126 2944 3165 re.
2977 3112 3220 3167 Homilia
3242 3115 3333 3169 39.

2734 3209 3065 3264 Vendentes
3117 3216 3173 3265 et
3214 3218 3477 3270 ementes
3507 3216 3579 3271 de

1931 3295 2152 3368 templo
2183 3296 2449 3351 eliminat
2477 3296 2762 3365 Christus,
2784 3298 2922 3366 quia
2937 3298 3025 3352 vel
3049 3314 3146 3353 eos
3179 3301 3280 3371 qui
3312 3319 3412 3372 pro
3443 3319 3578 3359 mu-

1936 3401 2070 3439 nere
2102 3384 2533 3455 impositionem
2569 3400 2850 3439 manuum
2880 3385 3168 3451 tribuunt,
3199 3389 3287 3443 vel
3333 3407 3431 3446 eos
3474 3393 3578 3463 qui

1935 3476 2154 3528 donum
2193 3473 2292 3528 Dei
2339 3489 2530 3528 emere
2582 3473 2869 3537 nituntur,
2904 3475 3161 3531 damnat.
3195 3479 3346 3549 Item,
3379 3481 3580 3536 ibidem

1936 3562 1997 3616 In
2028 3560 2247 3631 templo
2277 3561 2591 3615 vendentes
2618 3567 2778 3631 sunt,
2802 3562 2900 3631 qui
2926 3563 3031 3618 hoc
3048 3567 3201 3635 quod
3224 3568 3580 3637 quibusdam

1932 3650 2061 3718 jure
2090 3649 2385 3719 competit,
2419 3651 2489 3702 ad
2541 3650 2845 3718 premium
2895 3651 3246 3722 largiuntur.
3278 3657 3581 3713 Justitiam

1937 3737 2094 3793 enim
2118 3738 2365 3790 vendere
2387 3740 2496 3801 est,
2520 3736 2668 3792 hanc
2702 3755 2803 3808 pro
2836 3740 3058 3809 praemii
3090 3745 3429 3815 acceptione
3461 3763 3583 3802 ser-

1938 3842 2089 3880 vare.
2124 3827 2396 3879 Ementes
2428 3842 2559 3880 vero
2592 3826 2649 3879 in
2679 3827 2895 3899 templo
2945 3835 3107 3895 sunt,
3140 3832 3241 3902 qui
3290 3834 3431 3889 dum
3474 3836 3583 3892 hoc

1938 3916 2093 3985 quod
2118 3916 2347 3984 justum
2381 3918 2471 3969 est
2502 3915 2759 3985 proximo
2794 3917 3117 3986 persolvere
3160 3920 3386 3988 nolunt,
3415 3925 3587 3979 dum-

1938 4019 2051 4073 que
2084 4020 2203 4058 rem
2229 4004 2363 4073 jure
2394 4003 2652 4059 debitam
2687 4007 2874 4061 facere
2898 4014 3303 4079 contemnunt,
3328 4014 3464 4067 dato
3492 4030 3590 4084 pa-

1938 4091 2129 4147 tronis
2160 4092 2343 4162 pretio
2377 4091 2662 4162 [praemio]
2695 4100 2899 4147 emunt
2924 4103 3249 4165 peccatum.

1938 4208 2068 4284 CAP.
2098 4207 2185 4260 89.
2211 4235 2285 4284 _—
2316 4207 2660 4284 lleepiscopo
2704 4206 3017 4284 Simoniace
3062 4210 3340 4267 ordinato.
3386 4213 3585 4284 Grego-

2010 4279 2127 4355 rius
2174 4278 2479 4355 Maximino
2540 4278 2823 4355 [Maximo]
2880 4285 3275 4355 prwsurnptori
3327 4278 3587 4344 Eccleiite

2011 4347 2357 4402 Salonitanw
2385 4346 2504 4417 (lib.
2537 4364 2573 4401 v
2602 4346 2819 4416 reqist.,
2847 4346 3005 4420 epist.
3037 4352 3112 4421 3).

2010 4444 2277 4499 Pervenit
2302 4444 2374 4497 ad
2407 4460 2535 4509 nos,
2569 4446 2723 4515 quod
2756 4463 2857 4515 per
2890 4448 3282 4507 Simoniacam
3317 4452 3587 4511 haeresim

188 4562 283 4602 nes
312 4565 413 4619 pro
452 4547 713 4603 humana
743 4546 930 4618 gratia
960 4544 1313 4617 largiuntur,
1348 4548 1522 4615 atque
1554 4544 1623 4597 de
1652 4542 1825 4614 largi-
1860 4527 1905 4591 Ι)
1935 4532 2115 4588 fueris
2147 4533 2475 4601 ordinatus,
2510 4534 2613 4587 sed
2647 4540 2705 4588 et
2735 4534 2847 4589 alia
2880 4537 2949 4591 de
2980 4543 3035 4591 te
3067 4542 3255 4596 multa
3293 4541 3386 4596 hic
3434 4544 3591 4601 dicta

189 4638 296 4691 tate
325 4638 532 4692 eadem
565 4635 757 4691 laudis
790 4634 1161 4689 solummodo
1194 4632 1635 4687 retributionem
1672 4647 1829 4702 quas-

188 4728 333 4777 runt.
357 4724 422 4779 Hi
458 4724 738 4778 nimirum
776 4723 930 4794 quod
960 4721 1142 4793 gratis
1171 4726 1475 4792 acceptum
1507 4725 1617 4786 est,
1648 4719 1830 4791 gratis

190 4825 293 4864 non
353 4812 624 4866 tribuunt
683 4812 897 4881 (Matth.
928 4810 1005 4880 x),
1042 4808 1179 4880 quia
1211 4810 1281 4863 de
1310 4810 1579 4877 impenso
1638 4807 1829 4862 ofﬁcio

189 4900 532 4969 sanctitatis,
565 4914 872 4954 nummum
905 4897 1119 4953 favoris
1148 4901 1447 4967 expetunt.
1482 4895 1644 4950 Unde
1686 4897 1829 4949 bene

189 5000 313 5041 cum
342 4988 786 5058 virumjustum
820 4986 1177 5041 describeret
1217 4983 1520 5055 propheta,
1559 4985 1673 5037 ait:
1727 4984 1831 5050 Qui

187 5078 390 5130 excutit
418 5092 626 5131 manus
656 5092 788 5131 suas
831 5075 897 5129 ab
946 5076 1100 5128 omni
1146 5088 1375 5127 munere
1423 5074 1551 5141 (Isa.
1582 5071 1781 5142 xxxm)
1813 5088 1826 5125 :

190 5162 377 5231 Neque
398 5164 554 5217 enim
579 5164 749 5218 dicit:
782 5163 887 5229 Qui
906 5163 1111 5217 excutit
1134 5178 1325 5216 manus
1354 5176 1481 5215 suas
1504 5176 1542 5215 α
1562 5176 1788 5215 munere
1807 5175 1829 5221 ,'

191 5250 283 5303 sed
306 5251 593 5321 adjunxit,
614 5252 682 5306 ab
703 5253 873 5306 omni.
899 5250 1046 5314 Quia
1066 5248 1223 5303 aliud
1257 5253 1346 5305 est
1376 5265 1592 5303 munus
1622 5249 1694 5303 ab
1726 5249 1828 5303 ob-

192 5335 409 5404 sequio,
459 5336 614 5393 aliud
651 5354 873 5392 munus
904 5355 937 5392 a
970 5353 1170 5403 manu,
1214 5335 1370 5390 aliud
1410 5352 1627 5391 munus
1658 5353 1690 5391 a
1718 5335 1829 5389 lin-

192 5435 316 5489 gua.
338 5424 549 5480 Munus
580 5426 797 5497 quippe
822 5428 892 5482 ab
912 5425 1197 5496 obsequio
1218 5428 1307 5479 est
1328 5425 1612 5495 subjectio
1660 5424 1830 5479 inde-

193 5507 301 5564 bite
331 5511 630 5583 impensa;
669 5531 885 5569 munus
915 5533 948 5568 a
980 5530 1179 5577 manu,
1217 5512 1500 5583 pecunia;
1551 5529 1767 5567 munus
1799 5528 1831 5567 a

194 5595 405 5672 lingua,
465 5602 643 5659 favor.
698 5603 806 5667 Qui
864 5619 997 5673 ergo
1057 5618 1255 5657 sacros
1314 5602 1547 5657 ordines
1604 5601 1829 5671 tribuit,

1939 4627 2099 4690 sunt,
2124 4622 2196 4675 de
2220 4621 2434 4690 quibus
2466 4638 2650 4676 unum
2686 4639 2863 4693 quam
2899 4626 3150 4682 maxime
3191 4630 3322 4696 fuit,
3355 4637 3591 4703 propter

1939 4710 2093 4781 quod
2120 4725 2357 4764 necesse
2382 4708 3097 4781 habuimus,summopere
3120 4733 3221 4787 per
3241 4719 3460 4791 scripta
3480 4738 3588 4776 no-

1939 4803 2061 4853 stra
2107 4796 2435 4868 prohibere,
2474 4814 2544 4853 ne
2595 4798 2910 4856 missarum
2959 4803 3247 4862 solemnia
3294 4808 3587 4866 celebrare

1939 4886 2271 4941 debuisses.

1938 5001 2074 5055 CAP.
2106 5000 2195 5052 90.
2229 5030 2295 5038 —
2330 5000 2391 5054 Ut
2420 5000 2620 5069 dignus
2647 5004 2763 5057 vita
2792 5011 2843 5057 et
2869 5008 3113 5061 moribus
3164 5009 3235 5063 ad
3281 5027 3461 5066 sacros
3489 5029 3583 5069 or-

2007 5070 2163 5125 dines
2192 5069 2768 5150 elig_atur.Gregorius
2786 5077 3168 5136 Brunichildae
3187 5084 3394 5150 regine
3416 5086 3583 5139 Fran-

2008 5158 2197 5197 corum
2226 5141 2326 5210 (lib
2381 5159 2458 5196 vu
2488 5141 2695 5214 regist.,
2732 5150 2888 5216 epist.
2924 5150 2999 5219 5).

2009 5245 2462 5302 Christianitatis
2491 5252 2696 5305 vestrae
2734 5251 3064 5309 sollicitudo
3098 5256 3406 5328 diligenter
3434 5258 3583 5313 invi-

1939 5337 2098 5409 gilet,
2124 5340 2189 5389 ut
2209 5333 2437 5389 nullum
2464 5336 2563 5406 qui
2590 5339 2699 5393 sub
2725 5346 2914 5396 vestro
2938 5357 3115 5413 regno
3140 5346 3325 5408 est,ad
3349 5362 3581 5402 sacrum

1939 5424 2202 5481 ordinem
2235 5438 2301 5476 ex
2333 5422 2567 5479 datione
2597 5429 2875 5496 pecuniae,
2908 5430 2995 5484 vel
3049 5431 3444 5499 quarumlibet
3481 5450 3581 5505 pa-

1939 5512 2186 5568 trocinio
2209 5528 2613 5582 personarum,
2640 5531 2741 5569 seu
2770 5516 3158 5586 proximitatis
3171 5519 3306 5588 jure
3328 5521 3585 5591 patiatur

1940 5602 2235 5668 accedere,
2261 5600 2361 5655 sed
2394 5599 2490 5655 ille
2520 5602 2591 5655 ad
2624 5602 2996 5677 episcopatus
3028 5603 3114 5660 vel
3146 5604 3387 5669 alterius
3432 5613 3584 5673 sacri
