3978 6060
191 300 303 354 357

907 305 1217 359 DECRETI
1255 308 1438 361 PARS
1476 310 1540 361 V.
1574 338 1642 347 ——
1665 311 1761 364 DE
1801 309 2126 369 PRIMATU
2166 318 2333 371 ROM.
2372 320 2685 393 ECCLES.,
2725 328 2880 384 ETC.

3498 340 3603 396 3:38

190 423 464 479 veniente
494 423 743 479 Domino
773 425 844 480 de
875 425 1135 482 Ecclesia
1174 429 1411 498 auferri,
1433 430 1700 487 auferant
1732 434 1845 489 ista
1871 439 1925 505 Α
1956 437 2055 491 sed
2101 437 2436 496 humillima
2484 447 2541 498 et
2588 450 2857 503 concordi
2890 452 3414 528 administratione,
3449 465 3602 521 sicut

192 513 264 568 de
296 512 421 568 suis
451 512 701 583 actibus,
730 530 801 568 ne
829 513 1046 569 faciant
1075 516 1317 572 domum
1354 518 1448 573 Dei
1480 520 1717 577 domum
1754 539 1846 578 ne-

194 600 560 670 gotiationis.

196 690 326 771 Cir.
358 689 450 771 98.
485 690 795 771 —_Q_uibus
820 694 882 771 in
914 692 1072 771 locis
1098 695 1363 771 episcopi,
1385 696 1592 771 quibus
1619 701 1844 771 presby-

267 763 379 816 teri
404 776 520 816 esse
548 762 802 817 debeant.
836 762 1140 819 Anactetus
1173 766 1230 817 in
1263 762 1423 821 tertio
1453 762 1715 824 decretali
1751 762 1846 826 suo

270 833 525 887 omnibus
555 834 824 905 episcopis
857 836 1047 906 (supra
1075 851 1121 889 c.
1152 836 1266 906 58).

269 929 539 1001 Episcopi
574 930 997 1002 apostolorum,
1036 933 1358 1004 presbyteri
1406 950 1540 991 vero
1568 938 1639 990 72
1670 938 1847 994 disci-

194 1017 475 1089 pulorum
507 1018 703 1073 locum
736 1023 957 1073 tenent.
993 1019 1261 1092 Episcopi
1293 1028 1486 1078 autem
1514 1042 1626 1079 non
1666 1026 1722 1081 in
1757 1044 1847 1083 ca-

194 1106 409 1173 stellis,
442 1123 630 1178 neque
662 1107 719 1162 in
755 1107 1003 1163 modicis
1033 1108 1368 1166 civitatibus
1418 1113 1631 1169 debent
1676 1131 1844 1171 cons-

191 1194 352 1260 titui,
387 1195 487 1250 sed
522 1196 845 1267 presbyteri
898 1212 1001 1267 per
1044 1197 1284 1252 castella
1332 1203 1387 1253 et
1419 1202 1677 1258 modicas
1709 1204 1843 1258 civi-

195 1291 343 1338 tates
376 1286 551 1353 atque
597 1283 766 1338 villas
816 1285 1028 1339 debent
1062 1286 1133 1340 ab
1167 1288 1455 1359 episcopis
1505 1291 1763 1346 ordinari
1790 1298 1845 1348 et

188 1370 351 1441 poni,
382 1370 601 1442 singuli
647 1376 844 1427 tamen
896 1389 998 1443 per
1029 1373 1299 1445 singulos
1347 1377 1551 1433 titulos
1583 1397 1742 1435 suos.
1776 1382 1845 1436 Et

187 1459 504 1530 episcopus
536 1476 650 1515 non
686 1460 757 1515 ab
793 1478 928 1525 uno,
966 1463 1066 1517 sed
1099 1480 1129 1517 a
1164 1464 1435 1534 pluribus
1487 1468 1656 1523 debet
1687 1470 1844 1540 epis-

189 1548 355 1618 copis
387 1549 641 1605 ordinari
689 1553 764 1619 et,
798 1555 864 1605 ut
912 1552 1133 1606 dictum
1168 1559 1274 1617 est,
1302 1571 1413 1609 non
1446 1557 1517 1611 ad
1552 1558 1841 1614 modicam

189 1635 512 1704 civitatem,
546 1653 617 1693 ne
648 1637 891 1694 vilescat
920 1656 1127 1695 nomen
1159 1641 1440 1713 episcopi,
1474 1645 1573 1699 sed
1626 1647 1696 1700 ad
1733 1646 1839 1701 bo-

189 1725 520 1781 norabilem
550 1726 757 1781 urbem
789 1726 1117 1784 titulandus
1148 1734 1204 1784 et
1227 1731 1697 1789 denominandus
1728 1739 1836 1791 est.

186 1812 502 1885 Presbyter
548 1829 680 1869 vero
712 1815 784 1869 ad
835 1815 1305 1888 qualemcunque
1338 1819 1530 1876 locum
1582 1822 1840 1879 ecclesia
1870 1806 1917 1870 Β

185 1899 250 1955 in
281 1917 349 1957 eo
383 1902 714 1958 constitutae
746 1908 837 1958 est
870 1904 1295 1975 praeﬁciendus.

185 2008 325 2090 CAP:
358 2008 448 2062 99.
482 2039 551 2049 -
599 2010 834 2090 Iri-itan}
888 2026 1002 2066 esse
1057 2015 1389 2090 sententiam
1444 2017 1840 2090 archiepiscopi

259 2081 385 2134 sine
414 2096 639 2157 assensu
669 2082 1128 2157 coepiscoporum.
1153 2086 1410 2154 Higinius
1437 2104 1584 2157 papa
1615 2081 1646 2141 ἀ
1679 2081 1839 2146 Petro

260 2152 501 2233 apostolo
553 2152 772 2233 octavus
800 2154 859 2207 in
891 2158 911 2205 1
948 2152 1237 2210 ἀει-νειαιῖ
1259 2173 1377 2225 suo,
1408 2152 1662 2215 omnibus
1693 2165 1837 2233 epis-

257 2223 409 2291 copis
440 2222 581 2292 (cap.
614 2224 691 2294 2).

255 2310 336 2375 (9,
368 2326 421 2381 q.
453 2312 508 2375 3,
541 2327 588 2366 c.
644 2312 847 2380 Salvo).
898 2314 1067 2370 Salvo
1115 2315 1173 2369 in
1226 2318 1501 2374 omnibus
1563 2321 1837 2377 Romanae

182 2397 464 2454 Ecclesiae
494 2399 817 2472 privilegio,
848 2401 1048 2457 nullus
1081 2404 1570 2476 metropolitanus
1615 2410 1839 2481 absque

184 2491 535 2542 ceterorum
592 2490 858 2545 omnium
910 2492 1491 2563 comprovincialium
1533 2498 1837 2570 episcopo-

187 2592 325 2630 rum
374 2575 658 2632 instantia
707 2578 1037 2650 aliquorum
1090 2581 1290 2637 audiat
1320 2599 1529 2639 causas
1580 2602 1834 2656 reorum,

184 2664 330 2733 quia
358 2663 533 2719 irritas
582 2670 755 2720 erunt
802 2667 972 2721 aliter
1021 2672 1157 2723 acta:
1191 2686 1367 2740 quam
1418 2672 1478 2726 in
1528 2681 1836 2744 conspectu

183 2768 394 2807 eorum
430 2753 695 2809 omnium
726 2755 1040 2825 ventilatis,
1072 2764 1129 2812 et
1162 2758 1307 2829 ipse,
1341 2760 1388 2814 si
1421 2760 1639 2831 fecerit,
1672 2779 1837 2818 coer-

182 2844 392 2895 ceatur
419 2855 453 2895 a
484 2840 784 2896 fratribus.
819 2842 971 2913 (Cap.
1004 2845 1175 2915 2).(2,
1210 2863 1261 2916 q.
1293 2849 1348 2914 7,
1380 2864 1426 2902 c.
1472 2849 1835 2907 Criminati0~

177 2928 327 2998 nes).
359 2928 813 2986 Criminationes
862 2933 1151 3002 majorum
1205 2940 1345 2989 natu
1395 2952 1497 3007 per
1543 2937 1689 2994 alios
1719 2956 1835 2995 non

178 3017 353 3084 fiant,
389 3016 503 3072 nisi
536 3034 639 3089 per
686 3018 846 3090 ipsos
877 3021 976 3093 qui
1022 3022 1268 3077 crimina
1297 3022 1631 3095 intendunt,
1666 3028 1714 3082 si
1750 3032 1835 3083 ta-

180 3120 323 3159 men
353 3105 464 3175 ipsi
495 3106 657 3177 digni
688 3114 745 3161 et
778 3108 1318 3178 irreprehensibiles
1348 3115 1746 3183 apparuerint,
1779 3122 1836 3171 et

374 3159 431 3175 5'
559 3159 593 3177 υ
625 3159 630 3160 ν
696 3159 740 3161 -ί
802 3159 845 3161 ν
869 3159 1317 3178 -Γ-ν---”----*ν
1349 3159 1519 3183 “rr‘”
1539 3159 1746 3181 *νυ-η’
1781 3159 1836 3171 ν’

174 3192 332 3247 actis
363 3192 614 3262 publicis
661 3194 926 3250 docuerit
956 3198 1115 3251 omni
1148 3214 1209 3253 se
1258 3200 1595 3271 suscipione
1636 3220 1831 3261 carere
1865 3159 1907 3225 Ο

174 3285 239 3335 et
297 3280 629 3349 inimicitia,
669 3286 847 3354 atque
900 3284 1474 3356 irreprehensibilem
1534 3291 1704 3347 fidem
1765 3310 1830 3349 ac

175 3370 682 3425 conversationem
711 3372 945 3427 ducere.

178 3474 319 3529 CAP.
355 3475 475 3550 100.
510 3506 576 3516 -
609 3477 671 3550 Ut
697 3477 886 3535 nulla:
916 3479 1377 3550 metropolitanus
1425 3484 1661 3539 alterius
1690 3487 1832 3542 dice-

256 3548 446 3622 cesani
468 3548 871 3622 parochianum
899 3548 1204 3620 prgsurnat
1233 3559 1727 3622 excommunicare,
1750 3560 1833 3613 vel

255 3618 478 3699 aliquid
506 3618 848 3699 decc-agere
875 3618 994 3676 sine
1020 3625 1256 3699 cpncilio
1288 3627 1370 3679 vel
1393 3626 1609 3699 judicio
1637 3618 1835 3699 episco-

254 3688 317 3758 pi
348 3690 459 3743 sui.
479 3690 745 3769 .Calixtas
776 3708 941 3769 papa
971 3710 1005 3747 a
1030 3695 1193 3769 Petro
1220 3712 1315 3769 xv,
1349 3688 1634 3753 Benedicto
1663 3688 1834 3769 'fralri

252 3769 305 3814 et
334 3761 639 3831 coepiscopo
672 3761 853 3833 (epist.
885 3764 919 3815 2
949 3767 1111 3835 episc.
1146 3767 1370 3831 Galliae,
1401 3769 1539 3839 0.3).

254 3857 330 3926 (9,
366 3873 416 3927 q.
451 3857 502 3928 3,
548 3874 594 3912 ο.
646 3858 852 3914 Nullus
900 3864 1149 3931 primas).
1208 3863 1410 3919 Nullus
1470 3867 1692 3937 primas
1744 3868 1831 3923 vel

177 3945 674 4016 metropolitanus
693 3948 1005 4004 dioecesani
1040 3950 1346 4007 ecclesiam
1364 3953 1449 4008 vel
1468 3956 1829 4026 parochiam,

174 4032 268 4088 vel
301 4035 559 4106 aliquem
594 4036 665 4091 de
696 4038 823 4107 ejus
858 4039 1135 4108 parochia
1165 4047 1481 4111 praesumat
1501 4055 1834 4100 excommu-

174 4124 401 4190 nicare,
434 4124 523 4179 vel
564 4126 855 4194 judicare,
885 4126 1180 4198 aliquidve
1232 4146 1401 4202 agere
1451 4131 1672 4203 absque
1703 4135 1832 4203 ejus

178 4211 435 4266 concilio
488 4213 575 4269 vel
617 4214 868 4283 judicio,
920 4217 1021 4270 sed
1056 4216 1164 4271 hoc
1214 4218 1501 4288 observet,
1553 4222 1705 4290 quod
1759 4223 1831 4277 ab

174 4299 467 4370 apostolis
519 4317 584 4355 ac
639 4302 932 4366 Patribus,
964 4308 1021 4358 et
1051 4306 1582 4375 praedecessoribus
1616 4310 1832 4366 nostris

174 4391 272 4444 est
301 4392 589 4444 statutum
620 4394 677 4445 et
708 4408 741 4444 a
770 4391 939 4446 nobis
972 4393 1409 4449 confirmatum.

175 4494 314 4572 CA1}
350 4493 471 4572 191.
503 4524 571 4572 _——
619 4496 846 4572 lrrilam
878 4511 992 4572 esse
1034 4498 1185 4572 quod
1214 4497 1355 4566 facit
1403 4500 1836 4572 archiepiscopus

247 4563 314 4687 ge
341 4564 579 4618 alterius
604 4566 870 4636 parochia
896 4570 1016 4622 sine
1042 4563 1165 4639 ejus
1196 4563 1497 4625 voluntate.
1531 4563 1701 4636 Idem,
1733 4563 1834 4629 ibi-

284 4651 389 4687 em.

284 4651 389 4689 em.

252 4722 311 4777 Si
344 4723 479 4793 quis
510 4740 644 4778 vero
679 4725 1162 4796 metropolitanus
1196 4727 1656 4798 episcopus,nisi
1678 4733 1832 4801 quod

180 4811 252 4864 ad
289 4827 455 4865 suam
481 4812 852 4867 solummodo
873 4816 1168 4885 propriam
1194 4818 1448 4887 pertinet
1474 4818 1832 4890 parochiam,

176 4899 305 4954 sine
336 4916 625 4955 consensu
655 4901 942 4973 [consilio]
968 4908 1026 4958 et
1054 4904 1353 4960 voluntate
1385 4906 1649 4961 omnium
1683 4924 1837 4963 com-

178 4988 633 5060 provincialium
694 4990 1120 5061 episcoporum,
1172 4998 1332 5048 extra
1390 4993 1609 5065 aliquid
1664 5011 1833 5068 agere

176 5076 515 5140 tentaverit,
547 5078 763 5148 gradus
796 5079 887 5134 sui
930 5080 1187 5151 periculo
1216 5082 1560 5153 subjacebit,
1590 5088 1648 5139 et
1678 5086 1832 5155 quod

175 5166 366 5236 egerit
396 5165 625 5220 irritum
670 5166 981 5234 habeatur,
1014 5174 1069 5223 et
1116 5186 1367 5225 vacuum
1396 5190 1409 5239 ;
1443 5173 1545 5227 sed
1597 5172 1645 5226 si
1690 5173 1830 5243 quid

175 5254 592 5326 [quidquid]de
605 5256 1182 5327 comprovincialium
1200 5261 1390 5315 causis
1404 5260 1831 5332 episcoporum,

175 5358 502 5413 eorumque
524 5343 903 5400 ecclesiarum
937 5349 992 5401 et
1024 5346 1364 5403 clericorum
1391 5354 1565 5421 atque
1588 5349 1831 5405 saecula-

177 5432 331 5485 rium
356 5433 807 5488 necessitatibus
826 5450 997 5505 agere
1011 5439 1111 5492 aut
1132 5436 1439 5509 disponere
1455 5454 1691 5494 necesse
1717 5438 1833 5494 fue-

180 5520 278 5583 rit,
312 5520 423 5575 hoc
453 5536 586 5576 cum
621 5522 885 5577 omnium
920 5541 1213 5580 consensu
1247 5527 1828 5598 comprovincialium

180 5615 392 5683 agatur
421 5609 793 5683 pontificum,
834 5629 950 5669 non
981 5613 1177 5686 aliquo
1208 5615 1622 5673 dominationis
1651 5617 1833 5690 fastu,

1954 523 2240 583 Dominus
2270 528 2350 584 ait
2382 549 2394 585 :
2428 532 2543 587 Non
2595 538 2718 590 veni
2760 538 3101 609 ministrari,
3133 545 3223 599 sed
3267 550 3601 610 ministrare

1951 612 2158 683 (Matth.
2210 618 2323 689 xx).
2357 620 2426 674 Et
2458 620 2638 677 alibi:
2694 626 2800 693 Qui
2826 630 3004 696 major
3055 642 3133 686 est
3180 640 3440 705 vestram,
3492 642 3601 697 erit

1954 706 2210 791 rnznister
2239 716 2413 762 vester
2442 709 2650 779 (Matth.
2675 715 2856 785 xxxii),
2880 721 2937 770 et
2959 718 3207 791 reliqua.
3234 724 3517 783 Similiter
3545 734 3603 787 et

1955 788 2068 858 ipsi
2091 794 2603 863 comprovinciales
2622 799 2879 871 episcopi
2903 819 3036 859 cum
3062 788 3190 874 ejus
3214 812 3603 885 consilio(nisi

1955 882 2240 947 quantum
2262 881 2329 935 ad
2353 883 2617 953 proprias
2636 888 2885 956 pertinet
2902 881 3601 972 parochias)agantjuxta

1955 970 2291 1023 sanctorum
2324 973 2645 1028 constituta
2694 980 2953 1043 Patrum,
2991 986 3052 1035 ut
3086 1000 3198 1039 uno
3233 970 3453 1057 animo,
3488 1008 3600 1047 uno

1954 1070 2052 1109 ore
2070 1058 2438 1113 concorditer
2460 1067 2661 1117 sancta
2682 1064 3038 1135 glorificetur
3061 1071 3318 1130 Trinitas
3341 1078 3396 1131 in
3414 1096 3599 1136 saecu-

1954 1140 2246 1200 la.Nullus
2269 1147 2713 1216 primas,nullus
2747 1158 3250 1232 metropolitanus,
3284 1166 3601 1240 nullusque

1955 1230 2317 1304 reliquorum
2352 1238 2760 1310 episcoporum
2810 1243 3047 1301 alterius
3078 1230 3249 1306 adeat
3280 1230 3597 1330 civitatem,

1954 1324 2056 1374 aut
2085 1322 2153 1375 ad
2186 1327 2618 1393 possessionem
2639 1333 3031 1404 accedat,quaa
3064 1337 3132 1391 ad
3158 1355 3292 1395 eum
3327 1359 3441 1398 non
3475 1322 3601 1416 per;

1953 1408 2119 1477 tiuet,
2153 1418 2209 1465 et
2237 1412 2477 1469 alterius
2510 1419 2767 1488 episcopi
2799 1423 3133 1489 parochiam
3167 1445 3346 1499 super
3399 1408 3598 1503 cujus-

1953 1512 2129 1566 quam
2162 1499 2334 1571 [ejus]
2366 1502 2774 1577 dispositione,
2818 1509 2930 1564 nisi
2963 1519 3198 1571 vocatus
3231 1518 3302 1573 ab
3334 1536 3399 1575 eo
3431 1499 3599 1593 cujus

1942 1584 2099 1653 juris
2130 1603 2258 1643 esse
2306 1589 2691 1663 dignoscitur,
2730 1602 2791 1650 ut
2841 1598 3163 1671 quidquam
3210 1605 3289 1661 ibi
3322 1584 3598 1681 disponat

1952 1672 2036 1726 vel
2068 1675 2316 1745 ordinet,
2350 1682 2449 1732 aut
2473 1682 2775 1749 judicet,si
2811 1687 2899 1740 sui
2932 1690 3145 1759 gradus
3172 1691 3389 1751 honore
3420 1672 3596 1769 potiri

1948 1760 2320 1820 voluerit.Sin
2348 1766 2514 1822 aliter
2534 1776 2975 1844 praesumpserit
2996 1760 3456 1855 damnabitur,et
3477 1804 3594 1843 non

1951 1851 2143 1907 solum
2186 1853 2306 1922 ille,
2356 1857 2456 1911 sed
2512 1865 2567 1912 et
2614 1869 3010 1932 coeperantes,
3058 1873 3115 1923 et
3162 1851 3596 1933 consentientes

1949 1939 2054 2007 illi,
2088 1941 2228 2011 quia
2259 1944 2412 1999 sicut
2440 1948 2752 2016 ordinatio,
2780 1952 2863 2007 ita
2890 1955 3018 2023 ejus
3052 1958 3175 2025 [eis]
3209 1966 3265 2015 et
3286 1963 3593 2037 judicatio,

1949 2034 2004 2083 et
2036 2031 2283 2086 aliarum
2316 2049 2510 2089 rerum
2542 2036 2873 2110 dispositio,
2918 2043 3281 2112 prohibetur.
3316 2050 3461 2107 Nam
3492 2031 3594 2123 qui

1949 2117 2217 2175 ordinare
2248 2138 2363 2176 non
2413 2125 2648 2193 poterit,
2691 2131 2983 2197 quomodo
3020 2133 3361 2202 judicabit?
3391 2117 3593 2196 Nulla-

1949 2211 2120 2262 tenus
2149 2210 2352 2279 procul
2383 2210 2561 2268 dubio
2583 2214 2897 2284 judicabit,
2931 2224 3032 2274 aut
3061 2222 3326 2290 judicare
3357 2229 3589 2297 poterit.

1949 2296 2234 2359 Quoniam
2269 2298 2422 2353 sicut
2450 2301 2690 2358 alterius
2725 2321 2865 2360 uxor
2896 2324 2999 2362 nec
3030 2296 3453 2370 adulterariiab
3484 2317 3591 2373 ali-

1948 2400 2084 2453 quo,
2118 2385 2202 2439 vel
2241 2387 2517 2456 judicari,
2550 2396 2655 2445 aut
2702 2393 2935 2464 disponi
2966 2399 3081 2452 nisi
3111 2416 3144 2453 a
3187 2403 3419 2474 proprio
3469 2406 3590 2462 viro

1947 2487 2013 2527 eo
2060 2473 2286 2529 vivente
2345 2478 2721 2549 permittitur,
2756 2483 2909 2537 sicut
2967 2501 3070 2540 nec
3130 2473 3589 2566 uxoriepiscopi

1946 2561 2097 2630 (qua:
2143 2562 2271 2631 ejus
2320 2561 2578 2621 Ecclesia
2608 2568 2695 2623 vel
2747 2572 3024 2640 parochia
3072 2561 3470 2635 indubitanter
3500 2561 3590 2637 in-

1948 2648 2255 2721 telligitur)
2286 2668 2351 2707 eo
2384 2653 2864 2728 vivente,absque
2895 2660 3023 2730 ejus
3043 2662 3269 2731 judicio
3298 2671 3355 2722 et
3385 2669 3589 2726 volun-

1945 2741 2085 2805 tate,
2117 2738 2283 2795 alteri
2325 2742 2580 2812 judicari
2630 2745 2869 2815 [judicio
2899 2753 2955 2803 et
3000 2750 3298 2809 voluntate
3346 2756 3589 2815 alterius

1938 2826 2216 2896 judicari,
2250 2831 2385 2901 etc.]
2417 2831 2503 2885 vel
2534 2833 2784 2905 disponi,
2817 2842 2920 2890 aut
2948 2838 3077 2908 ejus
3107 2843 3419 2900 concubitu
3452 2848 3586 2917 frui,

1946 2914 2003 2969 id
2034 2921 2145 2983 est,
2175 2918 2539 2976 ordinatione
2570 2922 2863 2979 ullatenus
2892 2928 3247 2985 conceditur.

1945 3055 2333 3133 ΟΑιξ..102.ῖ-
2365 3056 2514 3124 Quod
2558 3059 2746 3115 nullus
2791 3063 2907 3117 nisi
2928 3079 3030 3133 per
3069 3066 3282 3132 gradus
3330 3071 3586 3127 ecclesia-

2016 3126 2177 3205 sticos
2207 3127 2277 3181 ad
2323 3144 2602 3205 summum
2645 3126 3023 3205 sacerdotium
3066 3126 3351 3205 pervenire
3379 3142 3585 3201 debeat.

2018 3196 2261 3284 {osimas
2308 3202 2590 3284 episcOpus
2616 3203 2789 3284 lurbis
2818 3207 3009 3284 [tanta
3050 3196 3314 3278 Hesychia
3343 3196 3588 3284 episcopo

2019 3267 2364 3340 Salonitano,
2396 3267 2513 3341 cap.
2550 3275 2575 3326 1
2608 3275 2717 3344 (ep.
2751 3276 2805 3343 4,
2837 3292 2883 3331 c.
2919 3278 2991 3343 i).

2020 3385 2174 3453 (Dist.
2206 3385 2276 3439 36
2304 3390 2356 3440 et
2382 3387 2473 3453 59,
2504 3403 2553 3442 ε.
2588 3389 2692 3455 Qui
2721 3393 3062 3461 ecclesiast.).
3084 3395 3201 3451 Hoc
3231 3402 3424 3454 autem
3456 3417 3587 3471 spe-

1947 3471 2191 3541 cialiter,
2222 3479 2279 3528 et
2310 3475 2419 3528 sub
2462 3478 2991 3546 predecessoribus
3023 3485 3262 3551 nostris,
3315 3491 3370 3542 et
3401 3506 3587 3561 nuper

1946 3560 2175 3614 anobis
2232 3561 2610 3618 interdictum
2670 3572 2901 3623 constat
2947 3570 3158 3627 litteris
3217 3575 3287 3629 ad
3347 3560 3591 3647 Gallias,

1944 3648 2376 3719 Hispaniasque
2422 3654 2814 3719 transmissis,
2859 3658 2916 3711 in
2978 3660 3195 3730 quibus
3253 3664 3593 3736 regionibus

1944 3736 2295 3791 familiarior
2323 3744 2413 3793 est
2445 3739 2559 3794 ista
2591 3745 3274 3817 praesumptio,quamvis
3307 3770 3411 3808 nec
3442 3758 3592 3812 Afri-

1945 3840 2011 3879 ca
2041 3841 2217 3896 super
2264 3826 2373 3881 hac
2425 3827 2579 3898 [hoc]
2623 3831 3022 3888 admonitione
3072 3843 3277 3894 nostra
3310 3840 3596 3901 habeatur

1945 3912 2155 3982 aliena,
2190 3930 2261 3969 ne
2292 3916 2426 3985 quis
2475 3918 2709 3987 penitus
2758 3931 2960 3978 contra
2990 3924 3226 3982 Patrum
3282 3938 3593 4003 praecepta,

1943 4001 2081 4072 quia
2136 4001 2545 4060 ecclesiasticis
2606 4007 2940 4077 disciplinis
3002 4030 3104 4083 per
3159 4017 3425 4073 ordinem
3475 4001 3591 4075 non

1943 4091 2151 4146 fuisset
2181 4091 2445 4147 imbutus
2465 4098 2522 4149 et
2550 4100 2886 4166 temporum
2920 4103 3343 4171 approbatione
3375 4107 3593 4164 divinis

1942 4179 2250 4250 stipendiis
2282 4182 2943 4255 eruditus,nequaquam
2969 4189 3035 4241 ad
3073 4206 3372 4246 summum
3408 4194 3593 4251 Eccle-

1942 4268 2039 4321 sia:
2071 4269 2755 4341 sacerdotium,aspirare
2784 4283 3245 4348 praesumeret,et
3264 4296 3378 4335 non
3400 4283 3591 4341 solum

1939 4356 1999 4409 in
2032 4371 2097 4411 eo
2131 4357 2372 4412 ambitio
2407 4359 2675 4414 inefﬁcax
2702 4361 3247 4431 baberetur,verum
3282 4371 3461 4426 etiam
3492 4390 3593 4428 or-

1940 4443 2235 4500 dinatores
2292 4447 2420 4515 ejus
2477 4454 2741 4503 carerent
2793 4466 2859 4505 eo
2892 4453 3119 4522 ordine,
3152 4471 3327 4526 quem
3389 4470 3591 4519 contra

1859 4534 1905 4596 D
1948 4538 2233 4603 praecepta
2261 4534 2498 4589 Patrum
2532 4537 2901 4594 crediderant
2933 4547 3433 4611 praesumendum.

1944 4665 2332 4747 CAP.
2383 4668 2447 4723 Ut
2497 4669 2547 4722 si
2594 4670 2715 4739 quis
2748 4674 3063 4747 Δερίδοοριιε
3093 4677 3364 4747 majorem
3411 4684 3593 4739 sedem

2015 4738 2291 4812 ambierit,
2343 4748 2392 4792 et
2419 4755 2573 4812 suam
2616 4738 2835 4809 perdat,
2868 4752 2919 4797 et
2960 4738 3129 4801 illam
3176 4738 3286 4804 non
3331 4738 3592 4812 obtineat.

2015 4810 2120 4862 Leo
2150 4810 2438 4950 A213astasio
2495 4810 2959 4870 Thessalonicensi
3008 4820 3259 4892 episcopo
3290 4823 3468 4894 (epist.
3500 4810 3592 4898 8a,

2015 4896 2138 4949 cap.
2236 4920 2248 4935 .

2014 4896 2138 4949 cap.
2172 4896 2248 4949 Ζ).

2012 4992 2071 5047 Si
2103 4994 2238 5063 quis
2267 4994 2578 5067 episcopus
2628 4999 2881 5055 civitatis
2914 5020 3029 5057 sua":
3065 5007 3463 5065 mediocritate
3494 5012 3595 5067 de-

1942 5082 2743 5153 specta,administrationem
2760 5088 2867 5144 loci
2883 5092 3222 5150 celebrioris
3240 5098 3597 5165 ambierit,et

1942 5171 2012 5225 ad
2030 5172 2305 5240 majorem
2323 5187 2383 5226 se
2400 5174 2625 5243 plebem
2644 5192 2993 5250 quacunque
3012 5184 3593 5259 ratione[occasione]

1942 5259 2372 5325 transtulerit,a
2403 5262 2678 5320 cathedra
2708 5267 2945 5337 quidem
2979 5271 3236 5341 pellatur
3269 5274 3589 5343 aliena,sed

1940 5346 2161 5400 carebit
2192 5350 2250 5400 et
2282 5349 2537 5418 propria,
2571 5354 2637 5405 ut
2668 5368 2772 5408 nec
2799 5352 2916 5410 illis
2946 5358 3283 5427 praesideat,
3312 5377 3458 5431 quos
3488 5378 3591 5432 per

1942 5435 2243 5491 avaritiam
2279 5438 2628 5510 concupivit,
2658 5458 2761 5496 nec
2794 5442 2908 5498 illis
2942 5461 3089 5516 quos
3122 5463 3224 5517 per
3255 5449 3589 5517 superbiam

1944 5525 2177 5593 sprevit.
2209 5525 2345 5579 Suis
2376 5542 2513 5597 ergo
2565 5530 2834 5585 terminis
2866 5532 3117 5603 quisque
3148 5537 3457 5593 contentus
3488 5539 3586 5613 sit,

1942 5629 2047 5668 nec
2074 5630 2253 5686 supra
2284 5631 2620 5671 mensuram
2646 5618 2801 5688 juris
2832 5620 2923 5675 sui
2949 5621 3179 5678 aﬂ‘ectet
3209 5625 3428 5696 augeri.
