3960 6072
366 251 473 304 359

1458 237 1522 288 D.
1567 232 1802 288 IVONIS
1836 231 2329 286 CARNOTENSIS
2363 235 2679 289 EPISCOPI

3675 231 3784 286 360

365 340 497 430 CAP.
535 370 655 425 104.
687 399 755 408 -
790 368 853 424 Ut
897 367 1087 421 nullus
1134 365 1419 435 episcOpus
1601 355 1776 435 eligat
1799 370 2006 435 succes-
2039 352 2092 416 Α
2123 355 2254 409 dote
2274 355 2589 426 judicium,
2623 357 2704 412 ita
2734 357 2892 430 gravi
2925 356 3312 429 semetipsum
3345 355 3528 412 afﬁcit
3562 357 3788 411 damno

433 457 634 498 sarem.
665 439 914 495 Hilarius
941 453 1082 508 papa
1111 427 1327 508 sy'nodo
1344 429 1648 502 praesidens
1687 427 1850 492 dixit,
1882 442 2005 496 cap.

436 516 472 569 5
502 516 585 584 (in
612 511 847 568 concilio
878 507 1157 577 Remano).

437 622 736 685 Praeterea,
773 619 1003 682 fratres,
1037 628 1184 668 nova
1213 614 1270 664 et
1299 607 1566 663 inaudita
1597 606 1771 676 (sicut
1805 604 1874 659 ad
1909 619 2013 658 nos

365 709 569 765 missis
585 709 655 762 de
678 703 973 776 Hispaniis
997 699 1258 772 epistolis
1282 699 1389 753 sub
1414 702 1571 750 certa
1595 694 1874 749 relatione
1890 709 2013 761 per-

362 798 542 868 venit)
572 797 630 851 in
687 793 1042 866 quibusdam
1092 787 1234 843 locis
1285 785 1734 858 perversitatum
1784 779 2012 836 semina

366 886 614 945 subinde
645 878 1259 947 nascuntur.Denique
1290 872 1558 929 nonnulli
1582 873 2008 942 episcopatum,

367 976 468 1047 qui
500 973 734 1030 nonnisi
767 969 994 1024 meritis
1020 963 1485 1039 praecedentibus
1507 962 1823 1025 datur,non
1856 957 2008 1012 divi-

368 1081 508 1120 num
533 1059 876 1126 munus,sed
901 1053 1337 1111 hereditarium
1362 1054 1570 1122 putant
1591 1065 1719 1104 esse
1736 1063 2010 1117 compen-

369 1154 556 1220 dium,
590 1155 647 1206 et
667 1149 912 1204 credunt
933 1145 1085 1200 sicut
1122 1159 1208 1198 res
1231 1142 1484 1196 caducas
1506 1143 1680 1208 atque
1712 1134 2008 1201 mortales,

365 1240 450 1296 ita
481 1239 872 1296 sacerdotium
926 1233 1078 1288 velut
1110 1230 1388 1302 legatorio
1435 1232 1536 1283 aut
1565 1223 2010 1280 testamentario

357 1331 493 1399 jure
516 1343 686 1398 posse
708 1322 1099 1378 dimitti.Nam
1126 1318 1386 1390 plerique
1409 1315 1739 1371 sacerdotes
1763 1312 1821 1366 in
1856 1327 2010 1399 mor-

363 1398 441 1472 tis
471 1415 722 1471 confinio
755 1410 1078 1473 constituti,
1127 1409 1319 1461 locum
1354 1420 1526 1458 suum
1563 1405 1834 1456 feruntur
1866 1398 2012 1452 alios

366 1503 688 1575 designatis
712 1497 1043 1555 nominibus
1067 1491 1638 1563 subrogare,scilicet
1661 1494 1724 1544 ut
1745 1505 1859 1542 non
1879 1485 2013 1557 legi-

366 1594 508 1648 tima
531 1593 896 1661 exspectetur
915 1585 1247 1649 electio,sed
1267 1581 1524 1636 defuncti
1548 1576 1894 1651 gratifieatio
1910 1591 2011 1645 pro

370 1681 571 1753 populi
603 1680 888 1734 habeatur
919 1673 1353 1735 assensu.Quod
1381 1685 1555 1740 quam
1589 1682 1763 1738 grave
1789 1665 1864 1720 sit
1891 1662 2011 1717 exi-

2123 442 2222 514 qui
2271 443 2342 498 ad
2394 463 2511 500 suae
2553 445 2862 517 dignitatis
2911 445 3226 517 collegium
3280 445 3570 501 sublimat
3620 444 3788 499 indi-

2119 533 2455 602 gnum.Non
2484 535 2640 590 enim
2672 535 2730 589 in
2754 536 3107 606 cujusquam
3143 551 3395 606 persona
3425 533 3788 604 praetermit-

2118 621 2362 677 tendum
2391 626 2480 677 est
2526 624 2681 694 quod
2713 623 3002 679 institutis
3048 623 3366 695 generibus
3417 622 3788 690 continetur,

2121 725 2225 763 nec
2255 712 2556 780 putandus
2605 717 2694 766 est
2727 711 2914 767 honor
2965 711 3062 765 ille
3110 711 3413 783 legitimus
3443 711 3544 782 qui
3598 712 3787 766 fuerit

2120 803 2322 853 contra
2352 800 2558 854 divinae
2593 805 2878 872 praecepta
2912 800 3057 872 legis
3088 799 3581 869 collatus.(Paulo
3609 803 3786 871 post).

2121 885 2321 942 Merito
2371 891 2608 944 Patrum
2658 889 2966 944 beatorum
3015 888 3382 944 venerabiles
3415 889 3787 959 sanctiones,

2120 989 2252 1028 cum
2286 975 2358 1028 de
2389 976 2758 1031 sacerdotum
2792 976 3077 1032 electione
3108 977 3508 1048 loquerentur,
3540 992 3644 1032 eos
3679 978 3789 1032 de-

2121 1078 2283 1117 mum
2331 1063 2574 1120 idoneos
2621 1065 2806 1120 sacris
2856 1064 3481 1121 administrationibus
3527 1080 3788 1121 censue-

2120 1159 2534 1222 runt,quorum
2563 1153 2756 1208 omnis
2793 1159 2929 1209 atlas
2961 1171 2994 1208 a
3025 1153 3354 1225 puerilibus
3385 1154 3785 1217 exordiis,us-

2120 1255 2234 1310 que
2266 1241 2334 1295 ad
2370 1242 2742 1312 perfectiores
2775 1259 2984 1312 annos,
3016 1259 3118 1314 per
3149 1241 3474 1314 disciplinas
3508 1241 3793 1298 ecclesia-

2120 1327 2280 1382 sticae
2311 1329 2608 1400 stipendia
2639 1331 3016 1400 cucurrisset,
3053 1335 3114 1386 ut
3159 1330 3477 1402 unicuique
3505 1330 3789 1386 testimo-

2122 1417 2284 1472 nium
2319 1419 2476 1488 prior
2506 1418 2621 1472 vita
2653 1419 3130 1489 perhiberet.Nec
3161 1424 3355 1492 potest
3381 1420 3452 1475 de
3483 1421 3612 1491 ejus
3645 1437 3789 1492 pro-

2119 1504 2380 1560 vectione
2411 1506 2790 1576 dubitari,cui
2826 1523 2928 1578 pro
2957 1507 3257 1564 laboribus
3289 1507 3630 1580 multis,pro
3657 1524 3788 1563 mo-

2122 1593 2284 1648 ribus
2314 1594 2625 1665 castis,pro
2657 1595 2887 1651 actibus
2920 1595 3178 1650 strenuis
3211 1595 3474 1652 celsioris
3506 1596 3614 1652 loci
3642 1613 3792 1668 prae-

2123 1681 2308 1735 mium
2360 1682 2623 1737 debetur.
2659 1683 2721 1737 Si
2771 1685 2927 1738 enim
2980 1684 3049 1737 ad
3104 1684 3356 1740 honores
3409 1685 3614 1739 mundi
3651 1684 3790 1740 sine

371 1729 1023 1838 atiiuatiswfzestimate].
1058 1729 1248 1832 Atque
1300 1729 1454 1820 ideo,
1489 1757 1537 1812 si
1579 1729 1786 1827 placet,
1839 1753 2013 1808 etiam

2163 1770 2402 1841 ufl'ragio
2453 1772 2760 1842 temporis,
2793 1773 2920 1827 sine
2956 1772 3164 1827 merito
3214 1771 3433 1828 laboris
3463 1773 3786 1842 indignum

371 1857 521 1912 hanc
552 1856 847 1910 licentiam
881 1849 1226 1923 generaliter
1256 1846 1529 1901 Ecclesiis
1559 1844 1920 1899 auferamus.

375 1974 505 2029 CAP.
541 1971 664 2025 405.
700 2001 763 2010 -
796 1967 946 2036 Quod
970 1981 1076 2020 non
1110 1966 1198 2039 sit
1230 1963 1577 2039 principatus
1615 1957 2014 2039 pertamoic’um

443 2044 531 2097 vet
559 2032 885 2096 seditionem
915 2035 1340 2106 occupandus,et
1369 2032 1513 2102 quod
1537 2047 1646 2085 non
1671 2032 1740 2106 sit
1769 2032 2013 2106 episcopo

445 2130 644 2168 manus
674 2109 1022 2180 imponenda,
1043 2100 1170 2161 'nisi
1212 2100 1508 2180 diligenter
1521 2103 1894 2180 examinato,
1911 2100 2014 2180 Leo

443 2201 590 2256 papa
635 2170 906 2238 uniuersis
950 2170 1216 2256 episcopis
1263 2170 1365 2247 per
1408 2173 1650 2245 Africam
1701 2170 2014 2228 constitutis

448 2201 590 2256 papa
635 2198 906 2238 universis

448 2258 628 2327 (epist.
660 2257 749 2324 8‘7,
783 2269 906 2324 cap.

446 2341 852 2399 Necessarium
888 2338 993 2393 fuit
1023 2347 1086 2393 ut
1116 2336 1371 2390 dolorem
1422 2332 1612 2388 cordis
1646 2329 1850 2396 nostri,
1899 2344 2014 2398 quo

376 2447 480 2503 pro
540 2428 974 2485 Dominicorum
1025 2440 1267 2496 gregum
1323 2420 1602 2492 periculis
1669 2422 2014 2484 aestuamus,

375 2518 528 2574 datis
578 2535 733 2573 nunc
763 2517 831 2572 ad
886 2532 985 2571 vos
1019 2513 1231 2568 litteris
1276 2525 1700 2583 promeremus,
1735 2507 2016 2561 mirantes

375 2612 604 2664 tantum
638 2607 791 2677 apud
831 2621 954 2669 vos,
986 2620 1088 2676 per
1119 2601 1483 2657 occasionem
1516 2596 1800 2668 temporis
1827 2595 2014 2665 impa-

375 2698 616 2766 cati,aut
635 2694 1024 2750 ambientium
1045 2683 2016 2763 praesumptionem,auttumultum

375 2785 632 2842 valuisse
654 2782 1088 2854 popularem,ut
1112 2778 1369 2849 indignis
1392 2776 1743 2847 quibusque,
1763 2777 1819 2828 et
1847 2771 2017 2841 longe

379 2878 540 2929 extra
589 2871 949 2926 sacerdotale
999 2868 1272 2922 meritum
1334 2863 1694 2930 constitutis,
1728 2858 2018 2932 pastorale

380 2961 679 3031 fastigium
712 2965 770 3014 et
817 2956 1162 3030 gubernatio
1213 2954 1473 3009 Ecclesia:
1505 2953 1857 3007 crederetur.
1892 2949 2017 3004 Non

373 3049 593 3105 esthoc
615 3047 917 3102 consulere
949 3044 1182 3116 populo,
1217 3043 1316 3098 sed
1341 3057 1546 3097 nocere
1570 3058 1585 3108 ;
1620 3056 1724 3095 nec
1746 3043 2018 3111 praestare

373 3137 764 3210 regimen,sed
789 3151 1000 3206 augere
1023 3129 1680 3202 discrimen.lntegritas
1702 3129 1858 3183 enim
1883 3144 2022 3198 prae-

374 3226 694 3282 sidentium
728 3223 890 3280 salus
917 3227 1007 3278 est
1035 3220 1408 3277 subditorum
1433 3237 1448 3286 ;
1473 3223 1529 3272 et
1552 3217 1650 3271 ubi
1683 3221 1772 3272 est
1801 3215 2020 3272 incolu-

373 3315 547 3370 mitas
594 3312 964 3376 obedientias,
1016 3311 1096 3365 ibi
1147 3325 1292 3364 sana
1341 3311 1428 3363 est
1483 3308 1668 3362 forma
1715 3306 2016 3360 doctrinae.

367 3405 736 3474 Principatus
786 3406 984 3456 autem
1018 3415 1192 3470 quem
1242 3400 1340 3452 aut
1373 3395 1579 3450 seditio
1624 3395 1886 3458 extorsit,
1918 3396 2021 3448 aut

357 3485 630 3549 ambitus
662 3489 987 3561 occupavit,
1019 3487 1252 3544 etiamsi
1286 3485 1548 3542 moribus
1583 3492 1756 3554 atque
1790 3483 2018 3538 actibus

374 3597 486 3635 non
521 3578 784 3649 offendit,
817 3578 943 3649 ipso
994 3581 1190 3632 tamen
1225 3575 1376 3630 initii
1408 3573 1501 3630 sui
1532 3577 1621 3628 est
1653 3572 2017 3644 perniciosus

373 3667 660 3740 exemplo,
692 3671 750 3723 et
779 3666 1014 3722 difﬁcile
1047 3671 1136 3721 est
1163 3670 1226 3720 ut
1256 3666 1409 3720 bono
1461 3666 1824 3734 peragantur
1857 3659 2016 3715 exitu

369 3775 496 3830 qua:
521 3756 673 3812 malo
697 3760 836 3812 sunt
879 3756 1148 3811 inchoata
1177 3753 1482 3826 principio.
1517 3751 1676 3818 Quod
1709 3751 1757 3805 si
1792 3751 1848 3804 in
1883 3748 2012 3820 qui-

368 3846 623 3902 buslibet
639 3845 906 3901 Ecclesiae
923 3844 1208 3916 gradibus
1248 3841 1618 3912 providenter
1648 3839 2015 3908 scienterque

369 3935 695 3990 curandum
721 3938 810 3989 est
829 3933 966 3988 utin
989 3933 1174 3987 domo.
1198 3929 1428 3986 Domini
1453 3927 1598 3981 nihil
1617 3927 1695 3981 sit
1720 3924 2014 3981 inordina-

368 4028 518 4093 tum,
553 4022 820 4094 nihilque
870 4027 1315 4092 praposterum,
1349 4020 1569 4088 quanto
1605 4014 1787 4084 magis
1820 4013 2017 4068 elabo-

370 4114 621 4169 randum
655 4117 746 4168 est
777 4115 860 4177 ut,
897 4110 954 4165 in
988 4108 1268 4165 electione
1300 4107 1430 4177 ejus
1462 4105 1559 4174 qui
1603 4121 1782 4174 supra
1813 4118 2016 4158 omnes

374 4203 592 4273 gradus
615 4199 1016 4268 constituitur,
1033 4215 1147 4253 non
1171 4194 1441 4252 erratur?
1470 4194 1614 4249 Nam
1638 4192 1817 4247 totius
1851 4191 2017 4246 fami-

374 4288 463 4342 liae
484 4289 716 4344 Domini
735 4292 926 4344 status
944 4287 1156 4343 etordo
1176 4283 1426 4352 natabit,
1460 4284 1506 4338 si
1527 4281 1679 4354 quod
1702 4281 2019 4352 requiritur

374 4379 434 4433 in
466 4394 727 4449 corpore,
762 4393 876 4430 non
927 4375 1221 4430 invenitur
1270 4375 1326 4428 in
1377 4371 1581 4443 capite.
1626 4371 1728 4426 Ubi
1781 4375 1868 4426 est
1916 4369 2018 4424 illa

2123 1863 2210 1913 est
2242 1859 2625 1928 pervenire,et
2657 1861 2844 1914 notari
2876 1860 3136 1915 ambitus
3167 1860 3380 1929 solent,
3400 1877 3544 1933 quos
3575 1861 3791 1933 probi-

2124 1947 2262 2001 tatis
2293 1948 2646 2002 documenta
2698 1965 2812 2003 non
2867 1949 3170 2018 adjuvant,
3204 1965 3379 2018 quam
3415 1949 3694 2021 diligens,
3728 1957 3790 2005 et

2122 2051 2299 2106 quam
2334 2037 2588 2106 prudens
2621 2037 2892 2092 habenda
2923 2041 3011 2092 est
3044 2038 3408 2108 dispensatio
3440 2038 3786 2093 divinorum

2124 2140 2455 2190 munerum,
2491 2129 2546 2179 et
2593 2125 2916 2180 caelestium
2970 2125 3348 2196 dignitatum,
3385 2143 3455 2182 ne
3488 2127 3546 2181 in
3576 2126 3786 2198 aliquo

2124 2212 2443 2282 apostolica
2473 2217 2529 2267 et
2560 2213 2841 2269 canonica
2871 2214 3107 2268 decreta
3137 2214 3516 2281 violentur,et
3548 2215 3640 2270 his
3675 2217 3791 2270 Ec-

2125 2299 2301 2355 clesia
2331 2300 2561 2355 Domini
2594 2303 2851 2372 regenda
2901 2303 3194 2371 credatur,
3229 2304 3330 2374 qui
3379 2303 3789 2376 legitimarum

2125 2389 2562 2444 institutionum
2617 2391 2820 2455 nescii,
2854 2396 2910 2445 et
2943 2392 3127 2447 totius
3177 2391 3531 2448 humilitatis
3564 2393 3788 2463 ignari,

2125 2494 2242 2532 non
2277 2477 2348 2532 ab
2375 2477 2598 2534 infimis
2632 2495 2861 2535 sumere
2893 2481 3452 2549 incrementum,sed
3474 2484 3788 2539 asummis

2127 2566 2330 2621 volunt
2378 2566 2640 2638 accipere
2690 2568 2949 2634 [habere]
3001 2569 3382 2638 principium,
3425 2585 3556 2624 cum
3611 2570 3788 2628 valde

2126 2655 2394 2724 iniquum
2445 2655 2538 2720 sit,
2572 2660 2628 2710 et
2660 2657 3010 2720 absurdum,
3047 2662 3109 2712 ut
3158 2658 3412 2729 imperiti
3452 2658 3784 2729 magistris,

2128 2745 2258 2798 novi
2292 2743 2575 2814 antiquis,
2609 2749 2664 2798 et
2694 2745 2870 2800 rudes
2904 2746 3288 2816 praeferantur
3317 2747 3617 2801 emeritis!

2127 2859 2259 2913 CAP.
2291 2859 2410 2912 106.
2446 2889 2513 2899 -
2542 2861 2618 2914 Ne
2664 2861 2721 2913 in
2771 2860 3103 2933 ordinandis
3149 2863 3412 2933 episcopis
3459 2870 3784 2918 sanctorum

2199 2935 2433 3004 Patrum
2475 2939 2685 2984 statuta
2722 2931 3104 3004 negligantur.
3139 2933 3212 2986 De
3241 2931 3518 3004 superiori
3544 2934 3780 3004 epistola

2200 3001 2268 3054 ad
2299 3003 2572 3072 episcOpos
2604 3003 2810 3072 Africae
2831 3002 2972 3073 (cap.
2996 3003 3073 3072 2).

2052 3081 2096 3148 (ἶ
2201 3108 2492 3178 Superest,
2545 3108 2778 3174 fratres,
2812 3113 2878 3162 ut
2909 3110 3278 3164 concorditer
3318 3109 3613 3180 [concordi
3643 3112 3786 3167 obe-

2130 3195 2363 3261 dientia]
2399 3194 2667 3250 salubres
2716 3197 3058 3268 suscipiatis
3092 3196 3380 3266 hortatus,
3414 3202 3472 3253 et
3504 3198 3649 3253 nihil
3683 3214 3792 3270 per

2127 3282 2561 3338 contentionem
2615 3289 2878 3355 agentes,
2911 3285 3013 3339 sed
3048 3285 3118 3339 ad
3167 3301 3340 3340 omne
3371 3285 3638 3341 studium
3681 3288 3787 3342 de-

2129 3371 2376 3426 votionis
2407 3372 2738 3439 unanimes,
2774 3372 2988 3428 divinis
3020 3378 3077 3428 et
3121 3373 3457 3445 apostolicis
3487 3375 3789 3430 constitu-

2127 3461 2387 3515 tionibus
2421 3461 2697 3531 parcatis,
2732 3467 2789 3515 et
2821 3461 2877 3515 in
2913 3459 3073 3515 nullo
3115 3460 3420 3532 patiamini
3473 3464 3789 3533 providen-

2127 3548 2360 3603 tissime
2389 3564 2682 3602 canonum
2717 3547 2950 3603 decreta
2975 3549 3203 3606 violari.
3236 3553 3371 3614 Qua;
3403 3551 3559 3605 enim
3593 3556 3787 3606 certa-

2127 3653 2256 3691 rum
2290 3636 2631 3692 remisimus
2664 3637 3132 3692 consideratione
3151 3654 3488 3705 causarum,
3514 3640 3786 3711 antiquis

2125 3725 2400 3795 deinceps
2459 3724 2846 3780 custodienda
2907 3730 3049 3780 sunt
3107 3725 3348 3798 regulis,
3384 3743 3454 3782 ne
3513 3728 3670 3798 quod
3705 3730 3783 3784 ad

2124 3819 2357 3883 tempus
2389 3813 2483 3884 pia
2514 3813 2752 3868 lenitate
2803 3814 3227 3885 concessimus,
3252 3816 3415 3884 justa
3447 3820 3577 3887 post
3605 3816 3786 3872 ultio-

2128 3917 2197 3956 ne
2231 3901 2641 3972 plectamus,in
2675 3917 2773 3957 eos
2806 3902 3123 3974 specialius
3154 3908 3210 3958 et
3243 3904 3591 3976 propensius
3623 3921 3788 3961 com-

2127 3989 2419 4059 movendi,
2452 3989 2553 4061 qui
2603 3990 2661 4044 in
2711 3990 3005 4062 episcopis
3037 3991 3384 4047 ordinandis
3436 3998 3786 4049 sanctorum

2127 4079 2361 4134 Patrum
2413 4083 2636 4134 statuta
2681 4078 3063 4149 neglexerint,
3095 4085 3152 4135 et
3202 4097 3349 4152 quos
3390 4082 3645 4137 refutare
3677 4084 3782 4139 de-

2127 4167 2380 4235 buerint,
2413 4166 2831 4223 consecrarint.

2127 4282 2256 4339 CAP.
2290 4284 2411 4336 107.
2444 4313 2513 4322 -
2548 4282 2696 4349 Quod
2725 4285 2824 4350 qui
2854 4283 3108 4354 indignos
3137 4284 3515 4354 ordz'nant,jus
3543 4285 3782 4343 debeant

2286 4356 2548 4409 amittere
2572 4355 2953 4422 consecrandi,
2988 4354 3190 4410 ibidem
3220 4357 3427 4425 (eodem
3457 4359 3622 4429 cap).

375 4465 529 4520 beati
563 4444 722 4519 ἔδει]Ιὶ
776 4461 1023 4535 apostoli
1060 4479 1160 4533 per
1189 4462 1465 4533 Spiritum
1501 4460 1600 4515 Dei
1632 4459 1851 4514 emissa
1883 4475 2024 4529 prze-
2058 4444 2104 4509 D
2208 4460 2372 4515 Unde
2401 4459 2660 4531 episcopi
2695 4461 2792 4532 qui
2825 4461 3000 4515 talem
3035 4462 3791 4520 consecraverintsacerdo-

377 4553 588 4625 ceptio,
622 4569 738 4624 qua
769 4553 824 4607 in
859 4568 1108 4624 persona
1137 4550 1430 4606 Timothei
1463 4549 1725 4605 omnium
1762 4547 2028 4603 sacerdo-

379 4645 504 4695 tum
539 4641 748 4695 Christi
800 4657 1084 4695 numerus
1134 4639 1424 4705 eruditur,
1457 4642 1514 4692 et
1562 4636 1700 4690 inde
1735 4635 2024 4706 [proinde]

382 4729 699 4800 unicuique
732 4734 994 4784 nostrum
1030 4727 1245 4782 dicitur
1273 4743 1284 4780 :
1318 4725 1510 4780 Manus
1532 4727 1640 4780 cito
1671 4724 1886 4778 nemini
1915 4725 2026 4777 im-

379 4820 648 4888 posueris,
711 4834 879 4890 neque
946 4817 1442 4872 communicaveris
1515 4815 1754 4884 peccatis
1829 4813 2028 4867 alienis

384 4907 431 4974 (ι
479 4908 613 4962 Tim.
665 4910 739 4974 v).
789 4907 937 4971 Quid
988 4909 1080 4960 est
1126 4905 1237 4959 cito
1289 4920 1499 4959 manus
1550 4902 1869 4975 imponere,
1912 4901 2027 4956 nisi

384 4998 518 5049 ante
560 4998 788 5048 aetatem
840 4992 1218 5055 maturitatis,
1253 4998 1386 5046 ante
1435 4995 1669 5061 tempus
1718 4990 2024 5060 examinis,

383 5087 517 5138 ante
542 5083 816 5138 meritum
843 5081 1226 5150 laboris,ante
1245 5079 1660 5150 experientiam
1678 5078 2024 5150 disciplinae,

384 5171 807 5227 sacerdotalem
862 5171 1139 5224 honorem
1172 5169 1428 5223 tribuere
1479 5185 1592 5221 non
1629 5167 1932 5238 probatis?
1962 5168 2030 5220 Et

386 5261 526 5333 quid
560 5264 648 5315 est
677 5259 1112 5314 communicare
1161 5257 1412 5328 peccatis
1446 5255 1674 5320 alienis,
1710 5255 1820 5309 nisi
1853 5253 2026 5309 talem

385 5349 531 5404 effici
561 5346 1153 5418 ordinantem,qualis
1176 5345 1274 5400 ille
1298 5344 1516 5414 est,qui
1546 5361 1660 5398 non
1688 5343 1900 5398 meruit
1931 5360 2027 5397 or-

385 5435 614 5491 dinari?
645 5435 802 5492 Sicut
845 5436 998 5491 enim
1029 5434 1161 5490 boni
1197 5433 1388 5504 operis
1430 5431 1540 5486 sibi
1573 5436 1874 5498 comparat
1908 5432 2025 5485 tru-

385 5527 541 5578 ctum
564 5525 662 5598 qui
683 5531 903 5594 rectum
927 5528 1084 5580 tenet
1108 5525 1408 5598 [sectatur]
1449 5520 1508 5575 in
1536 5519 1802 5592 eligendo
1835 5535 2024 5576 sacer-

2136 4554 2277 4618 tem,
2311 4548 2543 4620 qualem
2577 4565 2705 4604 esse
2737 4565 2848 4603 non
2884 4548 3076 4619 liceat,
3109 4549 3281 4605 etiam
3319 4551 3365 4606 si
3408 4550 3789 4622 aliquomodo

2138 4639 2417 4692 damnum
2453 4638 2672 4708 preprii
2705 4637 2947 4693 honoris
2977 4638 3682 4708 evaserint,ordinationis
3705 4646 3791 4696 ta-

2139 4743 2267 4782 men
2291 4727 2393 4796 jus
2443 4725 2694 4782 ulterius
2738 4744 2853 4781 non
2905 4726 3230 4793 habebunt,
3279 4743 3384 4782 nec
3437 4745 3696 4799 unquam
3732 4730 3786 4784 ei

2137 4820 2502 4870 sacramento
2536 4814 2884 4884 intererunt,
2917 4817 3074 4886 quod
3110 4815 3372 4887 neglecto
3407 4816 3606 4872 divino
3628 4817 3791 4887 judi-

2138 4905 2247 4971 cio,
2278 4902 2572 4959 immerito
2605 4903 3025 4975 praestiterunt.
3056 4904 3205 4960 Illud
3240 4922 3380 4960 sane
3401 4906 3556 4976 quod
3588 4906 3656 4960 ad
3694 4922 3791 4961 sa-

2137 4993 2482 5048 cerdotalem
2503 4992 2752 5063 pertinet
2765 4992 3292 5064 dignitatem,inler
3305 4993 3790 5051 omniavolumus

2137 5097 2425 5137 canonum
2459 5085 2680 5136 statuta
2710 5081 2948 5150 servari,
2985 5086 3049 5136 ut
3080 5099 3194 5138 non
3227 5081 3592 5152 quibuslibet
3617 5081 3787 5154 locis,

2139 5187 2324 5240 neque
2355 5169 2811 5240 quibuscunque
2842 5169 3116 5239 castellis,
3141 5175 3198 5225 et
3229 5170 3326 5225 ubi
3361 5174 3494 5226 ante
3521 5186 3630 5224 non
3662 5170 3787 5226 fue-

2136 5263 2275 5313 runt
2306 5257 2566 5329 episcopi
2598 5262 3032 5324 consecrentur,
3066 5275 3195 5314 cum
3229 5259 3326 5314 ubi
3362 5259 3619 5315 minores
3648 5264 3791 5314 sunt

2137 5347 2357 5417 plebes.
2391 5345 2766 5415 minoresque
2794 5347 3616 5418 conventus,presbyterorum
3649 5364 3793 5404 cura

2137 5435 2410 5490 sufficiat.
2446 5433 2814 5505 Episcopalia
2860 5439 3056 5490 autem
3101 5435 3503 5507 gubernacula
3549 5438 3790 5494 nonnisi

2138 5522 2464 5594 majoribus
2515 5521 2768 5595 populis,
2801 5527 2858 5579 et
2905 5523 3402 5596 frequentioribus
3446 5523 3792 5584 civitatibus
