3978 6060
201 272 303 328 361

908 267 1218 323 DECRETI
1257 268 1445 321 PARS
1480 268 1551 319 V.
1582 292 1650 303 —-
1679 265 1776 319 DE
1812 264 2139 320 PRIMATU
2176 266 2351 322 ROM.
2394 267 2703 333 ECCLES.,
2746 268 2899 321 ETC.

3502 268 3611 323 362

204 401 469 473 oporteat
497 396 834 469 praesidere,
895 411 965 451 ne
1024 396 1179 467 quod
1221 396 1563 453 sanctorum
1611 393 1849 448 Patrum
1880 402 1936 469 Α
1968 393 2371 463 prohibemus,
2395 394 2535 464 quia
2564 394 2691 463 ejus
2714 392 2928 449 oblatio
2953 392 3173 449 nullam
3206 394 3388 468 culpae
3412 413 3613 454 macu-

202 492 490 549 divinitus
538 490 827 562 inspirata
876 488 1110 544 decreta
1156 490 1489 556 vetuerunt,
1540 485 1768 554 viculis,
1801 489 1856 541 et

207 579 709 655 possessionibus,
725 577 817 633 vel
851 578 1121 633 obscuris
1144 584 1200 632 et
1221 575 1500 632 solitariis
1520 574 1858 647 municipiis

206 672 507 727 tribuatur
538 666 897 724 sacerdotale
934 667 1257 738 fastigium.

208 770 344 825 CAP.
382 770 501 823 108.
537 799 603 808 —
636 769 707 821 De
736 768 1061 821 Simoniaca
1093 764 1284 819 haeresi
1329 762 1681 829 eradicanda,
1712 765 1767 816 et
1796 762 1863 816 de

283 842 530 911 episcoyo
579 840 812 893 alterius
856 840 1037 909 gratia
1074 834 1514 911 uortjacientlo.
1564 833 1861 911 Gregorius

282 907 551 967 universis
580 911 847 980 episcopis
860 907 973 976 ‘per
1002 908 1327 980 Helladiam,
1346 907 1700 980 provinciam
1729 922 1860 960 con-

282 985 491 1039 stitutis
521 983 647 1053 (lib.
679 998 735 1037 1v
762 978 983 1051 regisl.,
1012 980 1239 1051 epistola
1270 978 1383 1048 56).

286 1073 421 1144 (t,q.
455 1074 507 1140 1,
553 1087 599 1125 c.
654 1069 1028 1138 Quibusdam.)
1078 1067 1440 1135 Quibusdam
1488 1064 1863 1121 narrantibus

208 1160 423 1233 agnovi
455 1161 609 1231 quod
638 1160 698 1214 in
728 1158 845 1213 illis
878 1157 1142 1229 partibus
1171 1155 1371 1211 nullus
1405 1155 1474 1209 ad
1495 1170 1727 1209 sacrum
1768 1170 1864 1209 or-

209 1251 411 1305 dinem
446 1249 573 1303 sine
595 1247 888 1303 commodi
912 1246 1149 1302 datione
1171 1244 1488 1316 perveniat.
1515 1243 1676 1308 Quod
1712 1243 1756 1297 si
1786 1242 1868 1296 ita

208 1343 324 1406 est,
343 1338 648 1404 tlensdico,
674 1352 915 1408 gemens
939 1335 1245 1403 denuntio,
1269 1333 1406 1404 quia
1429 1348 1565 1387 cum
1597 1332 1864 1387 sacerdo-

210 1426 350 1483 talis
383 1427 522 1482 ordo
554 1425 716 1481 intus
746 1424 981 1492 cecidit,
1012 1423 1155 1479 foris
1187 1438 1420 1493 quoque
1447 1421 1546 1475 diu
1575 1424 1729 1476 stare
1752 1437 1867 1474 non

211 1515 448 1587 poterit.
510 1514 742 1569 Scimus
802 1512 1014 1585 quippe
1070 1528 1139 1567 ex
1194 1509 1521 1581 Evangelio,
1574 1508 1712 1579 quid
1761 1508 1868 1563 Re-

212 1606 346 1659 dem
357 1608 489 1676 ptor
502 1606 698 1659 noster
715 1618 817 1674 per
832 1600 1220 1672 semetipsum
1238 1599 1457 1663 fecerit,
1478 1597 1617 1669 quia
1643 1597 1867 1667 ingres-

215 1710 320 1749 sus
375 1692 685 1762 templum,
758 1690 1064 1745 cathedras
1134 1688 1509 1744 vendentium
1567 1685 1869 1741 columbas

1970 483 2084 538 lam
2136 483 2307 555 gerit,
2350 500 2476 555 quae
2517 498 2582 537 ex
2624 483 2939 539 ambientis
2983 483 3261 554 petitione
3311 501 3425 541 non
3482 504 3613 558 pro-

1969 574 2165 628 cessit.

1967 672 2097 725 CAP.
2155 672 2276 725 110.
2330 701 2398 711 -
2428 676 2505 725 De
2535 670 2737 725 eodem.
2774 671 2934 739 Greg.
2968 671 3349 728 Theodoricoet
3385 674 3617 730 Theode-

2006 744 2153 797 berto
2184 742 2400 812 regibus
2422 744 2762 798 Francorum
2793 742 2913 813 (lib.
2948 759 3021 797 vn
3046 744 3255 813 regisl.,
3288 746 3449 816 epist.
3476 746 3618 818 116.)

2043 834 2167 895 Qua
2211 833 2279 885 de
2316 849 2374 885 re
2407 836 2470 885 ut
2502 848 2783 903 magnum
2824 832 3211 903 omnipotenti
3252 838 3366 889 Deo
3400 851 3618 891 munus

1968 919 2212 975 valeatis
2242 922 2467 986 offerre,
2502 921 2791 991 synodum
2833 922 3174 992 congregari
3207 923 3522 994 praecipita,
3557 924 3616 978 in

1971 1024 2085 1077 qua
2109 1008 2260 1063 sicut
2276 1008 2552 1063 fratribus
2568 1008 2926 1080 coepiscopis
2953 1010 3169 1065 nostris
3186 1012 3615 1083 mandavimus,

1972 1102 2257 1169 prasente
2301 1097 2684 1153 dilectissimo
2718 1097 2837 1153 tilio
2867 1102 3066 1154 nostro
3105 1099 3343 1171 Cyriaco
3381 1102 3614 1169 abbate,

1972 1188 2081 1241 sub
2106 1186 2494 1242 anathematis
2527 1187 2735 1242 debeat
2766 1186 3123 1259 obligatione
3152 1190 3451 1259 constitui,
3485 1190 3617 1244 nul-

1972 1275 2093 1329 lum
2116 1293 2214 1345 pro
2248 1275 2643 1331 ecclesiastico
2682 1278 2886 1332 ordine
2918 1276 3132 1348 aliquid
3163 1294 3424 1349 unquam
3457 1280 3617 1351 dare,

1974 1364 2061 1418 vel
2098 1364 2319 1435 aliquid
2354 1365 2637 1436 accipere.

1975 1470 2108 1524 CAP.
2148 1471 2266 1543 111.
2301 1500 2369 1511 -
2398 1471 2551 1543 ραοᾴ
2576 1470 2801 1525 nullum
2831 1488 2966 1537 Opus
2993 1473 3310 1529 Simoniaci
3338 1474 3548 1543 valeat,
3570 1482 3625 1530 et

2046 1542 2187 1611 quod
2242 1543 2395 1617 iram
2456 1541 2773 1617 Dei__super
2832 1545 3106 1617 populum
3154 1545 3333 1614 potius
3359 1541 3617 1617 provocat

2048 1630 2211 1684 quam
2240 1614 2440 1684 placat.
2476 1613 2681 1668 Ibidem
2708 1616 2872 1684 paulo
2898 1621 3025 1686 post.
3052 1616 3298 1672 initium.

2049 1702 2126 1770 (l,
2160 1718 2211 1773 q.
2248 1703 2299 1767 1,
2343 1719 2391 1757 c.
2438 1705 2630 1757 Fertur
2659 1702 3024 1775 Simoniaca.)
3056 1706 3260 1761 Fertur
3289 1706 3626 1765 Simoniaca

214 1780 424 1837 evertit
448 1781 657 1848 (Matth.
685 1780 824 1849 xxx).
856 1777 1171 1835 Columbas
1204 1776 1361 1831 enim
1388 1776 1635 1830 vendere
1650 1778 1761 1839 est,
1793 1774 1863 1828 de

1986 1790 2213 1845 nteresis
2239 1793 2391 1861 (qua:
2421 1792 2609 1862 prima
2640 1797 2841 1848 contra
2870 1794 2968 1849 Dei
2991 1794 3299 1851 ecclesiam
3332 1796 3623 1852 diabolica

210 1870 434 1941 Spiritu
466 1873 670 1925 sancto
701 1883 875 1939 quem
895 1867 1048 1921 Deus
1071 1865 1445 1936 omnipotens
1475 1863 1865 1918 consubstan-

213 1958 418 2013 tialem
432 1957 983 2029 perimpositionem
1004 1970 1286 2009 manuum
1308 1950 1866 2008 bominibustribuit

213 2048 593 2103 commodum
610 2044 928 2117 temporale
943 2042 1261 2115 percipere.
1280 2046 1358 2096 Ex
1371 2058 1485 2112 quo
1502 2042 1589 2113 (ut
1603 2040 1863 2112 praedixi)

214 2137 374 2191 malo
397 2136 523 2206 jam
546 2135 834 2199 innuitur,
852 2134 992 2203 quia
1013 2131 1183 2203 quiin
1203 2130 1421 2202 templo
1443 2130 1543 2185 Dei
1562 2130 1864 2185 columbas

212 2226 462 2280 vendere
485 2238 915 2296 praesumpseru
928 2227 1011 2291 nt,
1029 2237 1163 2276 eoru
1176 2236 1229 2274 m
1246 2220 1565 2290 Deojudice
1578 2219 1865 2274 cathedris

212 2313 577 2370 ceciderunt.
612 2309 1005 2377 Quividelicet
1021 2326 1180 2365 error
1210 2308 1270 2363 in
1300 2306 1558 2363 subditis
1582 2322 1863 2378 propaga-

214 2407 313 2457 tur
326 2418 459 2457 cum
476 2405 810 2473 augmento,
830 2415 965 2453 nam
989 2399 1116 2469 ipse
1134 2413 1367 2468 quoque
1389 2413 1521 2452 cum
1547 2397 1616 2451 ad
1632 2412 1865 2451 sacrum

218 2489 484 2545 ordinem
518 2488 773 2559 praemiis
807 2486 1300 2559 perducaturjam
1325 2485 1381 2538 in
1410 2484 1537 2556 ipsa
1558 2489 1865 2556 provectus

217 2577 312 2633 sui
345 2578 541 2633 radice
593 2576 855 2641 vitiatus,
916 2574 1171 2645 paratior
1200 2579 1289 2628 est
1332 2572 1462 2628 aliis
1509 2574 1863 2642 venundare,

214 2667 375 2737 quod
409 2665 570 2720 emit.
594 2665 661 2719 Et
694 2664 793 2718 ubi
816 2667 905 2719 est
927 2663 1083 2734 quod
1107 2662 1392 2733 scriptum
1417 2666 1504 2717 est
1530 2679 1541 2717 :
1567 2660 1748 2716 Gratis
1772 2676 1863 2717 ac-

216 2758 463 2825 cepistis,
498 2756 674 2824 gratis
707 2756 877 2811 date?
905 2754 1114 2825 (Matth.
1146 2753 1226 2823 x.)
1248 2752 1318 2806 Et
1348 2767 1481 2806 cum
1517 2751 1705 2823 prima
1727 2767 1863 2806 con-

216 2850 309 2901 tra
322 2849 586 2901 sanctam
602 2843 921 2899 Ecclesium
941 2842 997 2897 Si
1010 2841 1273 2897 moniaca
1289 2841 1530 2896 haeresis
1553 2840 1629 2895 sit
1642 2844 1861 2909 exorta,

219 2952 329 2990 cur
357 2950 472 2988 non
507 2932 910 3005 perpenditur,
944 2948 1051 2986 cur
1078 2947 1193 2985 non
1242 2930 1490 2999 videtur,
1546 2930 1684 3000 quia
1728 2946 1860 2984 eum

217 3039 399 3094 quem
434 3022 616 3094 pretio
650 3020 783 3093 quis
812 3020 1063 3088 ordinat,
1089 3017 1457 3090 provehendo
1482 3018 1622 3088 agit,
1663 3022 1727 3073 ut
1748 3018 1861 3072 hae-

1975 1879 2453 1950 supplantatione
2468 1881 2786 1953 subrepsit,
2805 1887 2859 1937 et
2875 1883 2931 1937 in
2952 1883 3078 1954 ipso
3096 1888 3221 1939 ortu
3239 1902 3345 1941 suo
3360 1886 3474 1941 zelo
3492 1903 3624 1958 apo-

1974 1966 2191 2022 stolicae
2224 1968 2461 2025 ultionis
2486 1986 2785 2041 percussa,
2811 1976 2987 2044 atque
3008 1973 3287 2028 damnata
3312 1977 3419 2039 est)
3453 1975 3511 2029 in
3532 1992 3625 2030 rc-

1974 2057 2070 2127 gni
2098 2057 2270 2111 vestri
2295 2058 2511 2113 finibus
2534 2059 2846 2126 dominari,
2872 2077 3002 2116 cum
3028 2061 3087 2116 in
3129 2063 3454 2119 sacerdotio
3479 2064 3624 2120 ﬁdes

1974 2145 2052 2199 sit
2081 2146 2349 2217 eligenda
2377 2164 2510 2203 cum
2534 2149 2672 2203 vita.
2706 2148 2763 2203 Si
2794 2150 2949 2205 enim
2978 2151 3095 2206 vita
3116 2153 3300 2223 deest,
3335 2152 3477 2209 lides
3511 2170 3626 2209 mc-

1975 2235 2155 2290 ritum
2190 2252 2304 2291 non
2339 2237 2532 2307 habet,
2563 2238 2731 2293 beato
2761 2239 2976 2295 Jacobo
3009 2244 3342 2308 attestante,
3376 2242 3473 2312 qui
3504 2242 3621 2298 ait:

1974 2323 2131 2378 Fides
2163 2324 2284 2380 sine
2323 2326 2578 2395 operibus
2630 2330 2842 2382 mortua
2889 2336 2968 2382 est
2996 2328 3130 2399 (Jac.
3165 2330 3251 2400 ιι).
3283 2331 3416 2393 Quae
3466 2331 3624 2386 enim

1975 2428 2150 2482 opera
2182 2428 2309 2467 esse
2340 2413 2570 2468 valeant
2592 2416 2933 2485 sacerdotis,
2958 2417 3058 2487 qui
3084 2417 3335 2473 honores
3366 2419 3511 2473 tanti
3538 2437 3629 2475 sa-

1974 2500 2253 2554 cramenti
2304 2502 2673 2557 convincitur
2723 2504 2984 2558 obtinere
3035 2520 3137 2575 per
3184 2506 3534 2576 praemium?
3563 2510 3629 2561 Et

1967 2597 2089 2660 post
2116 2605 2319 2659 pauca.
2356 2590 2497 2645 llinc
2522 2590 2704 2661 igitur
2734 2609 2845 2646 non
2880 2591 3070 2647 solum
3100 2594 3158 2647 in
3192 2595 3546 2650 ordinatoris
3569 2599 3627 2649 et

1973 2676 2225 2731 ordinati
2276 2677 2533 2733 animam
2576 2679 2789 2735 lethale
2820 2680 3034 2736 vulnus
3068 2681 3375 2754 infligitur,
3417 2698 3621 2737 verum

1973 2764 2147 2819 etiam
2172 2766 2525 2822 excellentia:
2543 2773 2745 2824 vestrae
2780 2786 3027 2841 regnum
3049 2775 3377 2826 vestrorum
3405 2770 3625 2842 episco-

1975 2870 2179 2927 porum
2197 2853 2371 2925 culpa
2386 2859 2659 2926 (quorum
2678 2858 2867 2929 magis
2898 2858 3625 2929 intercessionibusjuvari

1973 2951 2273 3017 debuerat)
2298 2951 2713 3020 praegravatur.
2733 2947 2790 3001 Si
2813 2947 2969 3002 enim
2995 2948 3208 3019 dignus
3229 2948 3276 3002 is
3299 2947 3625 3003 sacerdotio

1972 3040 2248 3106 creditur,
2281 3036 2374 3092 cui
2409 3052 2523 3090 non
2556 3035 2803 3090 actionis
2842 3036 3069 3103 merita,
3117 3036 3216 3091 scd
3249 3036 3625 3107 praemiorum

218 3112 448 3203 Italic“?
469 3109 614 3203 “at?
650 3108 1228 3203 Ῑίξθοίὶιξθγδονξαηξυτ
1256 3111 1320 3161 Ut
1358 3106 1862 3203 νθδίῗξλπιηηυμυθ
1897 3137 1939 3203 c
1979 3128 2145 3199 copia
2176 3126 2546 3196 suffragatur,
2575 3127 2757 3178 restat
2779 3127 2842 3177 ut
2872 3123 3016 3178 nihil
3037 3124 3147 3179 sibi
3172 3125 3228 3179 in
3254 3106 3503 3180 honores
3528 3141 3626 3179 cc-

216 3202 413 3255 denuo
437 3199 545 3255 hoc
579 3199 701 3254 fieri
733 3197 1011 3269 patiatur.
1036 3197 1144 3251 Sed
1176 3212 1359 3265 neque
1381 3196 1569 3268 gratia
1594 3194 1863 3265 alicujus,

221 3304 414 3359 neque
444 3285 870 3358 supplicatione
901 3283 1129 3356 aliquos
1163 3285 1232 3339 ad
1264 3300 1462 3339 sacros
1488 3284 1722 3339 ordines
1765 3302 1867 3339 au-

222 3378 362 3433 deat
388 3390 746 3446 promovere,
781 3371 896 3428 nisi
927 3390 1061 3429 eum
1112 3388 1287 3444 quem
1331 3373 1461 3427 vitae
1510 3377 1565 3427 et
1623 3373 1868 3427 actionis

222 3465 483 3537 qualitas
514 3464 585 3519 ad
605 3464 712 3518 hoc
734 3463 980 3533 dignum
1012 3478 1140 3518 esse
1162 3462 1605 3529 monstraverit;
1637 3478 1793 3531 nam,
1818 3462 1867 3516 si

222 3554 397 3610 aliter
409 3554 628 3608 factum
642 3552 833 3607 denuo
846 3550 1505 3619 senserimus,districta
1518 3554 1572 3605 et
1589 3550 1869 3605 canonica

218 3642 370 3697 illud
386 3640 661 3698 noveritis
677 3640 987 3711 compesci.

214 3745 354 3795 CAP.
392 3741 515 3795 109.
548 3770 616 3779 —
652 3739 713 3796 Ut
742 3738 888 3791 nihil
909 3736 1214 3807 accipiatur
1262 3752 1363 3804 pro
1399 3737 1748 3792 ordinatione
1788 3738 1866 3792 vel

588 3810 764 3881 pallio
782 3810 865 3865 vel
895 3810 1123 3878 chartis,
1155 3810 1309 3880 cujus
1335 3825 1505 3879 supra

288 3900 607 3970 Antiquam
625 3903 859 3953 Patrum
876 3896 1138 3969 regulam
1154 3912 1428 3968 sequens,
1446 3897 1589 3952 nihil
1606 3914 1866 3969 unquam

223 3991 297 4044 de
322 3987 791 4043 ordinationibus
820 3986 1227 4057 accipiendum
1259 4003 1387 4042 esse
1417 3986 1731 4051 constituo,
1764 4003 1867 4041 ne-

217 4096 336 4150 que
365 4094 434 4133 ex
447 4077 682 4132 datione
698 4075 878 4147 pallii,
897 4091 1085 4147 neque
1098 4091 1167 4130 ex.
1179 4076 1493 4131 traditione
1510 4076 1869 4145 chartarum,

222 4182 417 4238 neque
448 4182 516 4221 ex
545 4182 632 4229 ea,
655 4180 833 4234 quam
856 4180 1003 4219 nova
1020 4180 1122 4234 per
1148 4163 1526 4219 ambitionem
1552 4165 1771 4219 invenit
1792 4165 1870 4219 si-

221 4255 493 4320 mulatio,
524 4252 915 4326 appellatione
945 4250 1523 4323 pastelli.Quiaenim
1547 4252 1870 4308 ordinando

217 4346 496 4417 episcopo
510 4343 670 4415 ponti
683 4343 769 4397 fex
791 4358 1026 4396 manum
1049 4340 1319 4412 imponit,
1332 4340 1723 4412 evangelicum
1739 4358 1871 4397 vero

222 4433 539 4489 lectionem
574 4431 845 4486 minister
873 4429 1035 4501 legit,
1059 4430 1523 4485 confirmationis
1538 4446 1669 4485 vero
1692 4430 1871 4501 hujus

1977 3215 2336 3272 clesiasticos
2366 3213 2639 3285 gravitas,
2688 3210 2833 3266 nihil
2865 3212 2975 3267 sibi
3009 3214 3282 3268 defendat
3313 3213 3625 3282 industria,

1978 3307 2078 3361 scd
2109 3310 2296 3359 totum
2332 3302 2457 3358 auri
2490 3302 2769 3373 profanus
2803 3318 2967 3357 amor
2988 3301 3266 3370 obtineat,
3300 3302 3519 3357 etdum
3544 3301 3627 3355 vi-

1978 3394 2059 3449 tia
2106 3393 2294 3448 honor
2343 3390 2781 3457 remunerat,in
2828 3389 3019 3446 locum
3062 3391 3267 3445 ultoris
3296 3390 3343 3444 is
3381 3390 3625 3445 fortasse

1977 3483 2077 3555 qui
2111 3484 2300 3537 fuerat
2321 3478 2693 3534 ulciscendus
2724 3478 3056 3548 adducitur,
3084 3483 3259 3551 atque
3276 3478 3409 3533 hinc
3432 3494 3625 3533 sacer-

1976 3574 2140 3628 dotes
2175 3588 2288 3626 non
2342 3568 2643 3640 prolicere,
2678 3568 2778 3623 sed
2812 3566 2998 3638 perire
3022 3568 3215 3639 potius
3247 3569 3620 3639 judicantur.

1979 3659 2287 3716 Vulnerato
2339 3671 2591 3725 namque
2625 3659 2875 3725 pastore,
2910 3656 3042 3726 quis
3091 3657 3369 3711 curandis
3418 3657 3623 3711 ovibus

1976 3749 2250 3806 adhibeat
2266 3744 2615 3800 medicinam
2629 3744 3026 3814 ‘?Autquando
3040 3744 3324 3816 populum
3344 3746 3625 3800 orationis

1974 3838 2173 3911 clypeo
2201 3840 2453 3902 tueatur,
2504 3834 2602 3904 qui
2635 3832 2853 3903 jaculis
2889 3850 2951 3889 se
3002 3835 3257 3891 hostium
3293 3835 3622 3890 feriendum

1976 3926 2245 3999 exposuit
2268 3930 2289 3981 Ρ
2311 3928 2427 3978 Aut
2450 3922 2681 3995 qualem
2710 3923 2961 3978 fructum
2990 3924 3373 3996 productures
3396 3929 3505 3993 est,
3529 3924 3623 3978 cui

1978 4017 2131 4087 gravi
2170 4020 2330 4087 peste
2363 4013 2527 4067 radix
2550 4012 2764 4067 infecta
2793 4021 2919 4068 est:
2954 4014 3138 4084 Major
3159 4030 3293 4084 ergo
3318 4012 3623 4068 calamitas

1980 4105 2291 4161 metuenda
2322 4111 2407 4158 est
2440 4103 2585 4155 forte
2617 4100 2758 4155 locis
2799 4102 2936 4167 illis,
2972 4100 3069 4154 ubi
3106 4100 3249 4155 tales
3282 4102 3627 4153 intercesso-

1980 4213 2071 4251 res
2102 4195 2479 4250 adducuntur
2521 4191 2590 4246 ad
2625 4190 2819 4245 locum
2854 4187 3178 4260 regiminis,
3206 4187 3307 4259 qui
3348 4188 3493 4242 iram
3525 4187 3624 4243 Dei

1980 4286 2503 4357 provocant,quam
2529 4297 2630 4352 per
2651 4277 2994 4349 semetipsos
3017 4276 3246 4349 populis
3270 4276 3501 4348 placare
3524 4277 3624 4331 dc-

1981 4375 2272 4428 buerant..

1985 4471 2117 4525 CAP.
2154 4470 2275 4524 112.
2318 4500 2385 4509 —
2417 4470 2546 4523 Item
2577 4467 2643 4521 de
2688 4463 3049 4521 Simoniacis.
3084 4465 3379 4532 Gregorius
3411 4462 3632 4519 Etherio

221 4520 539 4593 epistolam
566 4519 1077 4611 notarius‘scribit,
1098 4518 1610 4611 sicutepiscopum
1637 4536 1750 4611 non
1776 4520 1873 4611 def
1906 4507 1955 4569 D
1986 4507 2375 4611 ‘1“[};e;,;g,'io],
2688 4507 3633 4611 νέῖὀξέξξδεζίίόῗθῇξςὶζδρξὲ

225 4616 321 4666 cet
351 4624 593 4664 manum
627 4624 804 4678 quam
838 4606 1088 4677 imponit
1116 4607 1387 4676 vendere,
1414 4607 1876 4663 itaministervel

228 4698 499 4755 notarius
534 4713 648 4752 non
670 4697 841 4751 debet
861 4695 919 4749 in
953 4695 1669 4765 ordinationeejusvocem
1685 4714 1874 4764 suam,

227 4789 318 4842 vel
347 4786 638 4841 calamum
672 4785 942 4839 vendere.
967 4788 1075 4838 Pro
1106 4783 1472 4839 ordinatione
1506 4800 1662 4856 ergo,
1696 4791 1752 4840 et
1775 4803 1877 4857 pro

228 4875 431 4949 pallio,
466 4874 684 4930 chartis
705 4877 881 4945 atque
902 4873 1167 4944 pastello,
1192 4874 1463 4928 eumdem
1493 4873 1879 4945 quiordinan-

228 4966 345 5020 dus
376 4968 487 5033 est,
518 4962 606 5018 vel
630 4962 728 5034 qui
751 4962 1177 5028 ordinatusest,
1198 4961 1545 5033 aliquadare
1579 4963 1877 5033 prohibeo.

227 5056 309 5111 Ex
340 5053 555 5124 quibus
583 5052 877 5123 praedictis
901 5053 1096 5118 rebus,
1123 5051 1330 5122 siquis
1353 5050 1574 5123 aliquid
1600 5054 1881 5108 commodi

229 5141 629 5214 appellatione
661 5140 907 5210 exigere,
929 5140 1014 5195 vel
1038 5144 1231 5211 petere
1252 5140 1398 5195 forte
1418 5142 1879 5213 praesumpserit,

230 5234 293 5287 in
328 5230 594 5287 districto
625 5228 1048 5300 omnipotentis
1066 5230 1163 5285 Dei
1182 5230 1883 5303 examine,reatuisubja-

234 5321 412 5377 cebit.
449 5320 503 5375 Is
536 5323 730 5373 autem
763 5319 863 5389 qui
895 5318 1201 5374 ordinatus
1233 5320 1429 5387 fuerit,
1462 5321 1643 5377 sinon
1662 5338 1730 5377 ex
1760 5320 1883 5392 pla-

224 5412 367 5476 cito,
404 5424 593 5480 neque
613 5411 851 5463 exactus
866 5424 931 5463 ac
945 5408 1187 5478 petitus,
1202 5413 1335 5479 post
1358 5414 1627 5481 acceptas
1651 5411 1885 5466 chartas

224 5504 283 5556 et
315 5496 590 5570 pallium,
623 5496 829 5552 offerre
860 5495 1087 5567 aliquid
1122 5495 1363 5554 cuilibet
1393 5514 1461 5555 ex
1492 5498 1665 5569 clero,
1686 5500 1886 5572 gratias

230 5586 648 5645 tantummodo
681 5600 852 5641 causa
884 5586 1155 5658 voluerit,
1190 5586 1297 5644 hoc
1332 5588 1514 5660 accipi
1537 5589 1696 5646 nullo
1716 5590 1888 5646 modo

562 5714 827 5774 Ps'raon.
876 5710 1079 5774 CLXI.

2059 4608 2371 4666 Galliarum
2403 4611 2520 4681 (lib.
2554 4626 2633 4664 vu
2656 4609 2874 4677 regisl.,
2908 4610 3065 4678 epist.
3103 4608 3249 4677 110.)

2058 4706 2205 4755 Dum
2256 4717 2369 4755 non
2411 4698 2752 4764 attenditur,
2796 4697 2950 4766 quod
2993 4695 3190 4750 divina
3236 4712 3369 4750 voce
3420 4696 3634 4750 dicitur

1989 4790 2392 4861 [praecipitur].
2426 4788 2602 4842 Gratis
2630 4787 2933 4857 accepistis,
2961 4788 3136 4855 gratis
3164 4784 3290 4839 date
3322 4784 3528 4853 (Matth.
3554 4786 3633 4855 Χ),

1989 4880 2183 4951 agitur
2206 4883 2269 4933 ut
2299 4881 2522 4933 crescat
2548 4881 2604 4931 et
2634 4876 2929 4947 geminata
2963 4874 3061 4928 ﬁat
3094 4874 3149 4927 in
3177 4890 3289 4929 uno
3312 4875 3634 4943 eodemque

1991 4968 2182 5023 delicti
2235 4966 2525 5038 contagio,
2561 4964 2810 5020 ementis
2850 4962 3073 5019 scilicet
3102 4967 3157 5018 et
3209 4962 3534 5018 vendentis.
3568 4963 3637 5016 Et

1991 5073 2123 5111 cum
2158 5056 2376 5127 liqueat
2398 5055 2550 5110 hanc
2573 5054 2840 5108 haeresim
2862 5058 2993 5107 ante
3014 5068 3218 5107 omnes
3242 5051 3435 5106 radice
3460 5050 3639 5118 pesti-

1994 5147 2112 5201 fera
2143 5145 2530 5217 subrepsisse,
2566 5147 2742 5213 atque
2772 5143 2831 5196 in
2854 5142 2985 5213 ipsa
3016 5158 3124 5197 sua
3163 5141 3386 5213 origine
3418 5143 3646 5210 aposto-

1995 5234 2106 5289 lica
2127 5251 2254 5289 esse
2277 5234 2663 5289 detestatione
2687 5234 3047 5297 damnatam,
3074 5248 3179 5285 cur
3201 5248 3315 5285 non
3340 5226 3648 5301 perpendi-

1992 5329 2108 5393 tur,
2142 5340 2247 5379 cur
2278 5340 2389 5378 non
2424 5326 2679 5390 cavetur,
2707 5322 2846 5393 quia
2868 5320 2949 5374 illi
2981 5320 3304 5375 benedictio
3328 5320 3385 5372 in
3408 5315 3646 5371 maledi-

1996 5414 2247 5469 ctionem
2282 5412 2665 5481 convertitur,
2698 5411 2839 5481 quia
2878 5411 2949 5466 ad
2986 5410 3092 5465 hor.
3119 5413 3182 5463 ut
3205 5409 3304 5463 ﬁat
3335 5404 3646 5461 hazreticus

2000 5508 2369 5575 promovetur
2394 5502 2421 5556 ?
2442 5504 2596 5566 Item,
2632 5501 2846 5556 ibidem.
2866 5500 3065 5571 Neque
3096 5498 3253 5553 enim
3278 5495 3648 5567 elcemosyna

2000 5592 2331 5664 reputanda
2359 5596 2471 5662 est,
2505 5591 2550 5646 si
2585 5589 2943 5662 pauperibus
2974 5587 3371 5657 dispensetur,
3405 5584 3558 5656 quod
3586 5600 3656 5641 ex

3258 5716 3333 5775 12
