3960 6072
359 255 466 310 363

1446 257 1514 307 D.
1556 250 1798 309 IVONIS
1833 253 2326 310 CARNOTENSIS
2361 256 2686 312 EPIBCOPI

3667 259 3776 314 364

353 378 572 436 illicitis
588 378 768 433 rebus
782 376 1088 449 accipitur,
1103 377 1242 449 quia
1261 376 1360 449 qui
1388 376 1835 434 hacintsntione
1849 377 2002 434 male
2030 381 2086 448 Α
2117 393 2302 435 unum
2333 397 2462 437 esse
2493 383 2854 455 congregati,
2887 383 2971 440 ita
3001 387 3067 440 ut
3094 385 3271 441 etiam
3303 388 3645 442 ceterorum
3672 385 3780 458 qui

353 467 585 540 accipit,
629 470 694 522 ut
722 467 870 523 bene
917 465 1237 538 dispenset,
1267 470 1543 538 gravatur
1570 467 1792 538 potius,
1827 481 2004 538 quam

354 559 687 629 adjuvetur.

357 665 624 722 GAP.113.
670 693 740 703 —-
791 663 912 718 Non
939 677 1056 717 esse
1097 661 1492 733 ordinandum
1525 661 1839 733 episcopum
1885 661 2006 717 sine

429 752 698 793 consensu
730 733 1161 804 metropolitani.
1210 732 1563 788 Innocentius
1607 732 1857 790 Victricio
1902 735 2005 790 Ro-

433 805 778 877 thomagensi
806 805 1053 876 episeopo
1084 805 1263 876 (epist.
1296 808 1350 872 2,
1385 821 1432 858 c.
1465 805 1544 874 1,)

435 897 719 960 Primum,
747 898 812 950 ut
831 899 993 949 extra
1005 893 1421 949 conscientiam
1437 893 1870 964 metropolitani
1890 893 2008 965 epi-

362 985 544 1056 scopi,
567 982 769 1039 nullus
791 983 1004 1037 audeat
1025 982 1297 1036 ordinare
1319 982 1683 1052 episcopum.
1709 984 2005 1054 Integrum

359 1075 517 1129 enim
539 1071 932 1143 estjudicium
951 1071 1101 1140 quod
1130 1069 1522 1140 plurimorum
1543 1071 1855 1126 sententiis
1876 1087 2009 1126 con-

359 1164 648 1217 firmatur.
681 1161 796 1216 Nec
827 1177 982 1215 unus
1032 1158 1343 1230 episcopus
1375 1160 1646 1214 ordinare
1695 1164 2010 1230 praesumat

359 1251 720 1323 episcopum,
752 1265 824 1304 ne
868 1248 1148 1303 furtivum
1182 1247 1508 1319 praestitum
1551 1249 1896 1303 beneﬁcium
1926 1247 2010 1302 vi-

360 1340 587 1395 deatur.
605 1343 720 1394 Hoc
739 1337 894 1393 enim
910 1342 965 1392 et
978 1337 1234 1409 synodus
1259 1337 1492 1394 Nicaena
1514 1337 2010 1408 constituitatque

363 1427 644 1484 definivit.

363 1529 500 1585 CAP.
538 1527 752 1581 114.-·
796 1526 872 1580 De
915 1524 1119 1580 eodem.
1171 1524 1420 1579 Hilarius
1471 1539 1616 1595 papa
1664 1524 1912 1590 Ascanio,
1961 1532 2010 1580 et

435 1597 574 1654 aliis
603 1597 868 1668 episcopis
897 1595 1315 1666 Tarraconensis
1339 1595 1645 1666 provincia
1674 1597 1814 1666 (cap.
1849 1597 1927 1665 4.)

431 1693 555 1742 Hoc
585 1691 780 1742 autem
809 1685 1066 1757 primum
1089 1685 1263 1755 juxta
1283 1684 1626 1739 eorumdem
1649 1684 1883 1755 regulas
1908 1683 2011 1738 Pa-

2113 471 2387 526 absentes
2417 475 2575 537 sunt,
2611 488 2965 530 consensum
2987 473 3201 529 litteris
3225 479 3487 540 teneant,
3500 480 3557 531 et
3578 475 3662 531 ita
3685 477 3777 532 fa-

2113 558 2269 614 cient
2299 559 2726 616 ordinationem
2754 577 2767 618 :
2801 568 3056 631 potestas
3086 578 3228 617 sane
3257 561 3346 618 vel
3391 563 3772 620 confirmatio

2114 647 2428 719 pertinebit
2458 665 2561 720 per
2586 649 2856 721 singulas
2888 650 3222 722 provincias
3255 651 3325 707 ad
3359 652 3774 724 metropolita-

2115 753 2258 792 num
2290 737 2655 809 episcopum.

2116 825 2249 880 CAP.
2278 827 2406 903 _11_8.
2430 857 2498 903 —_
2519 828 2619 882 Cui
2633 827 2865 899 perculo
2893 829 3180 903 subjaceat
3207 833 3496 903 episcopus
3525 833 3611 888 vel
3662 833 3776 888 ali-

2188 899 2313 1022 quis
2337 898 2403 951 de
2429 899 2576 954 clero
2595 898 2694 969 per
2708 898 3008 972 pecuniam
3026 898 3334 970 ordinatus,
3359 898 3444 960 vel
3463 907 3535 960 ad
3551 905 3772 976 aliquos

2225 983 2414 1022 onores
2436 975 2737 1022 promotus.
2773 973 2855 1022 Ea:
2889 973 3318 1022 Chalcednnmsi
3374 991 3529 1022 nnnn-
3561 992 3685 1022 nan-
3711 980 3770 1022 2-

2225 983 2414 1024 onores
2433 975 2737 1040 promotus.
2773 973 2855 1026 Ex
2889 973 3318 1030 Chalcedonensi
3374 991 3530 1032 conc.
3561 973 3686 1047 cap.
3711 980 3770 1030 2.

2191 1057 2263 1125 (1,
2296 1073 2347 1127 q.
2387 1059 2501 1121 1,c.
2529 1061 2575 1113 1.
2612 1060 2674 1115 Si
2702 1063 2826 1132 quis
2868 1064 3196 1134 episcopus.)
3245 1064 3306 1119 Si
3361 1065 3496 1136 quis
3535 1066 3772 1137 episco-

2118 1160 2323 1216 porum
2345 1152 2579 1218 accepta
2609 1150 2856 1220 pecunia
2878 1151 3306 1207 ordinationem
3333 1153 3551 1222 fecerit,
3575 1160 3633 1210 et
3655 1155 3772 1210 sub

2120 1234 2372 1304 pretium
2387 1235 2693 1292 deduxerit
2706 1237 3152 1310 impretiabilem
3167 1242 3394 1312 gratian
3406 1247 3605 1313 ,atque
3617 1243 3778 1298 ordi-

2120 1322 2343 1376 naverit
2373 1339 2476 1393 per
2501 1325 2806 1396 pecuniam
2841 1328 3202 1400 episcopum,
3238 1329 3358 1385 sive
3389 1331 3772 1402 cborepisco-

2120 1426 2284 1481 pum,
2316 1411 2436 1467 sive
2468 1414 2894 1486 presbyterum,
2923 1417 3044 1472 sive
3075 1418 3534 1487 diaconum,aut
3555 1437 3775 1492 quem-

2120 1515 2352 1569 cunque
2383 1499 2564 1555 alium
2599 1502 2699 1574 qui
2734 1506 3364 1563 connumeraturinter
3382 1507 3645 1575 clericos,
3669 1513 3779 1566 aut

2121 1592 2360 1658 accepta
2389 1589 2637 1660 pecunia
2669 1591 3029 1648 ordinaverit
3059 1611 3446 1665 mconomum,
3480 1597 3536 1651 id
3561 1607 3643 1652 esl
3670 1599 3778 1653 de-

2122 1677 2435 1746 fensorem,
2465 1677 2585 1734 sive
2608 1681 3087 1749 paramonarium
3113 1699 3125 1738 :
3153 1685 3494 1756 quicunque
3516 1685 3627 1742 hoc
3645 1703 3780 1743 me-

365 1782 519 1832 trum
551 1776 823 1832 volumus
842 1772 1148 1838 custodiri,
1180 1777 1247 1828 ut
1276 1771 1476 1827 nullus
1510 1778 1723 1843 printer
1743 1771 2011 1827 notitiam
2041 1759 2088 1824 Β
2120 1763 2338 1819 ditatus
2371 1766 2565 1833 fuerit,
2600 1767 2648 1822 si
2682 1769 2984 1825 convictus
3013 1770 3348 1844 fuerit,ipse
3363 1773 3600 1845 quidem
3627 1777 3776 1830 sub-

364 1870 541 1938 atque
571 1879 926 1920 consensum
947 1861 1147 1917 fratris
1169 1862 1355 1917 nostri
1375 1860 1611 1916 Ascanii
1643 1860 2017 1932 aliquatenus

364 1958 741 2010 consecretur
783 1951 1067 2019 antistes;
1102 1950 1243 2022 quia
1275 1950 1383 2005 hoc
1415 1953 1585 2006 vetus
1630 1951 1771 2006 ordo
1803 1951 2015 2006 tenuit,

365 2045 472 2098 hoc
503 2045 893 2098 trecentorum
925 2041 1125 2094 decem
1157 2044 1214 2093 et
1243 2044 1371 2094 octo
1399 2045 1740 2093 sanctorum
1774 2039 2014 2094 Patrum

365 2130 629 2186 definivit
659 2128 993 2183 auctoritas.
1027 2126 1126 2181 Cui
1171 2127 1444 2197 quisquis
1475 2126 1676 2182 obvias
1706 2126 2018 2182 tetenderit

367 2234 811 2287 manus,eorum
844 2233 906 2272 se
936 2215 1231 2273 consortio
1272 2214 1842 2287 fateturindignum,
1873 2232 2018 2286 quo-

368 2324 498 2363 rum
532 2304 1018 2380 praeceptionibus
1050 2303 1370 2359 resultarit.

373 2410 504 2464 CAP.
540 2407 661 2461 115.
711 2405 873 2460 —-De
901 2401 1230 2458 Simonideis
1271 2403 1477 2456 cunctis
1505 2400 1576 2456 ab
1625 2400 1817 2457 ordine
1844 2410 1895 2456 et
1931 2401 2019 2455 di-

443 2479 650 2546 gnitate
697 2475 1058 2532 removendis.
1117 2475 1223 2529 Leo
1278 2475 1353 2528 IV
1384 2471 1649 2544 episcopis
1704 2473 2022 2530 Britannia?

468 2552 634 2617 811.2,
661 2565 710 2604 c.
741 2547 816 2617 1.)

438 2551 761 2710 ((if.q?,7€.ci.
776 2551 1092 2708 .ilequiritis
1108 2633 1172 2689 de
1189 2634 1339 2702 his.),
1371 2632 1694 2703 Requiritis
1715 2633 1786 2688 de
1802 2632 1897 2689 bis
1918 2632 2018 2703 qui

368 2732 430 2784 tu
441 2729 717 2799 rpissimo
736 2727 895 2782 lucro
909 2723 1209 2780 columbas
1222 2724 1278 2777 in
1295 2726 1411 2776 tem
1422 2720 1514 2792 plo
1530 2721 1758 2776 Domini
1772 2721 2020 2777 vendere

371 2833 487 2873 non
532 2817 974 2888 pertimescunt,
1015 2817 1073 2867 et
1107 2811 1197 2865 sui
1231 2815 1360 2865 acta
1399 2810 1668 2881 improba
1696 2812 2018 2878 temeritate

369 2905 628 2965 Simonis
677 2903 884 2958 haeresi
935 2902 1392 2971 conjungentes:
1427 2902 1628 2953 utrum
1679 2897 1909 2969 possint
1956 2898 2014 2953 in

368 2997 572 3054 ordine
614 2989 1014 3066 pmnitentiam
1047 3003 1241 3059 agere,
1271 2992 1374 3041 aut
1405 2987 1816 3041 tantummodo
1851 2992 2015 3041 extra

367 3085 632 3144 ordinem
665 3085 724 3136 et
752 3075 1171 3135 sacerdotalem
1193 3075 1316 3129 ﬁeri
1347 3075 1622 3145 gradum.
1649 3074 1873 3137 Quibus
1906 3092 2012 3131 nos

367 3174 606 3247 quidem
636 3163 1250 3234 convictis,etquitam
1279 3162 1623 3217 detestabile
1637 3162 1799 3218 nefas
1829 3163 2007 3234 (quod

359 3265 485 3336 jam
509 3258 712 3317 multis
740 3260 830 3313 est
871 3255 1220 3309 damnatum
1260 3250 1548 3323 conciliis)
1577 3251 1871 3322 peregisse
1910 3268 2012 3307 no-

364 3346 805 3418 scuntur,nulla
820 3341 1159 3416 poenitentia
1180 3356 1498 3411 possumus
1511 3340 1844 3408 subvenire,
1860 3344 2013 3395 ettot

367 3436 780 3513 spiritualibus
809 3431 1084 3487 Patribus
1124 3428 1380 3494 obviare,
1412 3429 1512 3482 sed
1547 3428 1604 3482 in
1640 3427 1873 3483 illorum
1907 3428 2010 3484 Pa-

364 3535 525 3584 trum
572 3541 666 3580 me
729 3519 1022 3578 sententia
1069 3516 1376 3574 convenire
1441 3517 1718 3573 omnibus
1784 3522 2010 3574 certum

369 3618 466 3673 sit.

369 3725 502 3781 CAP.
535 3722 659 3779 116.
691 3751 759 3761 —
791 3716 1081 3788 Quomodo.
1112 3723 1210 3770 aut
1237 3719 1364 3787 quot
1404 3715 1634 3772 testibus
1663 3714 2011 3772 damnandus

829 3790 901 3845 sit
927 3789 1232 3861 episcOpus.
1265 3789 1440 3843 Idem.

437 3883 512 3955 (2.
545 3900 596 3955 q.
630 3882 682 3951 4,
713 3896 760 3935 c.
794 3879 1016 3935 Nullam
1072 3875 1503 3931 damnationem.
1553 3874 1786 3930 Nullam
1840 3879 2009 3930 dam-

364 3973 660 4029 nationem
674 3969 1084 4042 episcoporum
1111 3980 1239 4018 esse
1265 3980 1525 4034 unquam
1541 3977 1869 4033 censemus,
1895 3964 2009 4020 nisi

363 4066 464 4119 aut
493 4057 969 4132 antelegitimum
993 4068 1331 4119 numerum,
1356 4052 1787 4123 episcoporum,
1822 4053 1920 4124 qui
1942 4055 2008 4109 ﬁt

359 4169 463 4224 per
491 4149 798 4207 duodecim
821 4147 1150 4218 episcopos,
1182 4146 1286 4197 aut
1316 4145 1470 4196 certe
1503 4141 1743 4212 probata
1773 4147 2004 4196 senten-

361 4243 440 4298 tia
469 4258 573 4312 per
597 4241 670 4294 72
688 4239 930 4294 idoneos
952 4238 1155 4301 testes,
1179 4231 1277 4302 qui
1303 4230 1448 4286 tales
1475 4231 1617 4296 sint,
1638 4231 1738 4302 qui
1764 4236 1820 4286 et
1837 4247 2003 4286 accu-

359 4345 486 4386 sare
508 4327 755 4401 possint,
770 4330 827 4381 et
856 4324 1019 4397 prius
1038 4323 1108 4378 ad
1125 4337 1289 4377 acra
1309 4319 1522 4376 Christi
1545 4324 1799 4391 quatuor
1821 4320 2003 4375 Evan-

357 4416 513 4490 gelia
544 4418 912 4471 sacramenta
934 4415 1225 4483 praestent,
1262 4410 1416 4481 quod
1450 4408 1530 4463 nil
1557 4408 1770 4464 falsum
1795 4410 2002 4481 depro-

2126 1859 2220 1908 eat
2249 1855 2468 1925 gradus
2499 1855 2590 1910 sui
2623 1857 2974 1928 periculum,
3008 1863 3066 1915 et
3087 1859 3187 1931 qui
3207 1861 3289 1916 sic
3313 1863 3620 1919 ordinatus
3642 1865 3776 1920 tue-

2126 1943 2226 2011 rit,
2258 1944 2486 2000 nullum
2519 1945 2732 2002 habeat
2779 1965 2848 2003 ex
2897 1948 3241 2020 hujusmodi
3292 1955 3677 2010 mercimonio
3724 1962 3790 2011 et

2126 2033 2418 2088 creatione
2453 2035 2734 2105 probrosa
2765 2036 3114 2108 profectum,
3137 2041 3234 2095 sed
3258 2041 3334 2095 sit
3353 2041 3580 2098 alienus
3607 2048 3664 2098 et
3697 2044 3790 2097 di-

2126 2121 2369 2193 gnitatis
2400 2123 2888 2181 etsollioitudinis
2910 2127 3057 2196 ejus,
3085 2144 3259 2199 quam
3276 2146 3378 2200 per
3395 2133 3784 2201 pecuniasin-

2125 2209 2335 2279 travit;
2362 2211 2462 2267 sed
2495 2216 2553 2267 et
2573 2212 2672 2268 ille
2703 2214 2803 2286 qui
2826 2218 2945 2270 tam
2973 2217 3247 2288 turpibus
3273 2223 3332 2274 et
3353 2219 3573 2275 illicitis
3595 2223 3786 2277 inter-

2127 2315 2324 2354 cessor
2349 2301 2643 2371 apparuit,
2676 2302 2964 2373 siquidem
2980 2303 3225 2361 clericus
3242 2307 3432 2375 fuerit,
3455 2308 3526 2363 de
3540 2310 3784 2381 proprio

2127 2388 2309 2459 gradu
2344 2389 2608 2458 decidat;
2634 2390 2683 2446 si
2708 2408 2841 2448 vero
2871 2391 3058 2448 laicus
3081 2393 3202 2450 sive
3219 2395 3544 2452 monachus
3573 2397 3779 2467 fuerit,

2127 2477 2440 2533 anathema
2469 2478 2566 2534 sit.

2129 2565 2411 2648 011113119.
2445 2598 2512 2607 —
2545 2567 3000 2648 Quidagendum
3024 2570 3196 2648 silde
3241 2575 3509 2648 episcopo,
3541 2577 3637 2648 qui
3685 2592 3779 2631 ec-

2196 2638 2420 2692 clesiam
2434 2654 2534 2710 per
2547 2638 2866 2696 saecularem
2887 2647 3208 2712 potestatem
3228 2638 3663 2702 obtinuerit.‘E:c
3681 2664 3782 2703 ca-

2197 2724 2340 2763 none
2369 2712 2758 2781 aposlolorum,
2789 2729 2907 2784 cap.
2939 2713 3029 2770 31.

2197 2797 2308 2866 (18,
2342 2815 2392 2868 q.
2425 2801 2480 2867 7,
2510 2815 2558 2854 c.
2591 2799 2796 2870 Siquis
2825 2802 3151 2874 episcopus.)
3186 2805 3244 2860 Si
3273 2805 3407 2877 quis
3455 2807 3772 2879 episcopus

2126 2885 2506 2941 saecularibus
2540 2888 2928 2958 potestatibus
2959 2907 3103 2946 usus
3135 2892 3450 2949 Ecclesiam
3485 2911 3587 2966 per
3607 2896 3774 2967 ipsas

2125 2972 2385 3030 obtineat
2412 2975 2759 3045 deponat'ur,
2809 2982 2866 3034 et
2895 2985 3279 3052 segregantur
3299 2999 3504 3040 omnes
3549 2985 3649 3055 qui
3682 2985 3772 3041 illi

2124 3064 2578 3118 communicant.

2125 3157 2257 3213 CAP.
2305 3161 2425 3216 120.
2461 3191 2530 3202 —
2577 3163 2655 3217 De
2693 3163 2898 3220 eodem.
2943 3165 3195 3235 Septima
3235 3170 3494 3240 synodus,
3542 3139 3662 3244 cap.
3714 3173 3772 3229 3.

2193 3257 2355 3320 (Dist.
2387 3258 2478 3324 63,
2507 3275 2624 3330 cap.
2661 3261 2850 3317 Omnis
2881 3264 3114 3336 electio.)
3158 3263 3364 3322 Omnis
3412 3267 3614 3324 electio
3644 3271 3774 3342 epi-

2122 3343 2284 3414 scopi
2311 3344 2399 3399 vel
2431 3347 2773 3419 presbyteri,
2790 3355 2893 3405 aut
2917 3351 3141 3408 diaconi
3158 3354 3568 3427 aprinoipibus
3595 3358 3776 3429 facta,

2121 3431 2290 3488 irrita
2317 3441 2571 3504 maneat,
2617 3439 2939 3495 secundum
2990 3442 3253 3513 regulam
3305 3461 3431 3514 quae
3471 3446 3659 3517 dicit:
3713 3450 3779 3503 Si

2121 3521 2256 3592 quis
2273 3522 2584 3595 episcopus
2607 3527 2991 3585 saecularibus
3012 3531 3404 3600 potestatibus
3429 3549 3568 3590 usus
3586 3535 3776 3592 eccle-

2119 3609 2268 3664 siam
2301 3628 2402 3682 per
2435 3612 2594 3683 ipsas
2625 3615 2906 3684 obtineat,
2941 3617 3286 3690 deponatur,
3312 3627 3366 3677 et
3385 3629 3776 3696 segregentur

2119 3713 2324 3754 omnes
2355 3702 2454 3772 qui
2485 3701 2566 3756 illi
2599 3705 3058 3762 communicant.

2118 3789 2244 3870 CAP:
2284 3789 2403 3843 121.
2429 3795 2606 3871 _—_l_)_e
2635 3807 2695 3871 eo
2725 3809 2818 3863 qui
2845 3810 2945 3871 per
2969 3797 3261 3871 pecuniam
3308 3815 3508 3853 manus
3535 3802 3770 3871 imposi-

2188 3861 2396 3914 tionem
2423 3860 2575 3915 dedit
2604 3863 2684 3917 vel
2715 3860 2941 3935 accepit.
2969 3860 3230 3938 Synodus
3251 3872 3507 3940 septima,
3535 3860 3768 3944 «135.20.

2189 3947 2393 4002 Omnis
2423 3950 2756 4020 episcopus,
2774 3951 2862 4007 vel
2878 3955 3204 4027 presbyter,
3219 3959 3614 4016 autdiaconus
3632 3979 3770 4019 con-

2115 4035 2305 4091 victus
2328 4038 2484 4108 quod
2518 4054 2620 4110 per
2639 4041 2940 4108 pecuniam
2962 4059 3174 4100 manus
3205 4044 3638 4117 impositionem
3659 4051 3769 4106 de-

2116 4125 2265 4180 derit
2293 4128 2378 4180 vel
2406 4127 2712 4198 acceperit,
2746 4145 2780 4183 a
2822 4132 3150 4188 sacerdotio
3196 4139 3254 4188 et
3300 4136 3480 4203 gradu
3514 4137 3768 4195 decidat.

2120 4214 2408 4270 Fortassis
2430 4221 2624 4271 autem
2670 4217 2877 4273 dicunt
2921 4220 3128 4290 aliqui,
3161 4223 3300 4293 quia
3357 4226 3766 4294 pmnitentiam

2115 4301 2346 4374 agimus
2377 4304 2448 4357 de
2481 4309 2738 4374 peccato,
2772 4311 2831 4361 et
2865 4309 3014 4364 Deus
3048 4309 3298 4381 ignoscit
3335 4312 3502 4369 illud.
3553 4316 3642 4370 Ita
3674 4323 3770 4374 est

2114 4391 2250 4458 quia
2279 4407 2483 4446 omnes
2515 4397 2754 4463 agentes
2789 4397 3189 4466 paenitentiam
3223 4399 3378 4455 Deus
3401 4403 3671 4475 suscipit,
3706 4412 3766 4462 et

360 4478 544 4574 munt,
607 4504 760 4560 sicut
852 4478 1023 4556 nobis
1081 4478 1295 4554 beatus
1345 4497 1620 4554 Silvester
1681 4478 1926 4554 tradidit
1948 4505 2001 4554 et

2185 4479 2377 4551 dulget
2409 4498 2511 4552 per
2540 4482 2942 4552 paenitentiam
2974 4493 3211 4556 peccata
3244 4505 3492 4561 quaeque
3507 4498 3762 4564 patrata.

363 4594 626 4649 Romana
651 4595 856 4647 sancta
879 4593 1076 4644 tenere
1105 4587 1336 4643 videtur
1367 4586 1642 4642 Ecclesia.
1675 4592 1742 4642 Et
1773 4588 1822 4642 si
1854 4588 2006 4643 inter

360 4700 461 4740 eos
493 4699 641 4754 quos
672 4679 1040 4736 damnandos
1071 4694 1199 4734 esse
1227 4677 1483 4732 dixerint
1514 4676 1805 4746 homines,
1833 4677 2006 4734 fuerit

361 4772 674 4845 episcopus
704 4769 801 4840 qui
833 4784 1003 4823 suam
1033 4782 1272 4821 causam
1305 4765 1362 4818 in
1397 4765 1707 4835 praesentia
1731 4765 2003 4821 Romanis

362 4861 520 4919 sedis
567 4858 827 4932 epiSOOpi
876 4855 1109 4930 petierit
1157 4854 1366 4921 audiri,
1400 4852 1600 4909 nullus
1631 4870 1806 4925 super
1835 4853 2001 4911 illum

359 4951 642 5008 ﬁnitivam
675 4950 990 5021 prasumat
1019 4945 1157 4999 dare
1187 4943 1560 5011 sententiam,
1608 4944 1709 4999 sed
1742 4945 2000 5001 ommino

356 5057 492 5098 eum
523 5038 727 5096 audire
757 5033 1148 5093 decernimus.

353 5149 487 5206 CAP.
520 5148 644 5204 117.
680 5175 749 5187 —
799 5143 1046 5213 Qualiter
1071 5140 1317 5211 episcopi
1352 5138 1582 5213 debeant
1611 5139 1883 5198 ordinari.
1918 5144 2001 5198 Ea:

843 5230 991 5271 conc.
1025 5213 1269 5278 Nicaeno,
1301 5227 1420 5282 cap.
1454 5211 1505 5264 4.

423 5309 778 5382 Episcopum
809 5305 1035 5376 oportet
1051 5303 1123 5357 ab
1156 5300 1429 5357 omnibus
1463 5299 1774 5373 episcOpis,
1800 5301 1848 5356 si
1875 5303 1998 5358 fieri

355 5402 597 5472 postest,
622 5396 723 5471 qui
745 5398 884 5453 sunt
905 5393 963 5449 in
986 5390 1285 5465 provincia
1305 5389 1454 5460 ejus,
1479 5387 1758 5444 ordinari.
1783 5391 1843 5446 Si
1864 5408 1997 5449 vero

355 5489 463 5544 hoc
494 5485 732 5544 difﬁcile
770 5483 967 5551 fuerit,
1000 5480 1084 5537 vel
1119 5479 1317 5552 aliqua
1357 5482 1599 5551 urgente
1623 5479 1993 5553 necessitate,

358 5574 450 5632 vel
474 5575 700 5632 itineris
717 5570 1083 5647 longitudine
1105 5574 1257 5626 certe
1279 5570 1396 5624 tres
1417 5565 1676 5640 episcopi
1701 5569 1914 5629 debent
1936 5574 1994 5633 in

2118 4570 2267 4624 Item.
2303 4569 2380 4636 (1,
2411 4586 2462 4640 q.
2492 4571 2545 4636 1,
2578 4586 2627 4625 c.
2665 4572 2770 4639 Qui
2798 4589 2896 4643 per
2921 4577 3231 4646 pecunias.)
3285 4579 3393 4644 Qui
3426 4596 3531 4650 per
3578 4598 3761 4652 pecu-

2114 4657 2243 4711 nias
2273 4673 2628 4729 quemquam
2662 4663 3106 4734 consecraverit,
3137 4664 3224 4720 vel
3246 4673 3622 4726 consecratus
3645 4678 3762 4744 est,

2114 4745 2340 4802 alienus
2371 4751 2460 4802 est
2489 4763 2522 4802 ι
2551 4749 2897 4806 sacerdotio.

2111 4837 2247 4888 CAP.
2281 4834 2405 4888 122.
2437 4866 2506 4910 έ-
2537 4835 2768 4910 Nullum
2791 4838 3242 4910 principum,vel
3289 4849 3619 4908 potestatum
3649 4849 3764 4904 lai-

2181 4921 2387 4980 corum,
2421 4909 2677 4980 electioni
2711 4908 3086 4980 episcoporum
3119 4908 3174 4968 se
3220 4914 3462 4973 inserere
3491 4918 3766 4977 violenter

2180 4977 2395 5046 debere,
2429 4977 2548 5056 etsi
2573 4977 2806 5056 fecerint
2829 4977 2959 5051 quid
2989 4983 3051 5038 de
3080 4986 3159 5040 eis
3179 4987 3453 5056 agendum
3482 4993 3572 5046 sit.
3603 4992 3763 5050 Octa-

2179 5064 2246 5102 va
2275 5049 2519 5119 synodus
2545 5065 2664 5120 cap.
2705 5055 2789 5105 11.

2182 5137 2578 5194 Promotiones
2600 5144 2656 5194 et
2676 5142 3145 5200 consecrationes
3185 5146 3592 5220 episcoporum
3617 5168 3760 5209 con-

2109 5224 2356 5279 cordans
2381 5225 2674 5296 prioribus
2697 5229 3340 5297 conciliis,clericorum
3366 5236 3646 5296 electione
3660 5258 3760 5298 ac-

2109 5311 2339 5368 decrcto
2364 5317 2421 5368 et
2450 5313 2860 5386 episcoporum
2886 5319 3128 5392 collegio
3156 5321 3280 5378 ﬁeri
3313 5324 3433 5381 haec
3464 5334 3670 5385 sancta
3703 5337 3763 5387 et

2107 5401 2457 5490 universalis
2491 5405 2750 5475 synodus
2781 5407 3068 5478 deﬁnivit,
3100 5415 3160 5466 et
3189 5413 3397 5470 statuit
3426 5419 3762 5490 atquejure

2108 5489 2500 5562 promulgavit
2531 5493 2825 5550 neminem
2857 5497 3139 5556 laicorum
3172 5503 3505 5576 principum
3531 5489 3759 5581 velipo-

2105 5578 2353 5636 tentiam
2384 5585 2572 5641 semet
2599 5581 2864 5657 ingerere
2895 5587 3197 5665 [inserere]
3219 5592 3486 5652 electioni
3508 5597 3598 5654 vel
3618 5578 3759 5672 pro-
