3978 6060
180 317 289 371 365

892 314 1204 368 DECRETI
1246 310 1431 365 PARS
1464 310 1533 363 V.
1567 333 1635 344 —
1664 308 1759 359 DE
1798 301 2123 358 PRIMATU
2158 298 2337 354 ROM.
2377 295 2687 362 ECCLES.,
2727 290 2885 346 ETC.

3486 284 3596 340 366

181 442 422 500 motioni
454 440 825 514 patriarcha,
856 438 945 497 vel
975 437 1431 511 metropolitani,
1459 438 1560 491 aut
1581 430 1821 504 cujusli-
1853 431 1907 497 Α
1938 423 2240 514 Inferioris
2289 439 2424 479 vero
2472 422 2707 514 gradus-
2740 418 3072 474 sacerdotes
3120 415 3208 471 vel
3256 416 3355 472 alii
3394 416 3592 514 clerici

176 538 275 591 bet
303 533 585 605 episcopi,
618 548 688 587 ne
718 531 992 587 videlicet
1040 530 1377 585 inordinata
1408 533 1465 582 et
1508 527 1832 595 incongrua

174 625 311 680 hinc
343 625 442 678 ﬁat
459 623 753 679 contentio
772 620 860 677 vel
884 620 1170 683 confusio,
1200 614 1521 690 praesertim
1547 629 1681 668 cum
1708 610 1833 665 nul-

172 714 294 769 lam
330 713 389 767 in
423 712 643 767 talibus
676 714 1048 783 potestatem,
1074 721 1429 779 quemquam
1455 700 1831 775 potestativo~

174 818 329 870 rum,
357 802 441 855 vel
466 805 805 855 ceterorum
834 798 1117 853 laicorum
1142 796 1353 851 habere
1374 788 1696 848 conveniat.
1717 787 1829 844 Sed

173 890 347 947 silere
367 895 423 945 et
446 890 745 943 attendere
761 887 894 955 sibi,
917 901 1219 956 usquequo
1239 880 1587 954 regulariter
1608 896 1640 931 a
1663 875 1833 931 colle-

171 980 270 1051 gio
295 977 565 1033 Ecclesia:
589 976 1062 1046 suscipiatﬁnem
1080 973 1283 1028 electio
1307 968 1488 1024 futuri
1514 966 1827 1038 pontiﬁcis.

174 1069 234 1124 Si
260 1084 392 1123 vero
418 1066 849 1138 quislaicorum
875 1065 944 1118 ad
970 1060 1422 1117 concertandum
1444 1062 1500 1112 et
1521 1070 1830 1126 cooperan-

173 1156 315 1211 dum
335 1154 617 1208 invitatur
639 1152 710 1207 ab
736 1149 1011 1218 Ecclesia,
1040 1150 1171 1203 licet
1196 1143 1555 1217 hujusmodi,
1581 1159 1713 1197 cum
1739 1158 1830 1195 re-

170 1243 458 1309 verentia,
490 1242 539 1297 si
571 1243 715 1296 forte
738 1239 1004 1304 voluerit,
1024 1239 1429 1308 obtemperare
1453 1249 1514 1289 se
1546 1230 1832 1287 asciscan-

172 1331 582 1388 tibus.Taliter
601 1330 756 1385 enim
783 1329 1021 1399 dignum
1041 1330 1331 1398 pastorem
1349 1322 1461 1377 sibi
1488 1319 1831 1392 regulariter

170 1422 243 1477 ad
263 1437 430 1474 suam
448 1418 701 1474 Ecclesia
720 1417 966 1472 salutem
986 1419 1302 1487 promovet.
1328 1410 1608 1481 Quisquis
1633 1412 1826 1463 autem

170 1508 547 1565 szecularium
581 1506 934 1579 principum,
964 1504 1054 1558 vel
1101 1506 1429 1575 potentum,
1462 1499 1547 1554 vel
1585 1497 1828 1552 alterius

170 1598 483 1671 dignitatis
514 1596 715 1663 laicus,
770 1596 1050 1650 adversus
1100 1606 1473 1647 communem
1524 1604 1587 1642 ac
1621 1600 1827 1640 conso-

173 1692 438 1756 nantem,
473 1690 646 1756 atque
689 1683 1027 1738 canonicam
1071 1680 1415 1735 electionem
1448 1672 1829 1731 ecclesiastici

174 1776 405 1831 ordinis
437 1790 605 1846 agere
636 1772 967 1838 tentaverit,
1002 1770 1314 1825 anathema
1345 1767 1442 1835 sit,
1477 1766 1660 1819 donec
1691 1762 1824 1816 obe-

1939 513 2313 569 concessione
2346 526 2587 567 suorum
2619 509 3030 579 episcoporum
3064 510 3312 577 possunt
3343 506 3412 560 ad
3446 504 3589 562 alias

1940 602 2217 659 ecclesias
2252 601 2693 671 transmigrare.

1939 700 2066 755 CAP.
2105 701 2224 754 126.
2268 731 2325 739 —
2359 701 2435 753 Ne
2463 698 2773 769 quidquam,
2796 696 3019 766 pra'mii
3046 694 3377 769 pradiviuis
3406 710 3591 769 sacra-

1973 774 2184 827 mentis
2215 767 2541 842 accipiatur.
2575 772 2657 823 Ex
2690 768 2941 822 Toletuno
2982 767 3214 820 concilio
3243 782 3319 833 ιι,
3348 782 3467 836 cap.
3499 767 3553 819 8.

2011 862 2083 928 (1,
2118 877 2169 932 q.
2210 862 2261 926 1,
2291 877 2337 915 c.
2374 857 2648 929 Quidquid
2680 856 3021 924 invisibilis).
3057 854 3352 925 Quidquid
3389 854 3597 909 invisi-

1936 948 2075 1003 bilis
2108 949 2310 1020 gratiw
2339 946 2650 1003 collatione
2683 944 2982 1012 tribuitur,
3004 959 3309 1015 nunquam
3340 948 3592 1013 quaestu,

1937 1038 2027 1091 vel
2060 1036 2427 1107 quibuslibet
2463 1033 2715 1105 praemiis
2764 1032 3087 1088 venumdari
3140 1032 3375 1103 penitus
3404 1032 3591 1100 debet,

1939 1126 2167 1180 dicente
2206 1125 2445 1180 Domino
2486 1142 2498 1179 :
2535 1122 2684 1191 Quod
2712 1122 2889 1192 gratis
2928 1120 3229 1190 accepistis,
3261 1120 3432 1189 gratis
3469 1120 3595 1175 date

1940 1215 2144 1284 (Matth.
2177 1216 2257 1282 Χ).
2293 1214 2361 1268 Et
2408 1212 2536 1267 ideo
2593 1211 2929 1283 quicunque
2982 1209 3254 1279 deinceps
3300 1208 3360 1263 in
3405 1209 3592 1264 eccle-

1937 1304 2173 1359 siastico
2220 1302 2423 1358 ordine
2481 1302 2861 1369 constitutus,
2917 1302 3019 1353 aut
3071 1315 3171 1368 pro
3222 1297 3590 1369 baptizandis

1938 1392 2478 1463 consignandisque
2511 1388 2803 1456 ﬁdelibus,
2829 1392 2931 1442 aut
2962 1386 3270 1441 collatione
3300 1386 3589 1442 chrisma-

1936 1481 2033 1547 tis,
2068 1479 2156 1535 vel
2205 1479 2675 1551 promotionibus
2723 1477 3013 1549 graduum
3069 1475 3253 1547 pretia
3293 1474 3591 1547 qualibet,

1935 1569 2022 1624 vel
2059 1568 2319 1641 praemia,
2355 1568 2466 1623 nisi
2501 1567 2827 1622 voluntarie
2859 1565 3072 1629 oblata,
3109 1581 3212 1636 pro
3244 1564 3593 1634 hujusmodi

1937 1658 2229 1714 oblatione
2246 1657 2606 1728 {ambitione}
2626 1655 2970 1725 susceperit,
2986 1670 3051 1725 eq
3064 1654 3258 1709 uidem
3274 1653 3345 1723 si,
3371 1655 3591 1709 sciente

1941 1748 2047 1803 loci
2068 1746 2490 1819 episcopo,tale
2513 1745 2835 1816 quidquam
2860 1761 2893 1799 a
2915 1744 3173 1798 subditis
3197 1747 3587 1816 perpetretur,

175 1822 403 1920 sua;
438 1822 1281 1930 gaesa:suam...
1330 1857 1399 1909 αθ
1431 1822 1733 1908 iis“...
1774 1854 1831 1904 ει
1862 1822 1905 1885 Β
1938 1835 2684 1930 ίᾳεω,ρ,ρίεοορυε‹ιυοι›υε
2710 1833 3015 1930 magis;
3038 1833 3588 1930 exgommgmcaug-

172 1951 543 2009 ordinatione
575 1948 791 2022 proprii
824 1946 1090 2019 praesulis
1122 1962 1185 2001 se
1215 1944 1361 1999 velle
1394 1938 1821 1997 monstraverit.

168 2066 309 2118 CAP.
350 2060 469 2115 123.
502 2089 567 2098 -
599 2059 673 2112 De
714 2056 923 2112 eodem.
976 2055 1220 2109 Canones
1267 2050 1411 2124 apud
1453 2047 1698 2104 Parisios
1726 2045 1825 2100 sub

773 2126 1040 2184 Ludovico
1071 2142 1220 2193 rege.

239 2232 427 2299 (Cone.
463 2226 766 2283 Parisiens.
800 2243 839 2295 ι,
869 2243 915 2281 c.
942 2226 1019 2295 8).
1071 2223 1217 2289 Quia
1249 2222 1305 2276 in
1357 2218 1656 2290 aliquibus
1689 2232 1825 2270 con-

165 2319 421 2377 suetudo
454 2317 644 2389 prisca
672 2315 1010 2387 negligitur,
1033 2330 1099 2368 ac
1128 2314 1360 2367 decreta
1390 2322 1681 2363 canonum
1714 2305 1828 2359 vio-

163 2409 392 2476 lantur,
427 2405 646 2479 placuit
669 2405 841 2475 juxta
886 2402 1190 2473 antiquam
1223 2396 1730 2458 consuetudinem,
1764 2397 1828 2448 ut

164 2499 406 2554 decreta
438 2510 728 2550 canonum
763 2494 1087 2547 serventur.
1130 2487 1338 2543 Nullus
1371 2485 1595 2540 civibus
1625 2481 1827 2537 invitis

168 2586 478 2643 ordinetur
494 2583 826 2655 episcopus,
845 2580 957 2636 nisi
980 2594 1149 2651 quem
1179 2575 1377 2649 populi
1403 2580 1460 2630 et
1479 2573 1827 2629 clericorum

166 2674 378 2732 electio
392 2672 733 2744 plenissima
746 2668 1040 2741 quaesierit
1056 2667 1373 2723 voluntate.
1398 2668 1523 2718 Non
1546 2660 1828 2733 principis

168 2762 444 2835 imperio,
481 2777 670 2832 neque
702 2776 804 2831 per
835 2758 1158 2830 quamlibet
1189 2752 1605 2819 conditionem,
1629 2754 1829 2804 contra

171 2849 518 2921 metropolis
548 2848 906 2904 voluntatem
929 2846 1015 2901 vel
1044 2845 1450 2917 episcoporum
1473 2838 1829 2910 comprovin-

171 2940 417 2997 cialium
436 2937 738 3009 ingeratur
774 2936 936 3001 Quod
955 2934 1001 2989 si
1032 2951 1135 3005 per
1159 2932 1586 2988 ordinationem
1610 2927 1826 2999 regiam

170 3029 418 3086 honoris
447 3026 621 3082 istius
652 3024 885 3080 culmen
930 3023 1241 3095 pervadere
1271 3018 1484 3091 aliquis
1530 3018 1713 3073 nimia
1744 3020 1827 3070 te-

170 3118 445 3174 meritate
495 3112 953 3187 praesumpserit,
1002 3129 1034 3166 a
1081 3106 1666 3180 comprovincialibus
1716 3105 1823 3159 loci

167 3207 365 3279 ipsius
397 3204 690 3277 episcopis
722 3202 897 3272 recipi
934 3200 1268 3255 nullatenus
1300 3202 1615 3263 mereatur,
1650 3211 1823 3266 quem
1856 3172 1899 3238 Ο

166 3294 435 3351 indebite
467 3292 803 3347 ordinatum
835 3293 1186 3362 agnoscunt.
1219 3288 1275 3341 Si
1307 3286 1435 3357 quis
1464 3287 1534 3340 de
1565 3300 1826 3355 compro-

164 3383 524 3441 vincialibus
553 3381 808 3451 recipere
838 3395 972 3435 eum
992 3383 1194 3434 contra
1214 3376 1521 3431 interdicta
1551 3389 1829 3444 praesum-

167 3473 380 3547 pserit,
413 3489 446 3526 a
490 3470 770 3527 fratribus
819 3469 1096 3523 omnibus
1149 3469 1513 3538 segregatus,
1548 3468 1604 3518 et
1634 3463 1705 3517 ab
1735 3461 1827 3532 ip-

168 3578 379 3618 sorum
430 3560 690 3616 omnium
741 3557 1024 3613 charitate
1074 3560 1354 3611 semotus.
1404 3558 1545 3607 Nam
1596 3552 1665 3605 de
1696 3554 1830 3604 ante

170 3652 322 3709 actis
355 3646 821 3706 ordinationibus
854 3645 1196 3717 pontiﬁcum
1229 3645 1306 3698 ita
1335 3640 1606 3697 convenit
1636 3639 1828 3694 obser-

168 3740 324 3806 vari,
345 3742 409 3793 ut
439 3736 921 3807 metropolitanus
945 3732 1333 3807 [metropolis]
1366 3746 1501 3786 cum
1533 3728 1655 3785 suis
1677 3743 1829 3782 com-

172 3825 638 3902 provincialibus
661 3823 1076 3896 episcopis,vel
1097 3838 1242 3893 quos
1274 3820 1494 3874 vicinos
1524 3817 1827 3887 episcopos

166 3918 388 3990 eligere
418 3914 682 3981 voluerit,
719 3915 776 3968 in
808 3913 933 3969 loco
966 3912 1062 3967 ubi
1097 3909 1445 3975 convenerit,
1473 3908 1642 3978 juxta
1672 3906 1824 3960 anti-

166 4024 292 4079 qua
322 4009 542 4061 statuta
572 4019 887 4067 canonum,
932 4000 1133 4056 omnia
1162 3998 1461 4055 communi
1493 3994 1737 4052 consilio
1768 3999 1826 4049 et

164 4093 465 4153 sententia
495 4093 812 4148 decernant
844 4090 1221 4161 [decernantu
1233 4089 1300 4159 r].

242 4202 381 4257 CAP.
414 4200 537 4255 424.
571 4228 637 4239 -
670 4196 925 4265 Qualiter
970 4197 1355 4251 consecrantur
1382 4193 1639 4263 episcOpi.
1674 4195 1759 4247 Ex

416 4279 613 4343 quarto
646 4269 1069 4337 Carthaginemi
1097 4268 1349 4332 concilio,
1382 4281 1499 4336 cap.
1531 4268 1586 4319 2.

245 4372 414 4441 (Dist.
446 4370 535 4434 23,
586 4384 633 4423 c.
684 4370 978 4437 Episcopus
1007 4364 1171 4435 cum).
1226 4364 1549 4435 EpiscOpus
1579 4379 1712 4417 cum
1746 4381 1833 4419 or-

168 4462 437 4525 dinatur,
470 4458 584 4511 duo
613 4455 872 4528 episcOpi
905 4460 1129 4525 ponant
1160 4460 1217 4508 et
1237 4458 1473 4508 teneant
1501 4452 1835 4521 Evangelia-

1937 1926 1995 1978 ni
2030 1925 2352 1993 subjaceat,
2386 1940 2488 1994 pro
2530 1940 2595 1978 eo
2630 1922 2785 1995 quod
2838 1921 2896 1975 in
2928 1921 3172 1976 scientia
3219 1921 3375 1977 mala
3400 1922 3589 1977 conti-

1935 2014 2079 2078 cuit,
2113 2019 2170 2068 et
2213 2013 2633 2067 correctionem
2686 2010 3078 2066 necessariam
3131 2026 3245 2065 non
3297 2011 3589 2067 adhibuit.

1937 2102 2037 2157 Sin
2095 2106 2290 2157 autem
2349 2118 2592 2157 suorum
2649 2100 2944 2171 quispiam
3003 2100 3207 2155 eodem
3266 2100 3585 2168 nesciente,

1937 2190 2328 2261 quodcunque
2355 2190 2427 2245 de
2473 2189 2831 2260 supradictis
2861 2188 3135 2260 capitulis
3176 2188 3582 2260 accipiendum

1936 2278 2048 2332 sibi
2081 2294 2209 2333 esse
2250 2278 2586 2345 crediderit,
2618 2278 2667 2333 si
2712 2278 3014 2348 presbyter
3060 2284 3171 2342 est,
3205 2278 3386 2333 trium
3421 2294 3584 2333 men-

1936 2365 2090 2421 sium
2151 2366 2752 2421 excommunicatione
2800 2365 3127 2436 plectatur;
3180 2366 3228 2421 si
3279 2366 3585 2437 diaconus,

1937 2456 2189 2524 duobus,
2222 2456 2619 2511 subdiaconus
2662 2470 2790 2509 vero
2817 2456 2902 2509 vel
2938 2453 3184 2510 clericus
3232 2454 3325 2509 his
3356 2454 3588 2526 cupidi-

1936 2544 2157 2598 tatibus
2188 2543 2470 2608 serviens,
2507 2548 2562 2597 et
2591 2543 2946 2613 competenti
2981 2560 3152 2614 poena
3182 2547 3240 2597 et
3269 2542 3464 2597 debita
3489 2559 3591 2598 ex-

1938 2630 2470 2687 communicatione
2501 2630 2847 2701 plectendus
2878 2634 2985 2685 est.

1936 2730 2070 2810 CAP.
2107 2730 2227 2784 127.
2250 2759 2330 2810 .-
2363 2730 2480 2810 Qua
2526 2729 2798 2810 sententia
2845 2729 3383 2810 feriendi_sintrqu‘i_
3406 2728 3594 2810 Simpe

2006 2803 2164 2855 niace
2189 2799 2263 2854 ad
2293 2804 2661 2871 episcopatum
2691 2800 2992 2870 eliguntur,
3023 2799 3114 2854 vel
3141 2799 3297 2855 electi
3323 2800 3593 2856 Simonia-

2007 2888 2065 2927 ce
2094 2872 2445 2927 ordinantur.
2484 2874 2574 2928 Ea;
2602 2871 2786 2928 eodem
2816 2886 2963 2927 conc.
2996 2886 3115 2942 cap.
3150 2873 3203 2926 9.

2011 2960 2213 3017 Multae
2243 2976 2419 3032 super
2450 2962 2559 3017 hoc
2589 2960 2844 3032 capitulo
2868 2962 3103 3016 Patrum
3138 2963 3441 3018 sententiis
3466 2980 3590 3018 ma-

1940 3055 2245 3117 naverunt,
2274 3051 2496 3106 scilicet
2528 3068 2598 3105 ne
2632 3050 3083 3122 impretiabilem
3116 3052 3299 3106 sancti
3333 3053 3589 3123 Spiritus

1936 3140 2186 3210 gratiam
2222 3139 2391 3195 donis
2421 3140 2509 3196 vel
2544 3140 2890 3195 muneribus
2912 3139 3042 3211 quis
3071 3140 3319 3196 aestimet
3348 3158 3590 3213 compa-

1938 3230 2205 3284 randam.
2235 3228 2345 3283 Sed
2367 3230 2538 3299 (quod
2567 3246 2680 3284 non
2714 3228 2840 3284 sine
2858 3229 3019 3300 gravi
3054 3229 3249 3285 dolore
3274 3230 3589 3286 dicendum

1937 3320 2043 3389 est)
2078 3322 2296 3389 quanto
2328 3318 2450 3372 haec
2500 3318 2792 3390 frequenti
2841 3319 3207 3373 decretorum
3260 3323 3347 3373 est
3379 3336 3591 3391 praece-

1938 3408 2137 3479 ptione
2159 3406 2643 3477 prohibita,tanto
2659 3424 2690 3461 a
2706 3406 2874 3461 nobis
2899 3406 3202 3461 fraudibus
3220 3409 3594 3478 cognoscitur

1939 3496 2166 3562 iterata,
2202 3496 2343 3550 dum
2393 3495 2455 3549 hi
2506 3495 2609 3565 qui
2659 3494 2760 3549 tali
2808 3494 2994 3566 pretio
3045 3496 3289 3551 mercari
3321 3497 3595 3551 nituntur

1937 3584 2210 3655 gratiam,
2271 3600 2389 3639 suae
2458 3583 2848 3639 ordinationis
2909 3588 3171 3655 tempora
3224 3585 3591 3656 praeveniunt

1944 3688 2203 3740 munere,
2256 3676 2357 3727 aut
2406 3676 2539 3742 post
2588 3676 2892 3743 acceptum
2946 3672 3249 3740 honorem,
3285 3674 3594 3746 promissis

1940 3761 2064 3816 suis
2087 3761 2393 3816 conferunt
2415 3760 2846 3832 apparitoribus
2872 3761 3061 3832 turpis
3077 3760 3221 3817 lucri
3244 3766 3593 3823 mercedem.

1941 3851 2161 3906 Et‘ideo
2196 3854 2257 3904 ut
2288 3850 2499 3905 horum
2532 3855 2590 3905 et
2612 3849 2896 3905 similium
2927 3856 3409 3923 argumentorum
3434 3855 3593 3909 dein—

1940 3956 2075 4011 ceps
2097 3942 2433 4010 amputetur
2450 3938 2823 4004 occasio,haec
2842 3944 3044 3995 sancta
3062 3941 3241 4013 synod
3254 3959 3320 3997 us
3333 3942 3596 3998 deﬁnivit

1943 4032 2026 4096 ut,
2062 4044 2194 4082 cum
2244 4026 2493 4098 quisque
2525 4025 2859 4098 pontiﬁcale
2908 4026 3141 4081 culmen
3194 4032 3326 4082 ante
3356 4028 3589 4084 Domini

1942 4116 2123 4172 altare
2164 4124 2544 4187 percepturus
2590 4115 2919 4181 accesserit,
2953 4120 3007 4169 et
3038 4116 3261 4170 actione
3293 4116 3590 4188 astringa-

1941 4210 2057 4272 tur,
2075 4205 2231 4277 quod
2253 4222 2356 4273 pro
2380 4205 2729 4260 conferenda
2745 4203 2854 4258 sibi
2880 4204 3313 4259 consecratione
3328 4204 3590 4273 honoris,

1944 4294 2090 4349 nulli
2138 4311 2399 4365 personee
2450 4292 2768 4362 cujuslibet
2819 4292 3046 4363 praemii
3080 4291 3474 4363 collationem,
3505 4294 3595 4350 vel

1944 4383 2262 4454 aliquando
2296 4382 2573 4449 dedisset,
2606 4380 2689 4435 vel
2724 4380 3042 4451 aliquando
3074 4382 3131 4437 in
3166 4382 3428 4439 futurum
3460 4385 3601 4442 dare

1946 4476 2235 4544 procuret.
2260 4471 2472 4541 Sicque
2496 4475 2597 4524 aut
2620 4471 2880 4525 mundus
2913 4472 2984 4525 ab
3008 4470 3115 4527 hoc
3138 4474 3426 4545 contagio,
3456 4492 3601 4547 pra:-

173 4564 311 4604 rum
342 4546 601 4600 codicem
634 4560 813 4615 super
855 4550 1028 4612 caput
1058 4548 1114 4597 et
1162 4557 1339 4613 super
1368 4541 1647 4596 cervicem
1680 4542 1809 4611 ejus

1954 4560 2177 4614 .atiouis
2210 4557 2709 4613 consecrationem
2741 4558 3009 4629 accipiat,
3043 4566 3145 4615 aut
3175 4541 3474 4631 publicato
3494 4563 3604 4618 hoc

178 4642 238 4693 et
269 4651 387 4690 uno
417 4650 596 4705 super
626 4648 759 4687 eum
793 4633 1074 4687 fundente
1104 4631 1592 4695 benedictionem,
1625 4630 1833 4700 reliqui

180 4741 389 4782 omnes
420 4724 520 4794 qui
574 4723 790 4777 adsunt
839 4721 1121 4793 episcopi,
1178 4720 1451 4776 manibus
1505 4720 1629 4775 suis
1658 4725 1835 4791 caput

177 4816 312 4885 ejus
342 4815 609 4883 tangant.

174 4923 317 4979 CAP.
354 4920 476 4973 125.
510 4946 579 4956 -
610 4922 689 4972 De
736 4918 983 4983 episcOpo
1029 4916 1113 4970 vel
1164 4916 1307 4971 clero
1336 4916 1395 4969 in
1442 4916 1615 4969 alium
1662 4916 1837 4971 locum

286 5008 397 5046 non
430 4988 828 5058 transferendo.
876 4988 957 5042 Ex
986 4987 1169 5042 eodem
1196 4986 1455 5057 concilio,
1487 5003 1607 5057 cap.
1639 4987 1728 5041 27.

252 5098 331 5168 (7.
364 5112 416 5166 q.
450 5095 505 5161 4,
538 5112 584 5149 c.
619 5096 915 5164 Episcopus
942 5094 1009 5147 de
1037 5094 1194 5158 loco).
1230 5094 1300 5149 Ut
1326 5093 1638 5164 episcopus
1670 5094 1741 5147 de
1760 5095 1836 5147 lo-

177 5204 246 5242 co
278 5184 525 5255 ignobili
560 5183 630 5238 ad
668 5181 922 5237 nobilem
959 5198 1059 5251 per
1090 5182 1467 5236 ambitionem
1504 5198 1619 5236 non
1650 5187 1837 5235 trans-

179 5283 295 5338 eat,
332 5289 435 5328 nec
465 5275 783 5342 quisquam
816 5270 1111 5325 inferioris
1142 5272 1365 5326 ordinis
1392 5271 1660 5326 clericus.
1693 5276 1840 5325 Sane

182 5365 232 5420 si
258 5364 311 5416 id
342 5360 567 5416 utilitas
590 5358 857 5414 Ecclesia:
882 5358 1215 5414 faciendum
1242 5361 1841 5430 p0poscerit,decreto

188 5469 288 5522 pro
319 5467 388 5505 eo
419 5448 766 5504 clericorum
818 5452 875 5501 et
924 5446 1206 5503 laicorum
1256 5449 1546 5520 episcopis
1580 5455 1842 5519 porrecto

186 5541 308 5612 (per
338 5536 718 5605 sententiam)
750 5535 810 5589 in
852 5536 1165 5606 praesentia
1197 5537 1403 5604 synodi
1434 5540 1841 5605 transferatur,

188 5625 579 5685 nihilominus
609 5623 723 5679 alio
746 5621 1013 5680 inlocum
1039 5625 1168 5697 ejus
1198 5626 1471 5697 episcopo
1502 5627 1839 5699 subrogato.

1944 4649 2159 4704 scelere
2215 4647 2524 4702 manifeste
2570 4647 2924 4711 denudatus,
2977 4665 3171 4704 coram
3224 4650 3479 4706 Ecclesia
3529 4652 3602 4707 ad

1944 4738 2226 4793 honorem
2255 4753 2429 4807 quem
2459 4736 2704 4791 mercari
2733 4735 2932 4805 voluit,
2954 4755 3066 4792 non
3086 4740 3343 4797 accedat.
3364 4740 3498 4796 Illos
3521 4744 3604 4796 ta-

1948 4843 2101 4893 men,
2131 4842 2279 4895 quos
2302 4825 2577 4895 deinceps
2601 4829 2731 4896 post
2750 4825 3145 4895 praelationem
3172 4846 3272 4899 per
3292 4830 3599 4901 premium

1947 4916 2249 4969 ordinatos
2286 4913 2466 4969 fuisse
2508 4914 2781 4984 patuerit,
2814 4915 2922 4969 sub
2958 4916 3215 4972 deﬁnitis
3248 4918 3600 4989 poenitentiae

1948 5004 2199 5075 legibus,
2235 5009 2297 5057 ut
2327 5019 2458 5057 vere
2482 5002 2845 5058 Simoniacos
2868 5004 2939 5057 ab
2964 5004 3219 5059 Ecclesia
3241 5008 3600 5077 separandos

1949 5108 2081 5148 esse
2113 5107 2443 5157 censemus,
2476 5090 2534 5145 id
2568 5096 2677 5156 est,
2712 5095 2775 5146 ut
2803 5092 3053 5148 duorum
3088 5110 3375 5149 annorum
3408 5096 3599 5167 spatio

1949 5180 2153 5237 exsilio
2186 5181 2517 5251 relegati,et
2546 5182 2724 5251 digna
2741 5181 3140 5239 satisfactione
3159 5184 3249 5239 vel
3272 5200 3605 5240 excommu-

1952 5271 2261 5327 nicationis
2293 5270 2583 5326 sententia
2605 5270 2859 5335 coerciti,
2884 5270 3124 5327 honoris
3146 5274 3391 5344 gradum
3426 5287 3602 5342 quem

1954 5360 2205 5432 praemiis
2238 5364 2521 5423 emerant,
2552 5357 2826 5430 lacrymis
2858 5362 3201 5431 conquirere
3247 5368 3301 5416 et
3332 5375 3601 5429 reparare

1952 5451 2293 5516 intendant;
2331 5454 2393 5503 ut
2436 5448 2484 5503 si
2518 5449 2696 5520 digna
2744 5464 2842 5503 eos
2894 5450 3214 5505 satisfactio
3246 5447 3601 5520 paenitentiae

1952 5544 2213 5609 tempore
2243 5538 2548 5605 invenerit,
2581 5554 2694 5592 non
2729 5541 2958 5591 tantum
2991 5536 3388 5593 communioni
3413 5539 3601 5606 [com-

1957 5630 2318 5685 mendaverit
2365 5633 2597 5702 peracto
2646 5627 2877 5684 indictae
2922 5629 3271 5700 poanitentias
3312 5634 3594 5703 tempore,
