3978 6060
384 274 490 330 367

1471 277 1538 327 D.
1582 272 1825 328 IVONIS
1860 270 2358 328 CARNOTENSIS
2394 273 2715 330 EPIBCOPI

3681 279 3794 334 368

374 415 491 454 non
522 399 778 466 tantum,
813 399 946 467 etc.]
978 397 1076 454 sed
1109 400 1164 452 et
1185 397 1309 452 loco
1341 398 1398 452 et
1427 395 1608 451 totius
1640 393 1863 450 ordinis
1895 393 2021 450 ofﬁ-
2052 397 2108 464 Α
2137 395 2186 451 si
2217 399 2349 451 ante
2381 396 2640 467 pondera
2669 413 2848 469 quam
2880 397 3210 454 solidentur
3257 397 3570 471 accipiant,
3605 416 3791 459 cunc-

373 488 500 557 ciis,
529 504 563 543 a
593 485 810 556 quibus
860 485 1114 557 separati
1160 486 1411 551 fuerant,
1447 484 1815 540 restaurandi
1867 486 2024 539 sunt.

371 595 503 649 CAP.
539 592 663 647 128.
698 622 764 631 —
796 590 872 644 Ne
899 590 1184 660 episcopus
1209 605 1309 660 per
1333 591 1622 660 pecuniam
1651 589 1893 659 aliquem
1932 604 2026 643 or-

575 664 745 718 dinet.
777 665 861 717 Ea:
890 678 931 715 ιι
961 663 1296 715 Bracarensi
1323 660 1588 728 concilio,
1619 677 1742 732 cap.
1777 662 1830 715 3.

442 752 520 825 (1,
555 768 604 823 q.
641 753 689 818 1,
722 767 769 805 c.
804 749 1027 804 Placuit
1057 757 1118 804 ut
1145 748 1251 819 de).
1305 749 1532 804 Placuit
1581 753 1647 804 ut
1675 749 1747 804 de
1790 747 2024 804 ordina-

376 842 534 898 tione
566 840 909 896 clericorum
929 839 1188 910 episcopi
1217 854 1464 893 munera
1487 837 1649 893 nulla
1679 836 2026 908 suscipiant,

377 931 477 988 sed
511 931 665 986 sicut
696 929 981 999 scriptum
1031 932 1120 983 est
1158 945 1169 982 :
1204 928 1365 992 Quod
1418 928 1597 998 gratis
1629 929 1744 984 Deo
1774 929 2026 984 donante

377 1017 728 1090 acceperint,
752 1017 935 1089 gratis
958 1018 1098 1072 dent
1121 1017 1332 1088 (Matth.
1357 1019 1436 1088 ι).
1467 1017 1592 1072 Non
1616 1017 1813 1088 aliquo
1844 1017 2025 1088 pretio

373 1108 585 1181 gratia,
609 1111 665 1162 et
695 1106 995 1178 impositio
1027 1121 1311 1161 manuum
1335 1106 1725 1174 venundetur,
1749 1105 1888 1178 quia
1918 1123 2025 1160 an-

373 1199 541 1270 tiqua
570 1196 834 1253 definitio
867 1195 1106 1250 Patrum
1139 1195 1222 1250 ita
1252 1196 1322 1250 de
1354 1194 1768 1250 ecclesiasticis
1798 1195 2026 1250 ordina-

372 1287 636 1342 tionibus
686 1284 896 1339 statuit
949 1285 1148 1339 dicens
1200 1299 1212 1337 :
1265 1284 1594 1339 Anathema
1641 1285 1719 1339 sit
1764 1284 1926 1340 danti
1972 1287 2029 1338 et

375 1372 705 1445 accipienti,
737 1376 1045 1444 propterea
1090 1372 1229 1443 quia
1273 1373 1440 1426 multi
1477 1371 1792 1443 aliquando
1824 1371 2027 1427 multis

373 1462 694 1518 sceleribus
726 1460 942 1531 obruti,
985 1463 1042 1515 et
1073 1465 1273 1515 sancto
1326 1459 1496 1514 altari
1545 1459 1786 1531 indigne
1820 1459 2026 1514 minis-

370 1555 597 1607 trantes
628 1567 744 1605 non
776 1550 848 1604 ob
881 1547 1288 1604 testimonium
1320 1548 1610 1603 bonorum
1643 1553 1898 1614 actuum,
1924 1548 2024 1603 sed

375 1639 717 1712 profusione
760 1653 1075 1692 munerum
1127 1637 1412 1691 obtinent.
1461 1639 1700 1707 Oportet
1746 1651 1881 1707 ergo
1911 1652 2027 1691 non

373 1745 478 1799 per
509 1727 757 1800 gratiam
807 1742 1144 1797 munerum,
1179 1725 1282 1780 sed
1333 1741 1437 1796 per
1477 1723 1816 1797 diligentem
1862 1725 2027 1796 prius

375 1816 829 1882 discussionem,
862 1814 1073 1870 deinde
1112 1831 1215 1886 per
1263 1815 1585 1870 multorum
1619 1813 2026 1870 testimonium

375 1905 617 1961 clericos
648 1904 940 1960 ordinare.

377 2010 508 2065 CAP.
544 2011 667 2064 1'29.
700 2039 770 2050 —
797 2008 917 2064 Non
945 2022 1058 2062 esse
1079 2007 1396 2080 faciendum
1438 2007 1750 2080 episcopum
1775 2008 2029 2079 praemio,

447 2080 533 2135 vel
561 2095 925 2150 personarum
953 2081 1279 2149 patrocinio.
1315 2079 1624 2150 Gregorius
1644 2081 1872 2134 Antonio
1901 2080 2033 2133 sub-

445 2149 696 2220 diacono,
728 2153 957 2220 registri
996 2151 1091 2205 lib.
1128 2167 1190 2216 ιι,
1221 2153 1380 2222 epist.
1411 2149 1504 2220 22,
1536 2166 1648 2206 sive
1674 2167 1802 2222 cap.
1834 2149 1922 2205 6t.

443 2240 520 2311 (8,
553 2256 606 2311 q.
639 2239 694 2307 2,
729 2255 776 2294 c.
804 2237 956 2293 Illud
993 2237 1257 2310 quidem).
1311 2237 1460 2294 Illud
1493 2239 1732 2310 quidem
1763 2254 1880 2309 praa
1906 2254 2036 2294 om-

376 2329 552 2384 nibus
580 2344 730 2383 curse
776 2326 884 2381 tibi
916 2327 993 2381 sit
1023 2331 1106 2395 ut,
1142 2327 1201 2381 in
1251 2326 1362 2382 hac
1391 2327 1696 2398 electione,
1743 2341 1848 2382 nec
1879 2326 2036 2382 datio

376 2418 830 2489 quibuscunque
863 2415 1054 2471 modis
1105 2416 1456 2471 interveniat
1486 2432 1602 2487 prae
1623 2415 1901 2487 miorum,
1935 2432 2040 2472 nec

377 2505 776 2578 quarumlibet
815 2520 1198 2577 personarum
1252 2504 1578 2574 patrocinia
1608 2505 2035 2560 convalescant.

377 2595 523 2651 Nam
574 2593 623 2650 si
673 2593 1068 2666 quorumdam
1119 2593 1445 2664 patrOcinio
1495 2593 1814 2665 quisquam
1865 2583 2042 2649 fuerit

379 2684 624 2750 electus,
651 2683 1056 2739 voluntatibus
1088 2697 1314 2752 eorum,
1339 2699 1475 2737 cum
1510 2683 1685 2738 fuerit
1711 2683 2043 2751 ordinatus,

382 2771 617 2828 obedire
648 2771 971 2826 reverentia
1015 2770 1282 2841 exigente
1313 2769 1709 2842 compellitur,
1742 2772 1947 2842 sicque
1981 2772 2045 2827 fit

382 2864 449 2914 ut
479 2863 535 2912 et
565 2874 658 2913 res
689 2858 850 2914 illius
899 2858 1243 2913 minuantur
1289 2859 1568 2926 ecclesiae,
1599 2865 1657 2914 et
1683 2861 1822 2915 ordo
1855 2859 2043 2915 eccle-

383 2945 658 3004 siasticus
692 2963 808 3001 non
855 2951 1138 3002 servetur.
1193 2947 1394 3003 Talem
1425 2964 1562 3018 ergo
1613 2952 1668 3003 te
1699 2947 2044 3003 imminente

383 3037 803 3108 [admonente],
824 3035 1038 3090 debent
1063 3051 1376 3106 personam
1406 3036 1637 3106 eligere,
1658 3053 1784 3107 qua
1817 3035 2040 3092 nullius

2133 487 2255 540 tam
2287 485 2460 540 simul
2493 485 2775 541 fabricam
2808 487 2878 542 ad
2911 490 3128 543 terram
3161 488 3481 559 deponant.

2135 591 2264 647 CAP.
2314 591 2457 666 132.7
2489 622 2562 666 -—_
2606 592 2756 666 Quod
2812 594 3172 666 inexpiabilis
3227 595 3302 649 sit
3355 596 3524 665 culpa
3582 598 3796 653 uenditi

2205 665 2481 736 mysterii.
2528 664 2851 720 Ambrosius
2879 664 2955 735 (ιζ
2987 683 3063 722 1v.
3095 668 3159 720 In
3203 681 3279 735 iv,
3309 681 3356 720 c.
3389 664 3572 736 Luca,
3602 671 3790 725 titulo.

2205 736 2280 860 ge
2339 734 2762 877 confirmatione
2833 734 3094 806 eiusdem,
3169 740 3416 809 exemplo
3488 734 3680 797 Eliseei
3737 749 3794 798 et

2253 823 2458 860 aaman
2490 847 2502 861 .

2204 895 2492 966 Accepisti
2525 895 2860 966 pecuniam,
2891 901 2950 951 et
2993 895 3326 968 possidebis
3355 913 3422 952 ex
3452 912 3520 953 ea
3551 914 3790 971 agrum,

2137 987 2194 1038 et
2222 984 2438 1049 vineas,
2473 987 2529 1038 et
2574 983 2804 1052 oliveta,
2855 987 2912 1039 et
2942 1000 3174 1057 greges,
3226 989 3284 1040 et
3330 985 3491 1057 lepra
3522 986 3791 1043 Naaman

2135 1071 2456 1143 applicabit
2500 1071 2590 1142 (IV
2617 1073 2746 1141 Reg.
2779 1073 2831 1142 v)
2865 1089 2928 1128 se
2958 1073 3017 1128 in
3063 1079 3119 1128 te
3165 1071 3512 1145 [adhaerebit
3547 1075 3697 1148 tibi],
3730 1081 3795 1133 et

2137 1161 2348 1215 semini
2372 1164 2472 1216 tuo
2498 1177 2685 1231 usque
2717 1161 2776 1215 in
2794 1162 3298 1218 teternum.Vides
3329 1162 3469 1234 quia
3499 1164 3650 1220 facto
3676 1182 3788 1220 au-

2135 1251 2312 1304 ctoris
2340 1249 2632 1304 successio
2665 1249 2979 1305 damnatur
2997 1251 3264 1307 haeredis.
3295 1252 3670 1324 Inexpiabilis
3697 1258 3793 1309 est

2134 1337 2291 1393 enim
2323 1337 2549 1394 venditi
2574 1338 2746 1410 culpa
2776 1339 3059 1410 mysterii,
3084 1345 3139 1395 et
3167 1339 3364 1412 gratias
3393 1342 3652 1398 vindicta
3673 1359 3786 1398 cm-

2137 1425 2302 1480 lestis
2348 1426 2562 1480 transit
2611 1427 2681 1481 ad
2725 1432 2987 1497 posteros
3038 1429 3274 1499 (Deuter.
3308 1429 3492 1501 xxm).
3525 1429 3792 1502 Denique

2137 1513 2422 1581 Moabitae,
2456 1519 2512 1568 et
2541 1515 2730 1569 caeteri
2763 1532 2877 1570 non
2905 1516 3210 1572 intrabunt
3241 1517 3299 1572 in
3331 1518 3650 1575 Ecclesiam
3686 1519 3789 1574 Dei

2137 1619 2325 1673 usque
2351 1603 2409 1658 in
2442 1604 2672 1659 tertiam
2705 1609 2761 1659 et
2791 1607 3058 1676 quartam
3090 1607 3453 1678 progeniem,
3475 1607 3677 1663 tandiu
3698 1609 3787 1662 vi-

2137 1689 2344 1746 delicet
2374 1692 2461 1763 (ut
2490 1691 2824 1762 simplicius
2845 1693 3316 1763 interpretemur)
3337 1695 3519 1750 donec
3549 1695 3789 1767 culpam

2057 1768 2104 1832 B
2134 1787 2437 1834 auctorum
2454 1778 2622 1834 multi
2631 1779 2763 1851 plici
2773 1798 2800 1835 s
2817 1781 3110 1837 successio
3123 1783 3514 1854 generationis
3532 1784 3792 1840 aboleret

2137 1869 2244 1924 Sed
2282 1884 2415 1923 cum
2448 1867 2555 1938 illi,
2587 1868 2685 1939 qui
2715 1868 2775 1923 in
2807 1869 2990 1924 Deum
3023 1869 3370 1927 idololatriae
3412 1888 3606 1928 errore
3637 1872 3788 1928 deli-

2139 1961 2410 2028 querunt,
2443 1955 2502 2010 in
2537 1961 2807 2028 quartam
2840 1959 3274 2029 generationem
3317 1960 3629 2016 videantur
3656 1975 3788 2016 esse

2141 2045 2395 2113 multati,
2429 2045 2687 2117 profecto
2710 2045 2907 2101 durior
2933 2047 3162 2102 videtur
3177 2065 3304 2104 esse
3334 2050 3643 2119 sententia,
3667 2066 3789 2120 qua

2142 2133 2297 2188 Giezi
2311 2149 2506 2188 semen
2523 2150 2711 2205 usque
2725 2134 2782 2189 in
2797 2138 3070 2191 aeternum
3085 2152 3188 2207 pro
3205 2137 3526 2209 cupiditate
3540 2138 3798 2194 habendi

2143 2222 2484 2295 prophetica
2526 2223 2870 2279 auctoritate
2921 2224 3257 2293 damnatur,
3289 2227 3607 2297 praesertim
3654 2243 3794 2282 cum

2145 2313 2432 2368 Dominus
2455 2317 2653 2368 noster
2678 2313 2854 2368 Jcsus
2885 2313 3155 2370 Christus
3187 2332 3289 2387 per
3320 2314 3533 2371 lavacri
3557 2332 3794 2386 regene-

2149 2402 2432 2456 rationem
2447 2401 2722 2457 omnibus
2744 2402 3150 2458 remissionem
3166 2403 3389 2459 dederit
3405 2408 3774 2474 peccatorum
3787 2446 3800 2472 ,

2149 2490 2262 2545 nisi
2297 2495 2360 2545 ut
2386 2489 2659 2546 vitiorum
2692 2492 2880 2563 magis
2911 2508 3088 2564 quam
3121 2493 3351 2565 generis
3401 2509 3594 2549 semen
3627 2493 3804 2549 intel-

2151 2579 2319 2651 ligas.
2346 2579 2509 2634 Sicut
2537 2579 2694 2634 enim
2718 2580 2817 2652 qui
2848 2579 2954 2635 ﬁlii
2980 2580 3384 2652 promissionis
3416 2585 3577 2647 sunt,
3598 2581 3800 2636 existi-

2153 2673 2390 2723 mantur
2418 2667 2478 2723 in
2512 2685 2710 2723 semen
2744 2669 2986 2737 bonum,
3010 2670 3091 2725 ita
3120 2670 3295 2725 etiam
3320 2670 3419 2742 qui
3454 2670 3557 2724 filii
3588 2670 3805 2725 erroris

2154 2761 2292 2812 sunt
2321 2757 2734 2812 existimantur
2762 2756 2822 2811 in
2849 2773 3048 2813 semen
3081 2757 3323 2814 malum.
3348 2758 3492 2813 Nam
3529 2762 3584 2813 et
3612 2758 3805 2812 Judaei

2153 2861 2223 2900 ex
2253 2849 2416 2916 patre
2445 2845 2677 2901 diabolo
2706 2851 2847 2901 sunt
2871 2847 3044 2915 (Joan.
3064 2847 3206 2920 vm),
3227 2863 3342 2902 non
3375 2846 3579 2917 utique
3604 2847 3802 2902 carnis

2155 2933 2549 2998 successione,
2609 2935 2708 2989 sed
2768 2935 3052 2990 criminis.
3114 2940 3259 3006 Ergo
3318 2952 3522 2991 omnes
3577 2937 3802 3007 cupidi,

2157 3039 2360 3077 omnes
2394 3023 2572 3092 avari,
2617 3023 2768 3078 Giezi
2800 3023 3018 3095 lepram
3068 3041 3201 3079 cum
3256 3023 3478 3079 divitiis
3507 3024 3631 3079 suis
3663 3041 3798 3095 pos-

383 3127 720 3195 incongrua
749 3122 1034 3179 voluntati
1067 3122 1374 3191 deserviat,
1407 3124 1506 3179 sed
1540 3123 1659 3178 vita
1688 3129 1745 3179 et
1774 3124 2036 3180 moribus

2168 3111 2368 3180 sident,
2401 3115 2458 3165 et
2509 3111 2662 3166 male
2712 3113 2956 3182 quaesita
3005 3114 3268 3169 mercede
3300 3129 3414 3168 non
3463 3117 3582 3168 tam
3618 3113 3799 3184 patri-

387 3214 659 3270 decorata
687 3215 850 3267 tanto
882 3210 1086 3267 ordine
1117 3211 1296 3284 digna
1320 3211 1506 3267 valeat
1537 3210 1810 3269 inveniri.

384 3323 519 3375 CAP.
566 3319 685 3374 130.
739 3349 807 3358 —
857 3319 919 3374 Ut
964 3318 1158 3372 nullus
1203 3319 1486 3388 privatum
1531 3319 1894 3386 commodum,
1951 3320 2045 3375 sed

457 3406 748 3475 commune
797 3397 1015 3475 quaerat
1064 3390 1124 3443 in
1173 3390 1948 3475 electionemepiscOpi.nl\dem
1977 3391 2045 3445 ad

459 3463 667 3517 clerum
696 3461 1168 3517 Mediolanensem
1199 3462 1382 3532 (epist.
1414 3461 1505 3529 29,
1538 3463 1650 3516 sive
1681 3478 1728 3516 c.
1759 3463 1873 3532 68).

464 3551 543 3618 (8,
576 3566 628 3619 q.
659 3550 714 3614 2,
755 3565 802 3604 c.
836 3550 1232 3622 Dilectissimi).
1287 3549 1666 3606 Dilectissimi
1713 3550 1842 3619 ﬁlii,
1869 3550 2046 3605 officii

396 3637 582 3695 nostri
611 3655 860 3694 censura
889 3640 1254 3709 commoniti,
1296 3641 1638 3711 suademus,
1667 3644 1733 3695 ut
1762 3641 1821 3695 in
1853 3640 2045 3696 susci-

397 3727 593 3800 piendi
613 3728 897 3784 antistitis
913 3745 1110 3797 causa,
1143 3729 1342 3785 nullus
1359 3734 1619 3786 vestrum
1647 3728 1912 3802 neglecta
1931 3729 2044 3783 uti-

397 3817 562 3872 litate
591 3819 907 3888 communi,
938 3834 1045 3873 suo
1077 3818 1237 3874 lucro
1259 3819 1542 3890 proﬁciat,
1567 3835 1638 3873 ne
1661 3819 1707 3872 si
1732 3818 2046 3890 quisquam

399 3905 636 3978 prOpria
658 3906 967 3960 commoda
997 3906 1238 3977 appetit,
1263 3907 1465 3962 frivola
1494 3906 1851 3963 aetimatione
1883 3906 2047 3962 falla-

397 4000 516 4061 tur,
547 3994 687 4066 quiu
719 4011 824 4050 nec
854 3994 1038 4049 libero
1060 3995 1288 4065 judicio
1321 3996 1740 4066 praiferendam
1773 3996 1883 4051 sibi
1917 4013 2044 4066 per-

393 4100 606 4140 sonam
639 4083 936 4140 examinat
967 4099 1156 4155 mens,
1181 4100 1358 4154 quam
1391 4084 1682 4155 cupiditas
1712 4083 1875 4156 ligat.
1901 4085 2045 4140 Pen-

397 4178 595 4230 santes
626 4189 763 4245 ergo
793 4190 917 4244 quis
956 4173 1182 4228 cunctis
1222 4173 1539 4244 expediunt
1578 4173 1628 4228 ei
1677 4188 1851 4244 quem
1884 4173 2046 4228 vobis

397 4261 596 4316 divina
625 4262 810 4332 gratia
863 4261 1207 4332 praetulerit,
1255 4261 1693 4334 integerrimam
1727 4278 1958 4334 semper
1985 4263 2044 4317 in

398 4349 674 4405 omnibus
705 4349 1097 4405 obedientiam
1129 4351 1395 4422 praebete.
1436 4351 1699 4406 Judicari
1732 4367 1984 4422 namque
2013 4369 2048 4406 a

395 4438 562 4493 vobis
593 4437 749 4494 ultra
796 4455 912 4493 non
962 4438 1133 4494 debet
1177 4439 1356 4495 semel
1391 4439 1688 4511 praelatus,
1734 4441 1835 4495 sed
1883 4443 2046 4494 tanto

397 4542 552 4583 nunc
579 4526 874 4583 subtiliter
894 4527 1255 4597 judicandus
1287 4533 1395 4598 est,
1423 4532 1642 4600 quanto
1675 4529 2046 4601 postmodum

388 4617 752 4686 judicandus
784 4633 898 4670 non
931 4620 1038 4672 est.

397 4722 491 4778 CA.
529 4724 647 4778 131.
679 4753 749 4764 —-
777 4723 925 4794 Quid
953 4724 1013 4777 in
1040 4726 1326 4796 primitiva
1348 4726 1606 4789 Ecclesia,
1629 4733 1679 4780 et
1709 4723 1842 4794 quid
1873 4739 2042 4792 nunc,

464 4797 771 4867 neophytus
799 4803 1042 4851 vocetur.
1087 4796 1233 4852 Idem
1284 4797 1521 4864 Virgilio
1569 4797 1875 4851 Arelatensi
1905 4797 2044 4867 epis-

465 4883 596 4936 copo
627 4867 746 4934 (lib.
782 4884 837 4921 1v
872 4871 1084 4938 regist.,
1116 4870 1274 4939 epist.
1308 4869 1421 4939 50).

468 4955 622 5024 (Dtst.
657 4956 745 5026 48,
775 4971 821 5011 c.
853 4956 1053 5026 Sicut).
1087 4956 1231 5011 Cum
1254 4957 1326 5012 ad
1348 4973 1546 5012 sacros
1568 4956 1800 5011 ordines
1827 4955 2044 5011 Paulus

395 5043 696 5116 apostolus
727 5045 1084 5117 neophytum
1136 5046 1329 5102 venire
1377 5045 1684 5116 prohibeat
1715 5045 1762 5116 (Ι
1791 5047 1922 5102 Tim.
1957 5045 2040 5117 ιι),

395 5133 702 5190 sciendum
726 5133 896 5190 nobis
917 5139 1005 5189 est
1026 5134 1184 5205 quia,
1209 5135 1364 5190 sicut
1381 5139 1520 5190 tunc
1535 5133 1861 5205 necphytus
1883 5150 2044 5190 voca-

395 5222 568 5278 batur
595 5223 695 5294 qui
726 5223 916 5278 adhuc
949 5223 1176 5278 noviter
1218 5229 1343 5279 erat
1374 5223 1671 5295 plantatus
1702 5223 1762 5277 in
1794 5223 1928 5290 ﬁde,
1962 5223 2045 5278 ita

394 5329 553 5368 nunc
582 5312 736 5368 inter
765 5312 1088 5384 necphytos
1113 5313 1489 5383 deputamus,
1513 5313 1612 5383 qui
1645 5310 1836 5366 adhuc
1860 5327 2042 5366 novus

394 5402 570 5457 estin
622 5405 826 5457 sancta
874 5400 1333 5457 conversatione.
1383 5401 1612 5455 Scimus
1661 5405 1856 5454 autem
1887 5400 2041 5470 quod

394 5489 662 5546 aedificati
695 5490 944 5562 parietes
976 5505 1089 5543 non
1116 5488 1277 5559 prius
1306 5489 1602 5561 tignorum
1636 5488 1866 5560 pondus
1893 5489 2040 5543 acci-

394 5574 577 5648 piant,
610 5579 718 5634 nisi
752 5597 785 5634 a
823 5577 1098 5635 novitatis
1149 5595 1266 5633 sua:
1317 5580 1558 5634 humore
1607 5577 1937 5646 siccentur;
1971 5594 2041 5634 ne

2153 3199 2418 3255 monium
2463 3199 2833 3268 facultatum,
2865 3217 3043 3273 quam
3091 3201 3437 3257 thesaurum
3487 3201 3799 3257 criminum

2155 3293 2602 3361 congregarunt,
2634 3295 2846 3346 esterno
2884 3290 3172 3363 supplicio
3205 3296 3260 3346 et
3289 3291 3445 3346 brevi
3478 3290 3689 3345 fructu.

2154 3395 2257 3468 CA.
2281 3395 2404 3450 133.
2439 3427 2506 3436 —
2557 3397 2706 3464 Quod
2756 3397 2927 3451 solius
2968 3400 3125 3468 nefas
3172 3398 3412 3452 ambitus
3459 3397 3808 3452 severissime

2225 3467 2535 3522 damnetur.
2571 3468 2861 3538 Gregorius
2892 3467 2962 3523 ad
3015 3467 3320 3524 Maximum
3350 3468 3804 3540 [Maximianum]

2223 3543 2677 3610 praesumptorem
2709 3541 2766 3594 in
2796 3539 3028 3608 Salona,
3060 3555 3180 3610 cap.
3212 3541 3302 3594 20.

2227 3629 2365 3695 (Lib.
2401 3645 2464 3682 ιιι
2496 3629 2740 3697 registri,
2772 3630 2931 3700 epist.
2983 3646 3075 3684 seu
3103 3645 3226 3701 cap.
3261 3629 3374 3700 20).
3409 3628 3567 3685 Licet
3597 3631 3807 3684 cetera

2156 3715 2482 3786 cujuspiam
2515 3716 2656 3771 talia
2685 3717 2811 3771 vitae
2857 3717 2975 3772 sint
3005 3718 3230 3784 merita,
3267 3723 3333 3772 ut
3362 3717 3506 3772 nihil
3537 3717 3614 3772 sit
3644 3717 3802 3789 quod

2155 3818 2222 3857 ex
2253 3804 2344 3857 his
2376 3804 2838 3859 sacerdatolibus
2877 3805 3066 3860 valeat
3106 3806 3574 3861 ordinationibus
3604 3805 3803 3860 obvia-

2155 3908 2236 3959 re,
2270 3897 2465 3947 tamen
2498 3891 2683 3948 solius
2724 3894 2886 3948 nefas
2933 3894 3192 3950 ambitus
3219 3895 3592 3951 severissima
3622 3911 3799 3950 cano-

2156 3997 2297 4035 num
2331 3981 2694 4038 districtione
2725 3983 3062 4040 damnatur.

2155 4086 2283 4142 CAr.
2319 4088 2440 4142 134.
2472 4119 2540 4128 ——
2573 4091 2725 4157 Quod
2751 4106 2861 4145 non
2889 4093 2959 4145 sit
3005 4094 3340 4147 consecratio
3374 4093 3456 4148 ἀὑ
3487 4108 3804 4148 excommu-

2365 4162 2566 4214 nicatis
2591 4162 2936 4216 celebranda.
2970 4163 3113 4218 Idem
3154 4166 3213 4217 in
3243 4165 3422 4219 eodem
3454 4180 3578 4236 cap.

2226 4249 2642 4319 Cognoscimus
2675 4251 3108 4323 [Cognovimus]
3142 4252 3341 4324 itaque
3373 4255 3550 4324 quod,
3581 4254 3667 4309 vel
3704 4271 3806 4309 su-

2156 4336 2362 4407 brepta
2391 4337 2477 4392 vel
2501 4337 2778 4394 simulata
2803 4339 3205 4411 piissimorum
3230 4343 3562 4413 principum
3579 4344 3808 4412 jussio-

2157 4440 2250 4489 ne,
2283 4425 2422 4478 dum
2437 4425 2776 4497 vitadignus
2799 4444 2915 4482 non
2938 4427 3136 4496 fueris,
3170 4429 3306 4484 tead
3325 4431 3808 4488 sacerdotiiordi-

2157 4527 2292 4567 nem
2310 4513 2536 4568 cunctis
2551 4513 2941 4568 venerabilem
2965 4515 3345 4587 proripuisse.
3367 4517 3528 4582 Quod
3553 4534 3658 4573 nos
3675 4517 3808 4576 ideo

2158 4600 2284 4656 sine
2307 4600 2428 4656 ulla
2450 4601 2816 4657 haesitatione
2833 4603 3150 4671 credimus,
3184 4605 3323 4675 quia
3343 4605 3521 4662 vitam
3547 4611 3806 4665 aetatem-

2157 4703 2270 4759 que
2294 4694 2454 4745 tuam
2477 4707 2592 4746 non
2615 4689 2902 4746 habemus
2935 4692 3398 4763 incognitam,ac
3427 4695 3635 4752 deinde
3667 4697 3808 4768 quia

2155 4779 2513 4834 serenissimi
2547 4779 2781 4835 Domini
2813 4780 3184 4852 imperatoris
3213 4782 3480 4838 animum
3505 4800 3618 4838 non
3641 4784 3809 4857 igno-

2155 4883 2377 4938 ramus,
2427 4869 2581 4939 quod
2627 4884 2688 4922 se
2719 4869 2778 4922 in
2810 4868 3004 4924 causis
3052 4869 3515 4926 sacerdotalibus
3558 4872 3807 4929 miscere

2155 4973 2269 5012 non
2301 4955 2504 5024 soleat,
2535 4973 2606 5011 ne
2638 4956 2858 5011 nostris
2891 4957 2949 5011 in
2997 4955 3192 5028 aliquo
3226 4959 3479 5028 peccatis
3510 4967 3802 5031 gravetur.

2155 5045 2403 5100 Additur
2423 5045 2754 5099 inauditum
2783 5045 2965 5113 nefas,
2995 5047 3148 5116 quod
3174 5051 3304 5117 post
3334 5048 3806 5108 interdictionem

2155 5149 2386 5206 quoque
2420 5138 2704 5200 nostram,
2738 5149 2866 5203 quae
2907 5133 3017 5188 sub
3069 5137 3674 5194 excommunicatione
3706 5145 3812 5195 tua

2153 5221 2672 5292 ordinantiumque
2702 5225 2756 5276 te
2787 5221 2938 5277 facta
2959 5230 3065 5293 est,
3089 5223 3256 5279 caesis
3279 5225 3654 5299 presbyteris,
3681 5228 3811 5284 dia-

2153 5311 2399 5366 conibus
2430 5315 2750 5381 caeteroque
2783 5310 2960 5382 clero,
2993 5329 3171 5368 manu
3215 5315 3459 5370 militari
3490 5316 3702 5372 diceris
3734 5319 3808 5374 ad

2153 5399 2410 5455 medium
2444 5400 2753 5457 deductus.
2785 5402 2970 5467 Quam
3001 5418 3125 5458 rem
3159 5419 3266 5458 nos
3297 5406 3806 5463 consecrationem

2153 5488 2345 5544 dicere
2376 5487 2535 5544 nullo
2568 5490 2739 5546 modo
2763 5507 3102 5562 possumus,
3128 5491 3267 5564 quia
3296 5491 3367 5547 ab
3400 5498 3809 5551 excommuni-

2153 5577 2299 5634 catis
2329 5582 2416 5634 est
2449 5578 2756 5636 celebrata.
2792 5580 2938 5644 Quia
2982 5580 3160 5652 igitur
3189 5581 3316 5637 sine
3347 5580 3527 5640 ullius
3551 5587 3807 5657 exempli
