3978 6060
238 173 353 227 377

947 175 1259 228 DECRETI
1299 175 1484 228 PARS
1520 174 1588 224 V.
1626 201 1690 210 —
1721 174 1817 225 DE
1861 172 2186 227 PRIMATU
2223 175 2397 228 ROM.
2440 177 2749 240 ECCLES.,
2792 180 2949 232 ETC.

3548 180 3652 234 378

234 297 492 355 Saxonis
513 298 583 354 ad
605 299 877 354 sanctum
925 298 1240 354 concilium
1291 315 1407 354 non
1448 301 1756 368 venerunt,
1791 313 1895 353 nec
1925 305 1979 373 Α
2008 313 2145 368 pars
2171 297 2475 368 judicatis,
2500 303 2640 356 tunc
2672 302 2896 372 primas
2919 301 3344 373 regionisinter
3365 302 3527 375 ipsos
3549 321 3655 360 au-

234 388 568 444 secundum
607 404 858 443 canones
888 404 1088 444 sacros
1112 389 1327 444 missos
1359 404 1500 443 suos
1522 386 1608 443 vel
1639 386 1887 442 vicarios

234 479 599 543 direxerant,
658 477 816 549 gravi
879 477 1277 549 increpatione
1332 478 1662 548 objurgare,
1699 480 1753 530 et
1782 493 1886 547 pro

234 566 412 638 culpa
433 566 840 621 inobedientiaa
864 566 1183 639 increpare.
1219 567 1382 622 Unde
1410 566 1624 621 iterum
1648 582 1746 621 eos
1779 567 1887 620 fra-

233 661 404 711 terna
430 656 714 711 cbaritate
736 657 809 711 ad
833 657 1167 711 condictum
1200 655 1515 712 concilium
1565 655 1885 710 invitamus

235 750 295 799 et
325 761 620 800 vocamus.
655 745 781 811 Qud
812 744 860 800 si
886 751 943 799 et
973 744 1083 800 hoc
1106 746 1285 815 (quod
1326 762 1438 799 non
1464 747 1759 815 optamus)
1783 760 1883 815 pro

239 834 426 890 nihilo
458 834 753 902 duxerint,
778 836 1123 906 justamque
1156 836 1441 891 rationem
1473 834 1884 890 inobedientiae

235 939 360 979 suae
393 923 863 991 detrectaverint;
881 924 1200 994 apostolica
1222 924 1565 980 auctoritate
1587 924 1886 979 interdicit

236 1014 327 1069 eis
351 1018 593 1069 sanctus
616 1018 844 1081 Petrus,
870 1014 1120 1069 etsancti
1143 1014 1294 1070 Petri
1313 1032 1473 1086 papae
1494 1014 1736 1079 missus,
1770 1030 1887 1068 una

237 1122 377 1161 cum
399 1109 607 1161 sancta
628 1106 851 1176 synodo
883 1106 1098 1161 missas
1131 1104 1447 1173 celebrare,
1501 1107 1887 1177 quoadusque

232 1198 485 1251 Romam
515 1196 834 1266 veniant,et
863 1213 1061 1252 coram
1094 1214 1245 1269 papa
1275 1198 1373 1267 [et]
1398 1201 1603 1253 sancta
1626 1195 1889 1251 Ecclesia

236 1285 481 1355 dignam
512 1284 877 1341 reddiderint
907 1287 1218 1341 rationem.

235 1393 371 1447 CAP.
397 1393 521 1447 163.
554 1423 623 1432 --
656 1394 958 1448 Concilium
982 1393 1296 1447 universale
1314 1394 1544 1448 nonnisi
1570 1391 1891 1447 necessitate

308 1463 651 1533 faciendum.
678 1466 762 1519 Ex
775 1466 1004 1520 concilio
1017 1463 1440 1535 Africano,cap.
1460 1466 1529 1519 42
1546 1466 1686 1535 (cap.
1700 1465 1814 1534 6‘3).

312 1570 537 1626 Placuit
568 1574 634 1625 ut
665 1586 780 1625 non
812 1570 891 1625 sit
919 1569 1072 1625 ultra
1103 1570 1422 1641 fatigandis
1454 1570 1734 1625 fratribus
1765 1569 1890 1625 uni-

1999 387 2216 453 diatur,
2250 392 2307 442 et
2337 390 2492 459 quod
2526 390 2943 447 ecclesiasticis
2975 391 3299 447 canonibus
3342 397 3397 447 et
3425 393 3655 464 legibus

1998 476 2216 532 nostris
2248 484 2707 534 consentaneum
2726 479 2934 535 sithoc
2961 481 3224 549 deﬁniat;
3249 486 3305 537 et
3328 480 3491 536 nulla
3517 499 3653 553 pars

1998 564 2223 620 calculo
2255 566 2382 636 ejus
2407 569 2805 623 contradicere
2827 572 3040 624 valeat.

1995 657 2128 709 CAP.
2160 655 2283 709 168.
2316 686 2383 730 5—
2417 658 2479 712 Ut
2506 657 2744 727 episcopi
2772 660 2829 711 in
2859 659 3063 729 synodo
3104 660 3399 715 residentes
3429 674 3553 730 quae
3585 659 3652 712 ad

2066 727 2591 801 commendationem
2660 727 3141 800 [emendationem]
3186 734 3316 788 vita:
3370 727 3658 801 pertinent

2066 801 2318 868 primum
2348 800 2654 855 emendent.
2689 802 2771 856 Ex
2786 802 3019 857 concilio
3046 806 3373 871 Avernensi,
3404 819 3526 873 cap.
3563 804 3650 857 11.

2071 891 2134 941 ln
2186 889 2390 959 primis
2436 890 2655 961 placuit
2696 896 2761 945 ut
2805 892 3036 961 quoties
3061 894 3384 947 secundum
3425 895 3651 947 statuta

1996 981 2243 1047 patrum
2263 986 2467 1034 sancta
2498 980 2757 1051 synodus
2778 992 3191 1053 congregatur,
3211 981 3409 1037 nullus
3430 982 3653 1053 episco-

1997 1082 2206 1135 porum
2240 1067 2499 1138 aliquam
2532 1069 2697 1140 prius
2751 1086 2992 1124 causam
3047 1086 3361 1142 suggerere
3411 1073 3647 1139 audeat,

1998 1172 2175 1226 quam
2207 1173 2273 1212 ea
2305 1174 2435 1228 quae
2468 1160 2541 1213 ad
2573 1159 3047 1214 emendationem
3080 1160 3231 1226 vitae,
3268 1160 3338 1214 ad
3370 1160 3650 1216 severita-

1997 1250 2114 1300 tem
2138 1246 2370 1317 regulaa,
2398 1250 2469 1303 ad
2493 1248 2700 1303 anima:
2734 1249 3012 1318 remedia,
3047 1250 3364 1319 pertinent,
3398 1250 3562 1306 tiant.

1997 1335 2126 1390 CAP.
2153 1335 2284 1408 169.
2319 1367 2387 1376 -—
2417 1338 2490 1391 De
2526 1338 2967 1408 metropolitano,
3026 1338 3078 1392 si
3132 1338 3651 1408 comprovinciatem

2067 1407 2379 1477 episcopum
2412 1410 2472 1463 in
2502 1426 2605 1463 sua
2636 1407 2800 1463 causa
2858 1409 3054 1464 audire
3096 1407 3393 1465 distulerit.
3437 1411 3521 1465 Ea:
3548 1410 3647 1465 de-

2067 1480 2232 1533 cretis
2260 1484 2297 1533 A
2310 1477 2571 1535 texandri
2595 1497 2768 1552 papae.

2068 1567 2124 1620 Si
2159 1568 2644 1640 metropolitanus
2681 1589 2713 1624 a
2771 1587 3121 1641 quocunque
3169 1570 3643 1642 comprovinciali

235 1658 488 1715 versalis
516 1659 861 1725 necessitas,
881 1659 980 1714 sed
1002 1659 1227 1729 quoties
1255 1659 1708 1731 exegeritcausa
1736 1675 1890 1714 com-
1920 1691 1968 1756 Β
1997 1656 2269 1728 episcopo
2301 1658 2436 1728 [bis]
2468 1658 2639 1713 fuerit
2666 1659 2726 1713 in
2751 1676 2927 1715 causa
2955 1660 3189 1731 propria
3219 1660 3567 1730 appellatus,
3592 1665 3649 1716 et

240 1749 468 1816 munis,
493 1749 551 1803 id
583 1753 670 1805 est
707 1749 756 1804 si
786 1748 964 1803 totius
994 1748 1196 1803 Africa:
1222 1751 1608 1819 undecunque
1638 1749 1707 1803 ad
1741 1748 1890 1804 hanc

236 1838 441 1893 sedem
466 1838 538 1892 de
567 1837 675 1893 hac
702 1853 763 1892 re
784 1838 929 1892 datae
954 1838 1153 1891 litterae
1175 1836 1887 1909 fuerint,congregandam

237 1942 375 1982 esse
402 1927 689 1998 synodum
717 1926 859 1982 inea
880 1926 1305 1997 provincia,ubi
1328 1927 1738 1998 opportunitas
1763 1942 1888 1998 per-

233 2015 517 2071 suaserit.
545 2016 745 2071 Causae
774 2020 969 2071 autem
1000 2033 1124 2086 quae
1156 2032 1501 2071 communes
1525 2032 1639 2071 non
1662 2014 1885 2083 sunt,in

232 2105 362 2160 suis
385 2104 696 2177 provinciis
712 2104 1072 2175 judicentur.

226 2211 368 2267 CAP.
404 2212 524 2266 164.
558 2242 630 2254 -
664 2213 726 2269 Ut
753 2213 999 2283 episcopi
1026 2216 1349 2283 posteriores
1371 2230 1429 2269 se
1456 2214 1738 2285 prioribus
1769 2215 1884 2269 suis

296 2300 413 2409 ἴση
438 2287 763 2370 praeferant.
798 2285 881 2339 Ea:
909 2286 1139 2356 epistola
1158 2286 1317 2341 Lucii
1330 2301 1504 2357 papae
1522 2286 1883 2341 occidentali-

338 2371 401 2409 us
430 2370 618 2409 missa.

338 2371 401 2410 us
430 2370 618 2411 missa.

292 2444 564 2516 Episcopi
596 2460 731 2500 vero
760 2461 863 2517 per
894 2445 1160 2517 singulas
1193 2447 1523 2517 provincias
1548 2448 1879 2515 observent,

221 2549 297 2589 ne
321 2533 672 2603 posteriores
701 2550 764 2589 ee
788 2533 1083 2605 prioribus
1124 2535 1249 2590 suis
1286 2537 1614 2606 praeferant,
1649 2552 1754 2590 nec
1798 2538 1881 2591 eis

222 2620 604 2688 inconsultis,
630 2622 743 2677 nisi
763 2628 1049 2694 quantum
1075 2625 1145 2679 ad
1170 2624 1466 2696 propriam
1491 2626 1744 2697 pertinet
1776 2643 1881 2697 pa-

227 2710 515 2777 rochiam,
550 2711 776 2783 aliquid
802 2714 1105 2784 agant,sed
1132 2730 1337 2769 omnes
1367 2715 1437 2769 de
1468 2715 1879 2771 communibus

225 2817 430 2856 eorum
456 2800 651 2856 causis
673 2818 993 2857 consonam
1019 2803 1370 2858 sententiam
1389 2805 1689 2876 proferant
1706 2809 1762 2859 et
1782 2805 1879 2859 de-

223 2890 567 2957 terminent,
602 2891 879 2961 quoniam
916 2890 1082 2946 aliter
1112 2897 1251 2947 actze
1283 2893 1477 2948 nullas
1504 2894 1657 2949 vires
1700 2893 1877 2950 habe-

226 2978 400 3047 bunt,
432 2995 536 3033 nec
565 2979 979 3036 ecclesiasticae
1009 2982 1460 3051 reputabuntur.

224 3086 363 3160 CAP.
400 3085 525 3160 165ἒ
556 3116 634 3160 —_
660 3087 719 3160 Ut
749 3088 987 3158 episcopi
1006 3090 1097 3142 sui
1116 3088 1325 3143 ordinis
1346 3098 1554 3160 tempus
1576 3091 1880 3157 observent,
1913 3057 1956 3124 δ

296 3156 444 3210 alter
470 3156 636 3211 alteri
679 3156 937 3214 honorem
976 3160 1252 3230 praebens.
1284 3160 1367 3214 Ea:
1396 3156 1630 3216 concilio
1662 3156 1882 3217 (labile;

296 3229 480 3295 nensi,
511 3244 635 3299 cap.
669 3230 725 3284 6.

297 3314 460 3384 (Dist.
495 3316 582 3384 18,
613 3332 733 3387 cap.
763 3318 1033 3387 Placuit.)
1079 3322 1223 3375 Item
1277 3319 1497 3390 placuit
1545 3324 1608 3375 ut
1654 3337 1885 3375 conser-

224 3408 359 3458 vato
389 3405 826 3476 metropolitani
857 3407 1113 3478 episCOpi
1138 3409 1416 3478 primatu,
1441 3410 1631 3464 caeteri
1659 3410 1883 3480 episco-

227 3508 437 3562 porum
457 3495 779 3549 secundum
805 3512 924 3550 suae
948 3495 1340 3553 ordinationis
1358 3502 1594 3569 tempus
1611 3498 1763 3554 alius
1786 3498 1883 3553 alii

232 3581 445 3637 sedent
471 3583 743 3655 [sedenti]
768 3584 992 3640 deferat
1012 3584 1234 3655 locum,
1266 3587 1366 3657 qui
1388 3588 1682 3658 posterius
1732 3587 1885 3643 ordi-

232 3670 353 3726 nati
388 3676 528 3725 sunt
555 3672 850 3743 prioribus
874 3690 937 3729 se
968 3690 1083 3729 non
1116 3675 1370 3731 audeant
1402 3677 1710 3733 anteferre.

230 3778 361 3833 CAP.
384 3778 610 3855 166,—:-
646 3780 709 3834 Ut
739 3779 978 3851 episcopi
1006 3783 1275 3855 posterius
1305 3783 1557 3838 ordinati
1599 3786 1882 3855 prioribns

300 3852 417 3903 suis
438 3852 710 3926 anteferre
737 3868 792 3906 se
811 3869 936 3926 non
950 3852 1213 3909 audeant.
1244 3856 1329 3908 Ea:
1348 3856 1578 3911 concilio
1599 3852 1879 3926 'A/ricano,

300 3937 427 3991 cap.
460 3922 530 3975 35
560 3926 632 3992 (et
659 3938 805 3977 conc.
845 3924 1095 3989 Milevit.,
1120 3942 1239 3995 cap.
1274 3926 1380 3995 13).

296 4007 747 4065 Valentinianus
792 4012 1107 4084 episcopus
1141 4014 1287 4069 dixit
1322 4032 1333 4069 :
1369 4014 1427 4070 Si
1460 4015 1747 4087 permittit
1777 4016 1880 4071 bo-

224 4113 372 4151 num
406 4097 699 4168 patientiae
729 4106 933 4155 vestra;
965 4117 1293 4174 prosequor
1330 4120 1398 4159 ea
1430 4120 1557 4175 quae
1588 4105 1879 4175 praeterito

226 4189 489 4257 tempore
519 4187 576 4241 in
618 4187 872 4244 Ecclesia
921 4189 1368 4263 Carthaginensi
1418 4198 1584 4264 gesta
1633 4197 1793 4262 sunt,
1824 4198 1881 4249 et

230 4274 771 4346 subscriptionibus
792 4278 1041 4334 fratrum
1060 4280 1293 4336 firmata
1319 4280 1678 4348 claruerunt,
1698 4284 1879 4338 etiam

230 4379 338 4419 nos
369 4369 700 4421 servaturos
740 4382 869 4422 esse
918 4368 1213 4438 proﬁteor.
1264 4371 1373 4425 Sed
1405 4369 1524 4425 illic
1546 4371 1877 4427 scimusin-

232 4452 445 4509 violate
466 4470 698 4526 semper
717 4455 1009 4511 mansisse
1029 4456 1490 4513 ecclesiasticam
1513 4459 1884 4531 diciplinam,

233 4542 317 4597 ita
346 4545 413 4597 ut
443 4542 647 4598 nullus
681 4544 930 4600 fratrum
981 4546 1278 4618 prioribus
1324 4549 1451 4603 suis
1483 4564 1545 4603 se
1577 4548 1889 4617 aliquando

238 4632 480 4687 auderet
509 4636 883 4704 anteponere,
914 4636 1015 4690 sed
1048 4635 1257 4691 officiis
1294 4636 1597 4693 charitatis
1635 4638 1693 4692 id
1737 4655 1890 4692 sem-

238 4736 339 4791 per
369 4720 696 4777 exhibitum
731 4727 821 4778 est
849 4723 1163 4795 prioribus,
1196 4726 1351 4796 quod
1398 4726 1469 4780 ab
1521 4726 1887 4797 insequenti-

236 4810 347 4865 bus
379 4814 682 4881 gratanter
711 4828 943 4886 semper
972 4813 1353 4885 acciperetur.

232 4915 365 4970 CAP.
399 4916 528 4972 167.
567 4950 638 4957 —
668 4919 740 4974 De
760 4918 1140 4993 rebusﬂdubiis
1198 4922 1259 4974 in
1302 4920 1575 4993 conciliis
1606 4920 1889 4993 episcopoe

302 5004 431 5065 rum
463 4992 887 5065 emergentibus.
920 4992 1004 5046 Ex
1024 4992 1259 5062 epistola
1290 4992 1570 5062 Bonifacii
1617 4992 1795 5065 papae
1819 4992 1890 5049 ad

304 5062 609 5130 episcopos.
637 5060 853 5118 Galliae.

303 5148 381 5219 (6,
416 5165 467 5220 q.
502 5150 553 5219 4,
586 5165 633 5205 c.
667 5150 726 5205 Si
755 5152 905 5207 inter
930 5153 1255 5225 episcopos.)
1296 5153 1351 5207 Si
1400 5153 1555 5209 inter
1585 5154 1889 5227 episcopos

234 5237 500 5306 ejusdem
523 5238 752 5293 concilii
768 5240 1057 5295 dubitatio
1079 5242 1464 5298 emerseritde
1488 5241 1888 5300 ecclesiastico

232 5326 368 5396 jure
388 5324 478 5380 vel
502 5326 573 5381 de
617 5326 749 5383 aliis
787 5329 1059 5401 negotiis,
1100 5330 1360 5402 primum
1400 5331 1890 5405 metropolitanus

240 5432 441 5472 eorum
458 5432 592 5471 cum
625 5416 759 5473 aliis
782 5419 1141 5489 quibusdam
1157 5418 1217 5474 in
1239 5421 1485 5477 concilio
1507 5422 1888 5478 considerans

240 5520 367 5562 rem
391 5503 666 5563 videlicet
685 5506 987 5578 dijudicet,
1006 5507 1127 5564 etsi
1157 5524 1273 5567 non
1288 5510 1620 5581 acquiescat
1642 5515 1889 5583 utraque

2000 1762 2133 1801 eum
2166 1748 2370 1803 audire
2400 1748 2756 1818 distuluerit,
2790 1748 2849 1802 in
2882 1748 3147 1819 proxima
3174 1750 3395 1819 synodo
3433 1750 3649 1820 negotii

2000 1835 2091 1890 sui
2124 1836 2358 1890 habebit
2386 1835 2681 1891 licentiam
2732 1838 3063 1904 exercendi,
3110 1843 3168 1893 et
3200 1837 3481 1909 quidquid
3514 1855 3646 1909 pro-

1998 1928 2127 1994 pter
2147 1925 2443 1996 justitiam
2477 1943 2510 1981 a
2536 1926 3127 1998 comprovincialibus
3159 1926 3284 1984 suis
3316 1926 3493 1983 fuerit
3520 1932 3647 1983 sta-

1997 2018 2215 2084 tutum,
2252 2016 2426 2071 debet
2459 2016 2764 2071 custodiri.

1995 2103 2130 2160 CAP.
2166 2106 2286 2161 170.
2318 2137 2383 2146 —
2418 2107 2480 2162 Ut
2509 2108 2746 2177 episcopi
2766 2106 2919 2177 justa
2938 2106 3155 2178 judicia
3184 2123 3402 2175 semper
3430 2106 3640 2178 dijudi-

2306 2186 2445 2232 cent.
2479 2179 2562 2231 Ea:
2594 2194 2746 2232 conc.
2776 2179 3046 2246 Remensi,
3077 2195 3200 2247 cap.
3236 2179 3322 2233 19.

2065 2262 2407 2335 Utepiscopi
2425 2265 2724 2334 etjudices
2746 2266 3329 2337 discernantjudicia,
3348 2266 3641 2337 quiasunt

1994 2353 2258 2422 quendam
2280 2354 2604 2423 judicanda
2636 2356 3116 2426 modo,quzedam
3156 2356 3257 2411 Dei
3289 2356 3515 2427 judicio
3547 2374 3641 2411 re-

1994 2443 2299 2498 servanda.
2335 2442 2627 2513 Scriptum
2653 2450 2739 2497 est
2770 2445 3639 2514 :Notiteantetempusjudica)e,

1990 2531 2336 2603 quoadusque
2359 2533 2541 2586 veniat
2562 2532 2849 2599 Dominus,
2865 2535 2962 2604 qui
2979 2541 3029 2589 et
3050 2532 3214 2588 illum
3226 2534 3405 2587 inabit
3420 2535 3643 2587 abscon-

1990 2620 2115 2673 dita
2137 2621 2516 2687 tenebrarum,
2540 2631 2591 2676 et
2617 2622 3013 2694 manifestabit
3041 2621 3274 2677 consilia
3304 2621 3645 2688 cordium,et

1987 2712 2118 2763 tunc
2150 2709 2269 2763 laus
2298 2709 2403 2764 erit
2433 2712 2736 2781 unicuique
2766 2728 2806 2765 a
2836 2712 2940 2765 Deo
2970 2712 3021 2781 (Ι
3050 2710 3176 2765 Cor.
3211 2713 3310 2778 ιν).
3357 2712 3425 2765 Et
3481 2709 3644 2765 illius

1990 2814 2281 2853 memores
2312 2798 2432 2853 sint
2463 2817 2475 2854 :
2511 2801 2572 2853 In
2602 2799 3340 2871 quojudiciojudicaveritis
3367 2799 3643 2869 iudicabi-

1989 2888 2133 2942 mini
2164 2893 2221 2942 et
2250 2905 2354 2944 vos
2386 2889 2597 2957 (Matth.
2633 2889 2756 2959 vn).

1988 2980 2115 3032 CAP.
2151 2978 2271 3031 171.
2305 3009 2372 3017 ——
2407 2980 2469 3034 Ut
2497 2994 2770 3033 canonum
2799 2982 3013 3034 statuta
3043 2977 3111 3033 ab
3143 2980 3395 3033 omnibus
3421 2980 3528 3035 rite
3545 2995 3639 3034 cu-

2066 3049 2399 3115 stodiantur,
2431 3053 2481 3104 et
2509 3051 2699 3104 nullus
2728 3066 2796 3105 ex
2824 3067 2920 3106 suo
2949 3067 3112 3106 sensu
3144 3050 3409 3120 judicare
3434 3067 3643 3122 prmu-

2068 3129 2202 3175 mat.
2235 3124 2318 3175 Ex
2345 3123 2575 3177 concilio
2606 3122 2886 3188 bletdensi,
2919 3138 3039 3192 cap.
3074 3123 3160 3176 11.

2068 3211 2371 3267 Canonum
2393 3215 2616 3267 statuta
2635 3211 2761 3267 sine
2782 3211 3119 3283 praeiudicio
3140 3211 3211 3266 ab
3235 3211 3513 3266 omnibus
3537 3211 3645 3265 rite

1998 3300 2427 3367 custodiantur,
2454 3308 2507 3355 el
2559 3318 2730 3355 nemo
2776 3300 2837 3355 in
2870 3300 3203 3356 actionibus
3223 3299 3313 3355 vel
3336 3299 3648 3371 injudiciis

1995 3387 2407 3444 ecclesiasticis
2430 3406 2535 3445 suo
2560 3406 2759 3456 sensu,
2786 3391 2885 3444 sed
2911 3405 3115 3444 eorum
3158 3388 3503 3444 auctoritate
3535 3390 3644 3442 du-

1996 3481 2180 3533 catur.
2207 3482 2269 3531 ln
2304 3478 2666 3548 exponendis
2684 3478 2859 3533 etiam
2891 3478 2979 3533 vel
3012 3477 3401 3548 praedicandis
3432 3476 3645 3531 divinis

1991 3567 2679 3638 Scripturis,sanctorum
2714 3566 3135 3622 catholicorum
3166 3568 3404 3622 Patrum
3430 3570 3487 3622 et
3518 3581 3648 3636 pro-

1994 3655 2441 3711 batissimorum
2470 3671 2711 3710 sensum
2736 3654 2990 3726 quisque
3013 3655 3376 3725 sequatur,in
3395 3669 3645 3726 quorum

1992 3733 2322 3815 scriptis,ut
2342 3744 2481 3800 dicit
2504 3744 2711 3799 beatus
2733 3743 3511 3813 Hieronymus,ﬁdeiveritas
3530 3760 3645 3799 non

1987 3832 2226 3888 vacillat
2252 3835 2430 3904 (epist.
2465 3832 2534 3888 ad
2565 3837 2795 3899 laetam,
2828 3833 2901 3889 de
2931 3833 3057 3889 inst.
3088 3834 3272 3905 ﬁliae).

1989 3926 2123 3980 CAP.
2156 3924 2281 3979 472.
2314 3955 2381 3964 --
2411 3925 2487 3978 De
2532 3923 2919 3979 dissidentibus
2958 3925 3247 3994 episcopis.
3290 3924 3373 3977 Ea:
3413 3922 3641 3977 Cartha-

2463 3996 2685 4064 ginensi
2709 4012 2858 4050 conc.
2894 4012 2966 4061 iv,
3002 4013 3048 4051 ο.
3080 3997 3169 4051 25.

2064 4084 2213 4155 (Dist.
2246 4085 2335 4152 90,
2366 4101 2413 4139 c.
2448 4083 2823 4152 Dissidentes.)
2844 4083 3209 4138 Dissidentes
3232 4082 3561 4154 episcopos,
3592 4081 3643 4136 si

1989 4189 2105 4228 non
2136 4173 2315 4227 timor
2342 4172 2464 4239 Dei,
2497 4172 2583 4228 vel
2612 4174 2872 4241 synodus
2905 4170 3258 4227 reconciliet.

1989 4262 2125 4317 CAP.
2162 4262 2282 4316 173.
2316 4292 2384 4301 —
2418 4262 2479 4317 Ut
2507 4261 2698 4316 nullus
2728 4262 3005 4330 episcopus
3034 4261 3219 4327 plebes
3244 4260 3456 4315 alienas
3477 4276 3646 4315 usur-

2183 4337 2291 4403 pet.
2324 4334 2409 4386 Ea:
2437 4333 2669 4387 concilio
2702 4332 3149 4403 Carthaginensi,
3183 4348 3310 4404 cap.
3346 4332 3433 4386 19.

1918 4429 1962 4492 [)
2063 4420 2289 4476 Placuit
2319 4427 2382 4476 ut
2412 4438 2446 4476 a
2476 4420 2638 4476 nullo
2698 4421 2974 4493 episcopo
3026 4425 3390 4493 usurpentur
3438 4420 3639 4493 plebes

2000 4508 2221 4579 alienae,
2255 4526 2360 4564 nec
2390 4508 2606 4581 aliquis
2636 4509 3044 4582 episcoporum
3075 4510 3556 4582 supergrediatur
3585 4509 3645 4564 in

1999 4599 2293 4654 dioecesim
2328 4597 2611 4670 collegam
2645 4616 2844 4655 suum.

1999 4690 2126 4744 CAP.
2179 4689 2301 4745 474.
2336 4719 2402 4729 —-
2436 4690 2499 4745 Ut
2545 4690 2737 4744 nullus
2787 4688 3250 4760 metropolitanus
3296 4690 3382 4745 vel
3429 4691 3643 4761 primas

2068 4761 2283 4830 aliquid
2311 4765 2437 4831 agat
2466 4762 2533 4814 de
2563 4762 2777 4816 clericis
2797 4762 2908 4821 vel,
2931 4764 3179 4831 para’ciis
3208 4763 3645 4832 comprovincia-

2072 4833 2209 4886 lium
2258 4834 2649 4902 episcoporum,
2694 4849 2795 4888 nec
2848 4835 3027 4887 causis
3064 4849 3272 4900 eorum,
3306 4836 3426 4887 sine
3453 4850 3644 4887 eorum

2071 4904 2298 4958 consilio
2324 4906 2599 4977 pmnium.
2634 4905 2718 4959 Ex
2748 4905 2979 4975 epistola
3014 4904 3219 4961 Catixti
3240 4921 3404 4977 papae
3431 4908 3642 4976 episco-

2066 4976 2154 5045 pis
2181 4991 2280 5044 per
2310 4974 2517 5030 Gallias
2544 4974 2857 5031 constitutis
2888 4978 3074 5031 missa.

2070 5063 2151 5120 De
2182 5067 2413 5132 caetero,
2468 5066 2697 5133 fratres,
2731 5066 2890 5120 salvo
2943 5066 3004 5119 in
3055 5065 3333 5121 omnibus
3363 5066 3639 5120 Romana

1998 5151 2267 5208 Ecclesiae
2299 5153 2627 5224 privilegio,
2656 5154 2860 5210 nullus
2899 5154 3386 5227 metropolitanus
3416 5154 3640 5222 absque

1999 5248 2338 5299 cmterorum
2355 5243 2617 5299 omnium
2634 5243 3215 5315 comprovincialium
3230 5244 3635 5315 episcOporum

1998 5333 2303 5400 instantia,
2362 5332 2695 5405 aliquorum
2756 5333 2957 5389 audiat
3012 5350 3243 5403 causas,
3276 5332 3412 5403 quia
3460 5330 3637 5384 irritae

1999 5428 2172 5479 erunt
2200 5422 2368 5479 aliter
2389 5427 2526 5478 actm
2545 5440 2716 5494 quam
2743 5422 2801 5476 in
2821 5426 3132 5493 conspectu
3154 5434 3350 5475 eorum
3374 5417 3639 5474 omnium

1996 5510 2309 5568 ventilataa.
2353 5511 2493 5567 Etsi
2516 5510 2641 5582 ipse
2667 5510 2890 5577 fecerit,
2921 5513 3255 5565 coerceatur
3275 5524 3309 5562 a
3339 5508 3639 5564 fratribus.
