3960 6072
335 293 442 348 379

1421 293 1488 344 D.
1532 287 1776 344 IVONIS
1813 287 2305 343 CARNOTENSIS
2341 289 2664 346 EPISCOPI

3659 292 3770 347 380

336 419 470 475 CAP.
502 419 625 473 175.
655 445 728 459 —
755 418 830 490 De
857 416 1079 472 dioecesi
1109 432 1206 487 per
1247 416 1521 490 tringinta
1542 429 1730 490 annos
1775 427 1985 490 posses-
2013 414 2069 480 Α
2099 412 2212 468 nisi
2243 414 2390 468 forte
2419 431 2552 469 cum
2587 415 2834 471 concilio
2865 421 2922 472 et
2961 417 3263 474 voluntate
3293 417 3602 490 religionis
3637 419 3768 490 epi-

407 508 491 546 sa.
527 494 611 546 Ea:
637 489 865 628 σίέτὲἷὶιὶο
895 482 1314 557 Wormatiensi,
1345 482 1462 558 cap.
1495 488 1565 540 23
1592 482 1782 555 (conc.
1814 482 1981 539 Tolet.

412 578 488 627 ιν,
519 578 640 628 cap.
772 601 784 613 .

412 578 488 627 1v,
519 578 640 632 cap.
674 578 784 628 ω).

412 651 523 721 (16,
580 667 631 720 q.
678 651 731 718 3,
789 666 837 704 c.
899 651 1214 720 Quicunque
1257 647 1588 719 episcOpus.)
1639 645 1992 716 Quicunque

339 739 653 810 episcopus
685 739 928 796 alterius
957 739 1215 811 episcopi
1249 737 1541 794 ditecesim
1578 753 1679 808 per
1706 734 1993 806 tringinta

344 845 530 884 annos
563 829 689 885 sine
703 829 901 900 aliqua
925 828 1396 900 interpellatione
1422 825 1993 898 possederit,quam1

341 917 430 974 vis
463 918 668 990 [quia],
702 919 1028 974 secundum
1056 919 1158 990 jus
1188 917 1358 988 legis,
1391 918 1522 987 ejus
1555 915 1862 985 judicatur
1892 912 1995 983 [vi-

347 1009 540 1076 detur]
587 1024 716 1063 esse
773 1008 1066 1076 dicecesis,
1100 1007 1469 1062 admittenda
1500 1021 1614 1060 non
1645 1006 1735 1060 est
1791 1005 1997 1057 contra

344 1113 476 1151 eum
511 1096 661 1150 actio
694 1097 1060 1168 reposcendi,
1115 1097 1215 1150 sed
1268 1096 1374 1150 hoc
1421 1094 1577 1148 intra
1609 1107 1787 1147 unam
1820 1105 1994 1161 paro-

343 1184 536 1239 chiam
593 1184 1020 1254 [provinciam],
1053 1189 1217 1240 extra
1263 1199 1397 1239 vero
1456 1181 1616 1237 nullo
1679 1179 1874 1243 modo,
1925 1191 1997 1231 ne

344 1274 484 1328 dum
533 1273 804 1329 dioecesis
852 1273 1208 1339 defenditur,
1265 1271 1701 1344 provinciarum
1757 1265 1996 1323 termini

343 1363 807 1418 confundantur.

343 1475 475 1524 CAP.
503 1470 624 1523 176.
656 1499 727 1509 --
761 1471 824 1525 Ut
849 1470 1088 1540 episcopi
1113 1470 1212 1539 qui
1239 1469 1532 1540 negligant
1555 1467 1676 1520 loca
1704 1479 1828 1532 sua,
1861 1480 1893 1517 a
1913 1463 1996 1540 ui-

418 1542 560 1596 cinis
589 1535 966 1607 episcopis'ut
998 1535 1056 1595 se
1101 1535 1408 1607 corrigunt,
1451 1537 1869 1592 admoneantur.
1914 1535 1996 1588 Ex

416 1613 648 1667 concilio
687 1613 970 1681 Africano,
1003 1627 1124 1682 cap.
1155 1612 1225 1665 75
1253 1615 1396 1679 (con.
1447 1610 1608 1682 Af-‘ic
1637 1625 1759 1663 can.
1807 1607 1896 1674 88,
1946 1612 1997 1659 et

420 1684 599 1739 Milev.
633 1699 676 1738 c.
709 1684 822 1755 24).

418 1790 531 1860 (16,
562 1808 613 1862 q.
647 1791 701 1858 3,
735 1807 782 1846 c.
816 1791 1080 1860 Placuit.)
1115 1793 1255 1845 Item
1288 1786 1510 1860 placuit
1540 1791 1607 1841 ut
1659 1784 1996 1855 quicunque
2025 1787 2072 1852 B

347 1879 604 1951 episcopi
628 1879 934 1951 negligunt
966 1878 1094 1934 loca
1139 1878 1210 1932 ad
1235 1893 1402 1932 suam
1439 1875 1770 1930 cathedram
1813 1871 1993 1945 perti-

352 1968 554 2023 nentia
573 1969 633 2023 in
656 1968 1001 2023 catholicam
1032 1963 1995 2034 unitatemlucrari,conveniantur

350 2074 382 2112 a
414 2056 794 2128 diligentibus
825 2057 1006 2112 Deum
1037 2056 1244 2110 vicinis
1275 2055 1588 2126 episcopis,
1623 2056 1688 2107 ut
1717 2052 1773 2106 id
1825 2065 1997 2122 agere

351 2162 469 2200 non
531 2151 852 2200 morentur.
903 2146 1064 2209 Quod
1121 2144 1169 2200 si
1227 2143 1380 2198 intra
1427 2158 1528 2198 sex
1576 2155 1809 2196 menses
1841 2138 1996 2194 adle

351 2234 757 2290 conventionis
776 2251 892 2289 non
921 2233 1237 2299 effecerint,
1263 2233 1361 2304 qui
1388 2231 1644 2302 potuerit
1672 2226 1993 2294 ealucrari,

349 2324 421 2380 ad
453 2324 648 2396 ipsum
674 2324 1023 2394 pertineant,
1047 2327 1104 2378 et
1132 2323 1215 2377 ita
1237 2339 1397 2388 sane,
1426 2325 1488 2376 ut
1518 2321 1566 2376 si
1597 2320 1696 2374 ille
1716 2319 1785 2374 ad
1821 2332 1996 2389 quem

349 2412 705 2484 pertinuisse
733 2412 1080 2468 videbantur
1110 2412 1354 2482 probare
1384 2409 1656 2481 potuerit,
1691 2406 1878 2478 magis
1926 2404 1999 2459 il-

348 2501 464 2558 lius
495 2502 738 2558 electam
772 2501 1189 2573 negligentiam
1213 2501 1285 2556 ab
1309 2499 1620 2564 haereticis,
1655 2502 1720 2552 ut
1756 2497 1998 2568 impune

347 2591 428 2646 ibi
461 2591 600 2659 sint,
661 2595 720 2647 et
778 2590 1142 2663 diligentiam
1203 2606 1372 2644 suam
1431 2589 1802 2660 praeventam,
1836 2589 1901 2639 ut
1930 2600 1997 2638 eo

347 2681 522 2739 modo
545 2681 674 2752 ejus
689 2698 829 2736 cura
843 2679 1152 2736 sollicitior
1173 2682 1628 2743 vetaretur,cum
1652 2673 1999 2744 hocjudices

348 2769 608 2842 episcopi
631 2769 1024 2840 cognoverint,
1056 2785 1173 2823 suae
1195 2767 1484 2822 cathedrae
1508 2767 1635 2820 loca
1665 2763 1995 2818 restituant.

349 2860 502 2916 Sane
533 2859 582 2914 si
609 2857 866 2930 episcopi
893 2859 1044 2912 inter
1071 2873 1218 2928 quos
1249 2872 1428 2911 causa
1453 2858 1722 2909 versatur
1741 2852 1998 2908 diversa-

348 2963 482 3001 rum
514 2951 653 3000 sunt
694 2946 1151 3016 provinciarum,
1207 2944 1304 3000 ille
1352 2944 1576 3016 primus
1627 2942 1909 3011 dijudicet
1939 2941 1998 2996 in

352 3035 523 3104 cujus
566 3033 866 3106 provincia
911 3038 1000 3089 est
1030 3034 1193 3090 locus
1252 3033 1323 3088 de
1371 3049 1486 3104 quo
1517 3032 1909 3087 contenditur.
1941 3028 1996 3084 Si

350 3127 547 3180 autem
570 3139 638 3177 ex
664 3122 963 3177 communi
988 3123 1198 3193 placito
1217 3119 1674 3191 vicinosjudices
1695 3118 1998 3190 elegerint,

351 3216 453 3267 aut
474 3228 630 3266 unus
655 3209 905 3282 eligatur
927 3216 1027 3266 aut
1050 3216 1190 3278 tres,
1225 3215 1281 3266 et
1303 3210 1352 3266 si
1389 3214 1509 3264 tres
1549 3207 1852 3280 elegerint,
1897 3213 1999 3264 aut

351 3299 616 3356 omnium
651 3299 1006 3355 sententiam
1039 3303 1384 3370 sequantur,
1419 3301 1517 3353 aut
1544 3298 1816 3352 duorum.

350 3408 484 3464 CAP.
519 3407 643 3463 477.
673 3435 746 3448 —
776 3408 848 3462 De
873 3407 1147 3474 episcOpis
1189 3407 1287 3475 qui
1322 3405 1652 3460 contendunt
1702 3405 1775 3460 de
1831 3419 1999 3474 paro-

468 3480 629 3534 chiis.
665 3481 748 3534 Ea:
776 3479 972 3533 eodem
1000 3493 1119 3547 cap.
1151 3478 1216 3532 71
1252 3480 1320 3544 (c.
1376 3478 1466 3543 87,
1500 3489 1551 3532 et
1581 3477 1771 3532 Milev.
1804 3493 1852 3532 c.
1885 3475 1994 3544 21).

425 3585 534 3656 (16,
567 3601 619 3654 q.
652 3585 707 3652 6,
737 3599 787 3644 c.
842 3583 1106 3654 Placuit.)
1157 3582 1403 3651 Placuit,
1456 3587 1522 3637 ut
1568 3582 1828 3654 quinque
1878 3582 2001 3654 epi-

357 3672 520 3743 scopi
553 3671 751 3743 plebes
781 3687 927 3743 quas
973 3673 1040 3727 ad
1095 3688 1264 3727 suam
1315 3671 1657 3726 cathedram
1707 3671 2005 3726 aastimant

356 3761 648 3833 pertinere
677 3777 792 3816 non
829 3761 908 3815 ita
933 3765 1298 3830 repetunt,ut
1319 3777 1528 3816 causas
1550 3778 1689 3815 suas
1711 3759 2004 3832 episcOpis

347 3849 757 3922 judicantibus
780 3855 978 3921 agant,
1004 3851 1104 3906 sed
1127 3850 1174 3906 si
1208 3849 1324 3905 alio
1355 3849 1640 3905 renitente
1671 3849 2004 3919 [retinente]

355 3939 656 4004 irruerint,
691 3939 813 3995 sive
835 3938 1166 3994 volentibus
1194 3941 1315 3994 sive
1341 3937 1676 3993 nolentibus
1715 3937 2005 4009 plebibus,

361 4045 553 4085 causa
582 4045 701 4084 sua:
732 4028 1152 4084 detrimentum
1184 4027 1502 4099 patiantur.
1554 4029 1623 4080 Et
1670 4026 2010 4097 quicunque

363 4119 473 4174 hoc
498 4118 619 4187 jam
655 4118 932 4183 fecerunt,
970 4117 1018 4172 si
1062 4117 1326 4172 nondum
1373 4120 1461 4170 est
1507 4115 1660 4169 inter
1705 4113 2009 4186 episcopos

361 4207 531 4262 finita
555 4206 977 4275 contentio,sed
1013 4205 1206 4260 adhuc
1227 4204 1362 4259 inde
1375 4203 1622 4258 contend
1635 4203 1899 4270 unt,inde
1915 4202 2013 4260 ille

367 4297 652 4363 discedat,
675 4311 849 4367 quem
879 4294 1207 4350 constiterit
1237 4291 1644 4364 pretermissis
1675 4291 1906 4362 )udiciis
1926 4308 2013 4348 ec-

368 4382 719 4438 clesiasticis
741 4383 1006 4438 irruisse.
1024 4381 1139 4437 Nec
1174 4381 1285 4437 sibi
1309 4381 1621 4452 quisquam
1655 4379 2012 4449 blandiatur,

366 4472 417 4525 si
450 4488 483 4526 a
515 4472 786 4542 primate,
819 4476 883 4525 ut
912 4471 1177 4537 retineat,
1213 4470 1438 4525 litteras
1496 4469 1845 4541 impetrarit.
1896 4470 2009 4526 Sed

2101 501 2283 572 scopi.
2317 501 2374 557 Si
2407 502 2542 572 quis
2575 507 2772 558 autem
2804 502 2918 559 tale
2949 504 3168 576 aliquid
3205 506 3394 561 facere
3422 507 3767 576 tentaverit,

2100 588 2266 644 irrila
2295 593 2423 660 ejus
2453 591 2532 646 sit
2561 591 2875 663 ordinatio,
2909 597 2966 648 et
3022 593 3149 665 ipse
3207 599 3548 649 coerceatur
3586 613 3623 650 a
3670 612 3770 668 sy-

2103 679 2274 734 nodo.

2103 777 2238 832 CAP.
2271 777 2403 852 479.
2429 807 2495 818 —-
2529 779 2591 834 Ut
2619 779 2773 834 nullo
2797 779 2952 836 modo
2983 781 3046 836 de
3076 797 3190 835 una
3221 783 3466 852 parwcia
3487 782 3572 838 ad
3588 783 3772 838 aliam

2315 851 2596 920 episcopus
2627 857 2898 906 transeat.
2937 853 3020 906 Ex
3047 851 3235 908 eodem
3283 869 3410 924 cap.
3449 856 3543 908 21.

2177 937 2252 1006 (7,
2283 953 2336 1008 q.
2399 939 2449 1006 1,
2507 954 2553 993 c.
2604 940 2934 1010 Episcopum
2985 940 3051 996 de
3098 940 3364 1011 diwcesi).
3429 941 3768 1013 Episcopus

2104 1025 2178 1080 ab
2210 1025 2324 1080 alia
2356 1026 2606 1097 parmcia
2645 1044 3023 1100 nequaquam
3057 1029 3269 1101 migret
3298 1031 3369 1085 ad
3415 1029 3617 1097 aliam,
3660 1046 3772 1086 nec

2107 1120 2313 1185 sponte
2342 1131 2450 1170 sua
2479 1117 3028 1186 prorsusinsiliens,
3063 1134 3170 1174 nec
3201 1119 3252 1172 vi
3291 1123 3532 1174 coactus
3582 1137 3618 1174 a
3664 1136 3770 1190 po-

2106 1201 2286 1270 pulis,
2321 1219 2428 1258 nec
2457 1205 2529 1259 ab
2559 1205 2851 1278 episcopis
2875 1207 3226 1262 necessitate
3249 1207 3619 1278 compulsus.
3652 1207 3774 1262 Ma-

2106 1296 2242 1346 neat
2271 1298 2466 1347 autem
2499 1293 2556 1348 in
2587 1294 2844 1351 Ecclesia
2873 1311 3049 1366 quam
3083 1296 3359 1366 primitus
3389 1313 3422 1352 a
3441 1295 3561 1352 Deo
3580 1299 3730 1352 sorti
3750 1327 3772 1337 -

2105 1386 2202 1435 tus
2233 1386 2340 1446 est,
2362 1397 2467 1436 nec
2489 1382 2625 1437 inde
2648 1386 3052 1456 transmigret,
3077 1386 3406 1440 secundum
3440 1385 3770 1457 pristinum

2105 1472 2422 1526 terminum
2453 1472 2525 1527 de
2555 1473 2662 1527 hac
2694 1489 2755 1527 re
2785 1475 3194 1528 constitutum.

2105 1576 2238 1631 CAP.
2276 1578 2396 1632 180.
2429 1608 2499 1618 -
2531 1580 2604 1633 De
2631 1583 3064 1650 prwsumptione
3121 1582 3322 1637 alienae
3378 1581 3652 1638 dia‘cesis.
3687 1583 3773 1637 Ea:

2557 1652 2791 1720 epistola
2820 1653 3104 1721 Boni/acii
3127 1669 3310 1724 papae.

2174 1737 2232 1791 Si
2269 1738 2405 1808 quis
2447 1739 2760 1810 episcopus
2800 1756 2917 1794 non
2947 1745 3184 1812 rogatus
3217 1742 3288 1796 de
3314 1740 3428 1797 alia
3459 1742 3767 1810 provincia

2100 1824 2161 1880 in
2193 1825 2366 1880 aliam
2397 1827 2640 1893 venerit,
2675 1830 3131 1899 praesumptione
3161 1830 3393 1884 irruens
3409 1831 3479 1884 ad
3514 1831 3765 1884 ordina—

2101 1913 2315 1969 tionem
2345 1919 2402 1970 et
2430 1917 2910 1972 constitutionem
2947 1917 3315 1988 clericorum,
3339 1923 3396 1973 et
3421 1919 3492 1972 ad
3525 1935 3597 1974 ea
3627 1935 3761 1989 quae

2103 2004 2174 2056 ad
2208 2003 2374 2058 illum
2409 2021 2521 2060 non
2555 2005 2852 2076 pertinent
2882 2005 3262 2074 importunus
3302 2005 3537 2076 existat,
3569 2023 3764 2062 vacua

2102 2091 2221 2146 sint
2251 2097 2308 2146 et
2336 2092 2535 2148 inania
2563 2094 2761 2148 omnia
2789 2110 2913 2163 quas
2943 2096 3017 2149 ab
3048 2111 3114 2150 eo
3150 2095 3368 2150 fuerint
3406 2095 3759 2150 constituta.

2105 2182 2234 2252 Ipse
2265 2185 2458 2235 autem
2491 2181 2890 2253 increpatione
2920 2183 3098 2247 digna
3117 2184 3686 2253 excommunicetur,
3707 2189 3767 2239 et

2105 2268 2477 2324 abominetur
2508 2286 2542 2324 a
2573 2275 2775 2326 sancto
2807 2271 3073 2329 concilio.

2106 2380 2239 2430 CAP.
2276 2377 2395 2450 181.
2428 2406 2497 2416 —
2531 2377 2594 2434 Ut
2623 2379 2690 2432 ab
2717 2379 2988 2448 episcopis
3025 2377 3221 2434 aliena
3247 2380 3498 2450 paraecia
3527 2380 3769 2434 minime

2175 2449 2537 2518 pervadatur.
2601 2450 2684 2503 Ex
2735 2450 3036 2504 canonibus
3117 2449 3520 2520 apostolorum,
3601 2451 3768 2506 titulo

2175 2520 2263 2659 git)
2300 2520 2373 2590 (et
2421 2521 2636 2577 Nicaeni
2690 2535 2840 2576 conc.
2902 2538 3024 2592 cap.
3080 2522 3168 2591 15,
3227 2524 3281 2576 el
3329 2521 3562 2577 Antioch
3593 2562 3612 2593 ,
3641 2537 3764 2594 cap.

2178 2678 2459 2750 EpiscOpo
2491 2696 2601 2735 non
2637 2679 2810 2736 licere
2856 2679 3108 2736 alienam
3155 2681 3468 2753 parmciam
3522 2681 3766 2752 propria

2107 2767 2310 2823 relicta
2331 2768 2810 2840 pervadere,licet
2832 2775 3072 2840 cogatur
3093 2787 3126 2824 a
3147 2769 3440 2841 plurimis,
3466 2769 3594 2826 nise
3618 2772 3768 2826 forte

2109 2857 2321 2928 quaevis
2345 2874 2476 2912 cum
2502 2857 2872 2913 rationabilis
2902 2875 3080 2913 causa
3107 2858 3446 2929 compellat,
3472 2864 3764 2930 tanquam

2109 2946 2204 3014 qui
2239 2947 2426 3016 possit
2446 2945 2662 3001 ibidem
2693 2945 3026 3001 constitutis
3057 2945 3186 3018 plus
3211 2946 3360 3001 lucri
3399 2948 3686 3018 conferre,
3711 2954 3770 3003 et

2108 3033 2168 3088 in
2203 3051 2380 3090 causa
2411 3034 2710 3106 religionis
2738 3034 2960 3107 aliquid
2988 3035 3242 3106 profecto
3294 3037 3645 3108 prospicere,
3710 3044 3771 3093 et

2109 3123 2219 3179 hoc
2253 3141 2363 3178 non
2396 3124 2770 3194 asemetipso
2802 3128 3118 3196 pertentet,
3152 3125 3252 3180 sed
3289 3124 3614 3180 multorum
3641 3127 3770 3197 epi-

2107 3229 2204 3268 sco
2215 3230 2350 3283 poru
2363 3229 2416 3267 m
2432 3212 2742 3282 judicio,et
2763 3212 3020 3268 maxima
3033 3212 3461 3285 snpplicatione
3475 3215 3768 3284 perﬁciat.

2107 3317 2238 3373 Car.
2275 3318 2397 3391 182.
2430 3349 2498 3358 —
2530 3319 2603 3373 De
2657 3318 2846 3374 eadem
2899 3335 2982 3386 re,
3042 3323 3096 3374 et
3151 3335 3320 3374 causa
3367 3321 3504 3390 ejus.
3538 3321 3765 3391 Επερί-

2179 3389 2325 3516 stola
2356 3406 2395 3444 ιι
2433 3391 2674 3514 Εἴανὶειί
2695 3406 2853 3461 papa:
2879 3391 3156 3462 fratribus
3185 3406 3286 3458 per
3315 3389 3592 3464 Eg’yptum
3619 3389 3772 3448 dire-

2179 3477 2208 3515 c
2233 3479 2285 3516 a.
2309 3478 2430 3516 can.
2499 3503 2511 3516 .

2178 3477 2285 3530 cta,
2309 3478 2430 3532 cap.
2459 3477 2511 3516 ιι.

2181 3560 2519 3615 Sacerdotes
2539 3576 2674 3616 vero
2704 3561 2825 3615 vice
2843 3560 3067 3616 Christi
3100 3560 3387 3632 legatione
3433 3561 3776 3633 funguntur

2113 3647 2172 3703 in
2199 3647 2478 3716 Ecclesia,
2501 3655 2557 3703 et
2579 3649 2733 3703 sicut
2754 3649 2802 3703 ei
2829 3665 2936 3704 sua
2962 3649 3273 3719 conjuncta
3304 3653 3395 3703 est
3424 3666 3663 3719 sponsa,
3713 3652 3771 3705 id

2113 3740 2221 3801 est,
2253 3737 2617 3805 Ecclesia,sic
2647 3737 3288 3808 episcopisjunguntur
3321 3736 3612 3802 Ecclesiae,
3635 3739 3772 3792 uni-

2115 3825 2323 3897 cuique
2343 3843 2444 3898 pro
2470 3826 2730 3896 portione
2749 3842 2876 3881 sua.
2901 3825 2969 3879 Et
2991 3826 3146 3880 sicut
3169 3826 3255 3879 vir
3276 3843 3390 3880 non
3417 3827 3592 3882 debet
3623 3843 3768 3882 uxo-

2117 3931 2240 3970 rem
2271 3931 2439 3969 suam
2472 3915 2787 3986 negligere,
2813 3915 2910 3969 sed
2935 3913 3198 3986 diligere,
3224 3920 3280 3970 et
3302 3919 3462 3969 caste
3505 3916 3774 3970 custodi-

2117 4020 2198 4067 re,
2222 4007 2280 4058 et
2309 4019 2506 4058 amare
2537 4008 2715 4072 atque
2745 4003 3064 4073 prudenter
3093 4018 3313 4074 regere,
3345 4003 3428 4058 ita
3455 4009 3515 4058 et
3541 4003 3777 4074 episco-

2118 4108 2229 4163 pus
2259 4091 2430 4146 debet
2447 4090 2761 4146 Ecclesiam
2793 4107 2983 4146 suam.
3029 4094 3096 4145 Et
3129 4090 3288 4145 velut
3322 4108 3468 4146 uxor
3497 4107 3627 4162 qua:
3661 4093 3776 4147 sub

2121 4197 2299 4236 manu
2332 4185 2420 4236 est
2445 4179 2552 4234 viri
2575 4179 2811 4235 obedire
2843 4179 3015 4234 debet
3043 4178 3165 4234 viro
3184 4196 3292 4234 suo
3323 4195 3579 4251 eumque
3603 4197 3771 4236 ama-

2123 4285 2184 4324 re
2212 4274 2269 4323 et
2297 4269 2562 4340 diligere,
2590 4268 2786 4340 potius
2831 4268 3009 4323 etiam
3041 4266 3300 4322 Ecclesia
3339 4268 3616 4338 episcopo
3667 4285 3779 4324 suo

2122 4357 2181 4412 in
2213 4358 2488 4413 omnibus
2529 4357 2787 4426 obedire,
2820 4372 3076 4427 eumque
3106 4371 3305 4411 amare
3335 4359 3394 4411 et
3421 4355 3672 4428 diligere
3706 4362 3772 4412 ut

2125 4445 2386 4500 animam
2421 4462 2590 4501 suam
2623 4444 2817 4511 debet,
2865 4444 3003 4515 quia
3034 4443 3174 4498 illud
3207 4443 3274 4498 ﬁt
3302 4443 3641 4514 carnaliter,
3691 4445 3773 4509 is-

367 4521 488 4614 ;i'v;
1214 4521 2012 4626 ⁷’ἐῶ“Μξέὲί,”ὦῶθῐξίᾶ
2042 4521 2088 4585 Ι)
2121 4535 2226 4590 tud
2255 4535 2661 4626 spiritualiter.
2691 4535 2762 4589 Et
2791 4533 2951 4626 sicut
2977 4532 3065 4587 vir
3093 4533 3779 4626 non‘debetgadulterare

367 4663 500 4702 eum
541 4648 642 4718 qui
675 4652 855 4715 tenet,
887 4652 943 4702 et
975 4649 1103 4718 ejus
1136 4647 1384 4711 litteras,
1444 4648 1712 4719 accipiat,
1765 4651 1828 4702 ut
1882 4662 2013 4702 eum

367 4739 644 4804 appareat
661 4735 899 4806 paciﬁca
922 4740 1012 4791 ten
1025 4737 1183 4791 uisse
1207 4735 1522 4791 Ecclesiam
1550 4736 1617 4790 ad
1639 4751 1700 4789 se
1725 4735 2017 4805 pertinen-

367 4826 508 4878 tem.
540 4822 596 4876 Si
641 4827 838 4878 uutem
884 4823 980 4878 ille
1025 4824 1285 4896 aliquam
1321 4822 1703 4892 quaestionem
1734 4821 2016 4886 retulerit,

368 4927 472 4982 per
501 4910 1066 4983 episcoposjudides
1089 4915 1266 4968 causa
1298 4911 1557 4977 ﬁniatur,
1579 4910 1698 4966 sive
1729 4927 1876 4982 quos
1909 4911 2016 4983 ipsi

364 4999 587 5055 vicinos
618 5016 688 5055 ex
716 5016 1008 5056 consensu
1037 4998 1378 5071 delegerint.

368 5105 507 5161 CAP.
543 5105 665 5161 178.
698 5136 767 5146 —
801 5108 863 5163 Ut
893 5108 951 5160 in
987 5107 1171 5161 altera
1214 5104 1482 5176 parochia
1522 5105 1753 5161 clericus
1792 5106 2022 5162 alterius

440 5177 685 5232 diwcesis
714 5177 1044 5233 nullatenus
1073 5177 1384 5234 ordinetur.
1417 5178 1500 5232 Ea:
1541 5179 1776 5234 concilio
1824 5179 2021 5234 Antio-

440 5248 628 5316 cheno,
651 5265 770 5320 cap.
795 5250 885 5305 22.

443 5337 521 5404 (9,
555 5353 607 5409 q.
640 5339 694 5404 2,
726 5353 774 5394 c.
821 5339 1209 5410 Episcoporum
1258 5353 1368 5394 non
1415 5337 1654 5408 debere.)
1700 5339 2024 5410 Episcopus

371 5427 626 5483 alienam
647 5427 967 5495 civitatem,
1001 5445 1128 5499 qum
1160 5444 1277 5483 non
1308 5432 1397 5483 est
1437 5427 1521 5482 illi
1569 5427 1855 5498 subjecta,
1907 5444 2023 5482 non

371 5516 564 5584 adeat;
597 5532 701 5572 nec
733 5532 795 5572 ac
828 5516 1264 5589 possessionem
1324 5516 1561 5573 accedat
1608 5532 1735 5587 qua:
1781 5515 1853 5570 ad
1890 5531 2023 5572 eum

373 5619 492 5658 non
513 5606 901 5674 pertinet,nec
923 5605 1352 5664 ordinationem
1373 5605 1455 5661 ibi
1476 5604 1665 5662 facere
1683 5611 2024 5677 praeumat,

2125 4639 2367 4679 uxorem
2400 4640 2591 4690 suam,
2617 4623 2698 4678 ita
2727 4639 2832 4677 nec
2861 4622 3175 4692 episcopus
3214 4619 3532 4676 Ecclesium
3579 4638 3776 4688 suam,

2126 4713 2183 4767 id
2215 4717 2324 4777 est,
2359 4717 2422 4766 ut
2454 4711 2616 4766 illam
2649 4711 2910 4766 dimittat
2941 4710 3013 4765 ad
3047 4725 3219 4780 quam
3254 4715 3632 4765 consecratus
3664 4717 3777 4776 est,

2126 4801 2348 4871 absque
2377 4799 2697 4857 inevitabili
2730 4799 3100 4866 necessitate,
3130 4802 3189 4852 et
3218 4796 3540 4870 apostolica
3568 4799 3654 4853 vel
3687 4816 3780 4854 re-

2127 4889 2319 4961 gulari
2350 4888 2782 4957 immutatione,
2807 4893 2864 4944 et
2893 4888 3057 4942 alteri
3083 4903 3145 4942 se
3163 4887 3424 4942 ambitus
3450 4903 3631 4942 causa
3649 4903 3782 4942 con-

2121 4979 2358 5051 jungat.
2386 4976 2800 5034 Etsicutuxori
2824 4994 2937 5032 non
2958 4975 3092 5032 licet
3116 4975 3413 5030 dimittere
3449 4975 3642 5030 virum
3681 4993 3782 5031 su-

2129 5083 2251 5134 um,
2289 5073 2353 5122 ut
2383 5067 2546 5123 alteri
2582 5067 2824 5136 (vivente
2852 5068 2936 5136 eo)
2970 5082 3031 5121 se
3063 5064 3438 5120 matrimonio
3470 5064 3678 5134 societ,
3728 5071 3785 5121 et

2130 5172 2264 5212 eum
2298 5155 2609 5222 adulterat,
2655 5156 2790 5212 licet
2835 5152 3158 5210 fornicatus
3207 5154 3286 5208 sit
3322 5153 3412 5208 vir
3449 5154 3599 5224 ejus,
3654 5155 3782 5220 sed,

2123 5245 2294 5316 juxta
2327 5244 2694 5317 Apostolum,
2737 5248 2840 5299 aut
2864 5243 2990 5298 viro
3022 5259 3128 5298 suo
3181 5242 3353 5296 debet
3387 5241 3780 5314 reconciliari,

2133 5338 2234 5390 aut
2265 5349 2498 5389 manere
2530 5333 2783 5404 innupta
2807 5333 2854 5399 (Ι
2909 5332 3030 5387 Cor.
3061 5330 3186 5400 vn),
3222 5329 3304 5384 ita
3347 5328 3615 5386 Ecclesiae
3666 5347 3784 5387 non

2131 5422 2268 5478 licet
2297 5423 2592 5478 dimittere
2619 5421 2805 5476 virum
2842 5420 3230 5494 [episcopum]
3261 5424 3584 5487 suum,aut
3613 5420 3687 5476 ab
3718 5437 3786 5477 eo

2135 5511 2445 5582 segregari,
2479 5516 2542 5566 ut
2571 5510 2816 5567 alterum
2851 5526 2916 5566 eo
2946 5511 3175 5565 vivente
3223 5508 3495 5580 accipiat,
3547 5509 3653 5564 sed
3684 5517 3789 5566 aut

2135 5600 2334 5674 ipsum
2366 5599 2601 5672 habeat,
2625 5604 2728 5658 aut
2751 5601 3000 5672 innupta
3022 5602 3277 5666 maneat,
3301 5597 3360 5654 id
3391 5601 3504 5666 est,
3533 5612 3605 5655 ne
3637 5597 3787 5672 altae
