3960 6072
355 242 462 296 383

1437 247 1504 296 Ι).
1545 241 1786 296 IVONIS
1822 242 2320 297 CARNOTENSIS
2355 243 2680 298 EPISCOPI

3664 239 3783 294 384

359 365 643 422 Dominus
672 362 955 420 Ezechieli
986 364 1143 419 dicat
1175 381 1188 418 :
1222 364 1628 435 Speculatorem
1654 365 1777 421 dedi
1833 373 1880 420 te
1904 365 1998 422 do-
2028 369 2084 434 Α
2115 368 2288 424 rebus
2312 367 2527 424 divinis
2547 367 2896 423 constitutos
2917 364 3526 422 oeconomos.Proinde
3550 365 3785 435 pariter

355 456 480 510 mui
507 453 756 523 Israel,et
785 453 976 508 audies
1004 469 1077 507 ex
1104 468 1196 509 ore
1220 469 1341 508 meo
1364 454 1610 525 verbum,
1633 463 1685 510 et
1714 456 2008 510 annunties

354 547 437 599 eis
469 559 539 599 ex
566 559 673 598 me.
708 546 815 598 etc.
851 541 1177 612 (Ezech.m),
1212 559 1245 597 a
1274 543 1856 614 comprovincialibus
1885 544 2006 616 epi-

355 633 554 704 scopis
587 631 781 688 acrius
815 634 1195 686 coerceantur
1224 631 1686 703 [corripiantur].

356 740 485 795 CAP.
525 739 646 794 19l.
679 769 748 778 —-
783 739 844 793 Ut
873 737 1116 808 episcopi
1142 738 1482 808 presbyteros
1512 755 1638 794 suos
1664 738 1728 794 de
1757 741 2007 794 ministe-

428 809 531 865 riis
561 826 751 865 eorum
789 809 1089 877 diligenter
1115 809 1438 864 discutiant.
1476 815 1559 866 Ex
1603 810 1837 867 concilio
1868 812 2004 866 Bra-

428 885 673 949 carensi,
703 897 827 950 cap.
859 882 893 934 2
923 882 1094 952 (conc.
1132 883 1288 936 Brac.
1322 898 1382 948 Il,
1409 898 1528 952 cap.
1562 882 1636 952 1).

429 971 540 1040 (10,
575 987 626 1039 q.
662 970 712 1036 1,
758 984 806 1024 ε.
841 968 1062 1023 Placuit
1110 967 1364 1024 omnibus
1414 970 1729 1040 episcopis).
1787 968 2012 1023 Placuit

360 1058 528 1113 nobis
561 1063 738 1128 atque
770 1057 1042 1111 convenit
1071 1060 1136 1110 ut
1166 1056 1422 1128 episcopi
1455 1074 1558 1128 per
1608 1057 1874 1130 singulas
1913 1073 2009 1112 ec-

355 1146 567 1201 clesias
599 1150 657 1200 et
689 1145 970 1201 dimceses
997 1149 1224 1214 euntes,
1257 1146 1516 1217 primum
1547 1146 1870 1202 discutiant
1901 1146 2011 1202 cle-

361 1235 511 1291 ricos
543 1236 829 1306 quomodo
862 1235 1129 1290 ordinem
1161 1241 1395 1291 teneant
1423 1235 1834 1308 baptismi,vel
1865 1235 2010 1292 mis-

357 1341 582 1387 sarum,
616 1328 674 1379 et
703 1323 952 1394 qualiter
982 1340 1229 1395 quaeque
1261 1325 1454 1380 ofﬁcia
1480 1325 1538 1380 in
1571 1324 1818 1381 ecclesia
1847 1340 2011 1395 pera-

361 1417 524 1483 gant,
557 1416 616 1468 et
647 1411 698 1468 si
748 1415 903 1468 recte
932 1412 1171 1483 quidem
1222 1413 1572 1483 invenerint,
1604 1415 1719 1470 Deo
1749 1415 1966 1487 gratias
1993 1434 2007 1483 ;

362 1502 411 1556 si
442 1518 577 1557 vero
612 1501 877 1568 minime,
909 1501 1114 1556 docere
1141 1501 1355 1556 debent
1384 1501 1642 1572 ignaros.

365 1610 501 1664 CAP.
535 1609 658 1663 192.
690 1640 760 1649 —
794 1609 856 1665 Ut
880 1610 1123 1679 episcopi
1167 1625 1289 1681 cum
1327 1612 1514 1681 paucis
1566 1611 1832 1681 parazcias
1881 1628 2013 1667 suas

541 1681 907 1736 circumeant.
941 1681 1024 1735 Ex
1053 1680 1285 1737 concilio
1317 1680 1594 1750 Toletano,
1623 1700 1743 1756 cap.
1776 1685 1831 1738 5.

433 1773 576 1826 Cum
607 1771 920 1842 episcopus
953 1786 1122 1825 suam
1154 1770 1450 1827 dimcesim
1485 1739 1863 1843 visitat:nulli
1897 1791 2012 1845 pra:
2044 1739 2092 1804 B

363 1859 744 1916 multitudine
792 1876 1075 1915 onerosus
1124 1859 1356 1926 existat,
1390 1879 1494 1917 nec
1543 1878 1806 1933 unquam
1840 1863 2013 1934 quin-

360 1949 782 2022 quagenarium
816 1965 1126 2004 numerum
1153 1949 1468 2006 evectionis
1495 1951 1864 2022 excedat,nec
1897 1967 2015 2007 am-

365 2039 520 2111 plius
555 2055 734 2110 quam
765 2055 884 2093 una
913 2039 1007 2093 die
1037 2055 1142 2110 per
1186 2056 1671 2112 unamquamque
1705 2041 2014 2096 basilicam

366 2127 699 2184 remorandi
730 2126 1025 2182 licentiam
1057 2127 1291 2184 habeat.

365 2237 495 2291 CAP.
531 2236 648 2290 193.
685 2265 753 2276 -—
782 2234 845 2290 Si
890 2235 1174 2306 episcopus
1221 2235 1521 2298 paroreiam
1566 2253 1732 2292 suam
1789 2235 2018 2292 visitare

439 2306 774 2432 253:1?ng
800 2307 948 2432 véros
995 2307 1295 2378 probabilis
1324 2310 1456 2365 vitae
1491 2325 1589 2381 pro
1617 2325 1673 2364 se
1700 2309 1902 2365 mittat.
1936 2309 2019 2362 Ex

440 2379 644 2449 eodem,
676 2395 796 2450 cap.
827 2379 882 2434 6.

443 2469 604 2533 Quod
637 2468 687 2522 si
718 2467 1324 2540 epi300puslanguore
1343 2469 1745 2536 detentus,aut
1774 2469 1906 2526 aliis
1927 2487 2020 2525 oc-

373 2556 787 2630 cupationibus
842 2555 1199 2628 implicatus,
1249 2557 1646 2614 visitationem
1705 2559 2020 2615 dimceseos

372 2645 600 2718 explere
633 2645 981 2718 nequiverit,
1008 2647 1379 2718 presbyteros
1411 2647 1731 2718 probabilis
1761 2648 2024 2715 vitae,aut

373 2735 650 2791 diaconos
684 2735 1004 2806 mittat,qui
1027 2735 1292 2790 redditus
1315 2736 1692 2792 basilicarum
1715 2741 1772 2792 et
1792 2754 2024 2809 repara-

372 2825 584 2892 tiones,
619 2828 675 2878 et
705 2823 1170 2878 ministrantium
1203 2824 1380 2879 vitam
1412 2825 1734 2897 inquirant.

376 2930 667 3006 CAP._19_~’1.
700 2930 1039 3006 —.Qualem
1087 2930 1413 3006 ministrum
1432 2934 1599 3006 juxta
1631 2950 1700 3006 se
1736 2933 2023 3006 episcopus

520 3001 722 3055 habere
752 3000 957 3055 debeat.
990 3003 1077 3055 Ex
1102 3001 1338 3057 concilio
1367 3000 1660 3072 Meldensi,
1694 3000 1793 3077 cap
1823 3007 1879 3060 3.

2115 457 2454 522 tractantes,
2485 453 2770 525 elegimus
2802 457 2866 509 ut
2897 452 3307 524 unusquisque
3357 457 3652 519 nostrum,
3687 469 3784 508 se-

2115 544 2370 599 cundum
2393 541 2952 599 Chalcedonensium
2980 543 3213 598 Patrum
3247 541 3500 608 decreta,
3536 558 3780 597 oecono-

2117 649 2280 688 mum
2311 649 2380 688 ex
2428 633 2662 704 proprio
2694 632 2848 687 clero
2881 631 2992 687 sibi
3041 630 3382 686 constituat.
3419 630 3778 685 Indecorum

2115 727 2204 776 est
2234 738 2488 792 namque
2519 720 2736 777 laicum
2768 738 2898 776 esse
2936 720 3220 775 vicarium
3254 720 3536 790 episcopi,
3567 725 3626 774 et
3658 736 3779 774 saa-

2116 811 2343 867 culares
2373 811 2432 865 in
2455 810 2700 866 ecclesia
2725 811 3079 880 judicare.ln
3111 826 3228 865 uno
3256 809 3412 864 enim
3445 809 3782 880 eodemque

2116 900 2308 955 ofﬁcio
2336 917 2452 954 non
2485 900 2657 954 debet
2685 899 2886 971 dispar
2917 915 3045 954 esse
3079 898 3555 968 professio.Quod
3589 898 3780 954 etiam

2117 989 2175 1043 in
2209 988 2334 1060 lege
2363 987 2560 1043 divina
2589 987 3191 1060 prohibetur,dicente
3228 991 3423 1059 Moyse
3449 1005 3460 1041 :
3490 992 3612 1044 Non
3635 1004 3782 1042 ara-

2119 1078 2198 1132 bis
2230 1079 2293 1132 in
2326 1078 2456 1132 bove
2483 1078 2651 1132 simul
2673 1082 2723 1132 et
2754 1079 2912 1133 asino
2945 1078 3300 1148 (Deut.xxu),
3333 1077 3487 1148 quod
3520 1082 3631 1144 est,
3667 1077 3782 1132 ho-

2118 1166 2308 1221 mines
2329 1165 2566 1222 diversas
2591 1165 2968 1236 professionis
2990 1165 3183 1221 ofﬁcio
3215 1181 3330 1220 uno
3355 1182 3471 1220 non
3491 1165 3779 1221 sociabis.

2119 1255 2282 1311 Unde
2305 1260 2535 1327 oportet
2556 1273 2662 1312 nos
2683 1261 2740 1312 et
2762 1254 2979 1311 divinis
2999 1255 3190 1323 libris,
3218 1259 3275 1310 et
3299 1259 3642 1310 sanctorum
3679 1254 3786 1309 Pa-

2120 1353 2274 1401 trum
2305 1345 2544 1400 obedire
2577 1345 3339 1417 praaceptis,constituentes
3373 1348 3438 1399 ut
3471 1344 3532 1398 bi
3557 1343 3790 1415 quiad-

2121 1435 2660 1490 ministrationibus
2683 1433 2941 1490 ecclesiae
2961 1434 3342 1506 pontiﬁcibus
3357 1433 3621 1488 sociantu
3633 1432 3786 1500 r,di-

2121 1541 2389 1596 screpare
2419 1541 2533 1579 non
2567 1525 2819 1580 debeant
2849 1539 2955 1578 nec
2987 1523 3370 1596 professione,
3407 1539 3513 1577 nec
3547 1523 3783 1588 habitu,

2121 1629 2227 1668 nec
2257 1612 2542 1668 cohaerere
2565 1617 2622 1668 et
2643 1612 2922 1684 conjungi
2956 1616 3224 1683 possunt,
3250 1611 3468 1681 quibus
3490 1611 3694 1666 studia
3725 1615 3784 1664 et

2120 1707 2255 1757 vota
2285 1702 2514 1758 diversa
2565 1707 2724 1757 sunt.
2759 1701 2818 1756 Si
2853 1701 2987 1772 quis
3019 1705 3216 1756 autem
3249 1700 3567 1772 episcopus
3599 1699 3783 1772 [post]

2123 1791 2579 1847 ecclesiasticam
2615 1807 2734 1846 rem
2765 1791 2836 1845 ad
2867 1788 3130 1844 laicalem
3166 1789 3640 1860 procurationem
3675 1789 3785 1842 ad—

2125 1881 2581 1936 ministrandam
2613 1879 2977 1950 elegerit,aut
2995 1879 3121 1933 sine
3139 1877 3475 1934 testimonio
3493 1875 3787 1933 osconomi

2123 1969 2567 2041 gubernandum
2599 1969 2934 2035 crediderit,
2966 1985 3169 2023 verum
3203 1971 3260 2022 et
3293 1973 3666 2038 contemptor
3697 1983 3790 2022 ca-

2125 2076 2345 2114 nonum
2396 2064 2454 2113 et
2484 2059 2787 2113 fraudator
2835 2057 3373 2112 ecclesiasticorum
3405 2072 3631 2124 rerum,
3667 2073 3786 2110 non

2126 2147 2320 2202 solum
2379 2145 2609 2201 Christo
2669 2146 2742 2200 de
2796 2145 2972 2199 rebus
3025 2160 3354 2216 pauperum
3409 2143 3787 2215 judicabitur

2127 2252 2284 2301 reus,
2316 2235 2419 2290 sed
2451 2251 2518 2290 ex
2551 2233 2795 2290 concilio
2827 2233 3090 2289 manebit
3119 2232 3427 2288 obnoxius.

2127 2348 2260 2400 CAP.
2295 2344 2420 2398 196.
2451 2371 2520 2382 -—
2581 2343 2644 2398 Ut
2670 2342 2732 2396 in
2787 2341 3111 2396 circuitione
3167 2341 3406 2408 episcopi
3460 2353 3648 2394 omnes
3688 2339 3788 2408 qui

2199 2419 2328 2470 sunt
2366 2417 2423 2468 in
2471 2413 2716 2485 parcecia
2764 2414 3060 2467 matricum
3104 2413 3488 2485 ecclesiarum,
3537 2413 3789 2480 exceptis

2200 2483 2563 2553 inﬁrmis,iad
2591 2485 2864 2555 synodum
2895 2485 3010 2553 ejus
3043 2485 3229 2538 venire
3259 2483 3508 2538 debeant.
3536 2486 3623 2536 Ex
3652 2497 3783 2536 cono

2199 2559 2333 2612 cilia
2364 2557 2802 2627 Rothomagensi,
2833 2572 2955 2624 cap.
2992 2556 3078 2609 11.

2201 2647 2348 2702 Cum
2381 2645 2691 2718 episCOpus
2722 2660 2892 2701 suam
2915 2643 3211 2699 dimcesim
3244 2640 3784 2709 circuit,archidia-

2130 2753 2313 2794 conus
2341 2735 2429 2791 vel
2461 2734 2929 2806 archipresbyter
2956 2750 3087 2789 eum
3107 2732 3313 2804 praeire
3342 2732 3660 2800 debet,uno
3684 2734 3788 2785 aut

2132 2827 2363 2882 duobus
2395 2825 2603 2880 diebus
2635 2825 2704 2878 ad
2737 2824 2883 2894 [per]
2934 2822 3214 2895 paroacias
3247 2837 3395 2893 quas
3432 2819 3786 2875 visitaturus

2131 2920 2242 2982 est,
2275 2919 2332 2970 et
2375 2918 2689 2968 convocata
2719 2912 2910 2984 plebe,
2941 2911 3293 2967 annuntiare
3341 2910 3511 2965 debet
3560 2908 3782 2980 proprii

2139 3003 2394 3075 pastoris
2424 3003 2768 3066 adventum,
2800 3006 2856 3056 et
2887 3011 2950 3055 ut
2979 3017 3182 3056 omnes
3231 2998 3492 3071 exceptis
3523 2995 3782 3052 infirmis

447 3090 520 3145 Ut
549 3089 1298 3162 quisquis[forte,quisque]
1321 3093 1632 3164 episcopus
1658 3093 2026 3164 talemjuxta
2054 3097 2096 3164 ί]
2131 3093 2203 3149 ad
2235 3093 2362 3162 ejus
2393 3092 2684 3163 synodum
2738 3091 2833 3145 die
2876 3088 3261 3145 denominata
3302 3085 3786 3159 impraatermisse

375 3196 438 3235 se
468 3195 571 3250 pro
600 3177 824 3233 viribus
856 3176 1070 3232 habere
1101 3177 1485 3248 decertet,qui
1501 3181 1670 3250 juxta
1697 3181 2024 3238 sincerissi-

375 3285 540 3323 mum
571 3271 629 3322 et
650 3265 1035 3338 purissimum
1055 3281 1296 3321 sensum
1314 3267 1734 3325 catholicorum
1764 3271 2020 3342 Patrum,

376 3358 488 3413 ﬁde
511 3361 569 3413 et
589 3354 994 3412 observatione
1015 3354 1430 3412 mandatorum
1465 3359 1693 3424 Dei,seu
1727 3363 1783 3415 et
1813 3360 2024 3432 praedi-

376 3447 624 3504 cationis
655 3446 941 3512 doctrina,
977 3446 1346 3517 presbyteros
1380 3448 1636 3516 plebium
1668 3450 1904 3506 assidue
1934 3451 2024 3505 in-

378 3541 591 3601 struat,
623 3541 681 3590 et
712 3535 1087 3602 informet,ne
1118 3535 1331 3591 domus
1362 3535 1462 3592 Dei
1494 3537 1604 3592 vivi
1636 3539 1782 3610 (quas
1814 3543 1903 3594 est
1931 3556 2024 3595 ec-

378 3623 576 3695 clesia)
607 3623 735 3680 sine
783 3622 1022 3679 lucerna
1050 3624 1212 3679 verbi
1260 3625 1442 3680 divini
1475 3631 1794 3683 remaneat.
1827 3628 1938 3684 Sed
1972 3636 2028 3683 et

377 3712 602 3767 eisdem
626 3711 764 3767 talis
787 3711 1201 3784 existat,quem
1235 3730 1403 3770 amor
1423 3715 1686 3786 pecunia:
1708 3733 1822 3772 non
1840 3721 2024 3784 vexet,

377 3805 478 3856 aut
507 3801 739 3873 reprobi
789 3817 977 3857 mores
1028 3807 1085 3856 et
1136 3804 1502 3859 conversatio
1552 3805 2028 3876 reprehensibilis

380 3889 887 3962 contemptibilem
921 3891 1300 3946 reddat.Hinc
1331 3898 1422 3947 est
1453 3894 1606 3963 quod
1626 3910 1757 3950 cum
1777 3895 2028 3966 Moyses,

379 3978 678 4051 querelam
728 3978 787 4033 in
820 3983 1133 4050 conspectu
1171 3979 1266 4034 Dei
1317 3986 1575 4050 poneret,
1611 3999 1726 4038 non
1767 3999 1828 4038 se
1859 3999 2031 4054 posse

381 4073 615 4140 portare
645 4072 876 4122 tantum
902 4083 1054 4122 onus
1077 4069 1231 4138 quod
1256 4068 1304 4122 ei
1330 4069 1519 4124 fuerat
1539 4069 2031 4140 impositum,au-

384 4157 525 4213 divit
547 4176 581 4214 a
604 4157 854 4214 Domino
879 4174 890 4212 :
938 4158 1230 4230 Congrega
1253 4159 1397 4213 mihi
1421 4160 1764 4228 septuaginta
1793 4161 1939 4215 viros
1968 4159 2034 4214 de

379 4247 694 4303 senioribus
721 4247 1049 4318 Israel,quos
1077 4255 1137 4301 tu
1167 4246 1310 4302 nosti
1339 4246 1477 4318 quod
1497 4263 1650 4302 senes
1678 4248 1871 4318 populi
1895 4247 2032 4319 sint,

380 4352 444 4390 ac
477 4335 774 4405 magistri;
805 4339 857 4390 et
886 4340 1156 4404 auferam
1196 4334 1261 4391 de
1305 4336 1512 4407 spiritu
1566 4339 1682 4404 tuo,
1715 4337 2035 4408 tradamque

378 4423 461 4478 eis
487 4429 550 4478 ut
571 4428 879 4478 sustentent
929 4431 1105 4478 tecum
1152 4439 1288 4479 onus
1315 4425 1524 4496 populi,
1558 4429 1611 4481 et
1656 4441 1764 4481 non
1798 4433 1856 4481 tu
1883 4427 2034 4481 solus

380 4511 627 4584 graveris
651 4511 836 4582 (Num.
869 4511 970 4581 ιι).
995 4511 1143 4579 Quid
1168 4512 1227 4568 in
1251 4514 1442 4587 Moyse
1466 4513 1578 4570 nisi
1606 4531 1907 4570 summum
1939 4532 2033 4570 sa-

383 4600 705 4656 cerdotium
729 4599 912 4670 ‘lquid
944 4599 1001 4655 in
1022 4603 1396 4673 septuaginta
1423 4603 1705 4668 viris,nisi
1738 4604 2036 4675 presbyte-

385 4706 482 4744 ros
504 4689 829 4760 accipimus
850 4689 878 4743 ?
903 4689 1064 4754 Quod
1091 4695 1288 4746 autem
1315 4691 1598 4746 Dominus
1619 4693 1810 4747 aufert
1830 4693 1900 4746 de
1922 4692 2038 4762 spi-

387 4778 503 4832 ritu
537 4777 737 4849 Moysi,
771 4777 1069 4848 traditque
1100 4777 1206 4845 eis,
1240 4782 1505 4849 patenter
1533 4781 1790 4834 ostendit
1816 4780 1956 4851 quia
1973 4781 2034 4836 hi

388 4865 485 4938 qui
511 4867 582 4921 ab
606 4865 879 4937 episcopo
904 4865 962 4920 in
989 4871 1304 4937 conspectu
1330 4867 1431 4922 Dei
1452 4869 1636 4923 vocati
1669 4872 1911 4933 sunt,ut
1941 4885 2037 4924 se-

384 4971 520 5011 cum
554 4972 704 5010 onus
771 4954 974 5026 populi
1023 4960 1380 5024 sustentant,
1414 4959 1616 5012 eadem
1663 4957 1811 5014 velle
1839 4963 1894 5013 et
1925 4959 2036 5012 im-

384 5045 601 5118 pertito
635 5043 748 5100 sibi
780 5043 1002 5100 honore
1037 5045 1179 5101 totis
1210 5044 1436 5102 viribus
1475 5047 1772 5118 cooperari
1803 5047 2035 5102 debent.

379 5135 500 5190 Hoc
530 5133 694 5190 enim
728 5133 1049 5205 signiﬁcat,
1075 5136 1226 5205 quod
1263 5151 1378 5190 non
1401 5134 1604 5207 alium,
1637 5137 1739 5193 sed
1769 5136 2036 5206 ejusdem

385 5224 572 5297 Moysi
601 5221 878 5295 spiritum
911 5222 1230 5293 accipiunt.

387 5316 517 5371 CAP.
552 5314 672 5369 195.
706 5341 777 5356 —-
808 5311 884 5366 Ne
931 5313 1230 5384 episcopus
1259 5313 1463 5367 laicum
1511 5313 1626 5368 sibi
1665 5318 1841 5384 ponat
1887 5330 2039 5369 vica-

620 5387 792 5440 rium.
827 5388 912 5441 Ex
940 5383 1185 5441 concilio
1214 5384 1568 5452 Bracarensi,
1600 5383 1719 5456 cap.
1750 5386 1807 5439 9.

454 5477 611 5533 Nova
644 5475 870 5532 actione
904 5475 1221 5532 didicimus
1252 5475 1540 5546 quosdam
1573 5490 1642 5530 ex
1687 5479 1889 5530 nostro
1922 5475 2040 5531 col-

2132 3185 2462 3248 occurrant,
2495 3185 2553 3234 et
2574 3179 2933 3235 omnimodis
2962 3195 3032 3234 ex
3063 3178 3410 3234 auctoritate
3436 3179 3780 3232 sanctorum

2133 3287 2424 3327 canonum
2456 3270 2854 3340 praeciperem
2879 3268 3190 3323 minaciter
3211 3265 3558 3322 denuntiare
3589 3265 3784 3332 debet,

2134 3359 2287 3431 quod
2320 3359 2371 3413 ei
2402 3357 2536 3429 quis
2558 3358 2779 3429 absque
2796 3356 2956 3430 gravi
2978 3355 3326 3412 necessitate
3344 3353 3616 3424 defuerit,
3653 3369 3783 3422 pro-

2135 3448 2228 3504 cul
2277 3447 2456 3502 dubio
2486 3465 2520 3502 a
2550 3445 2964 3501 communione
3013 3444 3343 3500 Christiana
3391 3444 3468 3500 sit
3499 3441 3788 3513 repellen-

2137 3537 2268 3592 dus.
2303 3536 2520 3592 Deinde
2553 3535 2795 3591 adscitis
2825 3551 3024 3590 secum
3073 3533 3428 3606 presbyteris
3459 3531 3558 3604 qui
3601 3531 3660 3586 in
3688 3529 3788 3585 illo

2135 3625 2260 3682 loco
2292 3625 2594 3681 servitium
2629 3625 2845 3680 debent
2874 3623 3146 3680 exhibere
3175 3623 3470 3693 episcopo,
3495 3619 3786 3692 quidquid

2137 3715 2208 3770 de
2239 3714 2570 3770 minoribus
2599 3718 2656 3769 et
2687 3713 3007 3769 levioribus
3038 3712 3234 3768 causis
3255 3711 3542 3782 corrigere
3575 3712 3790 3781 potest,

2138 3804 2451 3859 emendare
2481 3808 2730 3874 satagat,
2755 3807 2818 3857 ut
2849 3801 3109 3874 pontifex
3138 3801 3376 3856 veniens
3409 3813 3789 3870 nequaquam

2141 3893 2198 3946 in
2227 3891 2592 3948 facilioribus
2624 3892 2876 3963 negotiis
2907 3891 3313 3962 fatigetur,aut
3343 3888 3454 3944 sibi
3488 3886 3792 3944 immorari

2141 3981 2398 4051 amplius
2429 3996 2666 4036 necesse
2698 3981 2775 4035 sit
2803 3980 3086 4050 ibi,quam
3119 3995 3378 4051 expensa
3409 3975 3795 4032 sufﬁciat.Ait

2141 4070 2298 4125 enim
2346 4069 2623 4124 dominus
2654 4070 2726 4124 ad
2756 4069 2993 4141 Moysen
3023 4070 3095 4124 de
3137 4066 3479 4138 hujusmodi
3511 4081 3793 4136 coopera-

2140 4159 2370 4214 toribus
2405 4174 2418 4212 :
2457 4161 2521 4215 Ut
2545 4157 2969 4229 tecum,inquit,
3000 4161 3306 4213 sustentent
3333 4172 3470 4212 onus
3495 4154 3712 4226 populi,
3744 4161 3795 4208 et

2142 4263 2252 4304 non
2286 4256 2348 4303 tu
2376 4247 2523 4302 solus
2553 4248 2802 4317 graveris
2833 4248 3016 4316 (Num.
3049 4246 3148 4318 χι).
3183 4245 3250 4300 Et
3280 4245 3488 4300 beatus
3534 4243 3793 4299 Joannes

2143 4336 2407 4408 Baptista
2440 4335 2758 4391 adventum
2791 4335 3022 4390 Domini
3055 4333 3437 4406 praecucurrit
3468 4331 3791 4404 praedican-

2143 4426 2218 4480 do
2250 4424 2448 4480 dicens
2479 4441 2493 4478 :
2530 4425 2926 4479 Paznitentiam
2970 4425 3147 4497 agite,
3195 4428 3303 4478 etc.
3339 4422 3548 4491 (Matth.
3581 4421 3706 4491 Ill);
3739 4424 3794 4475 et

2141 4514 2298 4568 idem
2334 4529 2346 4568 :
2379 4516 2580 4568 Parate
2607 4515 2756 4568 viam
2786 4514 3018 4568 Domini
3064 4513 3268 4584 (ibid.).
3303 4510 3609 4583 Siquidem
3637 4511 3793 4581 epis-

2143 4620 2327 4675 copus
2357 4603 2539 4659 vicem
2593 4602 2808 4659 Christi
2865 4619 3036 4674 agere
3084 4603 3334 4672 videtur,
3377 4606 3433 4658 et
3480 4601 3610 4656 ideo
3661 4615 3793 4654 cum

2143 4691 2361 4764 gaudio
2394 4697 2452 4748 et
2483 4692 2712 4760 timore,
2739 4695 2797 4748 et
2823 4709 3059 4748 summa
3089 4691 3432 4760 reverentia,
3467 4707 3499 4745 a
3531 4689 3796 4761 plebibus

2148 4780 2260 4837 sibi
2294 4781 2537 4851 sujectis
2585 4780 3006 4852 suscipiendus
3037 4785 3144 4850 est,
3181 4789 3242 4836 ut
3274 4779 3392 4835 illis
3439 4795 3574 4834 cum
3621 4777 3796 4834 laude

2146 4870 2396 4937 dicatur,
2431 4870 2585 4940 quod
2618 4868 2932 4941 Apostolus
2977 4869 3286 4942 discipulis
3315 4869 3458 4923 dicit
3492 4885 3504 4922 :
3539 4868 3798 4921 Testimo-

2145 4961 2328 5026 nium,
2375 4958 2591 5030 inquit,
2624 4961 2771 5014 vobis
2826 4959 3110 5029 perhibeo,
3151 4957 3292 5029 quod
3350 4960 3431 5013 ita
3485 4957 3798 5026 suscepistis

2147 5065 2253 5118 me,
2285 5050 2432 5103 sicut
2461 5049 2724 5119 angelum
2757 5049 2872 5118 Dei,
2904 5050 3048 5103 sicut
3096 5049 3392 5104 Dominum
3437 5053 3689 5102 nostrum
3717 5047 3798 5100 Je-

2146 5153 2272 5193 sum
2301 5137 2506 5207 (Galat.
2541 5138 2639 5206 ιν).

2147 5228 2282 5284 CAP.
2319 5227 2518 5282 197.—
2551 5227 2612 5282 Ut
2642 5227 2885 5297 episcopi
2914 5227 3089 5282 libros
3117 5225 3418 5297 gentilium
3446 5241 3557 5282 non
3591 5223 3798 5295 legant,

2541 5297 2624 5350 Ex
2652 5313 2800 5352 conc.
2837 5298 3022 5354 Carth.
3059 5307 3134 5367 iv,
3165 5314 3283 5370 cap.
3323 5300 3406 5352 16.

2221 5388 2383 5454 (Dist.
2417 5385 2511 5450 37,
2541 5401 2588 5440 c.
2621 5387 2917 5458 Episcopus
2964 5387 3303 5459 gentilium).
3341 5387 3410 5444 Ut
3438 5383 3700 5458 episcopi
3731 5383 3803 5439 1i-

2151 5475 2288 5529 bros
2321 5473 2631 5546 gentilium
2663 5492 2778 5531 non
2812 5475 3447 5548 legant,haareticorum
3469 5478 3665 5531 autem
3698 5491 3802 5547 pro

389 5563 562 5636 legio,
594 5578 796 5622 contra
827 5579 1018 5622 mores
1051 5564 1503 5637 ecclesiasticos,
1533 5562 1716 5620 laicos
1745 5561 1960 5621 habere
1982 5563 2043 5620 in
2154 5563 2508 5620 necessitate
2535 5567 2593 5620 et
2621 5568 2904 5640 tempore.
