3960 6072
379 277 486 330 387

1471 270 1537 320 D.
1578 263 1827 321 IVONIS
1861 257 2356 317 CARNOTENSIS
2393 261 2714 317 EPISCOPI

3693 260 3806 314 388

377 403 712 471 corruptus,
746 396 1026 453 clericum
1059 392 1303 449 alterius
1361 387 1628 462 paroecite
1671 386 1915 442 latenter
1962 400 2028 440 ac
2057 383 2111 450 Α
2142 398 2275 437 nem
2307 383 2771 440 benedictionem
2803 383 3056 440 dedisse.
3090 384 3197 449 Qui
3229 383 3362 439 licet
3391 387 3632 456 propter
3665 387 3806 438 tan-

375 488 586 544 furtive
617 487 687 541 ad
724 483 1153 542 ordinationem
1179 479 1667 536 subintroducere
1692 477 2025 547 prmsumat.

377 578 539 644 Quod
573 580 623 631 si
656 573 877 642 fecerit,
901 573 1074 644 juxta
1103 569 1572 625 Chalcedonense
1619 566 1944 630 decretum,
1978 562 2028 617 is

379 667 480 740 qui
505 667 792 721 mediator
813 662 1057 729 exstitit,
1081 660 1130 715 si
1153 658 1422 723 clericus,
1448 654 1681 727 prOprio
1714 653 1895 725 gradu
1928 652 2028 707 de-

378 758 566 824 cidat,
644 754 695 809 si
769 752 952 806 laicus
1027 754 1131 804 aut
1203 745 1560 815 monachus,
1637 741 2025 799 anathemati-

377 851 560 900 zetur.

379 935 513 990 CAP.
545 934 669 988 209.
703 961 772 972 --
801 932 876 986 De
920 928 1111 984 eadem
1156 927 1367 1050 re.22Ex
1411 923 1649 980 concilio
1694 921 2023 990 Parisiensi,

1077 1015 1196 1050 can.
1308 1039 1322 1050 .

1077 1015 1196 1070 cap.
1230 1015 1322 1053 zz.

449 1094 772 1165 Episcopus
806 1107 918 1146 non
952 1088 1270 1144 constituat
1300 1085 1667 1157 presbyteros
1698 1087 1800 1138 aut
1823 1083 2025 1138 diaco-

377 1200 484 1238 nos
511 1182 678 1238 alteri
709 1181 1004 1250 subjectos
1037 1176 1325 1248 episcopo,
1359 1175 1474 1230 nisi
1508 1173 1652 1228 forte
1683 1171 1927 1228 consilio
1967 1176 2025 1227 et

375 1275 672 1330 voluntate
701 1271 910 1341 ipsius.
944 1268 1003 1323 Si
1035 1266 1168 1338 quis
1201 1275 1396 1320 autem
1447 1263 1562 1320 tale
1605 1263 1824 1334 aliquid
1857 1277 2022 1332 agere

371 1360 700 1428 tentaverit,
726 1358 892 1412 irrita
914 1357 990 1412 sit
1011 1356 1139 1426 ejus
1170 1354 1481 1420 ordinatio,
1516 1357 1572 1408 et
1601 1352 1725 1424 ipse
1752 1368 2020 1408 coercea-

371 1458 466 1508 tur
492 1469 524 1504 a
555 1448 796 1520 synodo.

368 1543 503 1597 CAP.
533 1539 658 1592 210.
683 1567 752 1576 —
786 1537 850 1592 Ut
881 1533 1070 1588 nullus
1103 1533 1385 1603 cpiscopus
1416 1532 1477 1585 in
1505 1531 1740 1603 alterius
1783 1530 2020 1601 episcopi

435 1611 679 1683 para’cia
708 1608 777 1662 ad
805 1602 1209 1683 promotionern
1241 1603 1542 1683 ministerii
1587 1602 1837 1683 accedere
1864 1616 2015 1673 prae—

440 1673 764 1739 sumat..Ea:
792 1673 1026 1733 concilio
1056 1675 1406 1743 Antiocheno,
1437 1691 1560 1745 cap.
1597 1673 1682 1728 13.

2138 477 2259 528 tam
2293 474 2775 545 prasumptionis
2805 474 3114 529 audaciam
3133 477 3361 545 poterat
3375 475 3809 544 accusatusju-

2139 561 2290 616 dicio
2323 563 2594 634 praesenti
2621 563 2888 618 damnari
2912 563 2962 618 si
2985 563 3176 618 adhuc
3200 563 3257 618 in
3280 579 3519 635 corpore
3539 562 3802 634 positus,

2139 666 2255 704 non
2289 651 2496 706 fuisset
2527 653 2734 706 mortis
2781 652 3082 708 vocatione
3126 657 3474 723 praeventus.
3508 652 3620 707 Sed
3656 654 3804 724 quia

2138 737 2236 793 ille
2258 741 2515 796 examini
2537 739 2732 795 divino
2752 739 2990 797 relictus
3012 746 3121 806 est,
3147 741 3402 796 humano
3431 739 3660 810 judicio
3694 757 3802 796 ac—

2136 828 2330 883 cusari
2355 845 2470 884 non
2493 833 2712 901 potest;
2738 829 2831 885 his
2863 831 2964 902 qui
3010 834 3351 902 supersunt,
3384 835 3442 885 et
3471 831 3542 885 ab
3572 845 3641 885 eo
3676 847 3798 885 non

2136 919 2593 974 consecrationis
2623 918 2884 988 titulum,
2919 919 3019 975 sed
3052 919 3388 990 ignominia:
3438 919 3637 990 potius
3669 919 3802 974 elo-

2135 1005 2296 1077 gium
2322 1012 2727 1078 perceperunt,
2755 1024 2826 1063 ne
2844 1007 2958 1064 sibi
2980 1007 3279 1063 licentiam
3312 1007 3446 1064 talis
3479 1009 3798 1080 usurpatio

2134 1096 2332 1166 faciat,
2356 1097 2721 1154 decrevimus
2752 1103 2818 1154 ut
2842 1098 3026 1171 gradu
3060 1099 3402 1167 sacerdotis,
3435 1098 3522 1154 vel
3573 1099 3796 1156 levitici

2133 1185 2354 1242 ordinis
2388 1203 2568 1257 quem
2601 1204 2867 1259 perverse
2897 1189 3092 1259 adepti
3120 1195 3283 1254 sunt,
3316 1188 3591 1260 depositi,
3626 1206 3796 1259 aequo

2123 1273 2350 1344 judicio
2381 1275 2933 1346 abjiciantur.Tales
2955 1276 3113 1332 enim
3147 1277 3353 1332 merito
3376 1278 3628 1348 judicati
3653 1283 3799 1332 sunt

2131 1363 2488 1432 removendi,
2511 1364 2649 1436 quia
2679 1382 2855 1437 prave
2881 1365 3099 1420 inventi
3129 1372 3270 1420 sunt
3300 1366 3630 1422 constituti.

2129 1468 2263 1542 CAP.
2295 1469 2420 1524 214.
2453 1500 2524 1510 —
2574 1472 2633 1526 Ut
2683 1486 2795 1525 non
2839 1472 3018 1526 valeat
3067 1471 3337 1526 sententia
3383 1472 3643 1542 episcOpi,
3677 1471 3798 1524 nisi

2197 1540 2533 1597 clericorum
2574 1557 2800 1614 suorum
2840 1545 3149 1614 prementia
3176 1540 3449 1607 ﬁrmetur.
3484 1540 3570 1596 Bai
3598 1543 3794 1598 eodem

2195 1628 2341 1667 conc.
2374 1629 2494 1684 cap.
2525 1613 2596 1668 23
2626 1615 2793 1685 (conc.
2830 1613 3016 1670 Carlh.
3051 1631 3124 1680 ιν,
3158 1631 3277 1686 cap.
3309 1615 3420 1686 32).

2196 1701 2308 1768 (12,
2343 1719 2395 1772 q.
2427 1703 2482 1770 2,
2515 1718 2562 1757 c.
2599 1702 2729 1758 Sine
2768 1705 3133 1774 exceptione.)
3164 1705 3338 1757 Irrita
3380 1701 3492 1758 erit
3543 1706 3788 1758 senten-

442 1773 516 1844 (9,
551 1789 602 1844 q.
632 1771 689 1836 2,
719 1785 767 1823 c.
801 1767 1031 1823 Nullum
1087 1765 1440 1836 episc0pum.)
1472 1762 1681 1818 Nullus
1710 1762 2009 1836 episcopus

2186 1805 2210 1844 a
2240 1790 2646 1862 cpiscopi,nisi
2670 1791 3014 1848 clericorum
3037 1807 3279 1848 suorum
3303 1791 3616 1863 praesentia
3647 1807 3793 1848 con-

367 1877 436 1916 ex
468 1859 583 1914 alia
613 1855 908 1928 provincia
940 1853 1152 1909 audeat
1181 1853 1251 1906 ad
1288 1851 1464 1907 aliam
1494 1851 1912 1924 transgredi,et
1943 1853 2014 1907 ad

367 1947 793 2021 promotionem
828 1941 1138 1999 ministerii
1171 1941 1402 2012 aliquos
1441 1941 1499 1995 in
1552 1941 1825 1997 Ecclesiis
1855 1941 2016 1996 ordi-

367 2055 528 2107 nare,
551 2037 686 2091 licet
716 2047 1067 2090 consensum
1102 2034 1356 2101 praebere
1385 2030 1694 2085 videantur
1723 2029 2014 2102 nonnulli,

368 2127 484 2182 nisi
513 2124 725 2180 litteris
779 2127 894 2178 tam
947 2119 1401 2191 metropolitani,
1435 2135 1609 2190 quam
1673 2123 2014 2174 ceterorum

365 2215 796 2288 episcoporum,
830 2210 931 2284 qui
971 2226 1102 2266 cum
1151 2225 1218 2264 eo
1264 2213 1424 2275 sunt,
1455 2211 1691 2280 rogatus
1722 2208 2012 2276 adveniat,

365 2309 422 2361 et
453 2305 538 2360 sic
565 2303 634 2358 ad
669 2301 958 2358 actionem
1005 2297 1392 2354 ordinationis
1441 2297 1698 2352 accedat.
1749 2297 1806 2351 Si
1857 2313 2011 2362 vero,

365 2393 527 2450 nullo
553 2395 816 2456 vocante,
847 2389 1178 2445 inordinate
1229 2402 1390 2442 more
1437 2386 1784 2458 deproperet
1839 2403 2016 2458 super

363 2483 664 2556 aliquibus
695 2477 1167 2536 ordinationibus
1192 2481 1251 2532 et
1282 2475 1697 2532 ecclesiasticis
1742 2474 2012 2546 negotiis,

363 2575 432 2630 ari
458 2589 591 2629 eum
616 2587 727 2626 non
749 2567 1196 2643 pertinentibus,
1220 2564 1662 2636 componendis,
1687 2564 1848 2619 irrita
1881 2565 2012 2636 qui«

361 2665 494 2718 dem
527 2678 654 2734 quae
687 2660 757 2715 ab
787 2675 854 2714 eo
885 2660 1172 2730 geruntur
1200 2654 1603 2724 existant,ipse
1635 2670 1765 2708 vero
1795 2653 2015 2709 incom-

365 2750 540 2824 positi
573 2753 768 2805 motus
808 2747 899 2802 sui
926 2751 982 2801 et
1013 2742 1432 2800 irrationabilis
1493 2743 1747 2798 audaciae
1807 2743 2016 2798 subeat

364 2840 756 2907 ultionem,ex
786 2836 895 2891 hoc
919 2835 1041 2906 jam
1075 2834 1392 2890 damnatus
1423 2848 1455 2886 a
1487 2836 1690 2887 sancto
1746 2833 2010 2889 concilio.

365 2949 500 3004 CAP.
529 2946 657 3001 211.
691 2975 760 2986 —
788 2945 865 2999 Ne
889 2941 1172 3013 episcopus
1193 2939 1425 2994 alterius
1454 2939 1708 3013 Ecclesiae
1755 2939 2015 3013 clericum

436 3021 698 3075 audacter
755 3010 1011 3070 invadere
1067 3011 1282 3067 audeat.
1335 3013 1417 3065 Ea:
1471 3010 1702 3066 concilio
1759 3010 2014 3077 Nicceno,

433 3091 1003 3249 (Stipqdizppiscopus
1035 3171 1310 3227 clericum
1345 3171 1414 3224 ad
1449 3169 1628 3224 alium
1662 3169 1853 3225 locum
1890 3187 2013 3241 per-

363 3269 652 3325 tinentem
684 3267 960 3322 audacter
987 3261 1262 3317 invadere
1293 3267 1346 3316 et
1377 3259 1434 3314 in
1467 3275 1575 3314 sua
1610 3258 1870 3315 Ecclesia
1921 3277 2013 3316 or-

361 3360 564 3415 dinare
596 3353 922 3418 tentaverit,
949 3367 1062 3405 non
1093 3348 1496 3404 consentiente
1526 3347 1800 3419 episc0po
1832 3365 1865 3403 a
1893 3365 2008 3420 quo

360 3444 652 3510 discessit,
689 3438 977 3498 ordinatio
1008 3435 1350 3507 hujusmodi
1383 3433 1546 3489 irrita
1575 3435 2006 3505 comprobetur.

361 3553 498 3608 CAP.
529 3552 655 3603 212.
687 3577 757 3589 —
793 3551 871 3601 De
899 3561 1008 3600 non
1035 3542 1435 3615 praesumenda
1460 3541 1674 3597 illicitis
1699 3541 2006 3599 ordinatio-

429 3623 612 3678 nibus.
645 3622 730 3674 Ea:
772 3616 1000 3688 epistola
1059 3615 1342 3686 Simplicii
1369 3629 1531 3685 papae
1560 3615 1731 3688 missa
1763 3615 2006 3686 Equitio,

429 3694 746 3749 Florentino
775 3687 826 3746 et
855 3691 1051 3744 Severo
1079 3689 1370 3758 episcOpis,
1402 3702 1524 3754 cap.
1561 3687 1610 3739 1.

427 3781 648 3838 Relatio
680 3798 784 3837 nos
818 3787 1018 3835 vestras
1051 3776 1383 3832 dilectionis
1414 3775 1713 3844 instruxit,
1733 3779 1789 3829 et
1818 3778 2007 3846 gesto-

354 3890 484 3928 rum
505 3872 684 3928 series
707 3869 935 3943 plenius
954 3863 1661 3927 intimavit,Gaudentium
1681 3863 2006 3917 ()siniensis

351 3961 621 4018 Ecclesia
647 3957 1247 4018 sacerdotem,contra
1270 3956 1491 4006 statuta
1512 3967 1800 4004 canonum
1824 3967 1888 4004 ac
1908 3967 2007 4006 no-

349 4056 472 4108 stra
522 4053 830 4123 praecepta,
875 4041 1274 4102 ordinationes
1327 4039 1560 4093 illicitas
1611 4045 2001 4110 perpetrasse,

347 4157 594 4214 quarum
620 4139 702 4194 illi
727 4142 904 4192 totam
929 4131 1163 4207 penitus
1185 4128 1397 4184 auferri
1431 4127 1806 4199 praecipimus
1839 4133 2002 4199 pote-

347 4236 579 4286 statem.
616 4226 976 4298 Scripsimus
1023 4221 1181 4277 enim
1233 4220 1301 4274 ad
1353 4221 1629 4272 Severum
1679 4217 1916 4271 fratrem
1948 4221 2005 4272 et

350 4320 763 4390 coepiscopum
797 4318 1088 4380 nostrum,
1117 4315 1202 4376 ut,
1227 4308 1273 4364 si
1298 4321 1534 4363 necesse
1567 4305 1763 4373 fuerit,
1793 4307 1917 4377 ipse
1941 4306 2000 4362 in

345 4407 688 4480 supradicta
702 4397 1374 4467 Ecclesia,consideratis
1388 4397 1624 4451 Patrum
1646 4394 2001 4466 regulis,hoc

2128 1877 2416 1935 firmetur.

2125 1986 2252 2041 (ΣΑΡ.
2276 1986 2401 2041 215.
2428 2017 2496 2029 --
2523 1988 2588 2044 Ut
2617 1989 2898 2059 episcopus
2922 1987 3219 2043 secundum
3248 1986 3495 2042 redditus
3524 1989 3790 2044 ecclesia-

2196 2074 2318 2132 rum
2351 2075 2644 2114 numerum
2674 2060 3005 2117 clericorum
3033 2062 3224 2130 faciat.
3256 2060 3340 2114 Ea:
3379 2060 3610 2115 concilio
3639 2060 3784 2132 Spa-
3887 2087 3892 2091 ~

2197 2129 2355 2199 (ensi,
2387 2146 2506 2202 cap.
2544 2133 2592 2184 1.

2193 2215 2274 2271 Ne
2306 2217 2526 2288 passim
2577 2216 2893 2288 episcopus
2942 2217 3383 2272 multitudinem
3433 2215 3784 2274 clericorum

2123 2305 2316 2372 faciat,
2337 2305 2432 2360 sed
2459 2307 2787 2362 secundum
2813 2307 3085 2362 meritum
3109 2306 3197 2363 vel
3223 2306 3488 2362 redditus
3505 2305 3787 2362 ecclesia-

2122 2410 2253 2448 rum
2286 2410 2598 2450 numerum
2634 2395 2988 2451 moderetur.

2120 2501 2252 2557 Cnp.
2282 2503 2404 2556 1’16.
2437 2531 2507 2543 —
2532 2503 2606 2557 De
2653 2504 2916 2573 episcopis
2961 2503 3295 2574 peregrinis.
3331 2503 3412 2558 Ea:
3455 2517 3608 2559 conc.
3643 2503 3780 2559 Are-

2660 2575 2882 2630 latensi.
2918 2591 2958 2646 I,
2991 2592 3110 2646 cap.
3138 2575 3228 2628 20.

2194 2663 2270 2720 De
2299 2661 2588 2735 episcopis
2646 2663 2965 2735 peregrinis
2997 2663 3097 2734 qui
3129 2664 3185 2717 in
3219 2663 3424 2718 urbem
3458 2662 3649 2719 solent
3680 2680 3779 2719 ve-

2124 2753 2270 2821 nire,
2293 2769 2440 2824 quos
2472 2752 2755 2808 veraciter
2785 2752 3090 2824 episcopos
3117 2752 3340 2807 scimus
3371 2768 3518 2820 esse,
3552 2750 3784 2824 placuit

2125 2843 2210 2897 eis
2241 2842 2435 2897 locum
2465 2842 2590 2897 dari
2624 2846 2686 2896 ut
2711 2842 2978 2898 offerant.

2124 2949 2252 3006 CAP.
2284 2949 2409 3004 217.
2446 2979 2512 2988 —
2560 2949 2620 3006 Ut
2667 2949 2907 3020 episcopi
2953 2945 3174 3004 levitate
3225 2955 3502 3020 vagantes,
3531 2947 3602 3003 ad
3645 2964 3776 3020 pro-

2191 2965 2409 3005 e211.
2446 2979 2512 2988 —
2560 2965 2620 3006 υι
2667 2965 2905 3020 episcopi
2953 2965 3174 3004 levitate
3225 2965 3502 3018 vagantes,
3531 2965 3601 3003 aa
3630 2965 3776 3073 ἕνο-

2191 3023 2322 3092 pria
2343 3021 2523 3076 redire
2544 3029 2828 3089 cogantur.
2854 3022 2934 3074 Ex
2956 3023 3197 3090 Registro
3237 3019 3487 3087 Gregorii
3521 3020 3592 3074 ad
3671 3037 3776 3091 ya-

2197 3095 2382 3164 grium
2411 3094 2719 3163 episcopum
2744 3092 3306 3162 Augustodunensem,
3329 3108 3448 3161 cap.
3475 3093 3594 3146 122.
3630 3093 3775 3163 (Lib.

2197 3181 2298 3234 vn,
2329 3181 2420 3236 ep.
2456 3164 2578 3228 119,
2604 3180 2698 3218 seu
2727 3179 2844 3234 cap.
2879 3165 3028 3230 117.)
3597 3225 3615 3234 ,

2193 3272 2338 3326 Cum
2372 3270 2694 3326 sacerdotis
2750 3269 3007 3341 dignitas
3068 3267 3324 3324 eminere
3374 3269 3664 3337 videatur,
3698 3269 3782 3324 ita

2121 3359 2393 3432 quisquis
2422 3375 2492 3414 ea
2521 3359 2826 3414 ordinatus
2861 3359 3146 3429 [ornatus]
3181 3361 3291 3426 est,
3313 3358 3539 3413 cunctis
3561 3375 3624 3413 se
3648 3359 3778 3412 imi-

2119 3450 2366 3506 tandum
2397 3449 2568 3504 debet
2597 3448 2922 3514 ostendere,
2954 3453 3018 3502 ut
3061 3447 3326 3518 exemplo
3359 3447 3450 3501 sui
3487 3445 3631 3501 nulli
3666 3465 3777 3501 no-

2118 3555 2268 3607 cere,
2292 3539 2393 3594 sed
2441 3539 2620 3594 vitam
2663 3537 2858 3608 potius
2888 3537 3075 3592 valeat
3103 3553 3451 3608 componere
3482 3538 3777 3608 subjecto-

2117 3644 2271 3684 rum.
2303 3629 2450 3684 Nam
2492 3627 2543 3682 si
2591 3633 2758 3682 actus
2814 3626 3166 3682 dissentiant
3195 3643 3229 3682 a
3259 3626 3516 3694 nomine,
3547 3633 3775 3698 quanto

2117 3718 2488 3790 pontiﬁcatus
2536 3716 2663 3788 ipse
2714 3716 2845 3787 plus
2893 3715 3084 3786 erigit,
3116 3719 3278 3770 tanto
3328 3715 3516 3786 magis
3567 3716 3780 3786 abjicit

2114 3807 2399 3878 [addicit].
2436 3807 2633 3876 Itaque
2687 3805 3018 3859 Mennatem
3051 3805 3394 3875 episcopum
3427 3807 3772 3876 quemdam,

2113 3897 2211 3967 qui
2245 3895 2384 3950 illuc
2415 3897 2482 3949 de
2513 3894 2746 3948 direcesi
2806 3900 3015 3948 nostras
3065 3893 3456 3948 ordinationis
3507 3895 3773 3965 [ὀίωοθεὶ

2115 3985 2388 4040 Romanae
2431 3981 2696 4038 Ecclesia:
2747 3989 2947 4038 nostra
2995 3982 3385 4052 ordinatione,
3419 3984 3577 4053 etc.,]
3631 4001 3769 4054 pro-

2112 4074 2297 4128 fectus
2328 4077 2437 4142 est,
2480 4072 2538 4126 in
2567 4075 2734 4127 tanta
2764 4088 2826 4127 se
2855 4071 3086 4126 levitate
3118 4071 3434 4126 didicimus
3465 4071 3768 4140 exhibere,

2111 4168 2177 4218 ut
2207 4167 2265 4218 et
2294 4161 2462 4216 nobis
2497 4162 2568 4216 de
2605 4177 2672 4216 eo
2705 4162 2892 4230 major
2921 4160 2999 4215 sit
3028 4159 3397 4226 verecundia,
3429 4165 3488 4215 et
3517 4160 3602 4214 illi
3633 4163 3768 4232 epi-

2113 4256 2386 4324 scopatus
2437 4266 2648 4305 nomen
2698 4267 2811 4304 non
2864 4249 2940 4304 sit
2988 4249 3215 4316 honori,
3251 4249 3354 4304 sed
3385 4248 3567 4304 oneri.
3602 4251 3769 4314 Quod

2114 4341 2254 4412 quia
2274 4340 2514 4411 pudoris
2537 4339 2708 4393 nobis
2731 4343 2820 4393 est
2842 4339 2912 4393 de
2937 4354 3002 4393 eo
3028 4337 3127 4392 illa
3144 4354 3515 4408 cognoscere,
3548 4356 3677 4411 qua
3711 4341 3772 4396 in

2113 4430 2360 4485 aliarum
2377 4429 2806 4500 provinciarum
2827 4427 3066 4482 omnino
3084 4427 3570 4498 reprehendimus
3583 4445 3770 4484 sacer-

345 4491 856 4566 fungaturomcm’
880 4506 995 4561 quo
1028 4487 1125 4586 “1,8
1157 4489 1379 4586 am?”
1409 4500 1536 4540 esse
1562 4483 1867 4586 “Enviftus
1893 4489 2002 4586 εἶπ’
2038 4499 2082 4563 Ῑ)
2115 4483 2740 4586 dotibus,‘fraternitas
2770 4522 2964 4572 vestra
2994 4533 3128 4572 eum
3149 4483 3280 4570 ‘illic
3308 4517 3609 4572 immorari
3639 4535 3769 4573 am-

346 4590 410 4641 ut
443 4564 504 4639 hi
530 4583 631 4654 qui
665 4580 864 4636 illicite
895 4579 965 4634 ab
997 4577 1200 4633 eodem
1235 4564 1359 4630 sint
1381 4573 1660 4646 provecti,
1693 4573 1766 4628 ab
1815 4572 2002 4629 eccle-

347 4672 600 4729 siasticis
632 4667 981 4726 ministeriis
1013 4666 1133 4721 sint
1165 4664 1395 4719 remoti.

347 4764 479 4819 CAP.
511 4761 636 4815 213.
671 4789 736 4800 —
769 4759 842 4812 De
870 4755 1204 4826 depositione
1241 4769 1428 4808 eorum
1487 4751 1593 4826 qui
1635 4750 1724 4826 ab
1759 4751 2004 4826 episcopo

417 4849 513 4888 suo
543 4830 729 4887 solum
756 4821 963 4884 manus
993 4827 1424 4896 impositionem,
1459 4821 1511 4878 et
1537 4823 1605 4876 ab
1644 4822 1755 4876 alio
1787 4821 2004 4890 presby-

420 4910 532 4960 tero
563 4904 834 4973 reliquam
865 4895 1130 4973 ordinum
1161 4895 1591 4973 benedictionem
1627 4901 1999 4964 susceperunt.

420 4979 503 5032 Ea:
529 4967 762 5031 conci-lio
795 4969 1253 5038 Carthaginiensi,
1282 4983 1401 5037 cap.
1433 4967 1488 5020 5.

418 5067 496 5122 Ad
528 5062 926 5136 cognitionem
954 5057 1135 5114 nostri
1163 5054 1449 5111 examinis
1469 5053 1858 5108 Gabrenensis
1877 5052 2003 5107 dia-

341 5155 472 5212 coni
505 5155 688 5210 relatu
725 5149 1007 5223 pervenit,
1039 5148 1109 5201 de
1141 5145 1496 5217 quibusdam
1529 5143 1762 5214 [tribus]
1813 5141 2002 5213 ipsius

341 5245 611 5302 Ecclesiae
645 5240 896 5304 clericis,
931 5237 1085 5310 quod
1120 5236 1262 5290 dum
1295 5249 1449 5288 unus
1501 5232 1573 5288 ad
1630 5231 1998 5303 presbyterii,

344 5339 458 5391 duo
519 5336 589 5391 ad
650 5331 961 5388 levitarum
1021 5323 1416 5381 ministerium
1500 5328 1997 5387 consecrarentur,

337 5426 649 5495 episcopus
680 5436 903 5483 eorum,
937 5415 1239 5472 oculorum
1273 5412 1471 5468 dolore
1504 5411 1797 5476 detentus,
1820 5410 2002 5465 fertur

340 5528 580 5567 manum
611 5526 781 5568 suam
810 5523 989 5579 super
1017 5505 1125 5562 bos
1156 5507 1397 5559 tantum
1433 5499 1724 5574 posuisse,
1747 5503 1803 5554 et
1832 5513 1997 5569 pres-

343 5597 611 5670 byterum
635 5597 952 5669 quemdam
984 5592 1100 5650 illis
1130 5596 1332 5649 contra
1357 5586 1818 5647 ecclesiasticum
1841 5584 1996 5642 ordi-

2114 4606 2269 4678 plius
2301 4625 2414 4662 non
2451 4607 2773 4679 permittat,
2798 4608 2900 4662 sed
2930 4607 3000 4662 ad
3037 4623 3141 4662 nos
3173 4607 3525 4678 quantocius
3558 4610 3768 4664 reverti

2113 4695 2446 4766 compellat,
2480 4712 2546 4751 ac
2579 4696 2767 4768 magis
2799 4697 3036 4750 inventa
3085 4713 3186 4768 per
3231 4695 3429 4752 omnia
3459 4698 3767 4752 occasione

2111 4783 2500 4850 transmittat,
2525 4787 2591 4836 ut
2619 4784 2730 4838 sub
2762 4799 2826 4838 ea
2856 4800 2972 4854 qua
3002 4783 3244 4854 dignum
3277 4788 3365 4838 est
3396 4784 3774 4840 observantia

2112 4871 2462 4937 refrenatus,
2491 4871 2800 4928 swculares
2834 4888 3026 4927 mores
3059 4872 3131 4926 ad
3164 4872 3586 4928 sacerdotalem
3641 4881 3768 4929 stu-

2110 4961 2245 5016 deat
2274 4966 2611 5018 convertere
2641 4961 3002 5033 gravitatem.
3039 4961 3185 5018 Nam
3220 4962 3363 5017 satis
3404 4962 3646 5019 noxium
3680 4967 3771 5019 at-

2111 5066 2225 5121 que
2272 5049 2666 5120 perniciosum
2705 5056 2792 5105 est
2825 5057 2887 5105 ut
2918 5049 3247 5106 imitatione
3276 5049 3464 5122 ipsius
3496 5053 3595 5123 qui
3623 5053 3770 5109 aedi-

2111 5139 2271 5194 ﬁcari
2303 5139 2628 5194 debuerant
2659 5140 3055 5206 destruantur,
3079 5140 3138 5194 in
3188 5155 3304 5211 qua
3335 5157 3394 5194 re
3424 5157 3538 5198 non
3572 5141 3768 5199 solum

2110 5228 2209 5284 ille
2239 5226 2571 5299 culpabilis,
2611 5228 2710 5282 sed
2743 5228 2917 5282 etiam
2951 5227 3052 5298 qui
3082 5244 3194 5282 non
3229 5228 3511 5284 restiterit
3541 5231 3767 5286 inveni-

2107 5322 2223 5373 tur.
2259 5317 2405 5371 Nam
2439 5315 2768 5371 consentire
2799 5317 3031 5372 videtur
3059 5316 3301 5385 erranti,
3335 5317 3435 5388 qui
3470 5320 3768 5390 corrigen-

2110 5406 2205 5469 da,
2221 5409 2283 5458 ut
2305 5403 2553 5458 resecari
2574 5405 2852 5472 debeant,
2875 5421 2989 5460 non
3019 5405 3294 5462 occurrit.
3316 5405 3461 5470 Quia
3478 5423 3615 5462 vero
3634 5411 3768 5478 qui-

2107 5493 2241 5548 dam
2265 5493 2608 5549 Theodorus
2621 5494 2934 5565 episcopus
2949 5494 3264 5550 dedicecesi
3289 5496 3766 5554 reverendissimi

2108 5583 2303 5640 fratris
2347 5581 2532 5638 nostri
2591 5583 2918 5641 Constantii
2977 5583 3432 5642 Mediolanensis
3488 5585 3766 5646 Ecclesia
