3978 6060
120 265 235 319 389

833 257 1148 313 DECRETI
1185 257 1371 310 PARS
1406 256 1477 307 V.
1508 281 1581 293 -—
1618 254 1713 305 DE
1754 253 2080 307 PBIMATU
2116 253 2290 308 BOM.
2332 253 2646 320 ECCLBS.,
2686 257 2847 310 ETC.

3444 257 3551 313 390

123 386 409 460 episcOpi,
444 383 822 456 disciplinain
856 381 940 451 (ut
974 379 1210 447 dicitur)
1244 378 1487 441 evitans,
1523 376 1661 431 illuc
1690 392 1787 432 ve-
1818 378 1871 442 Α
1972 374 2236 460 genialia:
2265 375 2508 460 [legisti-9
2557 376 3429 460 Gregorii,_universi§hepiscopis
3454 399 3555 455 per

123 478 287 533 nisse
324 476 611 539 firmatur,
645 473 974 538 hortamur,
1006 477 1072 525 ut
1101 473 1156 525 et
1186 469 1298 523 isto
1330 466 1674 537 diligentius
1696 481 1789 519 re-

126 566 450 640 quisito,ad
477 565 816 636 episcopum
840 577 1014 616 suum
1032 564 1224 615 vestra
1240 557 1575 612 fraternitas
1594 561 1788 610 trans-

128 656 350 711 mittat.
378 656 443 709 Et
465 654 602 724 quia
626 653 781 708 sicut
802 651 1041 723 legitur,
1066 650 1172 717 Qui
1196 647 1387 717 objicit
1410 646 1787 717 disciplinam,

129 743 349 816 infelix
394 748 471 799 est
512 743 661 813 (Sap.
697 741 801 812 ιιι),
855 738 1018 795 nulla
1067 755 1201 793 eum
1250 736 1370 791 illic
1419 734 1791 790 excusatione

129 834 444 906 patiamini
472 833 745 898 retinere,
779 836 1077 902 quatenus
1108 846 1175 883 ex
1198 827 1290 883 his
1314 828 1413 899 qui
1444 825 1662 881 levitati
1694 841 1792 879 eo-

132 940 268 981 rum
300 923 435 978 vitio
468 925 716 995 possunt
739 919 953 991 decipi,
976 918 1321 985 liberentur,
1353 920 1409 971 et
1437 916 1508 970 de
1532 914 1675 985 ipsis
1698 914 1801 969 ha-

131 1016 271 1069 bere
306 1013 655 1079 mercedem,
694 1028 764 1065 ne
796 1009 906 1064 hac
956 1006 1205 1064 stultitia
1237 1008 1495 1078 pereant,
1528 1002 1792 1059 valeatis.

129 1139 264 1193 CAP.
300 1138 425 1190 21%.
471 1167 542 1176 —
591 1134 857 1205 Quen/tiu
904 1134 1185 1201 episcopus
1216 1133 1295 1205 _in
1345 1130 1532 1184 aliena
1578 1129 1796 1205 civitate

222 1209 436 1263 morari
463 1201 675 1262 debeat.
709 1207 790 1260 Ea:
818 1205 1052 1259 concilio
1084 1201 1421 1269 bardicensi,
1455 1216 1577 1271 cap.
1613 1201 1699 1255 14.

206 1323 381 1378 Osius
412 1322 724 1393 episcopus
775 1320 920 1375 dixit
962 1337 975 1374 :
1019 1319 1085 1373 Et
1114 1318 1223 1373 hoc
1267 1332 1500 1388 quoque
1541 1319 1795 1371 statuere

138 1413 385 1478 debetis,
409 1418 474 1467 ut
495 1429 561 1467 ex
585 1412 697 1467 alia
724 1411 955 1466 civitate
985 1424 1117 1464 cum
1137 1408 1359 1463 venerit
1379 1406 1688 1478 episcopus
1721 1407 1791 1460 ad

139 1502 318 1557 aliam
342 1501 739 1566 civitatem,et,
765 1498 1075 1554 ambitioni
1100 1497 1284 1569 magis
1307 1512 1481 1568 quam
1506 1494 1795 1550 devotioni

140 1591 426 1655 serviens,
452 1590 703 1645 voluerit
725 1590 782 1643 in
816 1587 930 1643 alia
958 1586 1188 1643 civitate
1213 1586 1397 1641 multo
1428 1589 1690 1655 tempore
1714 1600 1797 1639 re-

144 1682 356 1749 sidere,
386 1680 530 1735 forle
561 1679 717 1735 enim
748 1680 941 1733 evenit
988 1676 1330 1748 episcopum
1380 1674 1487 1729 loci
1522 1690 1636 1728 non
1668 1689 1797 1728 esse

142 1776 264 1824 tam
298 1771 650 1823 instructum
683 1783 871 1838 neque
901 1771 1019 1819 tam
1046 1766 1305 1833 doctum,
1339 1762 1387 1817 is
1415 1778 1548 1816 vero
1572 1760 1671 1832 qui
1694 1761 1798 1816 ad-
1830 1760 1878 1824 B

142 1859 305 1914 venit
333 1858 574 1929 incipiat
600 1863 972 1911 contemnere
990 1870 1147 1920 eum,
1172 1857 1229 1907 et
1249 1853 1585 1923 frequenter
1616 1852 1803 1905 facere

145 1963 499 2015 sermonem,
517 1950 582 2000 ut
601 1945 950 2000 dehonestet
967 1947 1023 1997 et
1039 1941 1297 1996 infirmet
1319 1941 1445 2010 ejus
1469 1955 1804 2011 personam.

144 2038 231 2091 ita
265 2040 329 2090 ut
360 2036 465 2090 hac
497 2034 802 2090 occasione
835 2049 949 2087 non
983 2032 1215 2085 dubitet
1256 2030 1589 2100 relinquere
1618 2028 1805 2100 assig-

147 2130 351 2181 natam
381 2124 491 2179 sibi
524 2122 840 2178 Ecclesiam
873 2125 930 2176 et
958 2124 1221 2175 transeat
1242 2120 1310 2173 ad
1337 2118 1658 2174 alienam...
1688 2117 1805 2173 Dif.

148 2216 315 2269 finite
347 2214 525 2285 igitur
556 2217 844 2283 tempora,
864 2209 1003 2282 quia
1031 2213 1088 2264 et
1115 2225 1230 2262 non
1264 2207 1443 2279 recipi
1466 2207 1805 2278 episcopum

148 2304 545 2359 inhumanum
569 2306 677 2372 est,
701 2307 759 2356 et
790 2299 838 2355 si
872 2298 1090 2354 diutius
1115 2297 1385 2364 resideat,
1410 2296 1807 2368 perniciosum

152 2400 262 2450 est.
296 2397 413 2448 Hoc
443 2409 579 2464 ergo
614 2407 684 2446 ne
718 2390 835 2454 fiat,
862 2388 1284 2462 providendum
1311 2390 1417 2441 est.
1452 2386 1687 2441 Memini
1711 2403 1810 2441 au-

152 2488 276 2539 tem
307 2481 593 2553 superiori
626 2479 873 2535 concilio
906 2479 1114 2533 fratres
1146 2479 1377 2531 nostros
1410 2473 1807 2541 constituisse,

159 2576 225 2627 ut
256 2570 306 2625 si
341 2570 475 2641 quis
506 2568 692 2625 laicus
715 2568 772 2622 in
804 2584 871 2622 ea
902 2566 959 2620 in
994 2583 1108 2638 qua
1131 2569 1530 2621 commoratur
1556 2563 1809 2633 civitate,

156 2664 415 2732 quatuor
438 2657 771 2713 Dominicos
794 2657 941 2725 dies,
962 2656 1020 2709 id
1052 2659 1158 2724 est,
1186 2670 1286 2726 per
1306 2657 1425 2707 tres
1449 2652 1813 2723 septimanae

156 2766 277 2805 non
310 2747 665 2803 celebrasset
708 2749 1078 2814 conventum,
1113 2742 1528 2799 communione
1559 2741 1813 2812 privare-

154 2844 275 2893 tur.
308 2837 370 2892 Si
403 2837 524 2892 haac
555 2836 708 2891 circa
738 2834 915 2890 laicus
946 2834 1262 2889 constituta
1293 2835 1451 2900 sunt,
1487 2830 1672 2884 multo
1695 2845 1814 2884 ma-

158 2926 249 2999 gis
279 2925 618 2996 episcopum
652 2940 756 2980 nec
786 2923 943 2989 licet,
976 2939 1078 2977 nec
1101 2923 1287 2990 decet,
1319 2920 1367 2975 si
1400 2918 1562 2974 nulla
1593 2918 1672 2974 sit
1693 2922 1812 2972 tam

158 3014 355 3087 gravis
379 3014 697 3069 necessitas
725 3029 853 3084 qua)
876 3012 1155 3079 detineat,
1185 3015 1246 3065 ut
1268 3008 1524 3081 amplius
1549 3026 1583 3063 a
1605 3024 1815 3080 supra-

160 3105 320 3159 dicto
352 3108 613 3175 tempore
648 3102 859 3158 absens
891 3101 966 3157 sit
996 3102 1067 3157 ab
1098 3100 1357 3157 Ecclesia
1388 3116 1513 3155 sua.
1548 3095 1812 3154 Universi
1845 3128 1888 3194 Ο

162 3192 439 3272 dixerunt
470 3190 695 3263 placere
728 3190 862 3246 sibi.

163 3318 297 3373 CAP.
328 3316 455 3370 219.
488 3344 556 3355 —-
607 3315 678 3370 De
723 3313 1087 3383 suscipiendis
1134 3313 1401 3385 episcopis
1447 3313 1546 3385 qui
1570 3325 1820 3383 persecu-

428 3386 631 3441 tionem
651 3389 962 3458 patiuntur.
997 3387 1079 3440 Ea:
1104 3384 1287 3441 eodem
1319 3400 1436 3455 cap.
1471 3384 1560 3438 21.

242 3493 421 3549 Osius
448 3492 758 3564 episcopus
807 3492 951 3547 dixit
985 3508 997 3548 :
1032 3493 1387 3561 Suggerente
1433 3490 1611 3545 fratre
1639 3492 1697 3544 et
1728 3505 1822 3544 co-

165 3583 444 3653 episcopo
478 3587 676 3636 nostro
715 3581 1004 3652 Olympio,
1037 3580 1216 3634 etiam
1268 3579 1376 3633 hoc
1408 3577 1647 3650 placuit,
1680 3582 1745 3631 ut
1773 3577 1824 3632 si

167 3671 387 3741 aliquis
421 3670 534 3723 vim
567 3686 883 3741 perpessus
913 3675 1025 3733 est,
1049 3673 1107 3725 et
1137 3668 1335 3740 inique
1367 3666 1682 3737 expulsus;
1719 3683 1823 3737 pro

167 3745 489 3830 disciplina
517 3763 575 3813 et
618 3758 903 3813 catholica
954 3758 1341 3825 confessione,
1375 3754 1461 3810 vel
1494 3772 1595 3825 pro
1627 3754 1825 3809 defen-

166 3848 335 3903 sione
367 3847 627 3901 veritatis
650 3848 934 3917 effugiens
968 3846 1245 3917 pericula,
1278 3846 1561 3900 innocens
1582 3847 1639 3898 et
1659 3844 1826 3898 devo-

164 3942 265 3992 tus
287 3938 361 3991 ad
387 3936 562 3990 aliam
587 3937 808 3991 venerit
829 3936 1145 4002 civitatem,
1172 3951 1285 3989 non
1310 3933 1693 4005 prohibeatur
1712 3931 1828 3986 im-

172 4025 411 4089 morari,
446 4024 700 4094 quandiu
735 4024 924 4080 redire
954 4024 1160 4093 possit,
1194 4029 1297 4078 aut
1328 4022 1547 4090 injuria
1577 4023 1704 4091 ejus
1735 4037 1829 4076 re-

173 4114 435 4169 medium
468 4112 776 4183 acceperit,
800 4112 939 4183 quia
971 4113 1189 4166 durum
1221 4116 1310 4166 est
1339 4127 1473 4165 eum
1506 4108 1605 4180 qui
1639 4126 1829 4180 perse-

171 4202 471 4258 cutionem
499 4203 716 4272 patitur
740 4218 854 4256 non
890 4201 1090 4273 recipi,
1120 4200 1293 4255 etiam
1320 4205 1375 4255 et
1394 4199 1559 4269 larga
1590 4199 1830 4254 benevo.

168 4291 355 4347 lentia
381 4295 437 4344 et
467 4290 806 4345 humanitas
839 4290 887 4343 ei
921 4295 1010 4345 est
1038 4288 1380 4344 exhibenda.
1415 4288 1619 4342 Omnis
1652 4304 1829 4359 syno-

168 4381 283 4434 dus
314 4379 460 4433 dixit
496 4396 508 4431 :
544 4378 828 4433 Uoiversa
860 4395 983 4445 quae
1010 4379 1329 4432 constituta
1353 4382 1514 4439 sunt,
1542 4376 1831 4431 catholica

168 4467 435 4523 Ecclesia
477 4469 746 4522 universo
796 4469 933 4522 orbe
985 4468 1199 4522 diffusa
1246 4466 1561 4521 custodiat.

170 4556 540 4626 scripserunt
570 4571 774 4611 omnes
807 4555 906 4627 qui
940 4563 1350 4611 convenerant.

173 4680 313 4736 CAP.
342 4680 463 4735 2‘20.
482 4710 547 4720 -—
573 4685 649 4735 De
670 4681 783 4735 illis
803 4681 901 4749 qui
928 4695 982 4733 se
1003 4679 1192 4733 dicunt
1208 4680 1481 4749 episcOpos
1511 4693 1642 4732 esse.
1668 4679 1828 4732 Conc.

252 4697 313 4735 p.
343 4696 463 4735 zzu.
482 4710 547 4720 -—
573 4696 649 4735 ue
670 4696 783 4735 tuis
841 4696 897 4734 ui
928 4696 982 4733 se
1003 4696 1192 4733 dicunt
1208 4696 1481 4749 episcopos
1511 4696 1642 4732 esse.
1668 4696 1756 4731 uo;

252 4754 521 4819 Remensi,
555 4768 675 4823 cap.
709 4752 773 4805 43
803 4696 1030 4822 l(Iconcil.
1066 4751 1458 4815 Cabillonensi,
1492 4765 1611 4815 cap.
1647 4749 1756 4819 43).

254 4852 404 4907 Sunt
442 4851 501 4906 in
552 4850 906 4923 quibusdam
960 4849 1104 4906 locis
1155 4848 1335 4917 Scoti,
1370 4852 1426 4903 et
1457 4847 1554 4902 alii
1609 4847 1835 4902 erronei

178 4941 284 5013 qui
318 4956 380 4995 se
412 4941 617 4996 dicunt
639 4940 943 5012 episcOpos
966 4942 1185 5007 esse,et
1219 4937 1437 4992 multos
1471 4936 1834 5007 negligentes

176 5031 405 5101 absque
437 5030 673 5085 licentia
704 5030 1077 5085 dominorum
1103 5044 1346 5082 suorum
1380 5026 1498 5081 sive
1531 5026 1833 5097 magistro-

176 5138 312 5177 rum
332 5137 575 5176 suorum
601 5121 968 5192 presbyteros
986 5123 1043 5174 et
1065 5118 1341 5173 diaconos
1362 5118 1654 5172 ordinant.
1686 5115 1835 5179 Quo-

178 5228 315 5266 rum
341 5210 794 5276 ordinationem,
817 5208 955 5280 quia
977 5207 1323 5280 plerumque
1344 5206 1549 5261 incidit
1571 5206 1836 5261 haeresim

179 5301 348 5372 [forte
377 5299 644 5369 haeresis]
676 5306 732 5354 et
763 5298 969 5353 multis
1002 5298 1299 5353 erroribus
1331 5296 1614 5365 subjacet,
1652 5295 1839 5351 modis

183 5390 466 5446 omnibus
498 5389 723 5445 irritam
755 5389 878 5445 fieri
907 5388 1137 5459 debere,
1161 5404 1364 5443 omnes
1398 5403 1514 5441 uno
1547 5402 1839 5441 consensu

186 5479 579 5535 decrevimus.

186 5586 316 5644 Car.
346 5587 479 5641 221.
509 5616 579 5627 -
608 5586 865 5656 Qualiter
902 5584 1184 5657 peregrini
1236 5583 1470 5655 episc0pi
1499 5583 1845 5656 suscipiendi

1973 447 2265 517 Illyricum
2294 446 2535 513 dilectis,
2568 464 2686 519 cap.
2716 449 2783 503 42
2815 451 2875 521 (ι.
2914 468 2950 518 ι,
2984 467 3069 522 ep.
3104 446 3213 523 43).

1971 554 2220 609 Jovinus
2269 554 2796 611 excellentissimus
2847 556 2953 627 vir,
2986 557 3141 612 filius
3192 565 3408 628 noster,
3454 577 3556 631 per

1907 642 2197 713 Illyricum
2232 644 2468 715 scriptis
2500 645 2623 699 suis
2646 646 2815 700 nobis
2848 645 3141 701 indicasse
3164 647 3551 719 dignoscitur,

1904 748 1937 786 a
1966 747 2049 800 se,
2083 732 2268 787 sacris
2302 731 2566 803 apicibus
2590 733 2921 802 destinatis,
2942 735 3177 804 jussum
3216 736 3395 792 fuisse
3426 738 3552 808 epi-

1905 837 2134 893 sc0pos,
2167 838 2315 892 quos
2347 838 2376 875 e
2408 821 2659 892 propriis
2688 822 2832 877 locis
2868 822 3094 877 hostilis
3127 824 3286 879 furor
3311 823 3552 895 expule-

1905 917 2017 978 rat,
2051 912 2122 965 ad
2154 928 2252 965 eos
2282 910 2586 982 episcopos
2609 910 2708 981 qui
2732 928 2887 965 nunc
2920 929 3152 982 quoque
3172 912 3231 966 in
3256 913 3398 968 locis
3426 930 3555 985 pro-

1905 1000 2052 1070 priis
2084 1001 2321 1071 degunt,
2356 1015 2459 1070 pro
2491 999 2920 1055 sustentatione
2952 1016 3017 1055 ac
3045 1001 3374 1072 ,‘stipendiis
3405 1019 3558 1073 prse-

1906 1088 2093 1144 sentis
2122 1087 2252 1143 vitae
2284 1104 2413 1142 esse
2439 1088 2793 1157 jungendos,
2826 1092 2885 1142 et
2930 1088 3064 1144 licet
3094 1089 3164 1143 ad
3198 1089 3319 1143 haec
3353 1091 3559 1145 frater-

1909 1175 2151 1232 nitatem
2176 1176 2633 1247 vestramjussio
2655 1176 2995 1248 principalis
3028 1177 3363 1247 admoneat,
3384 1177 3562 1234 habe-

1908 1280 2043 1320 mus
2072 1269 2266 1320 tamen
2299 1266 2493 1335 majus
2516 1265 2726 1319 horum
2756 1266 3095 1320 mandatum
3118 1266 3317 1321 asterni
3344 1267 3565 1322 Princi-

1908 1353 2021 1425 pis,
2055 1371 2170 1425 quo
2194 1356 2263 1409 ad
2297 1354 2417 1409 haec
2442 1354 2764 1408 terribilius
2788 1355 3116 1425 peragenda
3134 1354 3564 1424 compellimur,

1908 1446 1977 1497 ut
1997 1458 2111 1497 non
2136 1442 2264 1496 dico
2285 1442 2491 1497 fratres
2514 1446 2568 1496 et
2590 1442 2965 1513 coepiscOpos
2990 1447 3241 1510 nostros,
3260 1445 3359 1499 sed
3385 1444 3563 1499 etiam

1909 1530 2069 1601 ipsos
2093 1546 2241 1601 quos
2264 1530 2434 1584 nobis
2467 1530 2790 1583 contrarios
2816 1530 3094 1601 patimur,
3118 1547 3250 1585 cum
3284 1537 3562 1603 opportu-

1910 1620 2065 1674 nitas
2078 1618 2419 1690 postulat,in
2445 1618 2811 1672 conferendis
2835 1618 3117 1673 subsidiis
3142 1621 3563 1675 necessitatum

1909 1707 2233 1763 carnalium
2258 1707 2594 1779 diligamus.
2623 1707 2862 1777 Oportet
2883 1724 3020 1778 ergo
3045 1724 3145 1763 vos
3171 1708 3241 1762 ad
3268 1709 3418 1764 hanc
3441 1726 3565 1765 rem

1910 1802 1965 1853 et
1996 1798 2212 1852 caelesti
2246 1797 2521 1868 primitus
2559 1796 2813 1868 Principi
2846 1796 3181 1852 obedientes
3211 1798 3477 1868 existere,
3513 1802 3571 1854 et

1911 1884 2320 1957 imperialibus
2351 1885 2525 1939 etiam
2556 1886 2927 1956 jussionibus
2977 1886 3330 1955 consentire,
3364 1892 3573 1957 quate-

1913 1992 2025 2029 nus
2058 1975 2266 2029 fratres
2296 1974 2793 2045 coepiscoposque
2840 1978 3090 2042 nostros,
3122 1992 3268 2045 quos
3299 1981 3355 2031 et
3385 1976 3576 2048 capti-

1914 2064 2111 2118 vitatis
2154 2071 2209 2118 et
2237 2064 2603 2119 diversarum
2636 2063 3054 2118 necessitatum
3099 2064 3380 2135 angustiae
3412 2081 3573 2120 com-

1916 2152 2202 2223 primunt,
2263 2152 2525 2207 debeatis
2577 2151 2966 2207 consolandos
3023 2154 3573 2224 conveniendustu

1914 2241 2221 2297 vobiscum
2256 2241 2311 2296 in
2339 2241 2751 2297 ecclesiasticis
2776 2242 3306 2297 sustentationibus
3328 2242 3579 2299 libenter

1919 2330 2237 2401 suscipere,
2262 2348 2373 2385 non
2411 2330 2647 2403 quidem
2672 2331 2742 2385 ad
2768 2331 3243 2389 communionem
3276 2332 3577 2404 episcopa-

1918 2419 1992 2475 lis
2024 2420 2219 2475 throni
2259 2423 2317 2474 et
2349 2419 2717 2490 dignitatem,
2751 2419 2849 2474 sed
2906 2424 2972 2473 ut
3020 2420 3090 2473 ab
3126 2419 3383 2475 Ecclesia
3406 2422 3582 2491 juxta

1920 2508 2371 2580 possibilitatem
2405 2508 2761 2563 sufficientia
2806 2508 3057 2562 debeant
3082 2508 3364 2563 alimenta
3397 2509 3581 2580 perci-

1921 2614 2075 2670 pere.
2128 2597 2223 2652 Sic
2254 2596 2407 2651 enim
2458 2600 2516 2651 et
2560 2594 2892 2667 proximum
2949 2594 3007 2649 in
3055 2600 3172 2651 Deo
3204 2599 3261 2650 et
3305 2596 3489 2651 Deum
3521 2596 3581 2649 in

1922 2685 2186 2757 proximo
2219 2685 2460 2756 diligere
2492 2684 2963 2753 comprobamur.
2989 2683 3220 2739 Nullam
3255 2683 3473 2755 quippe
3496 2684 3581 2739 eis

1921 2774 1981 2829 in
2014 2772 2222 2829 vestris
2240 2773 2513 2827 Ecclesiis
2534 2771 2944 2827 auctoritatem
2964 2772 3307 2839 tribuimus,
3330 2773 3431 2827 sed
3458 2778 3585 2827 tan-

1922 2868 2048 2919 tum
2082 2878 2180 2918 eos
2213 2861 2421 2917 vestris
2454 2860 2679 2917 solatiis
2709 2861 3008 2917 continere
3040 2876 3417 2933 summopere
3437 2861 3577 2916 hor-

1924 2955 2141 3007 tamur.

1926 3075 2063 3131 CAP.
2095 3076 2221 3129 222.
2254 3104 2323 3115 ——
2371 3076 2668 3146 EpiscOpos
2709 3075 2795 3129 vel
2822 3074 3169 3145 presbyteros
3198 3075 3411 3143 ignotos
3457 3082 3590 3130 ante

1996 3148 2371 3217 probationem
2411 3148 2471 3200 in
2518 3148 2893 3201 ministerium
2934 3163 3044 3200 non
3092 3146 3471 3201 admittendos.
3506 3150 3590 3201 Ea:

1999 3220 2232 3275 concilio
2264 3218 2705 3288 Rothomagensi,
2735 3233 2859 3286 cap.
2892 3218 2961 3272 23
2995 3218 3128 3287 [681.

2001 3334 2328 3388 Statuimus
2351 3334 2675 3387 secundum
2700 3333 3046 3387 canonicam
3070 3330 3356 3386 cautelam
3380 3347 3587 3386 omnes

1932 3423 2326 3493 undecunque
2355 3422 2831 3491 supervenientes
2880 3422 3111 3493 ignotos
3162 3420 3468 3491 episcOpos
3499 3420 3587 3474 vel

1933 3512 2321 3582 presbyteros,
2347 3514 2480 3564 ante
2512 3510 2915 3581 probationem
2949 3508 3287 3581 synodalem
3322 3508 3381 3563 in
3406 3507 3588 3564 eccle-

1934 3599 2237 3656 siasticum
2275 3598 2667 3653 ministerium
2702 3615 2814 3653 non
2849 3600 3179 3653 admittere.

1934 3728 2030 3779 CA.
2060 3722 2184 3776 223.
2240 3752 2307 3761 ——
2358 3722 2420 3777 Ut
2465 3724 2749 3792 episcopus
2794 3721 3100 3776 hostilitate
3143 3723 3475 3791 compulsus,
3525 3722 3595 3776 ad

2006 3796 2178 3849 aliam
2218 3802 2510 3847 vacantem
2562 3797 2812 3848 transeat
2854 3795 3173 3847 Ecclesium.
3230 3796 3314 3847 Ea:
3362 3795 3595 3860 registro

2009 3867 2261 3934 Gregorii
2289 3865 2359 3919 ad
2390 3864 2657 3934 Angelum
2708 3868 3020 3935 episcopum
3069 3864 3198 3935 (lib.
3234 3881 3296 3931 ιι,
3324 3881 3371 3919 c.
3404 3866 3494 3929 25,
3528 3864 3597 3919 ad

2008 3940 2272 3993 Joannem
2300 3937 2684 4006 Squilatinum
2713 3938 2925 4008 episc.).

2010 4053 2084 4124 (7,
2118 4071 2169 4125 q.
2221 4054 2269 4122 1,
2320 4069 2366 4107 c.
2418 4054 2722 4107 Pastoralis
2774 4053 2992 4123 ofﬁcii).
3054 4051 3371 4107 Pastoralis
3421 4051 3598 4106 officii

1939 4158 2076 4197 cura
2108 4159 2215 4197 nos
2240 4143 2517 4196 admonet
2545 4141 2846 4196 destitutis
2869 4140 3142 4194 Ecclesiis
3166 4140 3435 4211 proprios
3459 4156 3597 4195 con-

1940 4232 2181 4288 stituere
2215 4231 2568 4294 sacerdotes,
2595 4229 2695 4300 qui
2726 4245 2962 4301 gregem
2990 4228 3354 4283 [)ominicum
3387 4227 3598 4283 sollici-

1940 4321 2143 4375 tudine
2175 4318 2453 4392 pastorali
2506 4319 2753 4373 debeant
2804 4319 3149 4389 gubernare.
3204 4317 3512 4389 Propterea
3543 4322 3600 4372 te

1938 4410 2224 4465 Joannem
2247 4409 2318 4463 ab
2340 4408 2607 4463 hostibus
2632 4408 3036 4478 captivitatum
3058 4406 3324 4461 Lisitanze
3348 4407 3602 4462 civitatis

1598 4466 1661 4519 Et
1692 4465 1827 4520 sub'
1862 4496 1908 4560 Ι)
1942 4498 2306 4569 episcopum,
2338 4497 2397 4550 in
2433 4465 2765 4567 Squilatitia
2809 4495 3068 4551 Ecclesia
3105 4496 3461 4551 cardinalem
3496 4513 3595 4551 ne-

1939 4602 2102 4642 cesse
2133 4586 2412 4640 duximus
2440 4585 2793 4641 constituere
2843 4586 3228 4655 sacerdotem,
3262 4589 3325 4639 ut
3372 4590 3429 4640 et
3460 4602 3597 4640 sus—

1941 4680 2171 4748 ceptam
2204 4674 2383 4729 semel
2416 4674 2748 4729 animarum
2783 4691 2982 4729 curam
3016 4674 3232 4728 intuitu
3269 4675 3477 4729 futuris
3510 4691 3603 4729 re-

1941 4764 2283 4821 tributionis
2314 4762 2585 4836 impleas,
2608 4767 2666 4819 et
2698 4762 2828 4818 licet
2858 4780 2890 4819 a
2920 4767 3021 4819 tua
3054 4763 3221 4818 hoste
3255 4763 3599 4820 imminente

1943 4853 2227 4926 depulsus
2252 4853 2354 4920 sis,
2379 4852 2791 4923 alienam,quo'e
2816 4858 3049 4925 pastore
3064 4856 3253 4920 vacat,
3279 4852 3599 4909 Ecclesiam

1943 4942 2120 4998 debes
2151 4942 2496 5014 gubernare,
2533 4942 2612 4997 ita
2661 4946 2880 5012 tamen,
2914 4946 2980 4996 ut
3026 4941 3072 4996 si
3110 4941 3404 4997 civitatem
3437 4941 3599 4998 illam

1947 5032 2018 5087 ab
2050 5032 2321 5086 hostibus
2358 5030 2601 5086 liberam
2636 5030 2919 5100 ell'ectam,
2954 5030 3205 5086 Domino
3236 5035 3597 5103 protegente,

1948 5120 2015 5173 ad
2053 5118 2300 5190 priorem
2344 5124 2564 5174 statum
2616 5119 2924 5191 contigerit
2976 5119 3251 5189 revocari,
3283 5119 3339 5173 in
3382 5135 3509 5174 eam
3542 5119 3602 5173 in

1949 5225 2065 5279 qua
2097 5208 2260 5279 prius
2292 5209 2599 5263 ordinatus
2653 5224 2715 5264 es
2763 5207 3083 5264 Ecclesiam
3136 5208 3465 5264 revertaris.
3499 5207 3598 5261 Sin

1950 5302 2141 5352 autem
2178 5298 2453 5369 prazdicta
2483 5297 2685 5353 civitas
2736 5297 3018 5353 continua
3066 5296 3425 5370 captivitatis
3458 5296 3605 5350 cala-

1951 5387 2155 5443 mitate
2187 5386 2495 5459 premitur,
2528 5387 2587 5443 in
2628 5386 2734 5443 hac
2766 5388 2823 5442 in
2860 5404 2976 5459 qua
3004 5392 3061 5442 et
3091 5404 3125 5442 a
3158 5387 3326 5443 nobis
3358 5382 3605 5439 incardi-

1951 5481 2126 5533 natus
2156 5492 2218 5533 es
2250 5475 2505 5533 Ecclesia
2538 5479 2752 5535 debeas
2784 5493 3146 5549 permanere.

1952 5583 2086 5640 CAP.
2124 5584 2249 5638 224.
2284 5614 2352 5625 -
2386 5590 2463 5642 De
2491 5587 2785 5658 episcopis,
2827 5583 2967 5655 quod
2995 5598 3177 5640 omnes
3206 5580 3452 5639 homines
3480 5584 3604 5651 iure
