3978 6060
229 273 335 325 393

948 268 1255 322 DECRETI
1294 271 1478 323 PARS
1512 270 1580 321 V.
1614 298 1681 306 —
1706 270 1801 321 DE
1842 270 2165 321 PRIMATU
2200 268 2374 322 ROM.
2414 270 2724 331 ECCLES.,
2763 269 2919 321 ETC.

3532 269 3635 324 394

228 413 377 453 num
406 394 830 463 deﬁnitionem,
855 392 1579 463 nullomodorecipiendas
1595 407 1872 449 essecen-
1903 393 1955 458 Α
1985 391 2124 447 vivit
2155 393 2253 463 qui
2276 410 2389 448 non
2417 396 2570 449 recte
2594 392 2797 449 credit.
2819 391 2975 447 Nihil
2998 392 3134 449 mali
3160 393 3303 465 vult,
3326 394 3637 466 quiﬁdelis

228 504 456 555 semus,
489 484 759 557 personis
790 488 988 538 tamen
1028 481 1493 538 discordantium
1527 482 1585 536 in
1636 482 1877 553 speciali

226 574 571 632 deﬁnitione
596 572 994 645 praecipimus,
1028 576 1094 627 ut
1123 575 1437 641 antequam
1469 586 1568 626 eos
1615 572 1876 627 reconci-

222 664 391 720 liatio
421 679 558 718 vera
580 662 862 731 innectat,
896 659 1095 716 nullus
1124 677 1324 715 eorum
1359 660 1628 715 accedere
1668 661 1739 715 ad
1789 660 1874 715 al-

221 758 347 807 tare
381 751 479 807 Dei
511 750 745 817 audeat,
778 747 867 804 vel
916 747 1166 819 gratiam
1214 750 1393 801 senta:
1438 746 1874 802 communionis

220 840 530 914 percipiat,
559 838 660 893 sed
692 836 989 909 geminato
1021 841 1280 906 tempore
1328 850 1431 905 per
1468 834 1870 907 pcenitentiam

220 927 712 1001 compensabunt,
748 942 867 996 quo
899 922 1202 979 discordiis
1233 924 1582 979 servierunt.
1616 924 1777 987 Quod
1823 923 1873 978 si

222 1034 381 1073 unus
412 1032 614 1073 eorum
650 1014 767 1071 alio
815 1017 1250 1081 contemnente,
1283 1012 1355 1067 ad
1406 1012 1871 1068 satisfactionem

222 1104 533 1161 charitatis
564 1102 910 1173 cucurrerit,
943 1118 1013 1157 ex
1034 1116 1101 1157 eo
1131 1104 1395 1172 tempore
1416 1102 1542 1171 jam
1591 1101 1871 1172 paciﬁcus

211 1194 372 1249 intra
402 1192 713 1249 ecclesiam
743 1190 1080 1262 recipietur,
1113 1206 1179 1244 ex
1208 1205 1325 1259 quo
1375 1190 1446 1245 ad
1496 1189 1870 1245 concordiam

211 1283 527 1340 festinasse
583 1279 968 1348 convincitur,
1018 1277 1309 1334 sententia
1350 1282 1549 1334 tamen
1580 1278 1870 1351 superiori

210 1375 465 1443 servata,
496 1375 563 1425 ut
596 1374 833 1441 tempus
866 1369 1021 1440 quod
1052 1368 1115 1423 in
1146 1368 1235 1422 ira
1265 1367 1561 1438 expendit,
1597 1368 1867 1441 gemina-

208 1465 342 1516 tum
369 1461 429 1516 in
462 1458 818 1532 paenitentiae
850 1456 1248 1512 satisfactione
1270 1456 1582 1527 persolvat.

205 1570 340 1625 CAP.
366 1569 494 1635 232,
526 1567 664 1623 —Ut
690 1562 939 1636 episcopi
968 1580 1003 1617 a
1031 1563 1147 1618 sola
1174 1561 1414 1617 Domino
1429 1563 1541 1617 sint
1547 1561 1862 1633 judicandi.

500 1638 586 1693 Ea:
612 1635 840 1693 decretis
870 1635 1162 1690 Clementis
1187 1648 1370 1705 papa,
1395 1650 1515 1705 cap.
1548 1636 1638 1689 38.

284 1727 603 1800 Episcopos
635 1730 830 1782 autem
861 1742 894 1780 a
920 1723 1043 1780 solo
1077 1723 1321 1778 Domino
1360 1722 1715 1793 judicandos
1763 1727 1865 1779 aut

208 1815 619 1881 removendos,
648 1819 705 1869 et
733 1830 849 1869 non
880 1813 953 1868 ab
985 1812 1118 1868 aliis
1148 1827 1278 1868 esse
1307 1812 1557 1881 dicebat,
1604 1814 1743 1884 quia
1766 1814 1859 1869 sui

206 1909 372 1975 sunt,
402 1909 462 1960 et
488 1920 607 1960 non
642 1902 905 1959 alterius.
935 1902 1004 1957 Et
1033 1901 1169 1973 quis
1197 1904 1286 1957 est
1308 1901 1409 1971 qui
1441 1900 1858 1973 alteriusjudi-

204 1998 299 2049 cet
324 2009 559 2050 servum
587 2008 600 2048 :
635 1992 783 2047 Nam
816 1990 866 2045 si
897 1990 1013 2046 ista
1045 2007 1157 2045 non
1207 1989 1516 2061 patiuntur
1567 1989 1857 2062 homines,

203 2096 312 2138 nec
338 2086 492 2137 Deus
514 2080 791 2137 ccelorum
823 2080 1137 2151 [deorum],
1159 2082 1219 2134 et
1238 2078 1522 2133 Dominus
1548 2079 1857 2134 dominan-

202 2171 351 2227 tium
385 2171 506 2227 hzec
538 2169 837 2226 ullatenus
870 2168 1107 2241 patitur.
1131 2167 1294 2222 Unde
1317 2172 1373 2223 et
1394 2166 1710 2240 prophetas
1746 2168 1857 2224 sibi

203 2264 385 2316 testes
415 2275 545 2315 esse
577 2258 841 2313 decebat.
871 2274 971 2329 per
1001 2272 1152 2329 quos
1175 2256 1462 2311 Dominus
1493 2254 1755 2327 loquitur
1777 2258 1860 2312 di-

202 2365 345 2405 cens
372 2365 386 2404 :
419 2350 551 2403 Ecce
578 2348 775 2403 excoxi
805 2355 879 2413 te,
910 2345 1000 2400 sed
1030 2361 1141 2400 non
1180 2347 1339 2416 quasi
1384 2352 1676 2413 argentum
1720 2346 1860 2417 elegi

205 2447 255 2495 te
283 2439 343 2492 in
374 2439 593 2493 camino
620 2436 986 2507 paupertatis.
1017 2435 1215 2489 Proter
1243 2450 1329 2489 me
1359 2436 1590 2499 faciam,
1641 2437 1701 2489 ut
1746 2452 1857 2490 non

204 2528 575 2599 btasphemer,
603 2530 656 2582 et
682 2525 920 2597 gloriam
948 2540 1134 2580 meam
1165 2524 1334 2579 alteri
1379 2539 1487 2579 non
1522 2522 1659 2578 dabo
1699 2523 1856 2593 (Isai.

202 2617 427 2686 xavm).

203 2704 339 2762 CAP.
375 2705 503 2761 233.
535 2736 603 2744 —
633 2704 819 2759 Nimis
849 2702 1160 2757 timendum
1188 2718 1306 2756 esse
1335 2706 1385 2757 et
1426 2700 1857 2772 praevidendum,

272 2793 344 2832 ne
370 2776 1009 2849 oﬂendanluriepiscopi.
1044 2775 1144 2849 Ea).
1176 2774 1410 2849 decretis
1428 2774 1682 2849 _Evaristi
1694 2788 1860 2845 papa?

269 2846 544 2919 fratribus
566 2862 668 2920 per
698 2848 997 2917 ngyptum
1026 2846 1235 2913 missis,
1265 2862 1385 2917 cap.
1416 2847 1474 2902 6.

272 2936 465 2992 Nimis
484 2936 750 2991 timenda
770 2938 880 3001 est,
905 2935 1135 2999 fratres,
1154 2933 1276 2989 haee
1294 2936 1602 3006 sententia,
1634 2941 1690 2991 et
1710 2953 1854 3008 prae-

194 3026 412 3081 vidend
430 3042 531 3081 um
564 3028 653 3080 est
672 3023 859 3090 vobis,
879 3039 951 3079 ne
968 3022 1388 3079 olfendatiseos
1411 3024 1509 3096 qui
1560 3029 1785 3081 tantam
1826 3043 1859 3081 a

198 3114 447 3170 Domino
484 3113 705 3169 habent
736 3115 1109 3184 potestatem,
1142 3116 1198 3166 et
1213 3110 1341 3167 ideo
1365 3112 1557 3183 potius
1574 3113 1852 3169 obedien-
1887 3130 1929 3197 ρ

204 3203 289 3272 di,
315 3200 625 3275 diligendi,
660 3208 715 3257 et
745 3217 859 3256 non
891 3199 1239 3255 detrahendi
1277 3199 1364 3256 vel
1414 3201 1707 3257 lacerandi
1758 3208 1859 3259 aut

206 3290 482 3362 ejiciendi
514 3293 674 3355 sunt,
708 3288 808 3344 sed
839 3288 1112 3361 portandi
1139 3293 1195 3344 et
1213 3289 1616 3362 amandi,ipso
1641 3292 1870 3347 dicente

202 3379 453 3437 Domino
478 3396 492 3435 :
546 3378 652 3447 Qui
678 3394 767 3435 vos
797 3377 973 3445 audit,
1004 3393 1090 3432 me
1120 3377 1296 3445 audit,
1329 3382 1381 3433 et
1412 3378 1508 3450 qui
1537 3396 1631 3436 vos
1659 3381 1871 3452 spernit

208 3485 297 3526 me
349 3470 565 3540 spernit
641 3469 792 3539 (Luc.
852 3468 931 3539 x).
974 3467 1107 3522 Ideo
1129 3466 1250 3521 haec
1293 3466 1477 3536 vobis,
1509 3472 1568 3523 et
1597 3471 1871 3528 omnibus

221 3557 502 3614 fidelibus
530 3556 871 3623 scribimus,
903 3556 1138 3624 fratres,
1182 3560 1249 3610 ut
1289 3557 1360 3611 ab
1393 3556 1486 3612 his
1519 3559 1792 3625 caveatis,
1815 3565 1872 3616 et

215 3646 476 3719 posteris
505 3646 715 3703 vestris
746 3662 863 3702 non
891 3644 1137 3711 malum,
1169 3645 1269 3700 sed
1288 3645 1510 3701 bonum
1534 3648 1870 3719 exemplum

218 3735 594 3807 relinquatis,
618 3734 898 3805 quoniam
917 3734 1138 3805 injuria
1156 3734 1567 3807 episcoporum
1586 3737 1657 3792 ad
1678 3736 1872 3794 Chris-

208 3828 338 3879 tum
366 3824 640 3896 pertinet,
672 3825 843 3895 cujus
877 3823 997 3879 vice
1028 3824 1380 3895 funguntur.

205 3933 338 3988 CAP.
363 3932 492 3987 234.
524 3961 594 3972 —
625 3932 697 3987 Ne
729 3932 1057 3988 criminatio
1090 3931 1279 3987 ovium
1309 3934 1501 3987 contra
1558 3932 1869 4003 episcopum

277 4019 440 4059 suum
467 4003 790 4075 recipiatur.
823 4005 909 4058 E1:
937 4005 1124 4075 prima
1154 4004 1365 4075 epitota
1386 4003 1607 4059 Catircti
1626 4019 1807 4075 papae.

280 4091 545 4150 Calixtus
576 4092 888 4164 episcopus
918 4092 1188 4149 Ecclesia
1219 4091 1519 4148 catholica:
1554 4092 1715 4147 urbis
1755 4096 1864 4148 Ro-

217 4196 353 4250 mae,
418 4181 731 4238 Benedicto
784 4182 950 4237 fratri
1001 4187 1059 4237 et
1114 4182 1476 4252 coepiscopo,
1522 4181 1770 4237 salutem
1805 4181 1865 4236 in

215 4267 473 4323 Christo.
508 4267 960 4324 Criminationes
991 4273 1197 4324 contra
1221 4268 1514 4323 doctorem
1546 4284 1717 4323 nemo
1761 4284 1863 4323 su-

205 4357 439 4428 scipiat,
459 4356 597 4428 quia
621 4374 737 4412 non
760 4361 990 4428 oportet
1012 4356 1163 4413 ﬁlios
1186 4360 1383 4428 patres
1406 4357 1853 4427 reprehendere,

210 4461 322 4501 nec
355 4461 552 4501 servos
582 4446 851 4501 dominos
882 4446 1157 4501 lacerare.
1190 4445 1321 4501 Filii
1365 4461 1501 4517 ergo
1554 4446 1861 4500 doctorum

207 4537 355 4589 sunt
386 4549 591 4589 omnes
622 4550 771 4604 quos
793 4534 1119 4603 instruunt,
1148 4534 1197 4589 si
1221 4533 1375 4589 sicut
1395 4532 1713 4605 ﬁliipatres
1736 4548 1860 4589 car-

208 4623 398 4688 nales,
432 4621 516 4677 sic
545 4627 604 4677 et
632 4622 692 4677 hi
719 4625 917 4694 patres
958 4623 1173 4679 debent
1210 4622 1455 4694 diligere
1498 4620 1859 4693 spirituales.

204 4710 336 4765 Non
365 4710 522 4765 enim
555 4710 699 4766 bene
730 4713 931 4767 vivunt
960 4712 1057 4783 qui
1088 4728 1200 4767 non
1235 4716 1385 4767 recte
1442 4712 1707 4777 credunt,
1762 4715 1863 4765 aut

204 4802 407 4871 patres
440 4800 897 4871 reprehendunt,
930 4802 1017 4856 vel
1050 4799 1371 4855 detrahunt
1401 4799 1545 4855 suis.
1587 4803 1859 4854 Doctores

204 4903 346 4959 ergo
377 4887 478 4958 qui
508 4893 565 4943 et
597 4889 793 4945 Patres
824 4894 1128 4957 vocantur,
1163 4887 1349 4959 magis
1382 4887 1651 4959 portandi
1684 4903 1851 4957 quam

202 4976 673 5047 reprehendendi
705 4982 862 5046 sunt,
896 4977 1010 5032 nisi
1040 4978 1097 5031 in
1130 4982 1290 5032 recta
1316 4976 1429 5032 ﬁde
1451 4975 1855 5031 erravererint.

202 5063 421 5122 Nullus
448 5082 585 5137 ergo
609 5067 913 5121 doctorum
931 5082 1032 5137 per
1045 5067 1269 5137 scripta
1281 5071 1722 5130 accusetur,nec
1744 5064 1860 5118 nisi

205 5152 366 5209 ﬁdeli
392 5158 449 5209 et
469 5154 727 5225 legitimo
754 5154 855 5226 qui
885 5153 1060 5209 etiam
1080 5152 1655 5227 irreprehensibilem
1680 5152 1856 5207 vitam

208 5258 277 5297 ac
310 5243 811 5298 conversationem
855 5243 1054 5311 ducat,
1102 5243 1429 5300 accusatori
1479 5242 1857 5313 respondeat,

205 5331 350 5403 quia
380 5330 689 5402 indignum
720 5336 809 5387 est
835 5336 900 5387 ut
928 5332 1131 5388 doctor
1162 5333 1340 5387 stulto
1370 5335 1426 5387 et
1479 5332 1714 5386 indocto
1765 5335 1853 5385 εἰς

206 5434 325 5491 que
338 5419 875 5489 reprehensibiliter
890 5420 1129 5488 viventi,
1152 5422 1518 5492 respondeat,
1527 5421 1697 5491 juxta
1716 5418 1858 5474 stul-

204 5509 399 5563 titiam
449 5525 637 5573 suam,
686 5508 914 5566 dicente
974 5510 1314 5580 Scriptura:
1367 5515 1486 5566 Non
1533 5509 1857 5580 respondeas

205 5598 374 5654 stulto
393 5599 563 5669 juxta
591 5598 893 5654 stultitiam
931 5615 1091 5653 suam
1124 5600 1305 5670 (Prov.
1342 5601 1512 5665 xxvx).
1542 5598 1663 5653 Non
1707 5598 1851 5652 bene

537 5727 795 5789 ΡΑτιιοι..
843 5727 1041 5789 CLXI.

1985 486 2093 536 est.
2125 483 2179 535 Si
2214 483 2311 552 qui
2343 483 2531 538 ﬁdelis
2562 486 2672 548 est,
2706 482 2892 536 videat
2925 497 2996 536 ne
3020 481 3170 537 falsa
3207 482 3502 554 loquatur,
3534 488 3637 541 aut

1985 573 2260 644 cuiquam
2282 573 2531 629 insidias
2548 576 2746 643 ponat.
2772 573 2987 629 Fidelis
3006 574 3179 630 homo
3203 591 3433 647 semper
3453 575 3636 632 ﬁdeli-

1984 665 2073 716 ter
2103 662 2242 734 agit,
2276 668 2332 717 et
2360 662 2615 717 inﬁdelis
2639 661 2849 717 callide
2879 663 3215 733 insidiatur,
3236 670 3413 737 atque
3436 664 3634 720 ﬁdeles

1983 752 2040 802 et
2069 748 2162 820 pie
2192 765 2258 803 ac
2281 748 2443 819 juste
2470 749 2733 804 viventes
2754 749 2997 819 perdere
3015 750 3244 817 nititur,
3265 750 3403 823 quia
3423 750 3635 807 similis

1983 836 2238 892 similem
2270 838 2382 892 sibi
2413 838 2640 908 quierit.
2676 837 2936 894 lnﬁdelis
2971 855 3100 895 vero
3152 839 3327 896 homo
3365 844 3635 897 mortuus

1982 929 2071 980 est
2100 926 2157 980 in
2182 942 2423 998 corpore
2448 926 2695 995 vivente,
2718 932 2958 982 econtra
2987 944 3284 985 sermones
3315 928 3506 986 fidelis
3530 929 3635 985 ho-

1981 1014 2159 1070 minis
2182 1016 2360 1071 vitam
2384 1014 2725 1071 custodiunt
2744 1016 3103 1071 auditorum.
3128 1016 3436 1073 Doctorem
3475 1018 3634 1073 enim

1978 1102 2358 1173 catholicum,
2380 1108 2437 1159 et
2464 1104 2755 1175 praecipue
2782 1105 3019 1159 Domini
3062 1106 3445 1175 sacerdotem,
3479 1106 3635 1162 sicut

1980 1191 2139 1248 nullo
2170 1192 2353 1248 errori
2387 1192 2704 1264 implicari,
2728 1191 2810 1248 ita
2843 1192 3007 1248 nulla
3050 1188 3280 1265 Oportet
3329 1194 3629 1250 machina-

1976 1281 2133 1336 tione
2159 1285 2261 1337 aut
2280 1280 2601 1353 cupiditate
2635 1280 2859 1351 violari,
2894 1283 3125 1337 dicente
3162 1283 3466 1354 Scriptura
3492 1300 3630 1339 san-

1977 1375 2069 1425 cta
2093 1387 2105 1425 :
2130 1373 2263 1427 Post
2288 1371 2757 1442 concupiscentias
2789 1379 2911 1427 tuas
2957 1388 3024 1427 ne
3050 1388 3160 1440 eas,
3193 1378 3244 1427 et
3273 1388 3307 1427 a
3350 1373 3631 1430 voluntate

1975 1467 2071 1515 tua
2094 1460 2361 1516 averteris
2390 1460 2580 1530 (Eccli.
2603 1461 2793 1529 xvm).

1974 1570 2100 1621 CAP.
2128 1566 2257 1638 235.
2291 1598 2357 1605 ——
2386 1566 2535 1633 Quod
2566 1566 2839 1635 injustam
2859 1565 3139 1638 judicium
3159 1568 3321 1638 jussu
3348 1570 3495 1638 regis
3540 1572 3626 1626 vel

2043 1637 2301 1708 episcopi,
2334 1639 2418 1692 vel
2449 1638 2687 1708 alicujus
2716 1637 2950 1708 potentis
2987 1637 3217 1708 factum,
3269 1637 3497 1696 irritum
3527 1643 3625 1699 ha-

2045 1710 2252 1764 beatur.
2288 1711 2421 1764 Item
2452 1709 2599 1763 idem
2625 1710 2814 1780 (paulo
2842 1709 3001 1781 post).

2043 1805 2339 1878 Quidquid
2372 1805 2886 1878 irreprehensibile
2914 1810 3005 1862 est
3034 1807 3319 1864 catholica
3364 1810 3627 1867 defendit

1966 1895 2243 1951 Ecclesia.
2276 1894 2433 1951 Nulli
2482 1894 2839 1967 imperatori,
2889 1895 2977 1951 vel
3026 1897 3303 1969 cuiquam
3345 1899 3619 1970 pietatem

1966 1984 2320 2040 custodienti
2343 1983 2481 2040 licet
2502 1984 2723 2055 aliquid
2749 1990 2953 2039 contra
2974 1988 3248 2043 mandata
3266 1987 3463 2043 divina
3480 2005 3621 2059 pras-

1966 2089 2219 2129 sumere.
2242 2073 2535 2142 lnjustum
2556 2073 2999 2145 ergojudicium
3019 2078 3075 2129 et
3091 2076 3355 2132 deﬁnitio
3372 2076 3618 2148 injuste,

1965 2162 2123 2234 regio
2157 2167 2313 2217 metu
2348 2166 2450 2217 aut
2470 2164 2668 2232 jussu,
2694 2166 2795 2218 aut
2816 2164 3224 2236 cujuscunque
3241 2166 3498 2237 episcopi
3522 2170 3623 2223 aut

1966 2251 2244 2322 potentis,
2280 2267 2312 2305 a
2334 2250 2638 2320 judicibus
2670 2250 2939 2307 ordinata
2967 2252 3051 2308 vel
3077 2258 3225 2323 acta,
3246 2270 3361 2308 non
3409 2254 3620 2311 valeat.

1966 2338 2196 2394 Homini
2230 2337 2504 2410 religioso
2537 2356 2742 2410 parum
2772 2356 2901 2395 esse
2924 2340 3098 2395 debet
3121 2341 3463 2399 inimicitias
3486 2343 3629 2421 alio:

1966 2444 2092 2483 rum
2122 2445 2238 2482 non
2271 2444 2536 2483 exercere
2568 2428 2661 2483 vel
2692 2444 2927 2500 augere,
2962 2428 3113 2485 male
3153 2429 3470 2502 loquendo,
3510 2429 3629 2488 nisl

1963 2515 2140 2571 etiam
2171 2532 2269 2571 eas
2296 2516 2669 2586 exstinguere
2686 2516 3144 2589 beneloquendo
3173 2520 3488 2575 studuerit.
3508 2524 3631 2575 Me-

1962 2603 2075 2660 lior
2103 2608 2194 2660 est
2223 2604 2283 2659 in
2316 2602 2488 2659 malis
2520 2605 2691 2660 factis
2721 2604 2964 2662 humilis
3008 2607 3303 2662 confessio
3356 2624 3535 2679 quam
3569 2608 3630 2663 in

1967 2692 2137 2750 bonis
2168 2693 2423 2765 superba
2450 2692 2740 2765 gloriatio.

1965 2800 2099 2855 CAP.
2132 2800 2260 2880 23f}.
2295 2830 2363 2880 —.-
2393 2801 2469 2855 Ne
2517 2800 2722 2880 aliquis
2769 2800 3010 2880 alterius
3060 2802 3329 2857 terminos
3378 2812 3627 2880 usurpet,

2037 2887 2134 2952 nec
2164 2871 2401 2952 alterius
2421 2871 3026 2952 parzcianumjudicet
3046 2882 3144 2929 aut
3172 2871 3625 2946 excommunicet,

2033 2944 2171 2998 Item
2204 2945 2264 2998 in
2292 2943 2533 2998 secundo
2562 2942 2823 2999 decretali
2852 2959 2968 2999 suo.

2037 3049 2218 3105 Nemo
2251 3047 2495 3104 alterius
2516 3049 2802 3105 terminos
2832 3054 3098 3122 usurpet,
3125 3067 3230 3107 nec
3253 3051 3497 3109 alterius
3518 3069 3628 3124 pa-

1968 3139 2287 3195 rmcianum
2306 3139 2575 3209 judicare
2605 3144 2709 3194 aut
2738 3140 3245 3196 excommunicare
3281 3147 3623 3212 praasumat,

1976 3229 2117 3300 quia
2145 3227 2279 3284 talis
2311 3227 2651 3299 dijudicatio
2682 3232 2784 3283 aut
2810 3230 3334 3286 excommunicatio
3363 3230 3452 3287 vel
3473 3232 3634 3287 dam-

1980 3318 2136 3374 natio
2159 3334 2264 3373 nec
2280 3320 2408 3373 rata
2428 3316 2559 3383 erit,
2584 3333 2690 3373 nec
2712 3316 2860 3373 vires
2882 3317 3031 3373 ullas
3053 3318 3312 3389 habebit,
3351 3319 3629 3391 quoniam

1980 3406 2180 3463 nullus
2210 3406 2451 3462 alterius
2477 3405 2695 3476 judicis
2727 3406 2840 3461 nisi
2871 3406 2984 3472 sui,
3017 3409 3308 3463 sententia
3337 3408 3634 3464 tenebitur

1980 3500 2082 3551 aut
2112 3495 2508 3551 damnabitur.
2562 3494 2725 3550 Unde
2774 3494 3060 3551 Dominus
3110 3497 3369 3567 loquitur
3406 3497 3631 3555 dicens.

1980 3586 2057 3640 Ne
2086 3583 2519 3653 transgrediaris
2544 3583 2810 3640 terminos
2853 3584 3109 3655 antiquos
3154 3602 3287 3658 quos
3330 3592 3631 3660 posuerunt

1976 3677 2160 3745 patres
2188 3672 2273 3727 tui
2303 3673 2464 3743 (Prov
2496 3675 2656 3742 XXII).

1980 3782 2112 3837 CAP.
2141 3780 2268 3835 237.
2302 3811 2369 3819 —
2401 3778 2506 3853 Qui
2556 3794 2667 3853 non
2713 3778 2948 3836 debeant
2995 3780 3169 3853 recipi
3209 3782 3279 3837 ad
3325 3783 3627 3839 accusatio-

2048 3868 2199 3919 nem,
2230 3861 2282 3907 et
2327 3851 2701 3925 testimonium
2732 3856 2937 3925 contra
2979 3851 3276 3925 episcopos.
3332 3855 3627 3911 Anactetus

2047 3939 2197 3993 papa
2225 3924 2421 3978 tertius
2449 3939 2483 3977 a
2512 3924 2670 3979 Petro
2719 3922 2777 3977 in
2823 3922 3019 3996 primo
3053 3922 3315 3982 decretati
3359 3942 3456 3982 suo
3512 3943 3627 3982 om-

2048 3996 2209 4050 nibus
2236 3996 2520 4065 episcopis.

2049 4094 2265 4148 Beatus
2299 4091 2694 4162 praadecessor
2726 4096 2922 4146 noster
2954 4092 3245 4159 Clemens,
3278 4093 3364 4146 vir
3393 4097 3627 4162 aposto-

1975 4181 2146 4251 licus,
2180 4185 2237 4236 et
2262 4180 2484 4252 Spiritu
2520 4180 2615 4235 Dei
2648 4180 2879 4250 plenus,
2912 4197 3027 4236 una
3057 4197 3192 4236 cum
3224 4178 3465 4251 reliquis
3495 4196 3629 4235 san-

1976 4270 2084 4324 ctis
2106 4268 2346 4340 collegis
2378 4268 2501 4323 suis
2533 4268 2758 4333 statuit,
2790 4267 2991 4323 dicens
3017 4285 3029 4323 :
3064 4268 3395 4324 Accusandi
3426 4269 3513 4324 vel
3543 4273 3627 4324 te-

1976 4357 2269 4412 stiﬁcandi
2302 4356 2536 4411 licentia
2565 4358 2885 4427 denegetur
2914 4357 3135 4428 his,qui
3169 4358 3518 4413 Christianae
3535 4374 3625 4413 re-

1977 4444 2209 4516 ligionis
2243 4449 2301 4498 et
2332 4444 2586 4498 nominis
2618 4445 2988 4516 dignitatem,
3013 4451 3069 4501 et
3091 4464 3209 4501 sua:
3236 4446 3381 4518 legis
3404 4446 3491 4501 vel
3532 4445 3623 4501 sui

1971 4532 2255 4606 propositi
2271 4548 2534 4587 normam
2551 4536 2652 4587 aut
2670 4532 3020 4604 regulariter
3043 4535 3337 4605 prohibita
3358 4535 3626 4607 neglexe-

1970 4622 2107 4677 rint.
2140 4622 2522 4692 Trasgrcssor
2551 4621 2707 4675 enim
2752 4628 2958 4692 sponte
3004 4622 3151 4694 legis
3195 4640 3335 4690 sua},
3382 4624 3625 4697 ejusque

1967 4711 2277 4767 violatores
2311 4714 2587 4780 apostata:
2619 4711 3021 4767 nominantur.
3066 4712 3269 4768 Omnis
3296 4712 3451 4767 enim
3484 4730 3624 4785 apo-

1968 4805 2124 4856 stata
2153 4799 2496 4854 refutandus
2527 4803 2615 4854 est
2642 4804 2776 4854 ante
2808 4801 3195 4857 reversionem
3220 4818 3412 4871 suam,
3438 4819 3544 4858 nec
3563 4802 3620 4858 in

1968 4888 2402 4944 accusationem
2438 4893 2591 4942 recte
2620 4888 2942 4959 agentium,
2970 4894 3073 4944 aut
3102 4890 3505 4945 testimonium
3542 4905 3625 4945 re-

1966 4976 2274 5047 cipiendus
2297 4976 2780 5047 [suscipiendus].
2813 4978 3043 5033 Scimus
3072 4984 3270 5034 autem
3296 4979 3512 5034 multos
3550 4978 3624 5033 ob

1964 5066 2022 5120 id
2057 5065 2332 5119 infestare
2364 5066 2645 5135 doctores,
2682 5070 2745 5120 ut
2773 5083 2871 5121 eos
2903 5068 3151 5138 perdant
3172 5072 3229 5123 et
3255 5067 3504 5139 propria:
3531 5083 3627 5121 vo-

1966 5153 2212 5207 luntatis
2245 5152 2464 5224 placita
2493 5154 2875 5224 adimpleant,
2910 5172 3023 5211 non
3068 5160 3379 5227 propterea
3428 5160 3623 5210 tamen

1966 5240 2321 5307 doctores,in
2356 5251 2645 5311 quantum
2676 5242 2830 5298 vires
2859 5247 3242 5314 suppetunt,a
3265 5249 3421 5298 recta
3448 5258 3625 5297 aemu-

1968 5329 2182 5385 latione
2214 5334 2271 5385 et
2298 5329 2452 5385 bona
2481 5331 2809 5386 intentione
2831 5331 3099 5386 recedere
3119 5332 3350 5396 debent,
3377 5330 3626 5386 scientes

1965 5418 2105 5490 quia
2123 5418 2286 5474 Beati
2314 5418 2411 5490 qui
2427 5421 2860 5489 persecutionem
2887 5419 3184 5491 patiuntur
3208 5423 3434 5491 prapter
3455 5419 3621 5489 justi-

1964 5509 2101 5562 tiam
2130 5508 2347 5575 (Matth.
2377 5509 2453 5580 v).
2492 5508 2644 5565 Nihil
2677 5514 2765 5563 est
2796 5516 2988 5563 autem
3026 5509 3125 5563 illo
3159 5511 3392 5579 pastore
3442 5508 3614 5563 mise-

1964 5596 2087 5650 rius
2118 5597 2215 5667 qui
2240 5598 2512 5668 luporum
2538 5596 2813 5653 laudibus
2834 5597 3157 5668 gloriatur;
3187 5597 3401 5669 quibus
3425 5597 3472 5654 si
3496 5598 3618 5669 pla-

3220 5730 3295 5787 13
