3960 6072
393 259 499 313 395

1477 253 1543 304 Ι).
1589 248 1825 302 IVONIS
1860 249 2349 303 CARNOTENSIS
2383 252 2699 306 EPISCOPI

3703 260 3818 315 396

395 399 523 438 cere
555 378 804 436 voluerit
832 380 1009 447 atque
1032 377 1104 431 ab
1129 373 1220 430 his
1253 371 1435 428 amari
1459 371 1758 443 delegerit,
1782 371 1888 425 erit
1914 369 2049 424 hinc
2080 375 2132 439 Α
2165 373 2424 441 spectus.
2455 373 2517 426 Et
2543 376 2710 443 paulo
2743 375 3002 444 inferius.
3037 375 3366 433 Deteriores
3405 380 3624 454 quippe
3676 388 3823 437 sunt

399 471 606 527 ovibus
639 483 855 539 magna
871 463 1177 538 pernicies.
1202 460 1412 517 Nullus
1434 474 1570 530 ergo
1602 463 1903 530 pastorum
1928 458 2048 530 pla-

398 577 526 616 cere
555 558 712 630 lupis
737 561 793 611 et
814 554 1093 627 gregibus
1111 551 1304 608 ovium
1331 553 1542 620 potest.
1569 553 1679 603 Deo
1703 548 1856 603 enim
1916 563 2051 619 per-

398 649 548 704 fecte
582 645 983 703 sacriﬁcantes
1017 657 1130 696 non
1163 640 1378 695 debent
1403 638 1622 708 vexari,
1653 637 1756 693 sed
1809 635 2048 709 portari,

399 734 689 792 consolari
723 738 899 804 atque
928 732 1000 786 ab
1028 729 1305 786 omnibus
1336 726 1624 783 venerari.

395 830 534 882 CAP.
565 824 690 880 238.
732 853 793 862 —-
814 823 890 876 De
920 818 1108 877 eodem
1136 817 1462 889 expressius.
1495 816 1664 889 Idem,
1711 817 1769 870 in
1811 814 2048 871 secundo

759 891 1020 949 decretali
1045 906 1165 959 suo,
1195 887 1459 961 episc0pis
1489 887 1682 942 Italia.

463 987 540 1055 (2,
573 1001 625 1054 q.
655 984 712 1050 7,
744 998 790 1037 ο.
823 979 1152 1049 Accusatio.)
1185 977 1493 1033 Accusatio
1539 992 1741 1032 eorum
1791 991 2046 1047 quoque,

390 1089 568 1145 super
597 1088 716 1142 qua
748 1086 856 1126 nos
886 1067 1194 1124 consulere
1223 1066 1514 1133 voluistis,
1547 1082 1662 1120 non
1686 1064 1799 1120 nisi
1827 1066 1896 1119 ab
1922 1064 2048 1120 ido-

391 1163 516 1217 neis
548 1164 604 1216 et
635 1157 1068 1232 probatissimis
1100 1157 1259 1222 viris,
1292 1155 1394 1226 qui
1425 1160 1481 1210 et
1520 1153 1962 1226 suspicionibus
1992 1157 2049 1208 et

391 1249 713 1306 sceleribus
744 1253 1002 1314 careant,
1040 1246 1164 1301 ﬁeri
1199 1246 1392 1309 debet,
1418 1245 1555 1316 quia
1578 1243 1865 1299 Dominus
1895 1241 2045 1297 sacri

391 1340 483 1396 sui
505 1338 766 1409 corporis
790 1340 1134 1392 tractatores
1159 1352 1192 1389 a
1213 1335 1429 1389 vilibus
1453 1339 1509 1389 et
1530 1333 1813 1405 reprobis,
1842 1347 1906 1386 ac
1930 1348 2042 1386 non

391 1429 621 1484 idoneis
654 1425 921 1499 personis
952 1423 1224 1479 infamari
1279 1422 1487 1492 noluit,
1521 1439 1625 1476 nec
1673 1421 2043 1486 calumniari,

391 1518 493 1578 sed
514 1517 641 1589 ipse
664 1515 898 1587 proprio
923 1512 1150 1584 ﬂagello
1170 1515 1478 1584 peccantes
1497 1511 1826 1566 sacerdotes
1848 1528 1881 1564 a
1903 1514 2045 1565 tem-

390 1607 484 1679 plo
516 1606 706 1677 ejecit.
740 1604 904 1660 Unde
927 1602 1110 1672 liquet
1141 1601 1296 1672 quod
1340 1599 1558 1655 summi
1599 1599 1953 1668 sacerdotes,
1984 1599 2040 1654 id

389 1699 479 1751 est
507 1693 786 1767 episcopi,
821 1711 853 1748 a
882 1693 998 1748 Deo
1021 1689 1504 1760 suntjudicandi,
1529 1705 1641 1744 non
1661 1689 1732 1743 ab
1765 1687 2043 1744 humanis

388 1750 491 1840 aut
519 1750 865 1855 pravaa‘vitae
899 1750 1237 1836 horninibus
1264 1750 1561 1834 laceran'di
1591 1778 1694 1833 sed
1740 1777 1938 1848 potius
1965 1776 2038 1832 ab
2071 1750 2117 1814 Β

393 1872 738 1929 hominibus
770 1870 1042 1926 fidelibus
1075 1867 1366 1940 portendi,
1400 1867 1526 1938 ipso
1557 1865 1804 1923 Domino
1852 1881 2040 1922 exem-

390 1961 554 2033 plum
589 1962 782 2026 dante,
816 1958 1052 2029 quando
1085 1973 1186 2027 per
1216 1957 1498 2027 seipsum,
1523 1960 1710 2011 etnon
1733 1972 1835 2026 per
1855 1955 2036 2011 alium

387 2050 704 2104 vendentes
733 2051 792 2102 et
821 2052 1084 2101 ementes
1119 2044 1288 2114 ejecit
1338 2045 1408 2099 de
1456 2044 1673 2114 templo
1709 2045 2037 2100 sacerdotes

387 2137 632 2210 (Matt/1..
665 2136 803 2206 xxx).
831 2133 1041 2189 Nullus
1063 2133 1243 2201 enim,
1263 2137 1327 2188 ut
1350 2149 1498 2202 reor,
1524 2134 1674 2187 inter
1694 2149 1800 2187 nos
1823 2133 2038 2187 inveni-

385 2231 484 2282 tur
511 2225 610 2296 qui
639 2225 775 2280 velit
797 2239 1025 2279 servum
1052 2237 1227 2278 suum
1247 2222 1317 2277 ab
1339 2221 1453 2277 alio
1476 2237 1650 2292 quam
1676 2237 1708 2275 a
1728 2221 2035 2291 sejudica-

389 2316 459 2371 ri.
493 2315 655 2382 Quod
687 2315 738 2369 si
772 2318 1162 2386 paesumptum
1195 2311 1388 2378 fuerit,
1422 2317 1523 2366 aut
1553 2312 1738 2367 multo
1769 2311 2032 2383 indigna-

386 2405 546 2460 tione
574 2404 700 2476 ipse
732 2403 1020 2468 irascitur,
1080 2405 1182 2456 aut
1225 2399 1416 2470 potius
1468 2401 1782 2455 vindictam
1833 2401 2038 2472 quaerit

387 2511 566 2566 super
613 2509 788 2548 eum.
844 2492 1008 2548 Unde
1055 2491 1106 2545 ei
1158 2489 1439 2547 Dominus
1501 2489 1582 2544 ait
1633 2505 1736 2561 per
1784 2489 2033 2562 prophe-

386 2588 546 2639 tam:
578 2583 683 2649 Qui
737 2599 836 2639 vos
879 2581 1085 2653 tangit,
1135 2579 1343 2650 tangit,
1392 2577 1676 2650 pupillam
1726 2579 1878 2634 oculi
1923 2580 2035 2636 mei

385 2673 671 2742 (lac/1.11)
721 2675 795 2726 Et
837 2672 1002 2742 paulo
1047 2676 1192 2738 post.
1243 2669 1302 2723 Si
1353 2667 1704 2722 detraclores
1753 2685 2035 2738 quorum-

385 2778 619 2832 cunque
650 2760 904 2831 graviter
937 2759 1304 2829 judicantur,
1352 2761 1408 2811 et
1455 2757 1512 2810 in
1559 2757 1900 2827 perditionis
1952 2757 2034 2812 la-

385 2866 604 2920 queum
638 2848 878 2913 cadunt,
916 2846 1097 2901 multo
1130 2845 1358 2917 magnis
1388 2845 1734 2901 laceratores
1765 2852 1821 2901 et
1841 2848 2035 2902 detra-

386 2940 572 2992 ctores
591 2939 766 3007 atque
779 2941 1149 2990 accusatores
1168 2933 1522 2988 famulorum
1541 2933 1638 2988 Dei
1656 2935 2034 3003 damnantur,

386 3029 444 3081 et
474 3026 534 3080 in
564 3023 930 3090 barathrum,
967 3023 1080 3077 nisi
1114 3039 1174 3078 se
1201 3021 1554 3077 correxerint
1591 3026 1648 3077 et
1687 3038 1789 3093 per
1829 3039 2030 3078 eorum

2159 460 2257 530 qui
2290 461 2730 532 praepositorum
2749 463 2928 518 vitam
2947 480 3255 536 moresque
3269 475 3681 540 corrumpunt,
3721 471 3820 527 his

2158 549 2259 619 qui
2291 549 2657 607 substantias
2706 552 2954 608 aliorum
3007 555 3338 626 praediaque
3394 566 3815 631 corrumpunt.

2157 636 2458 694 Sententia
2489 639 2706 712 quippe
2737 641 2920 696 Cham
2956 642 3058 695 filii
3111 642 3229 698 Noe
3273 645 3658 713 damnantur,
3709 650 3817 720 qui

2157 743 2397 780 suorum
2433 729 2875 800 praepositorum
2907 729 3135 802 culpam
3172 734 3454 805 produnt,
3491 751 3595 791 ceu
3623 736 3814 793 Cbam

2156 815 2256 886 qui
2287 817 2538 871 verenda
2565 817 2750 889 patris
2774 835 2886 874 non
2912 821 3162 891 operuit,
3183 825 3282 877 sed
3303 823 3620 880 deridenda
3644 843 3818 882 mon-

2157 904 2363 959 stravit
2394 905 2547 974 (ϐέλη.
2583 909 2681 978 1x).
2715 911 2922 972 Pastor
2953 909 3219 965 Ecclesia
3245 911 3292 966 si
3325 929 3358 966 a
3379 912 3490 969 ﬁde
3511 916 3813 971 exorbita-

2155 993 2320 1063 verit,
2349 994 2456 1049 erit
2488 1011 2522 1050 a
2553 995 2828 1052 ﬁdelibus
2861 997 3267 1069 corrigendos,
3287 1002 3387 1056 sed
3413 1019 3515 1073 pro
3538 1006 3814 1076 reprobis

2156 1081 2420 1138 moribus
2452 1083 2640 1155 magis
2662 1094 2748 1140 est
2774 1085 3107 1142 tolerandus
3130 1105 3306 1158 quam
3325 1090 3809 1164 distringendus;

2156 1170 2303 1240 quia
2338 1176 2590 1227 rectores
2621 1173 2886 1230 Ecclesiae
2921 1193 2952 1230 a
2985 1177 3413 1245 Deojudicandi
3446 1186 3607 1251 sunt,
3638 1183 3796 1238 sicut

2157 1258 2243 1311 ait
2275 1258 2600 1328 Propheta:
2636 1261 2775 1315 Deus
2818 1264 2970 1316 stetit
3019 1265 3079 1316 in
3120 1264 3399 1336 Sinagoga
3447 1267 3700 1340 deorum,
3747 1271 3811 1325 in

2151 1346 2328 1402 medio
2359 1355 2545 1402 autem
2575 1348 2700 1402 deos
2729 1350 2999 1421 dijudicat
3028 1354 3202 1424 (Psal.
3230 1355 3438 1428 Lxxxr).
3472 1359 3626 1414 Item.
3661 1361 3808 1414 Tam

2153 1437 2484 1493 sacerdotes
2508 1454 2685 1509 quam
2713 1439 2918 1512 reliqui
2942 1443 3141 1500 ﬁdeles
3161 1461 3365 1502 omnes
3386 1464 3690 1504 summam
3715 1451 3810 1506 de-

2152 1525 2294 1580 bent
2322 1525 2536 1582 habere
2563 1544 2762 1583 curam
2797 1529 2869 1584 de
2902 1530 2993 1586 his
3035 1533 3134 1602 qui
3186 1540 3456 1606 pereunt,
3508 1541 3808 1607 quatenus

2151 1629 2349 1669 eorum
2380 1617 2796 1687 redargutione
2828 1624 2928 1674 aut
2959 1621 3327 1692 corrigantur
3347 1641 3380 1679 a
3401 1625 3682 1696 peccatis,
3704 1633 3808 1683 aut

2151 1703 2197 1757 si
2228 1703 2656 1776 incorrigibiles
2689 1712 2828 1763 sunt
2853 1707 3299 1782 [apparuerint],
3328 1713 3398 1768 ab
3429 1715 3678 1772 ecclesia
3709 1734 3805 1773 se-

2148 1796 2446 1864 parentur.

2146 1900 2283 1955 CAP.
2316 1900 2446 1978 24C.
2476 1931 2543 1941 -—
2572 1902 2723 1970 Quod
2753 1905 2953 1974 aplebe
2973 1907 3057 1960 vel
3081 1924 3114 1960 a
3134 1908 3457 1978 vulgar-ibus
3483 1911 3810 1970 hominibus

2215 1987 2322 2054 nos
2353 1971 2428 2027 sit
2458 1980 2771 2054 argue-naua
2799 1971 2882 2054 cel
2911 1971 3258 2054 accusandus
3305 1984 3606 2054 episcopus.
3655 1991 3808 2042 Eva-

2215 2042 2386 2098 ristus
2411 2042 2560 2116 papa
2588 2049 2870 2118 episcOpis
2896 2049 3103 2118 Africae
3127 2051 3309 2121 (epist.
3334 2042 3421 2124 '2).

2219 2131 2294 2202 (2,
2346 2147 2399 2202 q.
2445 2133 2504 2204 7,
2545 2150 2591 2188 c.
2635 2136 2753 2190 Non
2776 2141 2854 2191 est
2889 2154 2927 2192 a
2958 2139 3163 2209 plebe.)
3196 2140 3321 2197 Non
3370 2146 3460 2197 est
3518 2143 3720 2215 itaque
3767 2163 3801 2201 a

2148 2217 2318 2290 plebe
2349 2225 2450 2276 aut
2466 2237 2499 2276 a
2526 2222 2872 2294 vulgaribus
2897 2225 3237 2283 hominibus
3255 2232 3593 2300 arguendus
3613 2233 3808 2290 velac-

2151 2309 2449 2365 cusandus
2485 2312 2818 2384 episcopus,
2842 2315 2975 2370 licet
2995 2317 3070 2371 sit
3094 2316 3507 2387 inordinatus;
3541 2322 3806 2395 quiapro

2148 2396 2372 2452 meritis
2392 2400 2766 2456 subditorum
2793 2403 3126 2475 disponitur
3147 2405 3592 2464 vitarectorum.
3613 2410 3800 2483 Unde,

2146 2483 2195 2539 si
2223 2485 2323 2556 qui
2355 2491 2497 2542 sunt
2526 2490 2951 2561 vituperatores
2973 2499 3073 2547 aut
3095 2501 3465 2552 accusatores
3483 2499 3800 2572 episcopo-

2145 2589 2298 2644 rum,
2331 2575 2421 2630 vel
2455 2576 2813 2648 reliquorum
2840 2582 3234 2650 sacerdotum,
3259 2601 3374 2639 non
3409 2592 3804 2657 oporteteosa

2135 2662 2440 2730 judicibus
2471 2665 2737 2722 Ecclesiae
2769 2669 2980 2736 audiri,
3013 2675 3328 2742 antequam
3361 2690 3560 2730 eorum
3597 2677 3801 2733 discu-

2143 2750 2323 2806 tiatur
2352 2754 2755 2811 zestimationis
2786 2758 3042 2828 suspicio
3074 2759 3160 2815 vel
3185 2761 3403 2832 opinio,
3433 2781 3555 2835 qua
3598 2766 3800 2822 inten-

2143 2838 2319 2908 tione,
2353 2859 2470 2913 qua
2500 2843 2634 2913 ﬁde,
2667 2861 2792 2916 qua
2825 2846 3170 2914 temeritate}
3205 2867 3320 2922 qua
3348 2852 3489 2920 vita,
3514 2871 3634 2926 qua
3655 2872 3796 2912 con-

2145 2927 2415 2998 scientia,
2445 2948 2630 3001 quove
2668 2935 2900 3003 merito,
2932 2937 2981 2991 si
3013 2954 3115 3008 pro
3165 2939 3301 3010 Deo,
3353 2946 3454 2996 aut
3495 2959 3598 3013 pro
3643 2961 3795 3001 vana

2143 3015 2348 3086 gloria,
2381 3025 2482 3074 aut
2522 3021 2834 3079 inimicitia
2865 3024 2953 3080 vel
2987 3026 3141 3096 odio,
3173 3027 3259 3082 vel
3310 3031 3631 3101 cupiditate
3680 3033 3795 3090 ista

386 3113 849 3170 satisfactionem
882 3111 1234 3182 condignam
1266 3110 1490 3182 egerint
1520 3113 2037 3183 poenitentiam,in-
2071 3117 2112 3184 C
2153 3109 2657 3178 prmsumpserint.
2690 3114 2762 3167 Et
2811 3113 2980 3184 paulo
3025 3125 3164 3184 post.
3229 3118 3300 3187 (2,
3351 3135 3402 3188 q.
3455 3120 3508 3189 7,
3557 3137 3605 3175 ο.
3649 3123 3797 3178 Deus

385 3201 724 3258 dubitanter
744 3201 965 3256 vadunt
989 3205 1046 3255 et
1064 3199 1391 3254 vindicibus
1417 3199 1669 3254 ﬂammis
1690 3206 2035 3258 exuruntur.

386 3291 519 3348 Haec
536 3296 592 3348 et
609 3289 723 3346 alia
745 3288 1067 3362 periculosa
1085 3287 1525 3344 considerantes
1548 3289 1792 3359 apostoli
1816 3295 2034 3346 statue-

388 3388 526 3437 runt
549 3398 619 3437 ne
645 3380 809 3438 facile
832 3384 1358 3449 commoverentur,
1380 3383 1480 3434 aut
1497 3378 1914 3452 lacerarentur,
1939 3381 2030 3437 vel

389 3475 808 3526 accusarentur
836 3468 1122 3524 columnze
1155 3474 1369 3525 sancta:
1418 3469 1517 3524 Dei
1567 3468 1854 3537 Ecclesiae,
1905 3487 2030 3541 qua:

389 3558 636 3629 apostoli
668 3562 726 3614 et
748 3575 1121 3614 successores
1145 3574 1346 3614 eorum
1366 3575 1482 3614 non
1506 3559 1800 3615 immerito
1823 3559 2029 3616 dicun-

384 3651 498 3702 tur.
533 3647 642 3702 Sed
675 3647 724 3702 si
756 3647 890 3718 quis
914 3649 1191 3704 adversus
1223 3664 1322 3703 eos
1352 3647 1440 3703 vel
1492 3647 1779 3704 Ecclesiae
1823 3665 2026 3704 eorum

382 3740 714 3792 commotus
743 3736 914 3792 fuerit
945 3745 1042 3792 aut
1068 3753 1276 3791 causas
1298 3736 1588 3806 habuerit,
1619 3736 1785 3809 prius
1816 3739 1884 3792 ad
1929 3754 2028 3793 eos

375 3830 637 3880 recurrat
667 3825 973 3881 charitatis
1008 3825 1225 3892 studio,
1260 3830 1361 3879 aut
1391 3825 1664 3880 familiari
1714 3825 2024 3897 colloquio,

373 3929 442 3968 ea
471 3917 682 3969 sanent
711 3915 990 3970 commoti
1023 3930 1149 3982 qum
1181 3914 1446 3968 sananda
1478 3918 1635 3979 sunt,
1669 3919 1725 3968 et
1772 3915 2025 3970 charita-

373 4003 487 4058 tive
519 4003 835 4060 emendent
865 4019 991 4073 quze
1013 4003 1176 4073 juste
1217 4002 1583 4056 emendenda
1626 4004 2021 4073 cognoverint.

370 4092 428 4146 Si
469 4097 665 4149 autem
697 4091 876 4165 aliqui
912 4108 1010 4147 eos
1044 4092 1209 4164 prius
1233 4105 1409 4162 quam
1426 4089 1535 4144 hoc
1557 4090 1783 4162 egerint
1806 4091 2023 4146 lacera-

372 4197 455 4249 re,
490 4199 786 4250 accusare,
815 4185 915 4236 aut
948 4181 1226 4235 infestare
1259 4179 1759 4250 praesumpserint,
1793 4196 2022 4235 excom-

375 4271 769 4335 municentur,
801 4276 857 4324 et
880 4269 1122 4324 minime
1152 4267 1530 4324 absolventur
1564 4272 1879 4339 antequam
1922 4286 2025 4340 per

372 4357 856 4424 satisfactionem,
891 4362 956 4411 ut
976 4358 1101 4426 jam
1135 4359 1356 4412 dictum
1381 4361 1488 4424 est,
1509 4357 1861 4429 condignam
1885 4375 2020 4430 ege-

373 4445 491 4498 rint
520 4446 944 4515 pmnitentiam,
973 4447 1253 4515 quoniam
1289 4447 1503 4516 injuria
1525 4463 1726 4502 eorum
1761 4448 1828 4502 ad
1863 4447 2022 4503 Chri-

372 4536 531 4587 stum
555 4532 824 4604 pertinet,
848 4534 1018 4604 cujus
1041 4532 1331 4604 legatione
1353 4535 1698 4607 funguntur.
1725 4535 1871 4591 Idem
1893 4537 2020 4607 Eje-

370 4621 623 4676 ctionem
643 4638 796 4693 quoq
809 4637 898 4686 ue,
922 4626 986 4676 ut
1007 4639 1188 4693 supra
1207 4628 1595 4678 memoratum
1621 4629 1731 4690 est,
1756 4641 2018 4680 summo-

373 4724 504 4763 rum
536 4712 906 4764 sacerdotum
935 4710 1044 4764 sibi
1070 4710 1356 4765 Dominus
1375 4712 1689 4767 reservavit
1711 4729 1725 4779 ;
1747 4713 1878 4768 licet
1903 4713 2018 4768 ele-

373 4797 628 4852 ctionem
660 4814 861 4853 eorum
893 4799 1062 4853 bonis
1090 4798 1491 4855 sacerdotibus
1525 4805 1580 4855 et
1609 4799 2018 4871 spiritualibus

371 4885 607 4958 populis
638 4887 1042 4943 concessisset.

373 4975 503 5031 CAP.
536 4976 661 5030 239.
706 5003 777 5016 -ι
830 4976 978 5044 Quod
1033 4979 1373 5032 accusatores
1427 4983 1482 5032 et
1529 4982 1689 5033 testes
1740 4995 1852 5035 esse
1905 4997 2018 5037 non

436 5056 693 5131 possant,
733 5047 843 5130 qui
877 5055 1007 5135 nate
1053 5048 1381 5135 hesteraunt
1423 5049 1590 5135 diem,
1637 5059 1737 5135 aut
1781 5053 2011 5135 vittatus.

435 5122 575 5174 terti
580 5135 641 5174 us
670 5118 897 5173 inimici
914 5121 1163 5188 fuerunt.
1185 5121 1338 5175 Idem
1360 5119 1419 5174 in
1439 5121 1597 5176 tertio
1614 5122 1877 5178 decretatz'
1894 5141 2011 5180 suo.

439 5209 514 5279 (3,
557 5226 609 5280 q.
656 5209 710 5276 5,
761 5223 806 5262 ε.
856 5208 1250 5279 Accusatores.)
1301 5213 1686 5264 Accusatores
1734 5215 1790 5265 et
1835 5215 2014 5268 testes

365 5314 492 5355 esse
523 5314 639 5352 non
664 5302 932 5368 possunt,
957 5297 1056 5368 qui
1088 5301 1223 5352 ante
1243 5297 1584 5352 hesternum
1609 5298 1764 5353 diem
1788 5306 1889 5354 aut
1911 5318 2012 5357 nu-

370 5385 717 5444 diustertius
747 5384 968 5441 inimici
992 5387 1247 5456 fuerunt,
1268 5402 1340 5441 ne
1359 5385 1491 5440 irati
1517 5401 1722 5441 nocere
1751 5388 2008 5460 cupiant,

370 5473 458 5527 vel
486 5473 607 5530 laesi
639 5491 702 5530 se
732 5473 931 5530 ulcisci
963 5473 1159 5530 velint.
1193 5475 1519 5532 Inotfensus
1551 5491 1686 5547 ergo
1718 5484 2010 5536 accusato-

371 5576 506 5619 rum
530 5567 587 5618 et
615 5563 855 5621 testium
887 5564 1132 5622 allectus
1161 5566 1510 5638 quarendus
1539 5570 1649 5633 est,
1680 5569 1736 5622 et
1759 5584 1874 5625 non
1905 5585 2004 5627 su-

2147 3197 2537 3269 omm’potens.)
2562 3199 2719 3256 Deus
2745 3204 3311 3274 omnipotensutnos
3331 3225 3364 3262 a
3388 3210 3796 3282 praecipitante

2143 3287 2445 3341 sententiae
2517 3288 2839 3359 prolatione
2911 3301 3331 3364 compesceret,
3393 3314 3527 3352 cum
3598 3303 3802 3358 omnia

2142 3373 2301 3427 nuda
2330 3379 2388 3430 et
2416 3381 2615 3447 aperta
2645 3381 2765 3434 sint
2797 3380 2983 3437 oculis
3014 3383 3164 3452 ejus,
3192 3384 3354 3440 mala
3387 3391 3582 3442 tamen
3618 3390 3800 3446 Sodo-

2143 3477 2370 3517 morum
2388 3464 3422 3544 noluitauditajudicare,priusquam
3440 3477 3790 3536 manisfeste

2139 3558 2482 3620 agnosceret
2514 3570 2641 3624 quae
2673 3555 3035 3614 dicebantur.
3075 3561 3236 3615 Unde
3267 3561 3392 3633 ipse
3415 3564 3524 3618 ait:
3551 3567 3783 3622 Descen-

2137 3639 2271 3694 dam
2307 3652 2359 3696 et
2396 3642 2586 3698 videbo
2636 3648 2824 3700 utrum
2863 3647 3182 3717 clamorem,
3223 3651 3322 3721 qui
3361 3655 3511 3708 venit
3553 3656 3629 3709 ad
3670 3673 3781 3726 me,

2135 3743 2294 3798 opere
2336 3732 2743 3803 compteverz‘nt,
2774 3750 2854 3788 an
2888 3751 2999 3790 non
3041 3741 3116 3793 est
3163 3740 3262 3807 ita,
3295 3744 3355 3794 ut
3399 3743 3571 3796 sciam
3624 3745 3781 3815 (Gen.

2133 3817 2318 3888 xvm).
2353 3819 2502 3874 Deus
2533 3821 2906 3892 omnipotens
2938 3825 3030 3879 cui
3059 3827 3204 3882 nihil
3237 3829 3648 3888 absconditum
3671 3840 3784 3901 est,

2134 3905 2235 3958 sed
2267 3906 2464 3962 omnia
2481 3907 2531 3962 ei
2552 3909 2897 3967 manisfesta
2913 3919 3071 3983 sunt,
3087 3915 3261 3970 etiam
3280 3922 3594 3990 antequam
3611 3923 3779 3995 ﬁant,

2134 4007 2250 4046 non
2282 3993 2354 4048 ob
2375 3993 2531 4050 aliud
2551 3996 2672 4051 haec
2694 4002 2750 4053 et
2771 3997 2885 4054 alia
2911 4001 3098 4057 multa
3119 4019 3245 4074 quae
3268 4005 3361 4061 hic
3385 3993 3783 4077 prolixitatem

2132 4079 2382 4137 vitantes
2415 4100 2530 4138 non
2562 4085 2940 4157 inseruimus,
2975 4107 3077 4160 per
3105 4092 3479 4164 seinquirere
3497 4098 3781 4169 dignatus

2131 4172 2241 4238 est,
2273 4169 2388 4225 nisi
2422 4177 2485 4226 ut
2515 4173 2684 4229 nobis
2716 4177 3050 4246 exemplum
3084 4180 3271 4247 daret,
3307 4199 3407 4238 nec
3452 4189 3780 4258 praecipites

2131 4257 2189 4312 in
2218 4257 2602 4316 discutiendis
2633 4267 2688 4317 et
2717 4265 3050 4334 iudicandis
3076 4270 3329 4342 negotiis
3358 4257 3648 4331 essemus.

2131 4364 2264 4419 CAP.
2458 4372 2635 4456 —onD‘e
2664 4373 3273 4456 έιίιίιονιαροηίςτδδίοῃᾳ.⁸
3291 4377 3606 4456 Alexander
3630 4399 3783 4456 papa

2201 4437 2421 4519 quintus
2451 4455 2488 4520 tt
2515 4444 2682 4496 Petro
2711 4443 2770 4497 in
2799 4445 2988 4512 primo
3003 4437 3273 4503 decretati
3289 4465 3386 4505 suo
3401 4437 3780 4526 οηιηὶὺηῖςεῇἰλ

2198 4509 2377 4579 scOpis
2408 4511 2590 4566 misso.

2201 4595 2259 4684 Si
2292 4599 2696 4656 sacerdotibus
2723 4604 2806 4657 vel
2839 4606 3135 4662 actoribus
3186 4608 3456 4666 Ecclesia:
3507 4617 3775 4684 quaedam

2129 4683 2432 4756 scripturae
2464 4693 2879 4760 quoquomodo
2913 4710 3016 4764 per
3053 4701 3274 4752 metum
3333 4706 3434 4754 aut
3484 4683 3773 4774 fraudem,

2129 4778 2231 4827 aut
2255 4790 2358 4845 per
2387 4776 2502 4832 vim
2534 4783 2768 4834 extortae
2801 4783 3040 4855 fuerint,
3072 4785 3158 4840 vel
3194 4793 3257 4842 ut
3286 4789 3490 4862 [velut]
3521 4810 3584 4848 se
3628 4793 3776 4852 libe-

2126 4877 2254 4916 rare
2287 4870 2525 4933 possent
2555 4883 2906 4941 quocunque
2929 4873 2998 4927 ab
3024 4873 3107 4929 eis
3132 4878 3475 4949 conscripta:
3507 4882 3594 4936 vel
3618 4883 3776 4941 labo-

2125 4955 2264 5005 rata:
2296 4951 2858 5027 fuerintingenio,ad
2875 4959 3202 5018 nullumeis
3227 4966 3637 5036 praejudicium
3684 4975 3770 5030 vel

2125 5046 2545 5098 nocumentum
2578 5044 2767 5101 valere
2798 5063 3128 5118 censemus,
3165 5068 3353 5124 neque
3375 5055 3555 5113 ullam
3579 5060 3664 5116 eis
3688 5063 3773 5117 in-

2123 5127 2362 5185 famiam
2390 5137 2492 5186 aut
2509 5131 2886 5206 calumniam,
2913 5143 3016 5193 aut
3040 5157 3072 5194 a
3095 5141 3220 5196 suis
3238 5150 3769 5214 sequestrationem

2122 5215 2292 5273 bonis
2322 5235 2582 5290 unquam
2618 5229 2852 5280 auctore
2882 5226 3016 5295 Deo,
3050 5234 3106 5284 et
3136 5232 3360 5296 sanctis
3392 5237 3643 5306 apotolis
3669 5257 3766 5297 eo-

2121 5321 2371 5377 rumque
2400 5313 2845 5370 successoribus
2868 5317 3127 5374 sutinere
3157 5322 3766 5391 permittimus.Paulo

2115 5401 2249 5464 post.
2285 5394 2580 5454 Confessio
2613 5402 2768 5457 enim
2799 5403 2858 5458 in
2892 5405 3111 5463 talibus
3143 5425 3256 5464 non
3291 5414 3620 5486 compulsa,
3660 5420 3762 5475 sed

2118 5488 2442 5554 spontanee
2473 5487 2594 5543 ﬁeri
2629 5491 2838 5548 debet:
2875 5497 3067 5552 omnis
3100 5498 3260 5553 enim
3291 5501 3585 5560 confessio
3636 5523 3765 5580 quae

2117 5570 2182 5627 ﬁt
2211 5588 2280 5628 ex
2309 5576 2682 5648 necessitate,
2714 5579 2860 5636 ﬁdes
2891 5599 3008 5639 non
3040 5588 3148 5641 est.
3184 5585 3479 5646 Confessio
3513 5570 3671 5666 ergo.
3703 5596 3761 5652 in
