  <div class='ocr_page' id='page_1' title='image "/cluster/home/n/w/nwhite01/storage/ocr_20150623/161/hvd.32044054760194/244.png"; bbox 0 0 3978 6060; ppageno 0'>
   <div class='ocr_carea' id='block_1_1' title="bbox 186 308 297 359">
    <p class='ocr_par' dir='ltr' id='par_1_1' title="bbox 186 308 297 359">
     <span class='ocr_line' id='line_1_1' title="bbox 186 308 297 359; baseline -0.009 0"><span class='ocrx_word' id='word_1_1' title='bbox 186 308 297 359; x_wconf 87' lang='grc'>397</span> 
     </span>
    </p>
   </div>
   <div class='ocr_carea' id='block_1_2' title="bbox 915 307 2902 373">
    <p class='ocr_par' dir='ltr' id='par_1_2' title="bbox 915 307 2902 373">
     <span class='ocr_line' id='line_1_2' title="bbox 915 307 2902 373; baseline 0.002 -14"><span class='ocrx_word' id='word_1_2' title='bbox 915 307 1223 360; x_wconf 81' lang='lat' dir='ltr'>DECRETI</span> <span class='ocrx_word' id='word_1_3' title='bbox 1264 310 1448 361; x_wconf 79' lang='lat' dir='ltr'>PARS</span> <span class='ocrx_word' id='word_1_4' title='bbox 1485 310 1551 361; x_wconf 87' lang='lat' dir='ltr'>V.</span> <span class='ocrx_word' id='word_1_5' title='bbox 1582 337 1647 346; x_wconf 91' lang='lat'>-—</span> <span class='ocrx_word' id='word_1_6' title='bbox 1691 310 1785 361; x_wconf 88' lang='lat' dir='ltr'><strong>DE</strong></span> <span class='ocrx_word' id='word_1_7' title='bbox 1823 307 2145 362; x_wconf 85' lang='lat' dir='ltr'>PRIMATU</span> <span class='ocrx_word' id='word_1_8' title='bbox 2183 311 2353 363; x_wconf 82' lang='lat' dir='ltr'>ROM.</span> <span class='ocrx_word' id='word_1_9' title='bbox 2396 312 2710 373; x_wconf 83' lang='lat' dir='ltr'>BCCLES.,</span> <span class='ocrx_word' id='word_1_10' title='bbox 2749 313 2902 365; x_wconf 80' lang='lat' dir='ltr'>ETC.</span> 
     </span>
    </p>
   </div>
   <div class='ocr_carea' id='block_1_3' title="bbox 3501 314 3610 369">
    <p class='ocr_par' dir='ltr' id='par_1_3' title="bbox 3501 314 3610 369">
     <span class='ocr_line' id='line_1_3' title="bbox 3501 314 3610 369; baseline 0.009 -1"><span class='ocrx_word' id='word_1_11' title='bbox 3501 314 3610 369; x_wconf 86' lang='lat'>398</span> 
     </span>
    </p>
   </div>
   <div class='ocr_carea' id='block_1_4' title="bbox 188 427 3606 509">
    <p class='ocr_par' dir='ltr' id='par_1_4' title="bbox 188 427 3606 509">
     <span class='ocr_line' id='line_1_4' title="bbox 188 427 3606 509; baseline 0.002 -24"><span class='ocrx_word' id='word_1_12' title='bbox 188 430 382 485; x_wconf 86' lang='lat' dir='ltr'>tribus</span> <span class='ocrx_word' id='word_1_13' title='bbox 420 445 533 484; x_wconf 89' lang='lat' dir='ltr'>non</span> <span class='ocrx_word' id='word_1_14' title='bbox 567 427 923 499; x_wconf 82' lang='lat' dir='ltr'>extorqueri,</span> <span class='ocrx_word' id='word_1_15' title='bbox 975 429 1075 484; x_wconf 91' lang='lat' dir='ltr'>sed</span> <span class='ocrx_word' id='word_1_16' title='bbox 1128 428 1302 483; x_wconf 83' lang='lat' dir='ltr'>debet</span> <span class='ocrx_word' id='word_1_17' title='bbox 1352 433 1560 499; x_wconf 83' lang='lat' dir='ltr'>sponte</span> <span class='ocrx_word' id='word_1_18' title='bbox 1602 429 1845 501; x_wconf 83' lang='lat' dir='ltr'>proferri</span> <span class='ocrx_word' id='word_1_19' title='bbox 1874 437 1923 502; x_wconf 77' lang='grc' dir='ltr'>Α</span> <span class='ocrx_word' id='word_1_20' title='bbox 1959 429 2070 485; x_wconf 87' lang='lat' dir='ltr'>nisi</span> <span class='ocrx_word' id='word_1_21' title='bbox 2096 447 2222 501; x_wconf 78' lang='lat' dir='ltr'>quae</span> <span class='ocrx_word' id='word_1_22' title='bbox 2246 432 2835 488; x_wconf 89' lang='lat' dir='ltr'>manifestisindiciis</span> <span class='ocrx_word' id='word_1_23' title='bbox 2860 434 3606 509; x_wconf 68' lang='lat' dir='ltr'>comprobanturmisiquze</span> 
     </span>
    </p>
   </div>
   <div class='ocr_carea' id='block_1_5' title="bbox 188 516 1845 590">
    <p class='ocr_par' dir='ltr' id='par_1_5' title="bbox 188 516 1845 590">
     <span class='ocr_line' id='line_1_5' title="bbox 188 516 1845 590; baseline 0.001 -18"><span class='ocrx_word' id='word_1_24' title='bbox 188 517 538 590; x_wconf 86' lang='lat' dir='ltr'>[proﬁteri]:</span> <span class='ocrx_word' id='word_1_25' title='bbox 568 517 893 588; x_wconf 90' lang='lat' dir='ltr'>pessimum</span> <span class='ocrx_word' id='word_1_26' title='bbox 928 521 1017 572; x_wconf 88' lang='lat' dir='ltr'>est</span> <span class='ocrx_word' id='word_1_27' title='bbox 1066 516 1223 571; x_wconf 91' lang='lat' dir='ltr'>enim</span> <span class='ocrx_word' id='word_1_28' title='bbox 1274 517 1345 572; x_wconf 92' lang='lat' dir='ltr'>de</span> <span class='ocrx_word' id='word_1_29' title='bbox 1376 517 1712 588; x_wconf 81' lang='lat' dir='ltr'>suspicione</span> <span class='ocrx_word' id='word_1_30' title='bbox 1744 523 1845 574; x_wconf 88' lang='lat' dir='ltr'>aut</span> 
     </span>
    </p>
   </div>
   <div class='ocr_carea' id='block_1_6' title="bbox 187 606 1843 677">
    <p class='ocr_par' dir='ltr' id='par_1_6' title="bbox 187 606 1843 677">
     <span class='ocr_line' id='line_1_6' title="bbox 187 606 1843 677; baseline 0 -15"><span class='ocrx_word' id='word_1_31' title='bbox 187 612 419 662; x_wconf 85' lang='lat' dir='ltr'>extorta</span> <span class='ocrx_word' id='word_1_32' title='bbox 470 606 839 662; x_wconf 85' lang='lat' dir='ltr'>confessione</span> <span class='ocrx_word' id='word_1_33' title='bbox 871 622 1230 677; x_wconf 91' lang='lat' dir='ltr'>quemquam</span> <span class='ocrx_word' id='word_1_34' title='bbox 1255 606 1545 677; x_wconf 85' lang='lat' dir='ltr'>judicare,</span> <span class='ocrx_word' id='word_1_35' title='bbox 1566 624 1697 662; x_wconf 93' lang='lat' dir='ltr'>cum</span> <span class='ocrx_word' id='word_1_36' title='bbox 1726 625 1843 662; x_wconf 84' lang='lat' dir='ltr'>ma-</span> 
     </span>
    </p>
   </div>
   <div class='ocr_carea' id='block_1_7' title="bbox 181 694 1843 768">
    <p class='ocr_par' dir='ltr' id='par_1_7' title="bbox 181 694 1843 768">
     <span class='ocr_line' id='line_1_7' title="bbox 181 694 1843 768; baseline 0 -19"><span class='ocrx_word' id='word_1_37' title='bbox 181 694 597 768; x_wconf 86' lang='lat' dir='ltr'>gisinspector</span> <span class='ocrx_word' id='word_1_38' title='bbox 611 695 804 749; x_wconf 87' lang='lat' dir='ltr'>cordis</span> <span class='ocrx_word' id='word_1_39' title='bbox 826 695 903 749; x_wconf 91' lang='lat' dir='ltr'>sit</span> <span class='ocrx_word' id='word_1_40' title='bbox 920 695 1203 749; x_wconf 87' lang='lat' dir='ltr'>Dominus</span> <span class='ocrx_word' id='word_1_41' title='bbox 1234 711 1407 765; x_wconf 86' lang='lat' dir='ltr'>quam</span> <span class='ocrx_word' id='word_1_42' title='bbox 1424 696 1639 765; x_wconf 90' lang='lat' dir='ltr'>operis.</span> <span class='ocrx_word' id='word_1_43' title='bbox 1666 696 1843 750; x_wconf 88' lang='lat' dir='ltr'>Paulo</span> 
     </span>
    </p>
   </div>
   <div class='ocr_carea' id='block_1_8' title="bbox 181 783 1842 856">
    <p class='ocr_par' dir='ltr' id='par_1_8' title="bbox 181 783 1842 856">
     <span class='ocr_line' id='line_1_8' title="bbox 181 783 1842 856; baseline -0.001 -18"><span class='ocrx_word' id='word_1_44' title='bbox 181 793 322 856; x_wconf 86' lang='lat' dir='ltr'>post.</span> <span class='ocrx_word' id='word_1_45' title='bbox 350 784 473 838; x_wconf 88' lang='lat' dir='ltr'>Non</span> <span class='ocrx_word' id='word_1_46' title='bbox 503 788 693 854; x_wconf 80' lang='lat' dir='ltr'>potest</span> <span class='ocrx_word' id='word_1_47' title='bbox 724 788 918 839; x_wconf 88' lang='lat' dir='ltr'>autem</span> <span class='ocrx_word' id='word_1_48' title='bbox 938 783 1196 838; x_wconf 89' lang='lat' dir='ltr'>humano</span> <span class='ocrx_word' id='word_1_49' title='bbox 1218 784 1595 838; x_wconf 88' lang='lat' dir='ltr'>condemnari</span> <span class='ocrx_word' id='word_1_50' title='bbox 1623 784 1842 839; x_wconf 86' lang='lat' dir='ltr'>exami-</span> 
     </span>
    </p>
   </div>
   <div class='ocr_carea' id='block_1_9' title="bbox 185 872 1842 945">
    <p class='ocr_par' dir='ltr' id='par_1_9' title="bbox 185 872 1842 945">
     <span class='ocr_line' id='line_1_9' title="bbox 185 872 1842 945; baseline 0 -18"><span class='ocrx_word' id='word_1_51' title='bbox 185 890 279 939; x_wconf 91' lang='lat' dir='ltr'>ne,</span> <span class='ocrx_word' id='word_1_52' title='bbox 313 890 485 945; x_wconf 85' lang='lat' dir='ltr'>quem</span> <span class='ocrx_word' id='word_1_53' title='bbox 523 872 796 928; x_wconf 87' lang='lat' dir='ltr'>Dominus</span> <span class='ocrx_word' id='word_1_54' title='bbox 827 888 933 927; x_wconf 91' lang='lat' dir='ltr'>suo</span> <span class='ocrx_word' id='word_1_55' title='bbox 967 873 1283 927; x_wconf 83' lang='lat' dir='ltr'>reservavit</span> <span class='ocrx_word' id='word_1_56' title='bbox 1321 873 1568 941; x_wconf 89' lang='lat' dir='ltr'>judicio.</span> <span class='ocrx_word' id='word_1_57' title='bbox 1613 874 1667 927; x_wconf 90' lang='lat' dir='ltr'>Si</span> <span class='ocrx_word' id='word_1_58' title='bbox 1721 889 1842 927; x_wconf 88' lang='lat' dir='ltr'>om-</span> 
     </span>
    </p>
   </div>
   <div class='ocr_carea' id='block_1_10' title="bbox 187 960 1840 1034">
    <p class='ocr_par' dir='ltr' id='par_1_10' title="bbox 187 960 1840 1034">
     <span class='ocr_line' id='line_1_10' title="bbox 187 960 1840 1034; baseline -0.001 -17"><span class='ocrx_word' id='word_1_59' title='bbox 187 962 287 1017; x_wconf 89' lang='lat' dir='ltr'>nia</span> <span class='ocrx_word' id='word_1_60' title='bbox 319 978 574 1034; x_wconf 88' lang='lat' dir='ltr'>namque</span> <span class='ocrx_word' id='word_1_61' title='bbox 596 962 655 1015; x_wconf 92' lang='lat' dir='ltr'>in</span> <span class='ocrx_word' id='word_1_62' title='bbox 689 960 795 1017; x_wconf 88' lang='lat' dir='ltr'>hoc</span> <span class='ocrx_word' id='word_1_63' title='bbox 827 961 1040 1015; x_wconf 87' lang='lat' dir='ltr'>saeculo</span> <span class='ocrx_word' id='word_1_64' title='bbox 1072 961 1367 1017; x_wconf 90' lang='lat' dir='ltr'>vindicata</span> <span class='ocrx_word' id='word_1_65' title='bbox 1399 965 1599 1017; x_wconf 88' lang='lat' dir='ltr'>essent</span> <span class='ocrx_word' id='word_1_66' title='bbox 1648 962 1840 1017; x_wconf 93' lang='lat' dir='ltr'>locum</span> 
     </span>
    </p>
   </div>
   <div class='ocr_carea' id='block_1_11' title="bbox 184 1049 1841 1122">
    <p class='ocr_par' dir='ltr' id='par_1_11' title="bbox 184 1049 1841 1122">
     <span class='ocr_line' id='line_1_11' title="bbox 184 1049 1841 1122; baseline 0 -17"><span class='ocrx_word' id='word_1_67' title='bbox 184 1050 384 1105; x_wconf 89' lang='lat' dir='ltr'>divina</span> <span class='ocrx_word' id='word_1_68' title='bbox 407 1051 635 1121; x_wconf 88' lang='lat' dir='ltr'>judicia</span> <span class='ocrx_word' id='word_1_69' title='bbox 667 1066 780 1105; x_wconf 92' lang='lat' dir='ltr'>non</span> <span class='ocrx_word' id='word_1_70' title='bbox 814 1049 1122 1106; x_wconf 88' lang='lat' dir='ltr'>haberent.</span> <span class='ocrx_word' id='word_1_71' title='bbox 1180 1051 1245 1105; x_wconf 87' lang='lat' dir='ltr'>Et</span> <span class='ocrx_word' id='word_1_72' title='bbox 1293 1052 1459 1121; x_wconf 88' lang='lat' dir='ltr'>paulo</span> <span class='ocrx_word' id='word_1_73' title='bbox 1489 1054 1625 1122; x_wconf 89' lang='lat' dir='ltr'>post.</span> <span class='ocrx_word' id='word_1_74' title='bbox 1670 1051 1841 1121; x_wconf 87' lang='lat' dir='ltr'>Pejus</span> 
     </span>
    </p>
   </div>
   <div class='ocr_carea' id='block_1_12' title="bbox 186 1138 1841 1210">
    <p class='ocr_par' dir='ltr' id='par_1_12' title="bbox 186 1138 1841 1210">
     <span class='ocr_line' id='line_1_12' title="bbox 186 1138 1841 1210; baseline 0.001 -17"><span class='ocrx_word' id='word_1_75' title='bbox 186 1141 410 1194; x_wconf 91' lang='lat' dir='ltr'>malum</span> <span class='ocrx_word' id='word_1_76' title='bbox 444 1157 558 1197; x_wconf 93' lang='lat' dir='ltr'>non</span> <span class='ocrx_word' id='word_1_77' title='bbox 590 1156 719 1195; x_wconf 88' lang='lat' dir='ltr'>esse</span> <span class='ocrx_word' id='word_1_78' title='bbox 749 1138 1043 1203; x_wconf 88' lang='lat' dir='ltr'>existimo,</span> <span class='ocrx_word' id='word_1_79' title='bbox 1079 1155 1256 1210; x_wconf 88' lang='lat' dir='ltr'>quam</span> <span class='ocrx_word' id='word_1_80' title='bbox 1307 1139 1669 1196; x_wconf 86' lang='lat' dir='ltr'>Christianos</span> <span class='ocrx_word' id='word_1_81' title='bbox 1714 1140 1841 1195; x_wconf 89' lang='lat' dir='ltr'>suis</span> 
     </span>
    </p>
   </div>
   <div class='ocr_carea' id='block_1_13' title="bbox 179 1228 901 1285">
    <p class='ocr_par' dir='ltr' id='par_1_13' title="bbox 179 1228 901 1285">
     <span class='ocr_line' id='line_1_13' title="bbox 179 1228 901 1285; baseline 0.003 -3"><span class='ocrx_word' id='word_1_82' title='bbox 179 1228 441 1284; x_wconf 87' lang='lat' dir='ltr'>invidere</span> <span class='ocrx_word' id='word_1_83' title='bbox 472 1228 901 1285; x_wconf 84' lang='lat' dir='ltr'>sacerdotibus.</span> 
     </span>
    </p>
   </div>
   <div class='ocr_carea' id='block_1_14' title="bbox 181 1334 1841 1407">
    <p class='ocr_par' dir='ltr' id='par_1_14' title="bbox 181 1334 1841 1407">
     <span class='ocr_line' id='line_1_14' title="bbox 181 1334 1841 1407; baseline 0 -18"><span class='ocrx_word' id='word_1_84' title='bbox 181 1334 316 1390; x_wconf 65' lang='lat' dir='ltr'>CAP.</span> <span class='ocrx_word' id='word_1_85' title='bbox 356 1335 479 1389; x_wconf 79' lang='grc'>242.</span> <span class='ocrx_word' id='word_1_86' title='bbox 511 1365 581 1376; x_wconf 89' lang='grc'><strong><em>-</em></strong></span> <span class='ocrx_word' id='word_1_87' title='bbox 621 1336 733 1403; x_wconf 87' lang='lat' dir='ltr'>Quo</span> <span class='ocrx_word' id='word_1_88' title='bbox 762 1334 963 1407; x_wconf 13' lang='lat' dir='ltr'>ordine,</span> <span class='ocrx_word' id='word_1_89' title='bbox 1001 1334 1242 1407; x_wconf 77' lang='lat' dir='ltr'>adeundi</span> <span class='ocrx_word' id='word_1_90' title='bbox 1296 1337 1407 1390; x_wconf 85' lang='lat' dir='ltr'>sint</span> <span class='ocrx_word' id='word_1_91' title='bbox 1461 1338 1729 1407; x_wconf 78' lang='lat' dir='ltr'>primates</span> <span class='ocrx_word' id='word_1_92' title='bbox 1756 1335 1841 1391; x_wconf 87' lang='lat' dir='ltr'>vel</span> 
     </span>
    </p>
   </div>
   <div class='ocr_carea' id='block_1_15' title="bbox 719 1405 1305 1477">
    <p class='ocr_par' dir='ltr' id='par_1_15' title="bbox 719 1405 1305 1477">
     <span class='ocr_line' id='line_1_15' title="bbox 719 1405 1305 1477; baseline 0.002 -18"><span class='ocrx_word' id='word_1_93' title='bbox 719 1405 829 1460; x_wconf 87' lang='lat' dir='ltr'>alii</span> <span class='ocrx_word' id='word_1_94' title='bbox 860 1406 1102 1477; x_wconf 87' lang='lat' dir='ltr'>judices.</span> <span class='ocrx_word' id='word_1_95' title='bbox 1139 1406 1305 1461; x_wconf 84' lang='lat' dir='ltr'>Idem.</span> 
     </span>
    </p>
   </div>
   <div class='ocr_carea' id='block_1_16' title="bbox 255 1494 1839 1566">
    <p class='ocr_par' dir='ltr' id='par_1_16' title="bbox 255 1494 1839 1566">
     <span class='ocr_line' id='line_1_16' title="bbox 255 1494 1839 1566; baseline 0.001 -17"><span class='ocrx_word' id='word_1_96' title='bbox 255 1495 314 1549; x_wconf 91' lang='lat' dir='ltr'>Si</span> <span class='ocrx_word' id='word_1_97' title='bbox 359 1494 491 1565; x_wconf 85' lang='lat' dir='ltr'>quis</span> <span class='ocrx_word' id='word_1_98' title='bbox 553 1510 690 1566; x_wconf 89' lang='lat' dir='ltr'>erga</span> <span class='ocrx_word' id='word_1_99' title='bbox 748 1495 1093 1566; x_wconf 87' lang='lat' dir='ltr'>episcopum</span> <span class='ocrx_word' id='word_1_100' title='bbox 1151 1495 1239 1550; x_wconf 85' lang='lat' dir='ltr'>vel</span> <span class='ocrx_word' id='word_1_101' title='bbox 1302 1499 1527 1551; x_wconf 91' lang='lat' dir='ltr'>actores</span> <span class='ocrx_word' id='word_1_102' title='bbox 1573 1496 1839 1551; x_wconf 72' lang='lat' dir='ltr'>Ecclesiae</span> 
     </span>
    </p>
   </div>
   <div class='ocr_carea' id='block_1_17' title="bbox 180 1582 1836 1655">
    <p class='ocr_par' dir='ltr' id='par_1_17' title="bbox 180 1582 1836 1655">
     <span class='ocr_line' id='line_1_17' title="bbox 180 1582 1836 1655; baseline 0.001 -17"><span class='ocrx_word' id='word_1_103' title='bbox 180 1582 511 1654; x_wconf 84' lang='lat' dir='ltr'>quamlibet</span> <span class='ocrx_word' id='word_1_104' title='bbox 541 1583 840 1655; x_wconf 87' lang='lat' dir='ltr'>querelam</span> <span class='ocrx_word' id='word_1_105' title='bbox 862 1584 1086 1654; x_wconf 87' lang='lat' dir='ltr'>justam</span> <span class='ocrx_word' id='word_1_106' title='bbox 1119 1583 1333 1639; x_wconf 88' lang='lat' dir='ltr'>habere</span> <span class='ocrx_word' id='word_1_107' title='bbox 1358 1584 1693 1652; x_wconf 87' lang='lat' dir='ltr'>crediderit,</span> <span class='ocrx_word' id='word_1_108' title='bbox 1727 1601 1836 1640; x_wconf 92' lang='lat' dir='ltr'>non</span> 
     </span>
    </p>
   </div>
   <div class='ocr_carea' id='block_1_18' title="bbox 185 1672 1837 1745">
    <p class='ocr_par' dir='ltr' id='par_1_18' title="bbox 185 1672 1837 1745">
     <span class='ocr_line' id='line_1_18' title="bbox 185 1672 1837 1745; baseline 0.002 -19"><span class='ocrx_word' id='word_1_109' title='bbox 185 1672 350 1743; x_wconf 89' lang='lat' dir='ltr'>prius</span> <span class='ocrx_word' id='word_1_110' title='bbox 386 1673 666 1745; x_wconf 84' lang='lat' dir='ltr'>primates</span> <span class='ocrx_word' id='word_1_111' title='bbox 699 1678 800 1727; x_wconf 87' lang='lat' dir='ltr'>aut</span> <span class='ocrx_word' id='word_1_112' title='bbox 830 1674 977 1727; x_wconf 91' lang='lat' dir='ltr'>alios</span> <span class='ocrx_word' id='word_1_113' title='bbox 1010 1674 1179 1728; x_wconf 83' lang='lat' dir='ltr'>adeat</span> <span class='ocrx_word' id='word_1_114' title='bbox 1203 1673 1456 1743; x_wconf 89' lang='lat' dir='ltr'>judices,</span> <span class='ocrx_word' id='word_1_115' title='bbox 1477 1690 1652 1744; x_wconf 85' lang='lat' dir='ltr'>quam</span> <span class='ocrx_word' id='word_1_116' title='bbox 1679 1674 1837 1744; x_wconf 88' lang='lat' dir='ltr'>ipsos</span> 
     </span>
    </p>
   </div>
   <div class='ocr_carea' id='block_1_19' title="bbox 179 1761 1835 1832">
    <p class='ocr_par' dir='ltr' id='par_1_19' title="bbox 179 1761 1835 1832">
     <span class='ocr_line' id='line_1_19' title="bbox 179 1761 1835 1832; baseline 0.001 -17"><span class='ocrx_word' id='word_1_117' title='bbox 179 1777 213 1815; x_wconf 89' lang='lat' dir='ltr'>a</span> <span class='ocrx_word' id='word_1_118' title='bbox 244 1761 545 1832; x_wconf 67' lang='lat' dir='ltr'>quibus;se</span> <span class='ocrx_word' id='word_1_119' title='bbox 568 1761 771 1817; x_wconf 62' lang='lat' dir='ltr'>Iasum</span> <span class='ocrx_word' id='word_1_120' title='bbox 803 1761 1098 1817; x_wconf 80' lang='lat' dir='ltr'>existimat</span> <span class='ocrx_word' id='word_1_121' title='bbox 1116 1762 1423 1817; x_wconf 84' lang='lat' dir='ltr'>conveniat</span> <span class='ocrx_word' id='word_1_122' title='bbox 1448 1761 1835 1832; x_wconf 82' lang='lat' dir='ltr'>familiariter,</span> 
     </span>
    </p>
   </div>
   <div class='ocr_carea' id='block_1_20' title="bbox 182 1850 1838 1921">
    <p class='ocr_par' dir='ltr' id='par_1_20' title="bbox 182 1850 1838 1921">
     <span class='ocr_line' id='line_1_20' title="bbox 182 1850 1838 1921; baseline 0 -15"><span class='ocrx_word' id='word_1_123' title='bbox 182 1868 300 1906; x_wconf 88' lang='lat' dir='ltr'>non</span> <span class='ocrx_word' id='word_1_124' title='bbox 333 1850 539 1914; x_wconf 89' lang='lat' dir='ltr'>semel,</span> <span class='ocrx_word' id='word_1_125' title='bbox 586 1851 690 1906; x_wconf 87' lang='lat' dir='ltr'>sed</span> <span class='ocrx_word' id='word_1_126' title='bbox 740 1851 1067 1921; x_wconf 63' lang='lat' dir='ltr'>sepissime</span> <span class='ocrx_word' id='word_1_127' title='bbox 1093 1855 1156 1906; x_wconf 88' lang='lat' dir='ltr'>ut</span> <span class='ocrx_word' id='word_1_128' title='bbox 1185 1852 1258 1905; x_wconf 88' lang='lat' dir='ltr'>ab</span> <span class='ocrx_word' id='word_1_129' title='bbox 1288 1850 1372 1905; x_wconf 90' lang='lat' dir='ltr'>eis</span> <span class='ocrx_word' id='word_1_130' title='bbox 1421 1851 1838 1921; x_wconf 87' lang='lat' dir='ltr'>autjustitiam</span> 
     </span>
    </p>
   </div>
   <div class='ocr_carea' id='block_1_21' title="bbox 181 1939 1839 2011">
    <p class='ocr_par' dir='ltr' id='par_1_21' title="bbox 181 1939 1839 2011">
     <span class='ocr_line' id='line_1_21' title="bbox 181 1939 1839 2011; baseline 0.001 -17"><span class='ocrx_word' id='word_1_131' title='bbox 181 1956 349 1994; x_wconf 91' lang='lat' dir='ltr'>suam</span> <span class='ocrx_word' id='word_1_132' title='bbox 382 1939 653 2011; x_wconf 90' lang='lat' dir='ltr'>accipiat,</span> <span class='ocrx_word' id='word_1_133' title='bbox 683 1945 784 1995; x_wconf 89' lang='lat' dir='ltr'>aut</span> <span class='ocrx_word' id='word_1_134' title='bbox 814 1940 1267 1995; x_wconf 79' lang='lat' dir='ltr'>excusationem.</span> <span class='ocrx_word' id='word_1_135' title='bbox 1320 1940 1376 1996; x_wconf 89' lang='lat' dir='ltr'>Si</span> <span class='ocrx_word' id='word_1_136' title='bbox 1430 1945 1624 1995; x_wconf 92' lang='lat' dir='ltr'>autem</span> <span class='ocrx_word' id='word_1_137' title='bbox 1667 1956 1839 1996; x_wconf 91' lang='lat' dir='ltr'>secus</span> 
     </span>
    </p>
   </div>
   <div class='ocr_carea' id='block_1_22' title="bbox 181 2027 1837 2100">
    <p class='ocr_par' dir='ltr' id='par_1_22' title="bbox 181 2027 1837 2100">
     <span class='ocr_line' id='line_1_22' title="bbox 181 2027 1837 2100; baseline 0 -17"><span class='ocrx_word' id='word_1_138' title='bbox 181 2028 387 2100; x_wconf 88' lang='lat' dir='ltr'>egerit,</span> <span class='ocrx_word' id='word_1_139' title='bbox 427 2030 498 2082; x_wconf 87' lang='lat' dir='ltr'>ab</span> <span class='ocrx_word' id='word_1_140' title='bbox 532 2028 676 2099; x_wconf 89' lang='lat' dir='ltr'>ipsis</span> <span class='ocrx_word' id='word_1_141' title='bbox 708 2029 865 2083; x_wconf 85' lang='lat' dir='ltr'>etab</span> <span class='ocrx_word' id='word_1_142' title='bbox 908 2028 1039 2083; x_wconf 89' lang='lat' dir='ltr'>aliis</span> <span class='ocrx_word' id='word_1_143' title='bbox 1088 2027 1503 2084; x_wconf 90' lang='lat' dir='ltr'>communione</span> <span class='ocrx_word' id='word_1_144' title='bbox 1561 2029 1837 2100; x_wconf 89' lang='lat' dir='ltr'>privetur,</span> 
     </span>
    </p>
   </div>
   <div class='ocr_carea' id='block_1_23' title="bbox 182 2116 1836 2188">
    <p class='ocr_par' dir='ltr' id='par_1_23' title="bbox 182 2116 1836 2188">
     <span class='ocr_line' id='line_1_23' title="bbox 182 2116 1836 2188; baseline 0.001 -17"><span class='ocrx_word' id='word_1_145' title='bbox 182 2122 469 2186; x_wconf 86' lang='lat' dir='ltr'>tanquam</span> <span class='ocrx_word' id='word_1_146' title='bbox 501 2116 901 2187; x_wconf 86' lang='lat' dir='ltr'>apostolorum</span> <span class='ocrx_word' id='word_1_147' title='bbox 922 2118 1280 2188; x_wconf 81' lang='lat' dir='ltr'>Petrumque</span> <span class='ocrx_word' id='word_1_148' title='bbox 1301 2117 1553 2174; x_wconf 89' lang='lat' dir='ltr'>aliorum</span> <span class='ocrx_word' id='word_1_149' title='bbox 1577 2123 1836 2173; x_wconf 90' lang='lat' dir='ltr'>contem-</span> 
     </span>
    </p>
   </div>
   <div class='ocr_carea' id='block_1_24' title="bbox 182 2210 341 2276">
    <p class='ocr_par' dir='ltr' id='par_1_24' title="bbox 182 2210 341 2276">
     <span class='ocr_line' id='line_1_24' title="bbox 182 2210 341 2276; baseline 0 -17"><span class='ocrx_word' id='word_1_150' title='bbox 182 2210 341 2276; x_wconf 89' lang='lat' dir='ltr'>ptor.</span> 
     </span>
    </p>
   </div>
   <div class='ocr_carea' id='block_1_25' title="bbox 181 2311 1833 2385">
    <p class='ocr_par' dir='ltr' id='par_1_25' title="bbox 181 2311 1833 2385">
     <span class='ocr_line' id='line_1_25' title="bbox 181 2311 1833 2385; baseline 0.002 -20"><span class='ocrx_word' id='word_1_151' title='bbox 181 2315 308 2385; x_wconf 61' lang='lat' dir='ltr'>Car.</span> <span class='ocrx_word' id='word_1_152' title='bbox 341 2312 469 2365; x_wconf 78' lang='grc'>243.</span> <span class='ocrx_word' id='word_1_153' title='bbox 500 2342 570 2352; x_wconf 90' lang='grc'><strong>-</strong></span> <span class='ocrx_word' id='word_1_154' title='bbox 603 2311 748 2377; x_wconf 82' lang='lat' dir='ltr'>Quod</span> <span class='ocrx_word' id='word_1_155' title='bbox 776 2328 874 2367; x_wconf 88' lang='lat' dir='ltr'>nec</span> <span class='ocrx_word' id='word_1_156' title='bbox 904 2328 1024 2368; x_wconf 85' lang='lat' dir='ltr'>oves</span> <span class='ocrx_word' id='word_1_157' title='bbox 1053 2318 1339 2385; x_wconf 80' lang='lat' dir='ltr'>pastorem</span> <span class='ocrx_word' id='word_1_158' title='bbox 1362 2329 1523 2369; x_wconf 86' lang='lat' dir='ltr'>suum</span> <span class='ocrx_word' id='word_1_159' title='bbox 1545 2313 1833 2385; x_wconf 76' lang='lat' dir='ltr'>reprelien-</span> 
     </span>
    </p>
   </div>
   <div class='ocr_carea' id='block_1_26' title="bbox 254 2383 1835 2456">
    <p class='ocr_par' dir='ltr' id='par_1_26' title="bbox 254 2383 1835 2456">
     <span class='ocr_line' id='line_1_26' title="bbox 254 2383 1835 2456; baseline 0.003 -20"><span class='ocrx_word' id='word_1_160' title='bbox 254 2383 402 2447; x_wconf 84' lang='lat' dir='ltr'>dere,</span> <span class='ocrx_word' id='word_1_161' title='bbox 427 2399 535 2456; x_wconf 73' lang='lat' dir='ltr'>nec</span> <span class='ocrx_word' id='word_1_162' title='bbox 580 2385 729 2454; x_wconf 88' lang='lat' dir='ltr'>plebs</span> <span class='ocrx_word' id='word_1_163' title='bbox 784 2383 1091 2456; x_wconf 77' lang='lat' dir='ltr'>episcopum</span> <span class='ocrx_word' id='word_1_164' title='bbox 1146 2401 1426 2451; x_wconf 80' lang='lat' dir='ltr'>accusare,</span> <span class='ocrx_word' id='word_1_165' title='bbox 1492 2383 1835 2456; x_wconf 27' lang='lat' dir='ltr'>nec‘vulgus</span> 
     </span>
    </p>
   </div>
   <div class='ocr_carea' id='block_1_27' title="bbox 253 2452 1832 2529">
    <p class='ocr_par' dir='ltr' id='par_1_27' title="bbox 253 2452 1832 2529">
     <span class='ocr_line' id='line_1_27' title="bbox 253 2452 1832 2529; baseline 0.003 -21"><span class='ocrx_word' id='word_1_166' title='bbox 253 2471 380 2508; x_wconf 86' lang='lat' dir='ltr'>eum</span> <span class='ocrx_word' id='word_1_167' title='bbox 404 2452 594 2529; x_wconf 69' lang='lat' dir='ltr'>debeat</span> <span class='ocrx_word' id='word_1_168' title='bbox 626 2452 878 2529; x_wconf 78' lang='lat' dir='ltr'>arguere.</span> <span class='ocrx_word' id='word_1_169' title='bbox 911 2452 1044 2511; x_wconf 85' lang='lat' dir='ltr'>Pius</span> <span class='ocrx_word' id='word_1_170' title='bbox 1073 2474 1217 2529; x_wconf 85' lang='lat' dir='ltr'>papa</span> <span class='ocrx_word' id='word_1_171' title='bbox 1248 2458 1313 2528; x_wconf 93' lang='lat' dir='ltr'>(I)</span> <span class='ocrx_word' id='word_1_172' title='bbox 1346 2475 1401 2512; x_wconf 75' lang='grc' dir='ltr'><strong><em>ιι</em></strong></span> <span class='ocrx_word' id='word_1_173' title='bbox 1433 2474 1465 2511; x_wconf 85' lang='lat' dir='ltr'>a</span> <span class='ocrx_word' id='word_1_174' title='bbox 1506 2452 1678 2512; x_wconf 81' lang='lat' dir='ltr'>Petro</span> <span class='ocrx_word' id='word_1_175' title='bbox 1710 2452 1832 2512; x_wconf 56' lang='lat' dir='ltr'>o&#39;m-</span> 
     </span>
    </p>
   </div>
   <div class='ocr_carea' id='block_1_28' title="bbox 252 2526 729 2582">
    <p class='ocr_par' dir='ltr' id='par_1_28' title="bbox 252 2526 729 2582">
     <span class='ocr_line' id='line_1_28' title="bbox 252 2526 729 2582; baseline 0.002 -2"><span class='ocrx_word' id='word_1_176' title='bbox 252 2529 419 2580; x_wconf 84' lang='lat' dir='ltr'>m&#39;bus</span> <span class='ocrx_word' id='word_1_177' title='bbox 455 2526 659 2580; x_wconf 83' lang='lat' dir='ltr'>Ecclesi</span> <span class='ocrx_word' id='word_1_178' title='bbox 666 2526 729 2582; x_wconf 82' lang='lat' dir='ltr'>is.</span> 
     </span>
    </p>
   </div>
   <div class='ocr_carea' id='block_1_29' title="bbox 251 2626 1831 2698">
    <p class='ocr_par' dir='ltr' id='par_1_29' title="bbox 251 2626 1831 2698">
     <span class='ocr_line' id='line_1_29' title="bbox 251 2626 1831 2698; baseline 0.004 -20"><span class='ocrx_word' id='word_1_179' title='bbox 251 2628 325 2697; x_wconf 83' lang='lat'>(6,</span> <span class='ocrx_word' id='word_1_180' title='bbox 360 2644 411 2697; x_wconf 89' lang='lat' dir='ltr'>q.</span> <span class='ocrx_word' id='word_1_181' title='bbox 452 2631 500 2692; x_wconf 97' lang='grc'>1,</span> <span class='ocrx_word' id='word_1_182' title='bbox 562 2626 693 2680; x_wconf 87' lang='lat' dir='ltr'>Oves</span> <span class='ocrx_word' id='word_1_183' title='bbox 749 2629 1070 2698; x_wconf 79' lang='lat' dir='ltr'>pastorem.)</span> <span class='ocrx_word' id='word_1_184' title='bbox 1111 2627 1256 2683; x_wconf 91' lang='lat' dir='ltr'>Oves</span> <span class='ocrx_word' id='word_1_185' title='bbox 1310 2634 1603 2698; x_wconf 85' lang='lat' dir='ltr'>pastorem</span> <span class='ocrx_word' id='word_1_186' title='bbox 1656 2645 1831 2684; x_wconf 91' lang='lat' dir='ltr'>suum</span> 
     </span>
    </p>
   </div>
   <div class='ocr_carea' id='block_1_30' title="bbox 182 2714 1831 2787">
    <p class='ocr_par' dir='ltr' id='par_1_30' title="bbox 182 2714 1831 2787">
     <span class='ocr_line' id='line_1_30' title="bbox 182 2714 1831 2787; baseline 0.002 -18"><span class='ocrx_word' id='word_1_187' title='bbox 182 2733 298 2770; x_wconf 92' lang='lat' dir='ltr'>non</span> <span class='ocrx_word' id='word_1_188' title='bbox 336 2714 789 2786; x_wconf 89' lang='lat' dir='ltr'>reprehendant,</span> <span class='ocrx_word' id='word_1_189' title='bbox 824 2714 989 2787; x_wconf 90' lang='lat' dir='ltr'>plebs</span> <span class='ocrx_word' id='word_1_190' title='bbox 1030 2717 1368 2787; x_wconf 88' lang='lat' dir='ltr'>episcopum</span> <span class='ocrx_word' id='word_1_191' title='bbox 1411 2735 1526 2772; x_wconf 89' lang='lat' dir='ltr'>non</span> <span class='ocrx_word' id='word_1_192' title='bbox 1577 2723 1831 2787; x_wconf 87' lang='lat' dir='ltr'>accuset,</span> 
     </span>
    </p>
   </div>
   <div class='ocr_carea' id='block_1_31' title="bbox 182 2805 1831 2877">
    <p class='ocr_par' dir='ltr' id='par_1_31' title="bbox 182 2805 1831 2877">
     <span class='ocr_line' id='line_1_31' title="bbox 182 2805 1831 2877; baseline 0.002 -19"><span class='ocrx_word' id='word_1_193' title='bbox 182 2821 287 2859; x_wconf 88' lang='lat' dir='ltr'>nec</span> <span class='ocrx_word' id='word_1_194' title='bbox 320 2805 534 2875; x_wconf 89' lang='lat' dir='ltr'>vulgus</span> <span class='ocrx_word' id='word_1_195' title='bbox 568 2820 703 2858; x_wconf 90' lang='lat' dir='ltr'>eum</span> <span class='ocrx_word' id='word_1_196' title='bbox 737 2810 966 2876; x_wconf 80' lang='lat' dir='ltr'>arguat,</span> <span class='ocrx_word' id='word_1_197' title='bbox 1002 2806 1141 2877; x_wconf 91' lang='lat' dir='ltr'>quia</span> <span class='ocrx_word' id='word_1_198' title='bbox 1165 2821 1279 2861; x_wconf 87' lang='lat' dir='ltr'>non</span> <span class='ocrx_word' id='word_1_199' title='bbox 1308 2811 1383 2861; x_wconf 87' lang='lat' dir='ltr'>est</span> <span class='ocrx_word' id='word_1_200' title='bbox 1407 2807 1704 2877; x_wconf 75' lang='lat' dir='ltr'>discipulus</span> <span class='ocrx_word' id='word_1_201' title='bbox 1734 2824 1831 2861; x_wconf 88' lang='lat' dir='ltr'>su-</span> 
     </span>
    </p>
   </div>
   <div class='ocr_carea' id='block_1_32' title="bbox 180 2893 1829 2966">
    <p class='ocr_par' dir='ltr' id='par_1_32' title="bbox 180 2893 1829 2966">
     <span class='ocr_line' id='line_1_32' title="bbox 180 2893 1829 2966; baseline 0.002 -18"><span class='ocrx_word' id='word_1_202' title='bbox 180 2909 283 2964; x_wconf 84' lang='lat' dir='ltr'>per</span> <span class='ocrx_word' id='word_1_203' title='bbox 312 2895 633 2964; x_wconf 86' lang='lat' dir='ltr'>magistrum</span> <span class='ocrx_word' id='word_1_204' title='bbox 665 2893 882 2964; x_wconf 78' lang='lat' dir='ltr'>(Matth.</span> <span class='ocrx_word' id='word_1_205' title='bbox 916 2894 991 2965; x_wconf 84' lang='lat' dir='ltr'>x).</span> <span class='ocrx_word' id='word_1_206' title='bbox 1025 2894 1295 2965; x_wconf 89' lang='lat' dir='ltr'>Episcopi</span> <span class='ocrx_word' id='word_1_207' title='bbox 1327 2913 1359 2950; x_wconf 90' lang='lat' dir='ltr'>a</span> <span class='ocrx_word' id='word_1_208' title='bbox 1394 2896 1503 2950; x_wconf 92' lang='lat' dir='ltr'>Deo</span> <span class='ocrx_word' id='word_1_209' title='bbox 1551 2901 1691 2951; x_wconf 90' lang='lat' dir='ltr'>sunt</span> <span class='ocrx_word' id='word_1_210' title='bbox 1731 2897 1829 2966; x_wconf 85' lang='lat' dir='ltr'>ju-</span> 
     </span>
    </p>
   </div>
   <div class='ocr_carea' id='block_1_33' title="bbox 180 2982 1831 3055">
    <p class='ocr_par' dir='ltr' id='par_1_33' title="bbox 180 2982 1831 3055">
     <span class='ocr_line' id='line_1_33' title="bbox 180 2982 1831 3055; baseline 0.002 -19"><span class='ocrx_word' id='word_1_211' title='bbox 180 2982 441 3051; x_wconf 87' lang='lat' dir='ltr'>dicandi,</span> <span class='ocrx_word' id='word_1_212' title='bbox 476 2982 574 3053; x_wconf 91' lang='lat' dir='ltr'>qui</span> <span class='ocrx_word' id='word_1_213' title='bbox 606 2999 703 3037; x_wconf 90' lang='lat' dir='ltr'>eos</span> <span class='ocrx_word' id='word_1_214' title='bbox 736 2983 848 3038; x_wconf 91' lang='lat' dir='ltr'>sibi</span> <span class='ocrx_word' id='word_1_215' title='bbox 879 2982 1079 3038; x_wconf 90' lang='lat' dir='ltr'>oculos</span> <span class='ocrx_word' id='word_1_216' title='bbox 1111 2982 1305 3055; x_wconf 87' lang='lat' dir='ltr'>elegit.</span> <span class='ocrx_word' id='word_1_217' title='bbox 1339 2984 1482 3039; x_wconf 92' lang='lat' dir='ltr'>Nam</span> <span class='ocrx_word' id='word_1_218' title='bbox 1514 3002 1545 3038; x_wconf 89' lang='lat' dir='ltr'>a</span> <span class='ocrx_word' id='word_1_219' title='bbox 1577 2984 1831 3040; x_wconf 80' lang='lat' dir='ltr'>subditis</span> 
     </span>
    </p>
   </div>
   <div class='ocr_carea' id='block_1_34' title="bbox 180 3071 1830 3151">
    <p class='ocr_par' dir='ltr' id='par_1_34' title="bbox 180 3071 1830 3151">
     <span class='ocr_line' id='line_1_34' title="bbox 180 3071 1830 3151; baseline 0.001 -24"><span class='ocrx_word' id='word_1_220' title='bbox 180 3078 285 3127; x_wconf 89' lang='lat' dir='ltr'>aut</span> <span class='ocrx_word' id='word_1_221' title='bbox 316 3089 349 3126; x_wconf 91' lang='lat' dir='ltr'>a</span> <span class='ocrx_word' id='word_1_222' title='bbox 387 3088 569 3151; x_wconf 66' lang='lat' dir='ltr'>pravae</span> <span class='ocrx_word' id='word_1_223' title='bbox 599 3071 727 3125; x_wconf 64' lang='lat' dir='ltr'>vita:</span> <span class='ocrx_word' id='word_1_224' title='bbox 761 3072 1102 3126; x_wconf 91' lang='lat' dir='ltr'>hominibus</span> <span class='ocrx_word' id='word_1_225' title='bbox 1125 3089 1240 3127; x_wconf 94' lang='lat' dir='ltr'>non</span> <span class='ocrx_word' id='word_1_226' title='bbox 1256 3077 1395 3127; x_wconf 92' lang='lat' dir='ltr'>sunt</span> <span class='ocrx_word' id='word_1_227' title='bbox 1419 3074 1830 3144; x_wconf 87' lang='lat' dir='ltr'>arguendi,aut</span> 
     </span>
    </p>
   </div>
   <div class='ocr_carea' id='block_1_35' title="bbox 1956 520 3607 595">
    <p class='ocr_par' dir='ltr' id='par_1_35' title="bbox 1956 520 3607 595">
     <span class='ocr_line' id='line_1_35' title="bbox 1956 520 3607 595; baseline 0.005 -21"><span class='ocrx_word' id='word_1_228' title='bbox 1956 520 2265 575; x_wconf 89' lang='lat' dir='ltr'>manifesto</span> <span class='ocrx_word' id='word_1_229' title='bbox 2282 521 2506 591; x_wconf 86' lang='lat' dir='ltr'>judicio</span> <span class='ocrx_word' id='word_1_230' title='bbox 2532 521 2979 592; x_wconf 88' lang='lat' dir='ltr'>convincuntur,</span> <span class='ocrx_word' id='word_1_231' title='bbox 3016 524 3129 578; x_wconf 90' lang='lat' dir='ltr'>nisi</span> <span class='ocrx_word' id='word_1_232' title='bbox 3154 526 3607 595; x_wconf 64' lang='lat' dir='ltr'>quaijudiciario</span> 
     </span>
    </p>
   </div>
   <div class='ocr_carea' id='block_1_36' title="bbox 1952 609 3609 683">
    <p class='ocr_par' dir='ltr' id='par_1_36' title="bbox 1952 609 3609 683">
     <span class='ocr_line' id='line_1_36' title="bbox 1952 609 3609 683; baseline 0.004 -21"><span class='ocrx_word' id='word_1_233' title='bbox 1952 609 2155 663; x_wconf 87' lang='lat' dir='ltr'>ordine</span> <span class='ocrx_word' id='word_1_234' title='bbox 2178 609 2574 680; x_wconf 86' lang='lat' dir='ltr'>publicantur.</span> <span class='ocrx_word' id='word_1_235' title='bbox 2620 614 2775 665; x_wconf 88' lang='lat' dir='ltr'>Item.</span> <span class='ocrx_word' id='word_1_236' title='bbox 2803 610 2983 667; x_wconf 85' lang='lat' dir='ltr'>Paulo</span> <span class='ocrx_word' id='word_1_237' title='bbox 3000 616 3133 683; x_wconf 86' lang='lat' dir='ltr'>post.</span> <span class='ocrx_word' id='word_1_238' title='bbox 3168 613 3317 683; x_wconf 52' lang='lat' dir='ltr'>(Hec</span> <span class='ocrx_word' id='word_1_239' title='bbox 3341 614 3609 671; x_wconf 79' lang='lat' dir='ltr'>habentur</span> 
     </span>
    </p>
   </div>
   <div class='ocr_carea' id='block_1_37' title="bbox 1950 699 3606 772">
    <p class='ocr_par' dir='ltr' id='par_1_37' title="bbox 1950 699 3606 772">
     <span class='ocr_line' id='line_1_37' title="bbox 1950 699 3606 772; baseline 0.005 -21"><span class='ocrx_word' id='word_1_240' title='bbox 1950 714 2117 768; x_wconf 85' lang='lat' dir='ltr'>supra</span> <span class='ocrx_word' id='word_1_241' title='bbox 2147 715 2192 752; x_wconf 89' lang='lat' dir='ltr'>c.</span> <span class='ocrx_word' id='word_1_242' title='bbox 2228 700 2300 765; x_wconf 88' lang='grc'>4.)</span> <span class='ocrx_word' id='word_1_243' title='bbox 2358 699 2586 754; x_wconf 87' lang='lat' dir='ltr'>Placuit</span> <span class='ocrx_word' id='word_1_244' title='bbox 2616 703 2695 767; x_wconf 38' lang='lat' dir='ltr'>,ut</span> <span class='ocrx_word' id='word_1_245' title='bbox 2746 705 3055 755; x_wconf 81' lang='lat' dir='ltr'>accusatus</span> <span class='ocrx_word' id='word_1_246' title='bbox 3109 702 3196 757; x_wconf 88' lang='lat' dir='ltr'>vel</span> <span class='ocrx_word' id='word_1_247' title='bbox 3238 702 3541 772; x_wconf 88' lang='lat' dir='ltr'>judicatus</span> <span class='ocrx_word' id='word_1_248' title='bbox 3572 722 3606 760; x_wconf 91' lang='lat' dir='ltr'>a</span> 
     </span>
    </p>
   </div>
   <div class='ocr_carea' id='block_1_38' title="bbox 1952 787 3608 863">
    <p class='ocr_par' dir='ltr' id='par_1_38' title="bbox 1952 787 3608 863">
     <span class='ocr_line' id='line_1_38' title="bbox 1952 787 3608 863; baseline 0.004 -22"><span class='ocrx_word' id='word_1_249' title='bbox 1952 787 2541 857; x_wconf 91' lang='lat' dir='ltr'>comprovincialibus</span> <span class='ocrx_word' id='word_1_250' title='bbox 2559 788 2613 841; x_wconf 91' lang='lat' dir='ltr'>in</span> <span class='ocrx_word' id='word_1_251' title='bbox 2630 787 2829 859; x_wconf 91' lang='lat' dir='ltr'>aliqua</span> <span class='ocrx_word' id='word_1_252' title='bbox 2846 805 3024 844; x_wconf 90' lang='lat' dir='ltr'>causa</span> <span class='ocrx_word' id='word_1_253' title='bbox 3039 789 3344 863; x_wconf 84' lang='lat' dir='ltr'>episcopus</span> <span class='ocrx_word' id='word_1_254' title='bbox 3364 792 3608 849; x_wconf 88' lang='lat' dir='ltr'>licenter</span> 
     </span>
    </p>
   </div>
   <div class='ocr_carea' id='block_1_39' title="bbox 1952 876 3605 954">
    <p class='ocr_par' dir='ltr' id='par_1_39' title="bbox 1952 876 3605 954">
     <span class='ocr_line' id='line_1_39' title="bbox 1952 876 3605 954; baseline 0.004 -24"><span class='ocrx_word' id='word_1_255' title='bbox 1952 876 2225 946; x_wconf 84' lang='lat' dir='ltr'>appellet,</span> <span class='ocrx_word' id='word_1_256' title='bbox 2255 881 2310 930; x_wconf 87' lang='lat' dir='ltr'>et</span> <span class='ocrx_word' id='word_1_257' title='bbox 2340 878 2511 931; x_wconf 88' lang='lat' dir='ltr'>adeat</span> <span class='ocrx_word' id='word_1_258' title='bbox 2541 876 2869 947; x_wconf 81' lang='lat' dir='ltr'>apostolicae</span> <span class='ocrx_word' id='word_1_259' title='bbox 2914 878 3072 934; x_wconf 85' lang='lat' dir='ltr'>sedis</span> <span class='ocrx_word' id='word_1_260' title='bbox 3116 881 3471 950; x_wconf 89' lang='lat' dir='ltr'>pontiﬁcem,</span> <span class='ocrx_word' id='word_1_261' title='bbox 3502 882 3605 954; x_wconf 91' lang='lat' dir='ltr'>qui</span> 
     </span>
    </p>
   </div>
   <div class='ocr_carea' id='block_1_40' title="bbox 1951 966 3603 1038">
    <p class='ocr_par' dir='ltr' id='par_1_40' title="bbox 1951 966 3603 1038">
     <span class='ocr_line' id='line_1_40' title="bbox 1951 966 3603 1038; baseline 0.005 -20"><span class='ocrx_word' id='word_1_262' title='bbox 1951 969 2052 1019; x_wconf 85' lang='lat' dir='ltr'>aut</span> <span class='ocrx_word' id='word_1_263' title='bbox 2083 980 2184 1036; x_wconf 87' lang='lat' dir='ltr'>per</span> <span class='ocrx_word' id='word_1_264' title='bbox 2202 982 2264 1020; x_wconf 92' lang='lat' dir='ltr'>se</span> <span class='ocrx_word' id='word_1_265' title='bbox 2295 970 2396 1020; x_wconf 90' lang='lat' dir='ltr'>aut</span> <span class='ocrx_word' id='word_1_266' title='bbox 2430 982 2532 1037; x_wconf 89' lang='lat' dir='ltr'>per</span> <span class='ocrx_word' id='word_1_267' title='bbox 2560 966 2810 1021; x_wconf 79' lang='lat' dir='ltr'>vinarios</span> <span class='ocrx_word' id='word_1_268' title='bbox 2845 984 2985 1023; x_wconf 92' lang='lat' dir='ltr'>suos</span> <span class='ocrx_word' id='word_1_269' title='bbox 3010 968 3138 1038; x_wconf 87' lang='lat' dir='ltr'>ejus</span> <span class='ocrx_word' id='word_1_270' title='bbox 3173 971 3478 1026; x_wconf 87' lang='lat' dir='ltr'>retractari</span> <span class='ocrx_word' id='word_1_271' title='bbox 3501 987 3603 1027; x_wconf 89' lang='lat' dir='ltr'>ne-</span> 
     </span>
    </p>
   </div>
   <div class='ocr_carea' id='block_1_41' title="bbox 1950 1055 3607 1131">
    <p class='ocr_par' dir='ltr' id='par_1_41' title="bbox 1950 1055 3607 1131">
     <span class='ocr_line' id='line_1_41' title="bbox 1950 1055 3607 1131; baseline 0.004 -23"><span class='ocrx_word' id='word_1_272' title='bbox 1950 1056 2172 1125; x_wconf 90' lang='lat' dir='ltr'>gotium</span> <span class='ocrx_word' id='word_1_273' title='bbox 2204 1060 2492 1125; x_wconf 89' lang='lat' dir='ltr'>procuret,</span> <span class='ocrx_word' id='word_1_274' title='bbox 2529 1059 2585 1109; x_wconf 92' lang='lat' dir='ltr'>et</span> <span class='ocrx_word' id='word_1_275' title='bbox 2615 1055 2758 1109; x_wconf 92' lang='lat' dir='ltr'>dum</span> <span class='ocrx_word' id='word_1_276' title='bbox 2819 1055 3026 1111; x_wconf 89' lang='lat' dir='ltr'>iterato</span> <span class='ocrx_word' id='word_1_277' title='bbox 3072 1057 3297 1127; x_wconf 91' lang='lat' dir='ltr'>judicio</span> <span class='ocrx_word' id='word_1_278' title='bbox 3348 1060 3607 1131; x_wconf 81' lang='lat' dir='ltr'>pontifex</span> 
     </span>
    </p>
   </div>
   <div class='ocr_carea' id='block_1_42' title="bbox 1950 1142 3607 1219">
    <p class='ocr_par' dir='ltr' id='par_1_42' title="bbox 1950 1142 3607 1219">
     <span class='ocr_line' id='line_1_42' title="bbox 1950 1142 3607 1219; baseline 0.004 -22"><span class='ocrx_word' id='word_1_279' title='bbox 1950 1159 2185 1198; x_wconf 89' lang='lat' dir='ltr'>causam</span> <span class='ocrx_word' id='word_1_280' title='bbox 2217 1159 2386 1199; x_wconf 89' lang='lat' dir='ltr'>suam</span> <span class='ocrx_word' id='word_1_281' title='bbox 2412 1142 2761 1215; x_wconf 87' lang='lat' dir='ltr'>agit,nullus</span> <span class='ocrx_word' id='word_1_282' title='bbox 2787 1143 2939 1199; x_wconf 89' lang='lat' dir='ltr'>alius</span> <span class='ocrx_word' id='word_1_283' title='bbox 2964 1145 3023 1201; x_wconf 93' lang='lat' dir='ltr'>in</span> <span class='ocrx_word' id='word_1_284' title='bbox 3048 1146 3177 1217; x_wconf 83' lang='lat' dir='ltr'>ejus</span> <span class='ocrx_word' id='word_1_285' title='bbox 3202 1146 3328 1202; x_wconf 87' lang='lat' dir='ltr'>loco</span> <span class='ocrx_word' id='word_1_286' title='bbox 3352 1152 3607 1219; x_wconf 90' lang='lat' dir='ltr'>ponatur</span> 
     </span>
    </p>
   </div>
   <div class='ocr_carea' id='block_1_43' title="bbox 1948 1232 3606 1307">
    <p class='ocr_par' dir='ltr' id='par_1_43' title="bbox 1948 1232 3606 1307">
     <span class='ocr_line' id='line_1_43' title="bbox 1948 1232 3606 1307; baseline 0.004 -21"><span class='ocrx_word' id='word_1_287' title='bbox 1948 1238 2047 1286; x_wconf 90' lang='lat' dir='ltr'>aut</span> <span class='ocrx_word' id='word_1_288' title='bbox 2073 1232 2721 1304; x_wconf 88' lang='lat' dir='ltr'>ordineturepiscopus,</span> <span class='ocrx_word' id='word_1_289' title='bbox 2748 1234 3030 1305; x_wconf 90' lang='lat' dir='ltr'>quoniam</span> <span class='ocrx_word' id='word_1_290' title='bbox 3065 1252 3404 1307; x_wconf 85' lang='lat' dir='ltr'>quanquam</span> <span class='ocrx_word' id='word_1_291' title='bbox 3441 1253 3606 1293; x_wconf 88' lang='lat' dir='ltr'>com-</span> 
     </span>
    </p>
   </div>
   <div class='ocr_carea' id='block_1_44' title="bbox 1949 1320 3604 1396">
    <p class='ocr_par' dir='ltr' id='par_1_44' title="bbox 1949 1320 3604 1396">
     <span class='ocr_line' id='line_1_44' title="bbox 1949 1320 3604 1396; baseline 0.004 -21"><span class='ocrx_word' id='word_1_292' title='bbox 1949 1320 2407 1392; x_wconf 86' lang='lat' dir='ltr'>provincialibus</span> <span class='ocrx_word' id='word_1_293' title='bbox 2432 1322 2723 1392; x_wconf 89' lang='lat' dir='ltr'>episcopis</span> <span class='ocrx_word' id='word_1_294' title='bbox 2748 1322 3001 1378; x_wconf 86' lang='lat' dir='ltr'>accusati</span> <span class='ocrx_word' id='word_1_295' title='bbox 3027 1340 3262 1379; x_wconf 89' lang='lat' dir='ltr'>causam</span> <span class='ocrx_word' id='word_1_296' title='bbox 3309 1326 3604 1396; x_wconf 79' lang='lat' dir='ltr'>pontificis</span> 
     </span>
    </p>
   </div>
   <div class='ocr_carea' id='block_1_45' title="bbox 1950 1410 3604 1475">
    <p class='ocr_par' dir='ltr' id='par_1_45' title="bbox 1950 1410 3604 1475">
     <span class='ocr_line' id='line_1_45' title="bbox 1950 1410 3604 1475; baseline 0.003 -10"><span class='ocrx_word' id='word_1_297' title='bbox 1950 1410 2199 1465; x_wconf 87' lang='lat' dir='ltr'>scrutari</span> <span class='ocrx_word' id='word_1_298' title='bbox 2223 1410 2414 1475; x_wconf 85' lang='lat' dir='ltr'>liceat,</span> <span class='ocrx_word' id='word_1_299' title='bbox 2449 1427 2563 1465; x_wconf 90' lang='lat' dir='ltr'>non</span> <span class='ocrx_word' id='word_1_300' title='bbox 2588 1416 2784 1466; x_wconf 89' lang='lat' dir='ltr'>tamen</span> <span class='ocrx_word' id='word_1_301' title='bbox 2835 1412 3077 1466; x_wconf 86' lang='lat' dir='ltr'>deﬁnire</span> <span class='ocrx_word' id='word_1_302' title='bbox 3122 1412 3452 1469; x_wconf 90' lang='lat' dir='ltr'>inconsulto</span> <span class='ocrx_word' id='word_1_303' title='bbox 3493 1416 3604 1471; x_wconf 82' lang='lat' dir='ltr'>Ro-</span> 
     </span>
    </p>
   </div>
   <div class='ocr_carea' id='block_1_46' title="bbox 1950 1499 3603 1570">
    <p class='ocr_par' dir='ltr' id='par_1_46' title="bbox 1950 1499 3603 1570">
     <span class='ocr_line' id='line_1_46' title="bbox 1950 1499 3603 1570; baseline 0.002 -16"><span class='ocrx_word' id='word_1_304' title='bbox 1950 1516 2118 1554; x_wconf 90' lang='lat' dir='ltr'>mano</span> <span class='ocrx_word' id='word_1_305' title='bbox 2151 1500 2424 1570; x_wconf 87' lang='lat' dir='ltr'>pontilice</span> <span class='ocrx_word' id='word_1_306' title='bbox 2458 1499 2812 1570; x_wconf 90' lang='lat' dir='ltr'>permissum</span> <span class='ocrx_word' id='word_1_307' title='bbox 2836 1504 2941 1554; x_wconf 89' lang='lat' dir='ltr'>est.</span> <span class='ocrx_word' id='word_1_308' title='bbox 2968 1501 3036 1555; x_wconf 89' lang='lat' dir='ltr'>Et</span> <span class='ocrx_word' id='word_1_309' title='bbox 3066 1500 3205 1555; x_wconf 90' lang='lat' dir='ltr'>alibi</span> <span class='ocrx_word' id='word_1_310' title='bbox 3258 1501 3319 1557; x_wconf 90' lang='lat' dir='ltr'>in</span> <span class='ocrx_word' id='word_1_311' title='bbox 3368 1503 3603 1559; x_wconf 87' lang='lat' dir='ltr'>statutis</span> 
     </span>
    </p>
   </div>
   <div class='ocr_carea' id='block_1_47' title="bbox 1946 1587 3603 1664">
    <p class='ocr_par' dir='ltr' id='par_1_47' title="bbox 1946 1587 3603 1664">
     <span class='ocr_line' id='line_1_47' title="bbox 1946 1587 3603 1664; baseline 0.005 -24"><span class='ocrx_word' id='word_1_312' title='bbox 1946 1587 2161 1657; x_wconf 85' lang='lat' dir='ltr'>legitur</span> <span class='ocrx_word' id='word_1_313' title='bbox 2188 1588 2538 1659; x_wconf 90' lang='lat' dir='ltr'>Apostolicis</span> <span class='ocrx_word' id='word_1_314' title='bbox 2569 1590 2749 1660; x_wconf 85' lang='lat' dir='ltr'>(epist.</span> <span class='ocrx_word' id='word_1_315' title='bbox 2787 1591 2811 1642; x_wconf 83' lang='lat'><strong>1</strong></span> <span class='ocrx_word' id='word_1_316' title='bbox 2846 1592 3158 1662; x_wconf 83' lang='lat' dir='ltr'>Clementis)</span> <span class='ocrx_word' id='word_1_317' title='bbox 3190 1607 3202 1645; x_wconf 90' lang='lat'>:</span> <span class='ocrx_word' id='word_1_318' title='bbox 3235 1591 3293 1645; x_wconf 90' lang='lat' dir='ltr'>Si</span> <span class='ocrx_word' id='word_1_319' title='bbox 3327 1593 3462 1663; x_wconf 91' lang='lat' dir='ltr'>quis</span> <span class='ocrx_word' id='word_1_320' title='bbox 3495 1610 3603 1664; x_wconf 91' lang='lat' dir='ltr'>pu-</span> 
     </span>
    </p>
   </div>
   <div class='ocr_carea' id='block_1_48' title="bbox 1946 1680 3599 1756">
    <p class='ocr_par' dir='ltr' id='par_1_48' title="bbox 1946 1680 3599 1756">
     <span class='ocr_line' id='line_1_48' title="bbox 1946 1680 3599 1756; baseline 0.004 -24"><span class='ocrx_word' id='word_1_321' title='bbox 1946 1680 2151 1734; x_wconf 88' lang='lat' dir='ltr'>taverit</span> <span class='ocrx_word' id='word_1_322' title='bbox 2201 1695 2260 1734; x_wconf 91' lang='lat' dir='ltr'>se</span> <span class='ocrx_word' id='word_1_323' title='bbox 2294 1697 2325 1733; x_wconf 93' lang='lat' dir='ltr'>a</span> <span class='ocrx_word' id='word_1_324' title='bbox 2357 1680 2590 1751; x_wconf 89' lang='lat' dir='ltr'>proprio</span> <span class='ocrx_word' id='word_1_325' title='bbox 2652 1680 3102 1752; x_wconf 85' lang='lat' dir='ltr'>metropolitano</span> <span class='ocrx_word' id='word_1_326' title='bbox 3163 1683 3389 1754; x_wconf 90' lang='lat' dir='ltr'>gravari</span> <span class='ocrx_word' id='word_1_327' title='bbox 3444 1685 3599 1756; x_wconf 90' lang='lat' dir='ltr'>apud</span> 
     </span>
    </p>
   </div>
   <div class='ocr_carea' id='block_1_49' title="bbox 1947 1767 3600 1843">
    <p class='ocr_par' dir='ltr' id='par_1_49' title="bbox 1947 1767 3600 1843">
     <span class='ocr_line' id='line_1_49' title="bbox 1947 1767 3600 1843; baseline 0.002 -20"><span class='ocrx_word' id='word_1_328' title='bbox 1947 1768 2337 1839; x_wconf 78' lang='lat' dir='ltr'>patriarcham</span> <span class='ocrx_word' id='word_1_329' title='bbox 2395 1767 2482 1823; x_wconf 93' lang='lat' dir='ltr'>vel</span> <span class='ocrx_word' id='word_1_330' title='bbox 2520 1767 2827 1838; x_wconf 88' lang='lat' dir='ltr'>primatem</span> <span class='ocrx_word' id='word_1_331' title='bbox 2860 1769 3200 1840; x_wconf 82' lang='lat' dir='ltr'>dioeceseos,</span> <span class='ocrx_word' id='word_1_332' title='bbox 3258 1776 3361 1826; x_wconf 86' lang='lat' dir='ltr'>aut</span> <span class='ocrx_word' id='word_1_333' title='bbox 3421 1788 3600 1843; x_wconf 90' lang='lat' dir='ltr'>penes</span> 
     </span>
    </p>
   </div>
   <div class='ocr_carea' id='block_1_50' title="bbox 1953 1856 3600 1929">
    <p class='ocr_par' dir='ltr' id='par_1_50' title="bbox 1953 1856 3600 1929">
     <span class='ocr_line' id='line_1_50' title="bbox 1953 1856 3600 1929; baseline 0.002 -18"><span class='ocrx_word' id='word_1_334' title='bbox 1953 1857 2299 1913; x_wconf 73' lang='lat' dir='ltr'>universalis</span> <span class='ocrx_word' id='word_1_335' title='bbox 2328 1856 2655 1928; x_wconf 80' lang='lat' dir='ltr'>apostolicae</span> <span class='ocrx_word' id='word_1_336' title='bbox 2679 1857 3261 1929; x_wconf 76' lang='lat' dir='ltr'>Ecclesiaejudicetur</span> <span class='ocrx_word' id='word_1_337' title='bbox 3278 1858 3600 1917; x_wconf 88' lang='lat' dir='ltr'>sedem.Ni-</span> 
     </span>
    </p>
   </div>
   <div class='ocr_carea' id='block_1_51' title="bbox 1948 1946 3598 2022">
    <p class='ocr_par' dir='ltr' id='par_1_51' title="bbox 1948 1946 3598 2022">
     <span class='ocr_line' id='line_1_51' title="bbox 1948 1946 3598 2022; baseline 0.004 -22"><span class='ocrx_word' id='word_1_338' title='bbox 1948 1946 2031 2000; x_wconf 90' lang='lat' dir='ltr'>hil</span> <span class='ocrx_word' id='word_1_339' title='bbox 2064 1946 2220 2001; x_wconf 89' lang='lat' dir='ltr'>aliud</span> <span class='ocrx_word' id='word_1_340' title='bbox 2245 1951 2350 2016; x_wconf 86' lang='lat' dir='ltr'>est,</span> <span class='ocrx_word' id='word_1_341' title='bbox 2378 1947 2606 2016; x_wconf 84' lang='lat' dir='ltr'>fratres,</span> <span class='ocrx_word' id='word_1_342' title='bbox 2638 1947 2774 2001; x_wconf 86' lang='lat' dir='ltr'>talis</span> <span class='ocrx_word' id='word_1_343' title='bbox 2798 1949 3202 2019; x_wconf 63' lang='lat' dir='ltr'>praesumptio,</span> <span class='ocrx_word' id='word_1_344' title='bbox 3228 1950 3339 2005; x_wconf 89' lang='lat' dir='ltr'>nisi</span> <span class='ocrx_word' id='word_1_345' title='bbox 3364 1955 3598 2022; x_wconf 87' lang='lat' dir='ltr'>aposto-</span> 
     </span>
    </p>
   </div>
   <div class='ocr_carea' id='block_1_52' title="bbox 1947 2026 3600 2108">
    <p class='ocr_par' dir='ltr' id='par_1_52' title="bbox 1947 2026 3600 2108">
     <span class='ocr_line' id='line_1_52' title="bbox 1947 2026 3600 2108; baseline 0.003 -19"><span class='ocrx_word' id='word_1_346' title='bbox 1947 2035 2139 2091; x_wconf 93' lang='lat' dir='ltr'>lorum</span> <span class='ocrx_word' id='word_1_347' title='bbox 2169 2051 2525 2105; x_wconf 88' lang='lat' dir='ltr'>suorumque</span> <span class='ocrx_word' id='word_1_348' title='bbox 2556 2026 2926 2091; x_wconf 90' lang='lat' dir='ltr'>decessorum</span> <span class='ocrx_word' id='word_1_349' title='bbox 2968 2039 3427 2108; x_wconf 90' lang='lat' dir='ltr'>[successorum]</span> <span class='ocrx_word' id='word_1_350' title='bbox 3478 2042 3600 2094; x_wconf 89' lang='lat' dir='ltr'>ter-</span> 
     </span>
    </p>
   </div>
   <div class='ocr_carea' id='block_1_53' title="bbox 1949 2124 3363 2198">
    <p class='ocr_par' dir='ltr' id='par_1_53' title="bbox 1949 2124 3363 2198">
     <span class='ocr_line' id='line_1_53' title="bbox 1949 2124 3363 2198; baseline 0.001 -19"><span class='ocrx_word' id='word_1_351' title='bbox 1949 2124 2139 2179; x_wconf 89' lang='lat' dir='ltr'>minos</span> <span class='ocrx_word' id='word_1_352' title='bbox 2169 2124 2491 2197; x_wconf 87' lang='lat' dir='ltr'>transgedi,</span> <span class='ocrx_word' id='word_1_353' title='bbox 2520 2140 2842 2198; x_wconf 88' lang='lat' dir='ltr'>eorumque</span> <span class='ocrx_word' id='word_1_354' title='bbox 2873 2127 3109 2182; x_wconf 88' lang='lat' dir='ltr'>decreta</span> <span class='ocrx_word' id='word_1_355' title='bbox 3138 2127 3363 2182; x_wconf 89' lang='lat' dir='ltr'>violari.</span> 
     </span>
    </p>
   </div>
   <div class='ocr_carea' id='block_1_54' title="bbox 1946 2231 3600 2305">
    <p class='ocr_par' dir='ltr' id='par_1_54' title="bbox 1946 2231 3600 2305">
     <span class='ocr_line' id='line_1_54' title="bbox 1946 2231 3600 2305; baseline 0.002 -20"><span class='ocrx_word' id='word_1_356' title='bbox 1946 2234 2076 2285; x_wconf 77' lang='lat' dir='ltr'>CAP.</span> <span class='ocrx_word' id='word_1_357' title='bbox 2110 2231 2639 2305; x_wconf 53' lang='lat' dir='ltr'>2/15.—_70uomodo</span> <span class='ocrx_word' id='word_1_358' title='bbox 2677 2233 3017 2305; x_wconf 81' lang='lat' dir='ltr'>judicandus</span> <span class='ocrx_word' id='word_1_359' title='bbox 3059 2235 3130 2305; x_wconf 86' lang='lat' dir='ltr'>sit</span> <span class='ocrx_word' id='word_1_360' title='bbox 3174 2236 3482 2305; x_wconf 82' lang='lat' dir='ltr'>episcOpus,</span> <span class='ocrx_word' id='word_1_361' title='bbox 3546 2242 3600 2290; x_wconf 89' lang='lat' dir='ltr'>et</span> 
     </span>
    </p>
   </div>
   <div class='ocr_carea' id='block_1_55' title="bbox 2017 2302 3596 2375">
    <p class='ocr_par' dir='ltr' id='par_1_55' title="bbox 2017 2302 3596 2375">
     <span class='ocr_line' id='line_1_55' title="bbox 2017 2302 3596 2375; baseline 0.003 -21"><span class='ocrx_word' id='word_1_362' title='bbox 2017 2309 2149 2372; x_wconf 89' lang='lat' dir='ltr'>quot</span> <span class='ocrx_word' id='word_1_363' title='bbox 2182 2302 2406 2357; x_wconf 78' lang='lat' dir='ltr'>testibus</span> <span class='ocrx_word' id='word_1_364' title='bbox 2437 2302 2857 2359; x_wconf 82' lang='lat' dir='ltr'>convincendus.</span> <span class='ocrx_word' id='word_1_365' title='bbox 2891 2302 3235 2375; x_wconf 76' lang='lat' dir='ltr'>Zephyrimis</span> <span class='ocrx_word' id='word_1_366' title='bbox 3263 2302 3371 2363; x_wconf 54' lang='lat' dir='ltr'>xxv&#39;</span> <span class='ocrx_word' id='word_1_367' title='bbox 3401 2322 3435 2360; x_wconf 91' lang='lat' dir='ltr'>a</span> <span class='ocrx_word' id='word_1_368' title='bbox 3482 2307 3596 2359; x_wconf 89' lang='lat' dir='ltr'>Pe-</span> 
     </span>
    </p>
   </div>
   <div class='ocr_carea' id='block_1_56' title="bbox 2015 2374 3600 2499">
    <p class='ocr_par' dir='ltr' id='par_1_56' title="bbox 2015 2374 3600 2499">
     <span class='ocr_line' id='line_1_56' title="bbox 2015 2374 3600 2499; baseline 0.003 -72"><span class='ocrx_word' id='word_1_369' title='bbox 2015 2375 2215 2499; x_wconf 43' lang='grc' dir='ltr'>ἓιξοηιξη</span> <span class='ocrx_word' id='word_1_370' title='bbox 2246 2377 2423 2445; x_wconf 82' lang='lat' dir='ltr'>primo</span> <span class='ocrx_word' id='word_1_371' title='bbox 2448 2374 2711 2429; x_wconf 85' lang='lat' dir='ltr'>decretali</span> <span class='ocrx_word' id='word_1_372' title='bbox 2738 2392 2856 2444; x_wconf 91' lang='lat' dir='ltr'>suo,</span> <span class='ocrx_word' id='word_1_373' title='bbox 2890 2374 3145 2431; x_wconf 84' lang='lat' dir='ltr'>omnibus</span> <span class='ocrx_word' id='word_1_374' title='bbox 3189 2377 3454 2448; x_wconf 76' lang='lat' dir='ltr'>episcopis</span> <span class='ocrx_word' id='word_1_375' title='bbox 3503 2392 3600 2448; x_wconf 90' lang='lat' dir='ltr'>per</span> 
     </span>
     <span class='ocr_line' id='line_1_57' title="bbox 2054 2461 2284 2499; baseline -0.009 0"><span class='ocrx_word' id='word_1_376' title='bbox 2054 2461 2125 2499; x_wconf 77' lang='lat' dir='ltr'>ZCl</span> <span class='ocrx_word' id='word_1_377' title='bbox 2156 2462 2284 2498; x_wconf 75' lang='lat' dir='ltr'>tam.</span> 
     </span>
    </p>
   </div>
   <div class='ocr_carea' id='block_1_57' title="bbox 2054 2461 2284 2499">
    <p class='ocr_par' dir='ltr' id='par_1_57' title="bbox 2054 2461 2284 2499">
     <span class='ocr_line' id='line_1_58' title="bbox 2054 2461 2284 2499; baseline -0.009 0"><span class='ocrx_word' id='word_1_378' title='bbox 2054 2461 2284 2499; x_wconf 80' lang='lat' dir='ltr'>zcmam.</span> 
     </span>
    </p>
   </div>
   <div class='ocr_carea' id='block_1_58' title="bbox 2013 2533 3599 2605">
    <p class='ocr_par' dir='ltr' id='par_1_58' title="bbox 2013 2533 3599 2605">
     <span class='ocr_line' id='line_1_59' title="bbox 2013 2533 3599 2605; baseline 0.004 -20"><span class='ocrx_word' id='word_1_379' title='bbox 2013 2533 2092 2603; x_wconf 81' lang='lat'>(2,</span> <span class='ocrx_word' id='word_1_380' title='bbox 2127 2549 2176 2603; x_wconf 87' lang='lat' dir='ltr'>q.</span> <span class='ocrx_word' id='word_1_381' title='bbox 2214 2534 2331 2600; x_wconf 82' lang='lat' dir='ltr'>l,c.</span> <span class='ocrx_word' id='word_1_382' title='bbox 2369 2535 2643 2588; x_wconf 86' lang='lat' dir='ltr'>Primates</span> <span class='ocrx_word' id='word_1_383' title='bbox 2685 2536 3057 2605; x_wconf 85' lang='lat' dir='ltr'>accusatum.)</span> <span class='ocrx_word' id='word_1_384' title='bbox 3109 2536 3458 2591; x_wconf 70' lang='lat' dir='ltr'>Patriarchaa</span> <span class='ocrx_word' id='word_1_385' title='bbox 3509 2536 3599 2591; x_wconf 91' lang='lat' dir='ltr'>vel</span> 
     </span>
    </p>
   </div>
   <div class='ocr_carea' id='block_1_59' title="bbox 1943 2621 3598 2695">
    <p class='ocr_par' dir='ltr' id='par_1_59' title="bbox 1943 2621 3598 2695">
     <span class='ocr_line' id='line_1_60' title="bbox 1943 2621 3598 2695; baseline 0.002 -20"><span class='ocrx_word' id='word_1_386' title='bbox 1943 2621 2221 2693; x_wconf 82' lang='lat' dir='ltr'>primates</span> <span class='ocrx_word' id='word_1_387' title='bbox 2251 2627 2592 2677; x_wconf 89' lang='lat' dir='ltr'>accusatum</span> <span class='ocrx_word' id='word_1_388' title='bbox 2642 2623 3027 2678; x_wconf 88' lang='lat' dir='ltr'>discutientes</span> <span class='ocrx_word' id='word_1_389' title='bbox 3058 2624 3425 2695; x_wconf 88' lang='lat' dir='ltr'>episcopum,</span> <span class='ocrx_word' id='word_1_390' title='bbox 3480 2640 3598 2679; x_wconf 89' lang='lat' dir='ltr'>non</span> 
     </span>
    </p>
   </div>
   <div class='ocr_carea' id='block_1_60' title="bbox 1943 2710 3599 2783">
    <p class='ocr_par' dir='ltr' id='par_1_60' title="bbox 1943 2710 3599 2783">
     <span class='ocr_line' id='line_1_61' title="bbox 1943 2710 3599 2783; baseline 0.001 -18"><span class='ocrx_word' id='word_1_391' title='bbox 1943 2714 2075 2765; x_wconf 89' lang='lat' dir='ltr'>ante</span> <span class='ocrx_word' id='word_1_392' title='bbox 2089 2710 2461 2764; x_wconf 75' lang='lat' dir='ltr'>sentientiam</span> <span class='ocrx_word' id='word_1_393' title='bbox 2480 2711 2771 2781; x_wconf 77' lang='lat' dir='ltr'>proferant</span> <span class='ocrx_word' id='word_1_394' title='bbox 2785 2711 3067 2766; x_wconf 87' lang='lat' dir='ltr'>ﬁnitivam</span> <span class='ocrx_word' id='word_1_395' title='bbox 3084 2728 3257 2783; x_wconf 90' lang='lat' dir='ltr'>quam</span> <span class='ocrx_word' id='word_1_396' title='bbox 3275 2711 3599 2783; x_wconf 85' lang='lat' dir='ltr'>apostolica</span> 
     </span>
    </p>
   </div>
   <div class='ocr_carea' id='block_1_61' title="bbox 1944 2798 3592 2871">
    <p class='ocr_par' dir='ltr' id='par_1_61' title="bbox 1944 2798 3592 2871">
     <span class='ocr_line' id='line_1_62' title="bbox 1944 2798 3592 2871; baseline 0.002 -18"><span class='ocrx_word' id='word_1_397' title='bbox 1944 2798 2069 2853; x_wconf 86' lang='lat' dir='ltr'>fulti</span> <span class='ocrx_word' id='word_1_398' title='bbox 2092 2799 2454 2866; x_wconf 87' lang='lat' dir='ltr'>auctoritate,</span> <span class='ocrx_word' id='word_1_399' title='bbox 2478 2804 2581 2854; x_wconf 87' lang='lat' dir='ltr'>aut</span> <span class='ocrx_word' id='word_1_400' title='bbox 2632 2816 2795 2855; x_wconf 91' lang='lat' dir='ltr'>reum</span> <span class='ocrx_word' id='word_1_401' title='bbox 2814 2816 2875 2855; x_wconf 90' lang='lat' dir='ltr'>se</span> <span class='ocrx_word' id='word_1_402' title='bbox 2906 2800 3030 2871; x_wconf 92' lang='lat' dir='ltr'>ipse</span> <span class='ocrx_word' id='word_1_403' title='bbox 3077 2801 3451 2867; x_wconf 90' lang='lat' dir='ltr'>conﬁteatur,</span> <span class='ocrx_word' id='word_1_404' title='bbox 3488 2806 3592 2857; x_wconf 85' lang='lat' dir='ltr'>aut</span> 
     </span>
    </p>
   </div>
   <div class='ocr_carea' id='block_1_62' title="bbox 1942 2888 3596 2960">
    <p class='ocr_par' dir='ltr' id='par_1_62' title="bbox 1942 2888 3596 2960">
     <span class='ocr_line' id='line_1_63' title="bbox 1942 2888 3596 2960; baseline 0.002 -19"><span class='ocrx_word' id='word_1_405' title='bbox 1942 2888 2108 2959; x_wconf 90' lang='lat' dir='ltr'>perin</span> <span class='ocrx_word' id='word_1_406' title='bbox 2120 2893 2393 2944; x_wconf 90' lang='lat' dir='ltr'>nocentes</span> <span class='ocrx_word' id='word_1_407' title='bbox 2412 2893 2467 2944; x_wconf 88' lang='lat' dir='ltr'>et</span> <span class='ocrx_word' id='word_1_408' title='bbox 2481 2890 2825 2960; x_wconf 89' lang='lat' dir='ltr'>regulariter</span> <span class='ocrx_word' id='word_1_409' title='bbox 2837 2888 3197 2944; x_wconf 84' lang='lat' dir='ltr'>examinatos</span> <span class='ocrx_word' id='word_1_410' title='bbox 3214 2889 3596 2945; x_wconf 80' lang='lat' dir='ltr'>convincatur</span> 
     </span>
    </p>
   </div>
   <div class='ocr_carea' id='block_1_63' title="bbox 1941 2976 3592 3048">
    <p class='ocr_par' dir='ltr' id='par_1_63' title="bbox 1941 2976 3592 3048">
     <span class='ocr_line' id='line_1_64' title="bbox 1941 2976 3592 3048; baseline 0 -16"><span class='ocrx_word' id='word_1_411' title='bbox 1941 2979 2260 3043; x_wconf 88' lang='lat' dir='ltr'>testes.Qui</span> <span class='ocrx_word' id='word_1_412' title='bbox 2298 2978 2507 3033; x_wconf 89' lang='lat' dir='ltr'>minori</span> <span class='ocrx_word' id='word_1_413' title='bbox 2532 2994 2645 3032; x_wconf 89' lang='lat' dir='ltr'>non</span> <span class='ocrx_word' id='word_1_414' title='bbox 2670 2978 2790 3032; x_wconf 90' lang='lat' dir='ltr'>sint</span> <span class='ocrx_word' id='word_1_415' title='bbox 2821 2993 3066 3032; x_wconf 90' lang='lat' dir='ltr'>numero</span> <span class='ocrx_word' id='word_1_416' title='bbox 3090 2994 3266 3048; x_wconf 91' lang='lat' dir='ltr'>quam</span> <span class='ocrx_word' id='word_1_417' title='bbox 3292 2976 3377 3031; x_wconf 90' lang='lat' dir='ltr'>illi</span> <span class='ocrx_word' id='word_1_418' title='bbox 3410 2977 3592 3032; x_wconf 89' lang='lat' dir='ltr'>disci-</span> 
     </span>
    </p>
   </div>
   <div class='ocr_carea' id='block_1_64' title="bbox 1941 3066 3599 3138">
    <p class='ocr_par' dir='ltr' id='par_1_64' title="bbox 1941 3066 3599 3138">
     <span class='ocr_line' id='line_1_65' title="bbox 1941 3066 3599 3138; baseline 0.001 -19"><span class='ocrx_word' id='word_1_419' title='bbox 1941 3066 2061 3137; x_wconf 92' lang='lat' dir='ltr'>puli</span> <span class='ocrx_word' id='word_1_420' title='bbox 2088 3067 2501 3137; x_wconf 88' lang='lat' dir='ltr'>fuerunt,quos</span> <span class='ocrx_word' id='word_1_421' title='bbox 2525 3066 2813 3121; x_wconf 88' lang='lat' dir='ltr'>Dominus</span> <span class='ocrx_word' id='word_1_422' title='bbox 2835 3066 2895 3121; x_wconf 93' lang='lat' dir='ltr'>in</span> <span class='ocrx_word' id='word_1_423' title='bbox 2927 3067 3335 3137; x_wconf 89' lang='lat' dir='ltr'>adjumentum</span> <span class='ocrx_word' id='word_1_424' title='bbox 3362 3070 3599 3138; x_wconf 89' lang='lat' dir='ltr'>aposto-</span> 
     </span>
    </p>
   </div>
   <div class='ocr_carea' id='block_1_65' title="bbox 179 3155 3608 3241">
    <p class='ocr_par' dir='ltr' id='par_1_65' title="bbox 179 3155 3608 3241">
     <span class='ocr_line' id='line_1_66' title="bbox 179 3155 3608 3241; baseline -0.001 -27"><span class='ocrx_word' id='word_1_425' title='bbox 179 3160 520 3226; x_wconf 89' lang='lat' dir='ltr'>accusandi,</span> <span class='ocrx_word' id='word_1_426' title='bbox 555 3165 655 3215; x_wconf 88' lang='lat' dir='ltr'>aut</span> <span class='ocrx_word' id='word_1_427' title='bbox 685 3160 1002 3215; x_wconf 89' lang='lat' dir='ltr'>lacerandi.</span> <span class='ocrx_word' id='word_1_428' title='bbox 1037 3161 1101 3214; x_wconf 89' lang='lat' dir='ltr'>Et</span> <span class='ocrx_word' id='word_1_429' title='bbox 1140 3161 1198 3214; x_wconf 84' lang='lat' dir='ltr'>in</span> <span class='ocrx_word' id='word_1_430' title='bbox 1245 3162 1616 3231; x_wconf 78' lang='lat' dir='ltr'>sequentibus.</span> <span class='ocrx_word' id='word_1_431' title='bbox 1649 3162 1828 3216; x_wconf 90' lang='lat' dir='ltr'>Nemo</span> <span class='ocrx_word' id='word_1_432' title='bbox 1861 3174 1903 3241; x_wconf 72' lang='grc' dir='ltr'><strong>ρ</strong></span> <span class='ocrx_word' id='word_1_433' title='bbox 1942 3156 2128 3210; x_wconf 83' lang='lat' dir='ltr'>lorum</span> <span class='ocrx_word' id='word_1_434' title='bbox 2154 3155 2363 3227; x_wconf 85' lang='lat' dir='ltr'>eligere</span> <span class='ocrx_word' id='word_1_435' title='bbox 2389 3156 2681 3226; x_wconf 80' lang='lat' dir='ltr'>praecepit,</span> <span class='ocrx_word' id='word_1_436' title='bbox 2703 3155 2760 3208; x_wconf 92' lang='lat' dir='ltr'>id</span> <span class='ocrx_word' id='word_1_437' title='bbox 2803 3156 2995 3210; x_wconf 81' lang='lat' dir='ltr'>est72.</span> <span class='ocrx_word' id='word_1_438' title='bbox 3023 3156 3155 3226; x_wconf 85' lang='lat' dir='ltr'>(3,q.</span> <span class='ocrx_word' id='word_1_439' title='bbox 3187 3157 3241 3219; x_wconf 81' lang='grc'>4,</span> <span class='ocrx_word' id='word_1_440' title='bbox 3264 3157 3608 3211; x_wconf 86' lang='lat' dir='ltr'>c.Detracto-</span> 
     </span>
    </p>
   </div>
   <div class='ocr_carea' id='block_1_66' title="bbox 177 3249 1830 3305">
    <p class='ocr_par' dir='ltr' id='par_1_66' title="bbox 177 3249 1830 3305">
     <span class='ocr_line' id='line_1_67' title="bbox 177 3249 1830 3305; baseline -0.001 0"><span class='ocrx_word' id='word_1_441' title='bbox 177 3250 403 3305; x_wconf 89' lang='lat' dir='ltr'>bonum</span> <span class='ocrx_word' id='word_1_442' title='bbox 438 3249 657 3304; x_wconf 88' lang='lat' dir='ltr'>faciens</span> <span class='ocrx_word' id='word_1_443' title='bbox 690 3249 858 3304; x_wconf 90' lang='lat' dir='ltr'>alteri</span> <span class='ocrx_word' id='word_1_444' title='bbox 890 3249 1065 3304; x_wconf 88' lang='lat' dir='ltr'>verbo</span> <span class='ocrx_word' id='word_1_445' title='bbox 1110 3254 1210 3304; x_wconf 90' lang='lat' dir='ltr'>aut</span> <span class='ocrx_word' id='word_1_446' title='bbox 1259 3251 1407 3304; x_wconf 76' lang='lat' dir='ltr'>iacto</span> <span class='ocrx_word' id='word_1_447' title='bbox 1452 3266 1657 3305; x_wconf 89' lang='lat' dir='ltr'>nocere</span> <span class='ocrx_word' id='word_1_448' title='bbox 1689 3250 1830 3305; x_wconf 87' lang='lat' dir='ltr'>vult.</span> 
     </span>
    </p>
   </div>
   <div class='ocr_carea' id='block_1_67' title="bbox 179 3338 1836 3409">
    <p class='ocr_par' dir='ltr' id='par_1_67' title="bbox 179 3338 1836 3409">
     <span class='ocr_line' id='line_1_68' title="bbox 179 3338 1836 3409; baseline 0.001 -16"><span class='ocrx_word' id='word_1_449' title='bbox 179 3341 411 3404; x_wconf 90' lang='lat' dir='ltr'>Quanto</span> <span class='ocrx_word' id='word_1_450' title='bbox 448 3339 646 3394; x_wconf 90' lang='lat' dir='ltr'>minus</span> <span class='ocrx_word' id='word_1_451' title='bbox 676 3355 737 3393; x_wconf 85' lang='lat' dir='ltr'>1n</span> <span class='ocrx_word' id='word_1_452' title='bbox 769 3338 1169 3409; x_wconf 88' lang='lat' dir='ltr'>suspicionem</span> <span class='ocrx_word' id='word_1_453' title='bbox 1202 3339 1374 3393; x_wconf 91' lang='lat' dir='ltr'>debet</span> <span class='ocrx_word' id='word_1_454' title='bbox 1404 3340 1599 3393; x_wconf 89' lang='lat' dir='ltr'>venire</span> <span class='ocrx_word' id='word_1_455' title='bbox 1646 3340 1836 3395; x_wconf 89' lang='lat' dir='ltr'>ﬁdelis</span> 
     </span>
    </p>
   </div>
   <div class='ocr_carea' id='block_1_68' title="bbox 187 3428 1837 3498">
    <p class='ocr_par' dir='ltr' id='par_1_68' title="bbox 187 3428 1837 3498">
     <span class='ocr_line' id='line_1_69' title="bbox 187 3428 1837 3498; baseline 0.001 -17"><span class='ocrx_word' id='word_1_456' title='bbox 187 3428 390 3493; x_wconf 86' lang='lat' dir='ltr'>homo,</span> <span class='ocrx_word' id='word_1_457' title='bbox 454 3432 518 3481; x_wconf 90' lang='lat' dir='ltr'>ut</span> <span class='ocrx_word' id='word_1_458' title='bbox 573 3428 729 3482; x_wconf 89' lang='lat' dir='ltr'>dicat</span> <span class='ocrx_word' id='word_1_459' title='bbox 759 3432 860 3481; x_wconf 90' lang='lat' dir='ltr'>aut</span> <span class='ocrx_word' id='word_1_460' title='bbox 914 3428 1088 3482; x_wconf 84' lang='lat' dir='ltr'>faciat</span> <span class='ocrx_word' id='word_1_461' title='bbox 1118 3443 1185 3481; x_wconf 90' lang='lat' dir='ltr'>ea</span> <span class='ocrx_word' id='word_1_462' title='bbox 1215 3444 1340 3496; x_wconf 65' lang='lat' dir='ltr'>qua:</span> <span class='ocrx_word' id='word_1_463' title='bbox 1373 3428 1492 3498; x_wconf 88' lang='lat' dir='ltr'>pati</span> <span class='ocrx_word' id='word_1_464' title='bbox 1528 3444 1641 3482; x_wconf 93' lang='lat' dir='ltr'>non</span> <span class='ocrx_word' id='word_1_465' title='bbox 1676 3428 1837 3483; x_wconf 84' lang='lat' dir='ltr'>vult?</span> 
     </span>
    </p>
   </div>
   <div class='ocr_carea' id='block_1_69' title="bbox 180 3515 1837 3587">
    <p class='ocr_par' dir='ltr' id='par_1_69' title="bbox 180 3515 1837 3587">
     <span class='ocr_line' id='line_1_70' title="bbox 180 3515 1837 3587; baseline 0.001 -16"><span class='ocrx_word' id='word_1_466' title='bbox 180 3517 332 3580; x_wconf 89' lang='lat' dir='ltr'>Quia</span> <span class='ocrx_word' id='word_1_467' title='bbox 364 3515 557 3571; x_wconf 90' lang='lat' dir='ltr'>omnis</span> <span class='ocrx_word' id='word_1_468' title='bbox 590 3515 848 3587; x_wconf 90' lang='lat' dir='ltr'>suspicio</span> <span class='ocrx_word' id='word_1_469' title='bbox 889 3519 978 3570; x_wconf 90' lang='lat' dir='ltr'>est</span> <span class='ocrx_word' id='word_1_470' title='bbox 1019 3516 1214 3586; x_wconf 90' lang='lat' dir='ltr'>potius</span> <span class='ocrx_word' id='word_1_471' title='bbox 1271 3516 1624 3587; x_wconf 87' lang='lat' dir='ltr'>repellenda,</span> <span class='ocrx_word' id='word_1_472' title='bbox 1660 3533 1837 3587; x_wconf 92' lang='lat' dir='ltr'>quam</span> 
     </span>
    </p>
   </div>
   <div class='ocr_carea' id='block_1_70' title="bbox 186 3604 1839 3675">
    <p class='ocr_par' dir='ltr' id='par_1_70' title="bbox 186 3604 1839 3675">
     <span class='ocr_line' id='line_1_71' title="bbox 186 3604 1839 3675; baseline 0 -16"><span class='ocrx_word' id='word_1_473' title='bbox 186 3606 568 3675; x_wconf 86' lang='lat' dir='ltr'>approbanda</span> <span class='ocrx_word' id='word_1_474' title='bbox 584 3604 667 3659; x_wconf 93' lang='lat' dir='ltr'>vel</span> <span class='ocrx_word' id='word_1_475' title='bbox 686 3604 1037 3675; x_wconf 90' lang='lat' dir='ltr'>recipienda.</span> <span class='ocrx_word' id='word_1_476' title='bbox 1071 3606 1202 3659; x_wconf 86' lang='lat' dir='ltr'>Item</span> <span class='ocrx_word' id='word_1_477' title='bbox 1221 3606 1365 3659; x_wconf 82' lang='lat' dir='ltr'>idem</span> <span class='ocrx_word' id='word_1_478' title='bbox 1396 3606 1451 3658; x_wconf 84' lang='lat' dir='ltr'>in</span> <span class='ocrx_word' id='word_1_479' title='bbox 1486 3606 1719 3660; x_wconf 83' lang='lat' dir='ltr'>secundo</span> <span class='ocrx_word' id='word_1_480' title='bbox 1740 3605 1839 3659; x_wconf 87' lang='lat' dir='ltr'>de-</span> 
     </span>
    </p>
   </div>
   <div class='ocr_carea' id='block_1_71' title="bbox 186 3692 1842 3765">
    <p class='ocr_par' dir='ltr' id='par_1_71' title="bbox 186 3692 1842 3765">
     <span class='ocr_line' id='line_1_72' title="bbox 186 3692 1842 3765; baseline 0.001 -18"><span class='ocrx_word' id='word_1_481' title='bbox 186 3694 394 3747; x_wconf 85' lang='lat' dir='ltr'>cretali</span> <span class='ocrx_word' id='word_1_482' title='bbox 420 3710 519 3747; x_wconf 86' lang='lat' dir='ltr'>suo</span> <span class='ocrx_word' id='word_1_483' title='bbox 549 3693 661 3765; x_wconf 87' lang='lat' dir='ltr'>(l7,</span> <span class='ocrx_word' id='word_1_484' title='bbox 694 3711 745 3763; x_wconf 87' lang='lat' dir='ltr'>q.</span> <span class='ocrx_word' id='word_1_485' title='bbox 774 3694 827 3757; x_wconf 83' lang='grc'>4,</span> <span class='ocrx_word' id='word_1_486' title='bbox 858 3708 984 3764; x_wconf 87' lang='lat' dir='ltr'>cap.</span> <span class='ocrx_word' id='word_1_487' title='bbox 1016 3695 1172 3748; x_wconf 84' lang='lat' dir='ltr'>Sicut</span> <span class='ocrx_word' id='word_1_488' title='bbox 1196 3695 1292 3764; x_wconf 85' lang='lat' dir='ltr'>qui</span> <span class='ocrx_word' id='word_1_489' title='bbox 1322 3692 1842 3764; x_wconf 82' lang='lat' dir='ltr'>Ecclesiam).Sicut</span> 
     </span>
    </p>
   </div>
   <div class='ocr_carea' id='block_1_72' title="bbox 190 3781 1839 3853">
    <p class='ocr_par' dir='ltr' id='par_1_72' title="bbox 190 3781 1839 3853">
     <span class='ocr_line' id='line_1_73' title="bbox 190 3781 1839 3853; baseline 0.002 -19"><span class='ocrx_word' id='word_1_490' title='bbox 190 3781 292 3851; x_wconf 89' lang='lat' dir='ltr'>qui</span> <span class='ocrx_word' id='word_1_491' title='bbox 328 3781 643 3836; x_wconf 80' lang='lat' dir='ltr'>Ecclesium</span> <span class='ocrx_word' id='word_1_492' title='bbox 684 3781 777 3836; x_wconf 91' lang='lat' dir='ltr'>Dci</span> <span class='ocrx_word' id='word_1_493' title='bbox 808 3786 1016 3851; x_wconf 87' lang='lat' dir='ltr'>vastat,</span> <span class='ocrx_word' id='word_1_494' title='bbox 1047 3783 1292 3853; x_wconf 86' lang='lat' dir='ltr'>ejusque</span> <span class='ocrx_word' id='word_1_495' title='bbox 1325 3782 1542 3853; x_wconf 72' lang='lat' dir='ltr'>praedia</span> <span class='ocrx_word' id='word_1_496' title='bbox 1573 3786 1628 3837; x_wconf 91' lang='lat' dir='ltr'>et</span> <span class='ocrx_word' id='word_1_497' title='bbox 1658 3783 1839 3837; x_wconf 71' lang='lat' dir='ltr'>dona~</span> 
     </span>
    </p>
   </div>
   <div class='ocr_carea' id='block_1_73' title="bbox 190 3870 1841 3941">
    <p class='ocr_par' dir='ltr' id='par_1_73' title="bbox 190 3870 1841 3941">
     <span class='ocr_line' id='line_1_74' title="bbox 190 3870 1841 3941; baseline 0.002 -18"><span class='ocrx_word' id='word_1_498' title='bbox 190 3870 279 3923; x_wconf 89' lang='lat' dir='ltr'>ria</span> <span class='ocrx_word' id='word_1_499' title='bbox 311 3870 594 3941; x_wconf 83' lang='lat' dir='ltr'>exspoliat</span> <span class='ocrx_word' id='word_1_500' title='bbox 631 3875 687 3924; x_wconf 91' lang='lat' dir='ltr'>et</span> <span class='ocrx_word' id='word_1_501' title='bbox 716 3870 955 3939; x_wconf 87' lang='lat' dir='ltr'>invadit,</span> <span class='ocrx_word' id='word_1_502' title='bbox 994 3871 1057 3924; x_wconf 89' lang='lat' dir='ltr'>ﬁt</span> <span class='ocrx_word' id='word_1_503' title='bbox 1105 3870 1455 3941; x_wconf 87' lang='lat' dir='ltr'>sacrilegus;</span> <span class='ocrx_word' id='word_1_504' title='bbox 1509 3872 1591 3926; x_wconf 90' lang='lat' dir='ltr'>sic</span> <span class='ocrx_word' id='word_1_505' title='bbox 1642 3876 1695 3925; x_wconf 90' lang='lat' dir='ltr'>et</span> <span class='ocrx_word' id='word_1_506' title='bbox 1744 3870 1841 3927; x_wconf 88' lang='lat' dir='ltr'>ille</span> 
     </span>
    </p>
   </div>
   <div class='ocr_carea' id='block_1_74' title="bbox 192 3958 1841 4031">
    <p class='ocr_par' dir='ltr' id='par_1_74' title="bbox 192 3958 1841 4031">
     <span class='ocr_line' id='line_1_75' title="bbox 192 3958 1841 4031; baseline 0.002 -19"><span class='ocrx_word' id='word_1_507' title='bbox 192 3958 289 4030; x_wconf 89' lang='lat' dir='ltr'>qui</span> <span class='ocrx_word' id='word_1_508' title='bbox 322 3959 449 4028; x_wconf 88' lang='lat' dir='ltr'>ejus</span> <span class='ocrx_word' id='word_1_509' title='bbox 483 3960 816 4014; x_wconf 87' lang='lat' dir='ltr'>sacerdotes</span> <span class='ocrx_word' id='word_1_510' title='bbox 848 3958 1199 4030; x_wconf 90' lang='lat' dir='ltr'>insequitur,</span> <span class='ocrx_word' id='word_1_511' title='bbox 1234 3959 1524 4031; x_wconf 86' lang='lat' dir='ltr'>sacrilegii</span> <span class='ocrx_word' id='word_1_512' title='bbox 1556 3977 1691 4014; x_wconf 91' lang='lat' dir='ltr'>reus</span> <span class='ocrx_word' id='word_1_513' title='bbox 1720 3961 1841 4015; x_wconf 90' lang='lat' dir='ltr'>exi-</span> 
     </span>
    </p>
   </div>
   <div class='ocr_carea' id='block_1_75' title="bbox 191 4048 1840 4121">
    <p class='ocr_par' dir='ltr' id='par_1_75' title="bbox 191 4048 1840 4121">
     <span class='ocr_line' id='line_1_76' title="bbox 191 4048 1840 4121; baseline 0.001 -17"><span class='ocrx_word' id='word_1_514' title='bbox 191 4049 317 4113; x_wconf 87' lang='lat' dir='ltr'>stit,</span> <span class='ocrx_word' id='word_1_515' title='bbox 341 4052 399 4102; x_wconf 88' lang='lat' dir='ltr'>et</span> <span class='ocrx_word' id='word_1_516' title='bbox 429 4048 749 4120; x_wconf 89' lang='lat' dir='ltr'>sacrilegus</span> <span class='ocrx_word' id='word_1_517' title='bbox 775 4049 1092 4118; x_wconf 89' lang='lat' dir='ltr'>judicatur.</span> <span class='ocrx_word' id='word_1_518' title='bbox 1120 4048 1662 4119; x_wconf 85' lang='lat' dir='ltr'>Etsicutpeccatum</span> <span class='ocrx_word' id='word_1_519' title='bbox 1686 4051 1840 4121; x_wconf 92' lang='lat' dir='ltr'>quod</span> 
     </span>
    </p>
   </div>
   <div class='ocr_carea' id='block_1_76' title="bbox 193 4138 1841 4210">
    <p class='ocr_par' dir='ltr' id='par_1_76' title="bbox 193 4138 1841 4210">
     <span class='ocr_line' id='line_1_77' title="bbox 193 4138 1841 4210; baseline 0.002 -19"><span class='ocrx_word' id='word_1_520' title='bbox 193 4138 254 4192; x_wconf 95' lang='lat' dir='ltr'>in</span> <span class='ocrx_word' id='word_1_521' title='bbox 288 4141 469 4192; x_wconf 91' lang='lat' dir='ltr'>Deum</span> <span class='ocrx_word' id='word_1_522' title='bbox 526 4138 917 4192; x_wconf 89' lang='lat' dir='ltr'>committitur</span> <span class='ocrx_word' id='word_1_523' title='bbox 963 4138 1201 4209; x_wconf 89' lang='lat' dir='ltr'>gravius</span> <span class='ocrx_word' id='word_1_524' title='bbox 1252 4143 1340 4193; x_wconf 88' lang='lat' dir='ltr'>est</span> <span class='ocrx_word' id='word_1_525' title='bbox 1388 4155 1563 4209; x_wconf 87' lang='lat' dir='ltr'>quam</span> <span class='ocrx_word' id='word_1_526' title='bbox 1596 4140 1749 4210; x_wconf 93' lang='lat' dir='ltr'>quod</span> <span class='ocrx_word' id='word_1_527' title='bbox 1781 4138 1841 4194; x_wconf 88' lang='lat' dir='ltr'>in</span> 
     </span>
    </p>
   </div>
   <div class='ocr_carea' id='block_1_77' title="bbox 192 4226 1842 4299">
    <p class='ocr_par' dir='ltr' id='par_1_77' title="bbox 192 4226 1842 4299">
     <span class='ocr_line' id='line_1_78' title="bbox 192 4226 1842 4299; baseline 0.002 -19"><span class='ocrx_word' id='word_1_528' title='bbox 192 4226 517 4294; x_wconf 86' lang='lat' dir='ltr'>hominem,</span> <span class='ocrx_word' id='word_1_529' title='bbox 551 4227 636 4281; x_wconf 91' lang='lat' dir='ltr'>sic</span> <span class='ocrx_word' id='word_1_530' title='bbox 669 4226 901 4297; x_wconf 87' lang='lat' dir='ltr'>gravius</span> <span class='ocrx_word' id='word_1_531' title='bbox 937 4230 1024 4281; x_wconf 86' lang='lat' dir='ltr'>est</span> <span class='ocrx_word' id='word_1_532' title='bbox 1056 4226 1429 4297; x_wconf 87' lang='lat' dir='ltr'>sacrilegium</span> <span class='ocrx_word' id='word_1_533' title='bbox 1464 4244 1632 4299; x_wconf 88' lang='lat' dir='ltr'>agere</span> <span class='ocrx_word' id='word_1_534' title='bbox 1664 4245 1842 4299; x_wconf 89' lang='lat' dir='ltr'>quam</span> 
     </span>
    </p>
   </div>
   <div class='ocr_carea' id='block_1_78' title="bbox 194 4314 1841 4387">
    <p class='ocr_par' dir='ltr' id='par_1_78' title="bbox 194 4314 1841 4387">
     <span class='ocr_line' id='line_1_79' title="bbox 194 4314 1841 4387; baseline 0.002 -18"><span class='ocrx_word' id='word_1_535' title='bbox 194 4314 493 4369; x_wconf 89' lang='lat' dir='ltr'>fornicari.</span> <span class='ocrx_word' id='word_1_536' title='bbox 527 4316 702 4370; x_wconf 88' lang='lat' dir='ltr'>Paulo</span> <span class='ocrx_word' id='word_1_537' title='bbox 727 4321 869 4385; x_wconf 86' lang='lat' dir='ltr'>post.</span> <span class='ocrx_word' id='word_1_538' title='bbox 903 4316 1016 4382; x_wconf 91' lang='grc'>(11,</span> <span class='ocrx_word' id='word_1_539' title='bbox 1050 4332 1100 4385; x_wconf 88' lang='lat' dir='ltr'>q.</span> <span class='ocrx_word' id='word_1_540' title='bbox 1144 4319 1255 4383; x_wconf 85' lang='lat' dir='ltr'>l,c.</span> <span class='ocrx_word' id='word_1_541' title='bbox 1275 4315 1335 4369; x_wconf 89' lang='lat' dir='ltr'>Si</span> <span class='ocrx_word' id='word_1_542' title='bbox 1363 4318 1486 4386; x_wconf 85' lang='lat' dir='ltr'>quis</span> <span class='ocrx_word' id='word_1_543' title='bbox 1514 4318 1754 4387; x_wconf 80' lang='lat' dir='ltr'>sacerd.)</span> <span class='ocrx_word' id='word_1_544' title='bbox 1782 4318 1841 4373; x_wconf 91' lang='lat' dir='ltr'>Si</span> 
     </span>
    </p>
   </div>
   <div class='ocr_carea' id='block_1_79' title="bbox 193 4402 1839 4477">
    <p class='ocr_par' dir='ltr' id='par_1_79' title="bbox 193 4402 1839 4477">
     <span class='ocr_line' id='line_1_80' title="bbox 193 4402 1839 4477; baseline 0.003 -21"><span class='ocrx_word' id='word_1_545' title='bbox 193 4403 331 4473; x_wconf 89' lang='lat' dir='ltr'>quis</span> <span class='ocrx_word' id='word_1_546' title='bbox 363 4405 733 4458; x_wconf 87' lang='lat' dir='ltr'>sacerdotum</span> <span class='ocrx_word' id='word_1_547' title='bbox 749 4402 836 4458; x_wconf 92' lang='lat' dir='ltr'>vel</span> <span class='ocrx_word' id='word_1_548' title='bbox 869 4403 1226 4474; x_wconf 90' lang='lat' dir='ltr'>reliquorum</span> <span class='ocrx_word' id='word_1_549' title='bbox 1243 4402 1583 4458; x_wconf 91' lang='lat' dir='ltr'>clericorum</span> <span class='ocrx_word' id='word_1_550' title='bbox 1602 4423 1705 4460; x_wconf 92' lang='lat' dir='ltr'>suo</span> <span class='ocrx_word' id='word_1_551' title='bbox 1720 4407 1839 4477; x_wconf 87' lang='lat' dir='ltr'>epi—</span> 
     </span>
    </p>
   </div>
   <div class='ocr_carea' id='block_1_80' title="bbox 192 4491 1839 4564">
    <p class='ocr_par' dir='ltr' id='par_1_80' title="bbox 192 4491 1839 4564">
     <span class='ocr_line' id='line_1_81' title="bbox 192 4491 1839 4564; baseline 0.002 -19"><span class='ocrx_word' id='word_1_552' title='bbox 192 4508 371 4561; x_wconf 89' lang='lat' dir='ltr'>scopo</span> <span class='ocrx_word' id='word_1_553' title='bbox 406 4492 747 4546; x_wconf 89' lang='lat' dir='ltr'>inobediens</span> <span class='ocrx_word' id='word_1_554' title='bbox 782 4492 972 4557; x_wconf 86' lang='lat' dir='ltr'>fuerit,</span> <span class='ocrx_word' id='word_1_555' title='bbox 1007 4496 1108 4546; x_wconf 89' lang='lat' dir='ltr'>aut</span> <span class='ocrx_word' id='word_1_556' title='bbox 1129 4492 1214 4547; x_wconf 89' lang='lat' dir='ltr'>eis</span> <span class='ocrx_word' id='word_1_557' title='bbox 1246 4491 1496 4548; x_wconf 90' lang='lat' dir='ltr'>insidias</span> <span class='ocrx_word' id='word_1_558' title='bbox 1531 4495 1839 4564; x_wconf 85' lang='lat' dir='ltr'>paraverit,</span> 
     </span>
    </p>
   </div>
   <div class='ocr_carea' id='block_1_81' title="bbox 1947 3244 3611 3315">
    <p class='ocr_par' dir='ltr' id='par_1_81' title="bbox 1947 3244 3611 3315">
     <span class='ocr_line' id='line_1_82' title="bbox 1947 3244 3611 3315; baseline 0.001 -18"><span class='ocrx_word' id='word_1_559' title='bbox 1947 3245 2070 3315; x_wconf 87' lang='lat' dir='ltr'>res).</span> <span class='ocrx_word' id='word_1_560' title='bbox 2135 3245 2499 3299; x_wconf 89' lang='lat' dir='ltr'>Detractores</span> <span class='ocrx_word' id='word_1_561' title='bbox 2559 3260 2793 3315; x_wconf 81' lang='lat' dir='ltr'>quoque</span> <span class='ocrx_word' id='word_1_562' title='bbox 2843 3246 2944 3315; x_wconf 90' lang='lat' dir='ltr'>qui</span> <span class='ocrx_word' id='word_1_563' title='bbox 3005 3244 3202 3299; x_wconf 86' lang='lat' dir='ltr'>divina</span> <span class='ocrx_word' id='word_1_564' title='bbox 3258 3245 3611 3300; x_wconf 81' lang='lat' dir='ltr'>auctoritate</span> 
     </span>
    </p>
   </div>
   <div class='ocr_carea' id='block_1_82' title="bbox 1947 3332 3612 3404">
    <p class='ocr_par' dir='ltr' id='par_1_82' title="bbox 1947 3332 3612 3404">
     <span class='ocr_line' id='line_1_83' title="bbox 1947 3332 3612 3404; baseline 0.001 -17"><span class='ocrx_word' id='word_1_565' title='bbox 1947 3332 2281 3387; x_wconf 86' lang='lat' dir='ltr'>eradicandi</span> <span class='ocrx_word' id='word_1_566' title='bbox 2313 3338 2473 3397; x_wconf 88' lang='lat' dir='ltr'>sunt,</span> <span class='ocrx_word' id='word_1_567' title='bbox 2499 3338 2555 3387; x_wconf 90' lang='lat' dir='ltr'>et</span> <span class='ocrx_word' id='word_1_568' title='bbox 2585 3340 2850 3388; x_wconf 88' lang='lat' dir='ltr'>auctores</span> <span class='ocrx_word' id='word_1_569' title='bbox 2884 3333 3009 3404; x_wconf 90' lang='lat' dir='ltr'>[al.,</span> <span class='ocrx_word' id='word_1_570' title='bbox 3061 3333 3309 3403; x_wconf 88' lang='lat' dir='ltr'>actores)</span> <span class='ocrx_word' id='word_1_571' title='bbox 3350 3332 3612 3388; x_wconf 91' lang='lat' dir='ltr'>inimico-</span> 
     </span>
    </p>
   </div>
   <div class='ocr_carea' id='block_1_83' title="bbox 1949 3422 3608 3493">
    <p class='ocr_par' dir='ltr' id='par_1_83' title="bbox 1949 3422 3608 3493">
     <span class='ocr_line' id='line_1_84' title="bbox 1949 3422 3608 3493; baseline 0.001 -18"><span class='ocrx_word' id='word_1_572' title='bbox 1949 3438 2077 3475; x_wconf 88' lang='lat' dir='ltr'>rum</span> <span class='ocrx_word' id='word_1_573' title='bbox 2112 3423 2183 3476; x_wconf 86' lang='lat' dir='ltr'>ab</span> <span class='ocrx_word' id='word_1_574' title='bbox 2215 3422 2530 3493; x_wconf 90' lang='lat' dir='ltr'>episcopali</span> <span class='ocrx_word' id='word_1_575' title='bbox 2563 3424 2960 3477; x_wconf 78' lang='lat' dir='ltr'>submovenus</span> <span class='ocrx_word' id='word_1_576' title='bbox 2993 3423 3367 3477; x_wconf 83' lang='lat' dir='ltr'>accusatione</span> <span class='ocrx_word' id='word_1_577' title='bbox 3398 3422 3488 3477; x_wconf 89' lang='lat' dir='ltr'>vel</span> <span class='ocrx_word' id='word_1_578' title='bbox 3520 3428 3608 3477; x_wconf 85' lang='lat' dir='ltr'>te-</span> 
     </span>
    </p>
   </div>
   <div class='ocr_carea' id='block_1_84' title="bbox 1949 3510 3605 3583">
    <p class='ocr_par' dir='ltr' id='par_1_84' title="bbox 1949 3510 3605 3583">
     <span class='ocr_line' id='line_1_85' title="bbox 1949 3510 3605 3583; baseline 0.001 -19"><span class='ocrx_word' id='word_1_579' title='bbox 1949 3510 2248 3565; x_wconf 79' lang='lat' dir='ltr'>stimonio.</span> <span class='ocrx_word' id='word_1_580' title='bbox 2276 3511 2387 3565; x_wconf 92' lang='lat' dir='ltr'>Nec</span> <span class='ocrx_word' id='word_1_581' title='bbox 2411 3526 2782 3565; x_wconf 87' lang='lat' dir='ltr'>summorum</span> <span class='ocrx_word' id='word_1_582' title='bbox 2826 3512 3122 3583; x_wconf 90' lang='lat' dir='ltr'>quispiam</span> <span class='ocrx_word' id='word_1_583' title='bbox 3175 3511 3470 3566; x_wconf 89' lang='lat' dir='ltr'>minorum</span> <span class='ocrx_word' id='word_1_584' title='bbox 3512 3526 3605 3565; x_wconf 87' lang='lat' dir='ltr'>ac-</span> 
     </span>
    </p>
   </div>
   <div class='ocr_carea' id='block_1_85' title="bbox 1949 3599 3606 3671">
    <p class='ocr_par' dir='ltr' id='par_1_85' title="bbox 1949 3599 3606 3671">
     <span class='ocr_line' id='line_1_86' title="bbox 1949 3599 3606 3671; baseline 0.001 -18"><span class='ocrx_word' id='word_1_585' title='bbox 1949 3599 2354 3654; x_wconf 89' lang='lat' dir='ltr'>cusationibus</span> <span class='ocrx_word' id='word_1_586' title='bbox 2385 3599 2705 3670; x_wconf 85' lang='lat' dir='ltr'>impetatur</span> <span class='ocrx_word' id='word_1_587' title='bbox 2734 3604 2837 3654; x_wconf 91' lang='lat' dir='ltr'>aut</span> <span class='ocrx_word' id='word_1_588' title='bbox 2862 3600 3180 3671; x_wconf 86' lang='lat' dir='ltr'>dispareat,</span> <span class='ocrx_word' id='word_1_589' title='bbox 3216 3616 3405 3671; x_wconf 89' lang='lat' dir='ltr'>neque</span> <span class='ocrx_word' id='word_1_590' title='bbox 3428 3599 3485 3653; x_wconf 91' lang='lat' dir='ltr'>in</span> <span class='ocrx_word' id='word_1_591' title='bbox 3545 3614 3606 3654; x_wconf 89' lang='lat' dir='ltr'>re</span> 
     </span>
    </p>
   </div>
   <div class='ocr_carea' id='block_1_86' title="bbox 1950 3686 3605 3759">
    <p class='ocr_par' dir='ltr' id='par_1_86' title="bbox 1950 3686 3605 3759">
     <span class='ocr_line' id='line_1_87' title="bbox 1950 3686 3605 3759; baseline 0.002 -18"><span class='ocrx_word' id='word_1_592' title='bbox 1950 3688 2129 3741; x_wconf 91' lang='lat' dir='ltr'>dubia</span> <span class='ocrx_word' id='word_1_593' title='bbox 2159 3687 2617 3756; x_wconf 82' lang='lat' dir='ltr'>certajudicetur</span> <span class='ocrx_word' id='word_1_594' title='bbox 2638 3686 2948 3755; x_wconf 88' lang='lat' dir='ltr'>sententia,</span> <span class='ocrx_word' id='word_1_595' title='bbox 2969 3705 3069 3743; x_wconf 84' lang='lat' dir='ltr'>nec</span> <span class='ocrx_word' id='word_1_596' title='bbox 3103 3688 3605 3759; x_wconf 89' lang='lat' dir='ltr'>ullumjudicium</span> 
     </span>
    </p>
   </div>
   <div class='ocr_carea' id='block_1_87' title="bbox 1951 3774 3606 3846">
    <p class='ocr_par' dir='ltr' id='par_1_87' title="bbox 1951 3774 3606 3846">
     <span class='ocr_line' id='line_1_88' title="bbox 1951 3774 3606 3846; baseline 0.001 -16"><span class='ocrx_word' id='word_1_597' title='bbox 1951 3775 2065 3830; x_wconf 90' lang='lat' dir='ltr'>nisi</span> <span class='ocrx_word' id='word_1_598' title='bbox 2087 3775 2493 3830; x_wconf 87' lang='lat' dir='ltr'>ordinabiliter</span> <span class='ocrx_word' id='word_1_599' title='bbox 2515 3774 2780 3830; x_wconf 88' lang='lat' dir='ltr'>habitum</span> <span class='ocrx_word' id='word_1_600' title='bbox 2818 3780 3104 3830; x_wconf 88' lang='lat' dir='ltr'>teneatur.</span> <span class='ocrx_word' id='word_1_601' title='bbox 3130 3779 3206 3845; x_wconf 90' lang='lat'>(3,</span> <span class='ocrx_word' id='word_1_602' title='bbox 3241 3794 3291 3846; x_wconf 91' lang='lat' dir='ltr'>q.</span> <span class='ocrx_word' id='word_1_603' title='bbox 3323 3778 3380 3844; x_wconf 85' lang='lat'>9,</span> <span class='ocrx_word' id='word_1_604' title='bbox 3412 3794 3458 3832; x_wconf 92' lang='lat' dir='ltr'>c.</span> <span class='ocrx_word' id='word_1_605' title='bbox 3494 3778 3606 3831; x_wconf 85' lang='lat' dir='ltr'>Ab-</span> 
     </span>
    </p>
   </div>
   <div class='ocr_carea' id='block_1_88' title="bbox 1949 3865 3609 3936">
    <p class='ocr_par' dir='ltr' id='par_1_88' title="bbox 1949 3865 3609 3936">
     <span class='ocr_line' id='line_1_89' title="bbox 1949 3865 3609 3936; baseline 0.001 -16"><span class='ocrx_word' id='word_1_606' title='bbox 1949 3881 2070 3920; x_wconf 81' lang='lat' dir='ltr'>sens</span> <span class='ocrx_word' id='word_1_607' title='bbox 2089 3865 2493 3935; x_wconf 85' lang='lat' dir='ltr'>vero.)Absens</span> <span class='ocrx_word' id='word_1_608' title='bbox 2508 3881 2639 3920; x_wconf 88' lang='lat' dir='ltr'>vero</span> <span class='ocrx_word' id='word_1_609' title='bbox 2659 3865 3104 3934; x_wconf 88' lang='lat' dir='ltr'>nemojudicetu</span> <span class='ocrx_word' id='word_1_610' title='bbox 3116 3866 3309 3936; x_wconf 89' lang='lat' dir='ltr'>r,quia</span> <span class='ocrx_word' id='word_1_611' title='bbox 3327 3870 3383 3920; x_wconf 90' lang='lat' dir='ltr'>et</span> <span class='ocrx_word' id='word_1_612' title='bbox 3398 3865 3609 3921; x_wconf 67' lang='lat' dir='ltr'>divina</span> 
     </span>
    </p>
   </div>
   <div class='ocr_carea' id='block_1_89' title="bbox 1952 3953 3603 4026">
    <p class='ocr_par' dir='ltr' id='par_1_89' title="bbox 1952 3953 3603 4026">
     <span class='ocr_line' id='line_1_90' title="bbox 1952 3953 3603 4026; baseline 0 -17"><span class='ocrx_word' id='word_1_613' title='bbox 1952 3960 2008 4009; x_wconf 91' lang='lat' dir='ltr'>et</span> <span class='ocrx_word' id='word_1_614' title='bbox 2038 3954 2312 4009; x_wconf 80' lang='lat' dir='ltr'>humanae</span> <span class='ocrx_word' id='word_1_615' title='bbox 2343 3954 2449 4009; x_wconf 87' lang='lat' dir='ltr'>hoc</span> <span class='ocrx_word' id='word_1_616' title='bbox 2482 3954 2797 4025; x_wconf 87' lang='lat' dir='ltr'>prohibent</span> <span class='ocrx_word' id='word_1_617' title='bbox 2830 3953 3007 4026; x_wconf 89' lang='lat' dir='ltr'>leges.</span> <span class='ocrx_word' id='word_1_618' title='bbox 3066 3956 3444 4009; x_wconf 87' lang='lat' dir='ltr'>Accusatores</span> <span class='ocrx_word' id='word_1_619' title='bbox 3504 3972 3603 4009; x_wconf 85' lang='lat' dir='ltr'>au-</span> 
     </span>
    </p>
   </div>
   <div class='ocr_carea' id='block_1_90' title="bbox 1952 4042 3599 4115">
    <p class='ocr_par' dir='ltr' id='par_1_90' title="bbox 1952 4042 3599 4115">
     <span class='ocr_line' id='line_1_91' title="bbox 1952 4042 3599 4115; baseline -0.001 -18"><span class='ocrx_word' id='word_1_620' title='bbox 1952 4047 2066 4098; x_wconf 89' lang='lat' dir='ltr'>tem</span> <span class='ocrx_word' id='word_1_621' title='bbox 2093 4061 2293 4099; x_wconf 91' lang='lat' dir='ltr'>eorum</span> <span class='ocrx_word' id='word_1_622' title='bbox 2316 4044 2473 4099; x_wconf 90' lang='lat' dir='ltr'>omni</span> <span class='ocrx_word' id='word_1_623' title='bbox 2506 4049 2744 4099; x_wconf 89' lang='lat' dir='ltr'>careant</span> <span class='ocrx_word' id='word_1_624' title='bbox 2788 4044 3145 4114; x_wconf 90' lang='lat' dir='ltr'>suspicione,</span> <span class='ocrx_word' id='word_1_625' title='bbox 3179 4043 3318 4115; x_wconf 86' lang='lat' dir='ltr'>quia</span> <span class='ocrx_word' id='word_1_626' title='bbox 3370 4042 3599 4097; x_wconf 91' lang='lat' dir='ltr'>colum-</span> 
     </span>
    </p>
   </div>
   <div class='ocr_carea' id='block_1_91' title="bbox 1954 4130 3603 4202">
    <p class='ocr_par' dir='ltr' id='par_1_91' title="bbox 1954 4130 3603 4202">
     <span class='ocr_line' id='line_1_92' title="bbox 1954 4130 3603 4202; baseline -0.001 -16"><span class='ocrx_word' id='word_1_627' title='bbox 1954 4150 2054 4187; x_wconf 88' lang='lat' dir='ltr'>nas</span> <span class='ocrx_word' id='word_1_628' title='bbox 2086 4150 2224 4188; x_wconf 89' lang='lat' dir='ltr'>suas</span> <span class='ocrx_word' id='word_1_629' title='bbox 2249 4132 2533 4187; x_wconf 87' lang='lat' dir='ltr'>Dominus</span> <span class='ocrx_word' id='word_1_630' title='bbox 2558 4132 2801 4187; x_wconf 88' lang='lat' dir='ltr'>ﬁrmiter</span> <span class='ocrx_word' id='word_1_631' title='bbox 2831 4136 2987 4186; x_wconf 89' lang='lat' dir='ltr'>stare</span> <span class='ocrx_word' id='word_1_632' title='bbox 3020 4130 3220 4197; x_wconf 91' lang='lat' dir='ltr'>voluit,</span> <span class='ocrx_word' id='word_1_633' title='bbox 3253 4148 3367 4185; x_wconf 91' lang='lat' dir='ltr'>non</span> <span class='ocrx_word' id='word_1_634' title='bbox 3401 4148 3434 4185; x_wconf 90' lang='lat' dir='ltr'>a</span> <span class='ocrx_word' id='word_1_635' title='bbox 3471 4130 3603 4202; x_wconf 90' lang='lat' dir='ltr'>qui-</span> 
     </span>
    </p>
   </div>
   <div class='ocr_carea' id='block_1_92' title="bbox 1955 4218 3608 4293">
    <p class='ocr_par' dir='ltr' id='par_1_92' title="bbox 1955 4218 3608 4293">
     <span class='ocr_line' id='line_1_93' title="bbox 1955 4218 3608 4293; baseline -0.001 -17"><span class='ocrx_word' id='word_1_636' title='bbox 1955 4221 2208 4276; x_wconf 86' lang='lat' dir='ltr'>buslibet</span> <span class='ocrx_word' id='word_1_637' title='bbox 2238 4221 2463 4293; x_wconf 84' lang='lat' dir='ltr'>agitari.</span> <span class='ocrx_word' id='word_1_638' title='bbox 2488 4219 2727 4275; x_wconf 90' lang='lat' dir='ltr'>Nullum</span> <span class='ocrx_word' id='word_1_639' title='bbox 2753 4235 3008 4290; x_wconf 88' lang='lat' dir='ltr'>namque</span> <span class='ocrx_word' id='word_1_640' title='bbox 3031 4234 3232 4273; x_wconf 85' lang='lat' dir='ltr'>eorum</span> <span class='ocrx_word' id='word_1_641' title='bbox 3258 4218 3551 4274; x_wconf 91' lang='lat' dir='ltr'>sententia</span> <span class='ocrx_word' id='word_1_642' title='bbox 3573 4236 3608 4275; x_wconf 89' lang='lat' dir='ltr'>a</span> 
     </span>
    </p>
   </div>
   <div class='ocr_carea' id='block_1_93' title="bbox 1954 4306 3608 4380">
    <p class='ocr_par' dir='ltr' id='par_1_93' title="bbox 1954 4306 3608 4380">
     <span class='ocr_line' id='line_1_94' title="bbox 1954 4306 3608 4380; baseline 0 -17"><span class='ocrx_word' id='word_1_643' title='bbox 1954 4327 2060 4366; x_wconf 90' lang='lat' dir='ltr'>suo</span> <span class='ocrx_word' id='word_1_644' title='bbox 2083 4310 2286 4380; x_wconf 90' lang='lat' dir='ltr'>judice</span> <span class='ocrx_word' id='word_1_645' title='bbox 2311 4326 2426 4364; x_wconf 91' lang='lat' dir='ltr'>non</span> <span class='ocrx_word' id='word_1_646' title='bbox 2450 4308 2605 4364; x_wconf 89' lang='lat' dir='ltr'>dicta</span> <span class='ocrx_word' id='word_1_647' title='bbox 2634 4308 3021 4379; x_wconf 87' lang='lat' dir='ltr'>constringat,</span> <span class='ocrx_word' id='word_1_648' title='bbox 3061 4308 3201 4379; x_wconf 82' lang='lat' dir='ltr'>quia</span> <span class='ocrx_word' id='word_1_649' title='bbox 3224 4312 3280 4363; x_wconf 87' lang='lat' dir='ltr'>et</span> <span class='ocrx_word' id='word_1_650' title='bbox 3309 4306 3467 4379; x_wconf 90' lang='lat' dir='ltr'>leges</span> <span class='ocrx_word' id='word_1_651' title='bbox 3501 4325 3608 4363; x_wconf 69' lang='lat' dir='ltr'>saa-</span> 
     </span>
    </p>
   </div>
   <div class='ocr_carea' id='block_1_94' title="bbox 1954 4396 3609 4469">
    <p class='ocr_par' dir='ltr' id='par_1_94' title="bbox 1954 4396 3609 4469">
     <span class='ocr_line' id='line_1_95' title="bbox 1954 4396 3609 4469; baseline -0.001 -16"><span class='ocrx_word' id='word_1_652' title='bbox 1954 4398 2066 4453; x_wconf 90' lang='lat' dir='ltr'>culi</span> <span class='ocrx_word' id='word_1_653' title='bbox 2098 4398 2359 4469; x_wconf 90' lang='lat' dir='ltr'>idipsum</span> <span class='ocrx_word' id='word_1_654' title='bbox 2394 4398 2516 4451; x_wconf 88' lang='lat' dir='ltr'>ﬁeri</span> <span class='ocrx_word' id='word_1_655' title='bbox 2551 4396 2917 4468; x_wconf 71' lang='lat' dir='ltr'>praecipiunt.</span> <span class='ocrx_word' id='word_1_656' title='bbox 2943 4397 3021 4467; x_wconf 84' lang='lat'>(5,</span> <span class='ocrx_word' id='word_1_657' title='bbox 3044 4398 3164 4467; x_wconf 86' lang='lat' dir='ltr'>q.9,</span> <span class='ocrx_word' id='word_1_658' title='bbox 3192 4413 3239 4451; x_wconf 88' lang='lat' dir='ltr'>c.</span> <span class='ocrx_word' id='word_1_659' title='bbox 3273 4397 3609 4469; x_wconf 75' lang='lat' dir='ltr'>Duodecim.)</span> 
     </span>
    </p>
   </div>
   <div class='ocr_carea' id='block_1_95' title="bbox 1956 4485 3609 4557">
    <p class='ocr_par' dir='ltr' id='par_1_95' title="bbox 1956 4485 3609 4557">
     <span class='ocr_line' id='line_1_96' title="bbox 1956 4485 3609 4557; baseline 0.002 -18"><span class='ocrx_word' id='word_1_660' title='bbox 1956 4488 2267 4542; x_wconf 84' lang='lat' dir='ltr'>Duodecim</span> <span class='ocrx_word' id='word_1_661' title='bbox 2283 4487 2438 4541; x_wconf 90' lang='lat' dir='ltr'>enim</span> <span class='ocrx_word' id='word_1_662' title='bbox 2457 4486 2683 4555; x_wconf 87' lang='lat' dir='ltr'>judices</span> <span class='ocrx_word' id='word_1_663' title='bbox 2704 4485 2952 4557; x_wconf 87' lang='lat' dir='ltr'>quilibet</span> <span class='ocrx_word' id='word_1_664' title='bbox 2973 4485 3280 4557; x_wconf 90' lang='lat' dir='ltr'>episc0pus</span> <span class='ocrx_word' id='word_1_665' title='bbox 3294 4491 3609 4543; x_wconf 87' lang='lat' dir='ltr'>accusatus</span> 
     </span>
    </p>
   </div>
   <div class='ocr_carea' id='block_1_96' title="bbox 194 4544 3607 4655">
    <p class='ocr_par' dir='ltr' id='par_1_96' title="bbox 194 4544 3607 4655">
     <span class='ocr_line' id='line_1_97' title="bbox 194 4544 3607 4655; baseline -0.001 -21"><span class='ocrx_word' id='word_1_666' title='bbox 194 4585 298 4634; x_wconf 91' lang='lat' dir='ltr'>aut</span> <span class='ocrx_word' id='word_1_667' title='bbox 330 4580 745 4635; x_wconf 89' lang='lat' dir='ltr'>contumeliam</span> <span class='ocrx_word' id='word_1_668' title='bbox 778 4586 881 4635; x_wconf 91' lang='lat' dir='ltr'>aut</span> <span class='ocrx_word' id='word_1_669' title='bbox 911 4580 1290 4650; x_wconf 87' lang='lat' dir='ltr'>calumniam,</span> <span class='ocrx_word' id='word_1_670' title='bbox 1340 4587 1395 4636; x_wconf 93' lang='lat' dir='ltr'>et</span> <span class='ocrx_word' id='word_1_671' title='bbox 1442 4583 1705 4638; x_wconf 91' lang='lat' dir='ltr'>convinci</span> <span class='ocrx_word' id='word_1_672' title='bbox 1739 4601 1840 4655; x_wconf 88' lang='lat' dir='ltr'>po-</span> <span class='ocrx_word' id='word_1_673' title='bbox 1877 4544 1918 4606; x_wconf 68' lang='grc' dir='ltr'><strong>Β</strong></span> <span class='ocrx_word' id='word_1_674' title='bbox 1954 4578 2002 4632; x_wconf 89' lang='lat' dir='ltr'>si</span> <span class='ocrx_word' id='word_1_675' title='bbox 2036 4592 2271 4631; x_wconf 88' lang='lat' dir='ltr'>necesse</span> <span class='ocrx_word' id='word_1_676' title='bbox 2295 4576 2469 4629; x_wconf 85' lang='lat' dir='ltr'>fuerit</span> <span class='ocrx_word' id='word_1_677' title='bbox 2504 4574 2699 4643; x_wconf 76' lang='lat' dir='ltr'>eligat,</span> <span class='ocrx_word' id='word_1_678' title='bbox 2732 4591 2764 4629; x_wconf 85' lang='lat' dir='ltr'>a</span> <span class='ocrx_word' id='word_1_679' title='bbox 2800 4574 3016 4645; x_wconf 90' lang='lat' dir='ltr'>quibus</span> <span class='ocrx_word' id='word_1_680' title='bbox 3055 4576 3183 4643; x_wconf 79' lang='lat' dir='ltr'>ejus</span> <span class='ocrx_word' id='word_1_681' title='bbox 3225 4592 3402 4630; x_wconf 87' lang='lat' dir='ltr'>causa</span> <span class='ocrx_word' id='word_1_682' title='bbox 3445 4577 3607 4645; x_wconf 89' lang='lat' dir='ltr'>juste</span> 
     </span>
    </p>
   </div>
   <div class='ocr_carea' id='block_1_97' title="bbox 195 4669 1843 4743">
    <p class='ocr_par' dir='ltr' id='par_1_97' title="bbox 195 4669 1843 4743">
     <span class='ocr_line' id='line_1_98' title="bbox 195 4669 1843 4743; baseline 0.002 -20"><span class='ocrx_word' id='word_1_683' title='bbox 195 4670 395 4733; x_wconf 90' lang='lat' dir='ltr'>tuerit,</span> <span class='ocrx_word' id='word_1_684' title='bbox 432 4685 565 4724; x_wconf 85' lang='lat' dir='ltr'>mox</span> <span class='ocrx_word' id='word_1_685' title='bbox 596 4669 772 4724; x_wconf 66' lang='lat' dir='ltr'>curiae</span> <span class='ocrx_word' id='word_1_686' title='bbox 811 4670 1099 4738; x_wconf 84' lang='lat' dir='ltr'>tradatur,</span> <span class='ocrx_word' id='word_1_687' title='bbox 1150 4678 1201 4724; x_wconf 90' lang='lat' dir='ltr'>et</span> <span class='ocrx_word' id='word_1_688' title='bbox 1252 4670 1494 4741; x_wconf 90' lang='lat' dir='ltr'>recipiat</span> <span class='ocrx_word' id='word_1_689' title='bbox 1544 4674 1698 4743; x_wconf 90' lang='lat' dir='ltr'>quod</span> <span class='ocrx_word' id='word_1_690' title='bbox 1732 4672 1843 4727; x_wconf 91' lang='lat' dir='ltr'>ini-</span> 
     </span>
    </p>
   </div>
   <div class='ocr_carea' id='block_1_98' title="bbox 195 4758 550 4829">
    <p class='ocr_par' dir='ltr' id='par_1_98' title="bbox 195 4758 550 4829">
     <span class='ocr_line' id='line_1_99' title="bbox 195 4758 550 4829; baseline 0.003 -18"><span class='ocrx_word' id='word_1_691' title='bbox 195 4773 313 4828; x_wconf 91' lang='lat' dir='ltr'>que</span> <span class='ocrx_word' id='word_1_692' title='bbox 346 4758 550 4829; x_wconf 86' lang='lat' dir='ltr'>gessit.</span> 
     </span>
    </p>
   </div>
   <div class='ocr_carea' id='block_1_99' title="bbox 194 4863 1848 4936">
    <p class='ocr_par' dir='ltr' id='par_1_99' title="bbox 194 4863 1848 4936">
     <span class='ocr_line' id='line_1_100' title="bbox 194 4863 1848 4936; baseline 0.001 -17"><span class='ocrx_word' id='word_1_693' title='bbox 194 4863 333 4919; x_wconf 77' lang='lat' dir='ltr'>CAP.</span> <span class='ocrx_word' id='word_1_694' title='bbox 366 4864 489 4918; x_wconf 78' lang='grc'>244.</span> <span class='ocrx_word' id='word_1_695' title='bbox 526 4895 593 4905; x_wconf 92' lang='lat'>——</span> <span class='ocrx_word' id='word_1_696' title='bbox 620 4866 697 4920; x_wconf 90' lang='lat' dir='ltr'>De</span> <span class='ocrx_word' id='word_1_697' title='bbox 721 4865 939 4920; x_wconf 77' lang='lat' dir='ltr'>incertis</span> <span class='ocrx_word' id='word_1_698' title='bbox 961 4865 1192 4935; x_wconf 84' lang='lat' dir='ltr'>judiciis</span> <span class='ocrx_word' id='word_1_699' title='bbox 1222 4865 1482 4931; x_wconf 73' lang='lat' dir='ltr'>vitandis,</span> <span class='ocrx_word' id='word_1_700' title='bbox 1505 4869 1557 4919; x_wconf 86' lang='lat' dir='ltr'>et</span> <span class='ocrx_word' id='word_1_701' title='bbox 1581 4865 1721 4936; x_wconf 86' lang='lat' dir='ltr'>quod</span> <span class='ocrx_word' id='word_1_702' title='bbox 1752 4882 1848 4921; x_wconf 86' lang='lat' dir='ltr'>nec</span> 
     </span>
    </p>
   </div>
   <div class='ocr_carea' id='block_1_100' title="bbox 265 4936 1847 5007">
    <p class='ocr_par' dir='ltr' id='par_1_100' title="bbox 265 4936 1847 5007">
     <span class='ocr_line' id='line_1_101' title="bbox 265 4936 1847 5007; baseline 0.001 -17"><span class='ocrx_word' id='word_1_703' title='bbox 265 4951 399 4990; x_wconf 76' lang='lat' dir='ltr'>vera</span> <span class='ocrx_word' id='word_1_704' title='bbox 426 4937 537 4990; x_wconf 85' lang='lat' dir='ltr'>sint</span> <span class='ocrx_word' id='word_1_705' title='bbox 568 4936 853 5004; x_wconf 86' lang='lat' dir='ltr'>credenda,</span> <span class='ocrx_word' id='word_1_706' title='bbox 884 4937 1003 5007; x_wconf 86' lang='lat' dir='ltr'>nisi</span> <span class='ocrx_word' id='word_1_707' title='bbox 1028 4936 1190 4991; x_wconf 81' lang='lat' dir='ltr'>certis</span> <span class='ocrx_word' id='word_1_708' title='bbox 1223 4936 1448 4991; x_wconf 80' lang='lat' dir='ltr'>indiciis</span> <span class='ocrx_word' id='word_1_709' title='bbox 1495 4937 1743 5007; x_wconf 88' lang='lat' dir='ltr'>probata,</span> <span class='ocrx_word' id='word_1_710' title='bbox 1794 4942 1847 4992; x_wconf 86' lang='lat' dir='ltr'>et</span> 
     </span>
    </p>
   </div>
   <div class='ocr_carea' id='block_1_101' title="bbox 260 5006 1850 5079">
    <p class='ocr_par' dir='ltr' id='par_1_101' title="bbox 260 5006 1850 5079">
     <span class='ocr_line' id='line_1_102' title="bbox 260 5006 1850 5079; baseline 0.003 -20"><span class='ocrx_word' id='word_1_711' title='bbox 260 5007 566 5077; x_wconf 84' lang='lat' dir='ltr'>judiciario</span> <span class='ocrx_word' id='word_1_712' title='bbox 596 5009 793 5063; x_wconf 85' lang='lat' dir='ltr'>ordine</span> <span class='ocrx_word' id='word_1_713' title='bbox 848 5006 1152 5078; x_wconf 84' lang='lat' dir='ltr'>publicata.</span> <span class='ocrx_word' id='word_1_714' title='bbox 1190 5010 1380 5063; x_wconf 81' lang='lat' dir='ltr'>Victor</span> <span class='ocrx_word' id='word_1_715' title='bbox 1406 5006 1559 5079; x_wconf 75' lang='lat' dir='ltr'>papa</span> <span class='ocrx_word' id='word_1_716' title='bbox 1577 5008 1850 5076; x_wconf 85' lang='lat' dir='ltr'>fratribus</span> 
     </span>
    </p>
   </div>
   <div class='ocr_carea' id='block_1_102' title="bbox 268 5079 1253 5150">
    <p class='ocr_par' dir='ltr' id='par_1_102' title="bbox 268 5079 1253 5150">
     <span class='ocr_line' id='line_1_103' title="bbox 268 5079 1253 5150; baseline -0.001 -18"><span class='ocrx_word' id='word_1_717' title='bbox 268 5079 628 5134; x_wconf 72' lang='lat' dir='ltr'>Alexandriae</span> <span class='ocrx_word' id='word_1_718' title='bbox 656 5080 843 5150; x_wconf 89' lang='lat' dir='ltr'>positis</span> <span class='ocrx_word' id='word_1_719' title='bbox 872 5079 979 5149; x_wconf 84' lang='lat' dir='ltr'>(ep.</span> <span class='ocrx_word' id='word_1_720' title='bbox 1022 5083 1067 5143; x_wconf 89' lang='lat' dir='ltr'>l,</span> <span class='ocrx_word' id='word_1_721' title='bbox 1100 5094 1145 5147; x_wconf 90' lang='lat' dir='ltr'>c,</span> <span class='ocrx_word' id='word_1_722' title='bbox 1176 5079 1253 5149; x_wconf 82' lang='lat'>2).</span> 
     </span>
    </p>
   </div>
   <div class='ocr_carea' id='block_1_103' title="bbox 270 5174 1850 5246">
    <p class='ocr_par' dir='ltr' id='par_1_103' title="bbox 270 5174 1850 5246">
     <span class='ocr_line' id='line_1_104' title="bbox 270 5174 1850 5246; baseline 0.001 -19"><span class='ocrx_word' id='word_1_723' title='bbox 270 5174 621 5229; x_wconf 84' lang='lat' dir='ltr'>Audivimus</span> <span class='ocrx_word' id='word_1_724' title='bbox 652 5174 807 5246; x_wconf 90' lang='lat' dir='ltr'>apud</span> <span class='ocrx_word' id='word_1_725' title='bbox 842 5191 942 5229; x_wconf 92' lang='lat' dir='ltr'>vos</span> <span class='ocrx_word' id='word_1_726' title='bbox 974 5178 1318 5243; x_wconf 89' lang='lat' dir='ltr'>vestrosque</span> <span class='ocrx_word' id='word_1_727' title='bbox 1352 5174 1582 5230; x_wconf 86' lang='lat' dir='ltr'>diversa</span> <span class='ocrx_word' id='word_1_728' title='bbox 1625 5175 1850 5246; x_wconf 89' lang='lat' dir='ltr'>judicia</span> 
     </span>
    </p>
   </div>
   <div class='ocr_carea' id='block_1_104' title="bbox 198 5262 1852 5351">
    <p class='ocr_par' dir='ltr' id='par_1_104' title="bbox 198 5262 1852 5334">
     <span class='ocr_line' id='line_1_105' title="bbox 198 5262 1852 5334; baseline 0.001 -17"><span class='ocrx_word' id='word_1_729' title='bbox 198 5263 348 5328; x_wconf 81' lang='lat' dir='ltr'>ﬁeri,</span> <span class='ocrx_word' id='word_1_730' title='bbox 380 5262 968 5334; x_wconf 87' lang='lat' dir='ltr'>etincertajudicari.</span> <span class='ocrx_word' id='word_1_731' title='bbox 999 5265 1249 5329; x_wconf 88' lang='lat' dir='ltr'>Incerta,</span> <span class='ocrx_word' id='word_1_732' title='bbox 1275 5264 1634 5328; x_wconf 88' lang='lat' dir='ltr'>charissimi,</span> <span class='ocrx_word' id='word_1_733' title='bbox 1668 5264 1852 5320; x_wconf 92' lang='lat' dir='ltr'>nulla-</span> 
     </span>
    </p>
   </div>
   <div class='ocr_carea' id='block_1_105' title="bbox 193 5354 1852 5427">
    <p class='ocr_par' dir='ltr' id='par_1_105' title="bbox 193 5354 1852 5427">
     <span class='ocr_line' id='line_1_106' title="bbox 193 5354 1852 5427; baseline 0.001 -19"><span class='ocrx_word' id='word_1_734' title='bbox 193 5358 370 5408; x_wconf 86' lang='lat' dir='ltr'>tenus</span> <span class='ocrx_word' id='word_1_735' title='bbox 393 5354 755 5424; x_wconf 89' lang='lat' dir='ltr'>judicemus,</span> <span class='ocrx_word' id='word_1_736' title='bbox 791 5354 1177 5425; x_wconf 85' lang='lat' dir='ltr'>quoadusque</span> <span class='ocrx_word' id='word_1_737' title='bbox 1209 5354 1400 5409; x_wconf 90' lang='lat' dir='ltr'>veniat</span> <span class='ocrx_word' id='word_1_738' title='bbox 1431 5354 1718 5410; x_wconf 88' lang='lat' dir='ltr'>Dominus</span> <span class='ocrx_word' id='word_1_739' title='bbox 1752 5357 1852 5427; x_wconf 82' lang='lat' dir='ltr'>qu1</span> 
     </span>
    </p>
   </div>
   <div class='ocr_carea' id='block_1_106' title="bbox 196 5442 1853 5514">
    <p class='ocr_par' dir='ltr' id='par_1_106' title="bbox 196 5442 1853 5514">
     <span class='ocr_line' id='line_1_107' title="bbox 196 5442 1853 5514; baseline 0.002 -17"><span class='ocrx_word' id='word_1_740' title='bbox 196 5442 443 5497; x_wconf 88' lang='lat' dir='ltr'>latentia</span> <span class='ocrx_word' id='word_1_741' title='bbox 472 5444 753 5514; x_wconf 89' lang='lat' dir='ltr'>producet</span> <span class='ocrx_word' id='word_1_742' title='bbox 782 5443 842 5499; x_wconf 90' lang='lat' dir='ltr'>in</span> <span class='ocrx_word' id='word_1_743' title='bbox 863 5444 1053 5498; x_wconf 86' lang='lat' dir='ltr'>lucem</span> <span class='ocrx_word' id='word_1_744' title='bbox 1072 5446 1123 5497; x_wconf 85' lang='lat' dir='ltr'>et</span> <span class='ocrx_word' id='word_1_745' title='bbox 1152 5442 1505 5498; x_wconf 87' lang='lat' dir='ltr'>illuminabit</span> <span class='ocrx_word' id='word_1_746' title='bbox 1533 5444 1853 5501; x_wconf 84' lang='lat' dir='ltr'>abscondita</span> 
     </span>
    </p>
   </div>
   <div class='ocr_carea' id='block_1_107' title="bbox 198 5532 1851 5605">
    <p class='ocr_par' dir='ltr' id='par_1_107' title="bbox 198 5532 1851 5605">
     <span class='ocr_line' id='line_1_108' title="bbox 198 5532 1851 5605; baseline 0.003 -20"><span class='ocrx_word' id='word_1_747' title='bbox 198 5532 1279 5603; x_wconf 82' lang='lat' dir='ltr'>tenebrarum,etmanifestabitconsilia</span> <span class='ocrx_word' id='word_1_748' title='bbox 1296 5534 1538 5588; x_wconf 82' lang='lat' dir='ltr'>cordium</span> <span class='ocrx_word' id='word_1_749' title='bbox 1555 5537 1603 5602; x_wconf 91' lang='grc' dir='ltr'>(Ι</span> <span class='ocrx_word' id='word_1_750' title='bbox 1625 5535 1851 5605; x_wconf 59' lang='lat' dir='ltr'>Cornv).</span> 
     </span>
    </p>
   </div>
   <div class='ocr_carea' id='block_1_108' title="bbox 200 5622 1852 5693">
    <p class='ocr_par' dir='ltr' id='par_1_108' title="bbox 200 5622 1852 5693">
     <span class='ocr_line' id='line_1_109' title="bbox 200 5622 1852 5693; baseline 0.001 -16"><span class='ocrx_word' id='word_1_751' title='bbox 200 5622 347 5687; x_wconf 88' lang='lat' dir='ltr'>Quia</span> <span class='ocrx_word' id='word_1_752' title='bbox 378 5622 650 5693; x_wconf 84' lang='lat' dir='ltr'>quamvis</span> <span class='ocrx_word' id='word_1_753' title='bbox 670 5638 803 5678; x_wconf 90' lang='lat' dir='ltr'>vera</span> <span class='ocrx_word' id='word_1_754' title='bbox 831 5622 973 5689; x_wconf 88' lang='lat' dir='ltr'>sint,</span> <span class='ocrx_word' id='word_1_755' title='bbox 1000 5638 1113 5678; x_wconf 92' lang='lat' dir='ltr'>non</span> <span class='ocrx_word' id='word_1_756' title='bbox 1147 5625 1343 5677; x_wconf 85' lang='lat' dir='ltr'>tamen</span> <span class='ocrx_word' id='word_1_757' title='bbox 1376 5623 1668 5679; x_wconf 86' lang='lat' dir='ltr'>credenda</span> <span class='ocrx_word' id='word_1_758' title='bbox 1695 5627 1852 5689; x_wconf 89' lang='lat' dir='ltr'>sunt,</span> 
     </span>
    </p>
   </div>
   <div class='ocr_carea' id='block_1_109' title="bbox 1948 4662 3608 4735">
    <p class='ocr_par' dir='ltr' id='par_1_109' title="bbox 1948 4662 3608 4735">
     <span class='ocr_line' id='line_1_110' title="bbox 1948 4662 3608 4735; baseline 0 -16"><span class='ocrx_word' id='word_1_759' title='bbox 1948 4665 2266 4735; x_wconf 83' lang='lat' dir='ltr'>judicetur.</span> <span class='ocrx_word' id='word_1_760' title='bbox 2296 4663 2410 4718; x_wconf 84' lang='lat' dir='ltr'>Nec</span> <span class='ocrx_word' id='word_1_761' title='bbox 2443 4662 2606 4733; x_wconf 89' lang='lat' dir='ltr'>prius</span> <span class='ocrx_word' id='word_1_762' title='bbox 2640 4664 2936 4728; x_wconf 88' lang='lat' dir='ltr'>audiatur,</span> <span class='ocrx_word' id='word_1_763' title='bbox 2980 4667 3081 4717; x_wconf 88' lang='lat' dir='ltr'>aut</span> <span class='ocrx_word' id='word_1_764' title='bbox 3127 4664 3608 4719; x_wconf 85' lang='lat' dir='ltr'>excomunicetur</span> 
     </span>
    </p>
   </div>
   <div class='ocr_carea' id='block_1_110' title="bbox 1953 4751 3601 4824">
    <p class='ocr_par' dir='ltr' id='par_1_110' title="bbox 1953 4751 3601 4824">
     <span class='ocr_line' id='line_1_111' title="bbox 1953 4751 3601 4824; baseline 0 -16"><span class='ocrx_word' id='word_1_765' title='bbox 1953 4756 2039 4808; x_wconf 93' lang='lat' dir='ltr'>vel</span> <span class='ocrx_word' id='word_1_766' title='bbox 2064 4753 2383 4823; x_wconf 87' lang='lat' dir='ltr'>judicetur,</span> <span class='ocrx_word' id='word_1_767' title='bbox 2408 4769 2587 4823; x_wconf 86' lang='lat' dir='ltr'>quam</span> <span class='ocrx_word' id='word_1_768' title='bbox 2617 4752 2731 4823; x_wconf 90' lang='lat' dir='ltr'>ipsi</span> <span class='ocrx_word' id='word_1_769' title='bbox 2765 4768 2867 4823; x_wconf 88' lang='lat' dir='ltr'>per</span> <span class='ocrx_word' id='word_1_770' title='bbox 2883 4751 3269 4822; x_wconf 89' lang='lat' dir='ltr'>seeligantur,</span> <span class='ocrx_word' id='word_1_771' title='bbox 3290 4757 3347 4807; x_wconf 90' lang='lat' dir='ltr'>et</span> <span class='ocrx_word' id='word_1_772' title='bbox 3370 4752 3601 4824; x_wconf 89' lang='lat' dir='ltr'>regula-</span> 
     </span>
    </p>
   </div>
   <div class='ocr_carea' id='block_1_111' title="bbox 1957 4841 3609 4912">
    <p class='ocr_par' dir='ltr' id='par_1_111' title="bbox 1957 4841 3609 4912">
     <span class='ocr_line' id='line_1_112' title="bbox 1957 4841 3609 4912; baseline 0.001 -17"><span class='ocrx_word' id='word_1_773' title='bbox 1957 4843 2099 4897; x_wconf 92' lang='lat' dir='ltr'>riter</span> <span class='ocrx_word' id='word_1_774' title='bbox 2118 4846 2318 4897; x_wconf 87' lang='lat' dir='ltr'>vocato</span> <span class='ocrx_word' id='word_1_775' title='bbox 2340 4842 2411 4895; x_wconf 91' lang='lat' dir='ltr'>ad</span> <span class='ocrx_word' id='word_1_776' title='bbox 2436 4858 2681 4896; x_wconf 91' lang='lat' dir='ltr'>suorum</span> <span class='ocrx_word' id='word_1_777' title='bbox 2705 4842 2893 4912; x_wconf 92' lang='lat' dir='ltr'>primo</span> <span class='ocrx_word' id='word_1_778' title='bbox 2916 4844 3267 4896; x_wconf 90' lang='lat' dir='ltr'>conventum</span> <span class='ocrx_word' id='word_1_779' title='bbox 3300 4841 3609 4912; x_wconf 90' lang='lat' dir='ltr'>episcopo-</span> 
     </span>
    </p>
   </div>
   <div class='ocr_carea' id='block_1_112' title="bbox 1958 4929 3615 5002">
    <p class='ocr_par' dir='ltr' id='par_1_112' title="bbox 1958 4929 3615 5002">
     <span class='ocr_line' id='line_1_113' title="bbox 1958 4929 3615 5002; baseline 0 -18"><span class='ocrx_word' id='word_1_780' title='bbox 1958 4948 2110 4997; x_wconf 92' lang='lat' dir='ltr'>rum,</span> <span class='ocrx_word' id='word_1_781' title='bbox 2144 4948 2245 5002; x_wconf 90' lang='lat' dir='ltr'>per</span> <span class='ocrx_word' id='word_1_782' title='bbox 2264 4946 2361 4984; x_wconf 88' lang='lat' dir='ltr'>eos</span> <span class='ocrx_word' id='word_1_783' title='bbox 2389 4931 2517 4999; x_wconf 83' lang='lat' dir='ltr'>ejus</span> <span class='ocrx_word' id='word_1_784' title='bbox 2549 4947 2727 4986; x_wconf 90' lang='lat' dir='ltr'>causa</span> <span class='ocrx_word' id='word_1_785' title='bbox 2744 4931 2905 4999; x_wconf 86' lang='lat' dir='ltr'>juste</span> <span class='ocrx_word' id='word_1_786' title='bbox 2927 4929 3203 4985; x_wconf 91' lang='lat' dir='ltr'>audiatur</span> <span class='ocrx_word' id='word_1_787' title='bbox 3223 4933 3281 4983; x_wconf 90' lang='lat' dir='ltr'>et</span> <span class='ocrx_word' id='word_1_788' title='bbox 3303 4929 3615 4984; x_wconf 89' lang='lat' dir='ltr'>rationabi-</span> 
     </span>
    </p>
   </div>
   <div class='ocr_carea' id='block_1_113' title="bbox 1958 5018 3611 5088">
    <p class='ocr_par' dir='ltr' id='par_1_113' title="bbox 1958 5018 3611 5088">
     <span class='ocr_line' id='line_1_114' title="bbox 1958 5018 3611 5088; baseline 0 -15"><span class='ocrx_word' id='word_1_789' title='bbox 1958 5019 2089 5073; x_wconf 90' lang='lat' dir='ltr'>liter</span> <span class='ocrx_word' id='word_1_790' title='bbox 2110 5018 2498 5074; x_wconf 87' lang='lat' dir='ltr'>discernatur.</span> <span class='ocrx_word' id='word_1_791' title='bbox 2546 5018 2699 5073; x_wconf 86' lang='lat' dir='ltr'>Finis</span> <span class='ocrx_word' id='word_1_792' title='bbox 2748 5036 2882 5073; x_wconf 89' lang='lat' dir='ltr'>vero</span> <span class='ocrx_word' id='word_1_793' title='bbox 2910 5020 3040 5088; x_wconf 88' lang='lat' dir='ltr'>ejus</span> <span class='ocrx_word' id='word_1_794' title='bbox 3079 5035 3267 5073; x_wconf 80' lang='lat' dir='ltr'>causae</span> <span class='ocrx_word' id='word_1_795' title='bbox 3316 5018 3387 5072; x_wconf 91' lang='lat' dir='ltr'>ad</span> <span class='ocrx_word' id='word_1_796' title='bbox 3412 5020 3611 5073; x_wconf 90' lang='lat' dir='ltr'>sedem</span> 
     </span>
    </p>
   </div>
   <div class='ocr_carea' id='block_1_114' title="bbox 1960 5106 3500 5179">
    <p class='ocr_par' dir='ltr' id='par_1_114' title="bbox 1960 5106 3500 5179">
     <span class='ocr_line' id='line_1_115' title="bbox 1960 5106 3500 5179; baseline -0.001 -16"><span class='ocrx_word' id='word_1_797' title='bbox 1960 5107 2339 5179; x_wconf 89' lang='lat' dir='ltr'>apostolicam</span> <span class='ocrx_word' id='word_1_798' title='bbox 2369 5109 2683 5175; x_wconf 88' lang='lat' dir='ltr'>deferatur,</span> <span class='ocrx_word' id='word_1_799' title='bbox 2716 5113 2781 5162; x_wconf 90' lang='lat' dir='ltr'>ut</span> <span class='ocrx_word' id='word_1_800' title='bbox 2811 5107 3030 5162; x_wconf 89' lang='lat' dir='ltr'>ibidem</span> <span class='ocrx_word' id='word_1_801' title='bbox 3061 5106 3500 5163; x_wconf 90' lang='lat' dir='ltr'>determinetur.</span> 
     </span>
    </p>
   </div>
   <div class='ocr_carea' id='block_1_115' title="bbox 1961 5212 3613 5284">
    <p class='ocr_par' dir='ltr' id='par_1_115' title="bbox 1961 5212 3613 5284">
     <span class='ocr_line' id='line_1_116' title="bbox 1961 5212 3613 5284; baseline -0.002 -14"><span class='ocrx_word' id='word_1_802' title='bbox 1961 5214 2249 5270; x_wconf 42' lang='lat' dir='ltr'>CAP.2&quot;16.</span> <span class='ocrx_word' id='word_1_803' title='bbox 2283 5244 2351 5253; x_wconf 89' lang='grc'><strong>-</strong></span> <span class='ocrx_word' id='word_1_804' title='bbox 2376 5212 2538 5284; x_wconf 4' lang='lat' dir='ltr'>(Quod</span> <span class='ocrx_word' id='word_1_805' title='bbox 2583 5213 2809 5284; x_wconf 85' lang='lat' dir='ltr'>spoliati</span> <span class='ocrx_word' id='word_1_806' title='bbox 2854 5215 3091 5283; x_wconf 86' lang='lat' dir='ltr'>episcopi</span> <span class='ocrx_word' id='word_1_807' title='bbox 3136 5213 3462 5282; x_wconf 85' lang='lat' dir='ltr'>respondere</span> <span class='ocrx_word' id='word_1_808' title='bbox 3503 5229 3613 5267; x_wconf 83' lang='lat' dir='ltr'>non</span> 
     </span>
    </p>
   </div>
   <div class='ocr_carea' id='block_1_116' title="bbox 2032 5283 3613 5355">
    <p class='ocr_par' dir='ltr' id='par_1_116' title="bbox 2032 5283 3613 5355">
     <span class='ocr_line' id='line_1_117' title="bbox 2032 5283 3613 5355; baseline -0.002 -15"><span class='ocrx_word' id='word_1_809' title='bbox 2032 5287 2286 5350; x_wconf 86' lang='lat' dir='ltr'>debeant,</span> <span class='ocrx_word' id='word_1_810' title='bbox 2320 5283 2434 5338; x_wconf 85' lang='lat' dir='ltr'>nisi</span> <span class='ocrx_word' id='word_1_811' title='bbox 2461 5300 2545 5341; x_wconf 80' lang='lat' dir='ltr'>res</span> <span class='ocrx_word' id='word_1_812' title='bbox 2570 5285 2765 5355; x_wconf 75' lang='lat' dir='ltr'>ablatae</span> <span class='ocrx_word' id='word_1_813' title='bbox 2795 5288 2951 5355; x_wconf 85' lang='lat' dir='ltr'>prius</span> <span class='ocrx_word' id='word_1_814' title='bbox 2977 5287 3055 5338; x_wconf 86' lang='lat' dir='ltr'>eis</span> <span class='ocrx_word' id='word_1_815' title='bbox 3072 5284 3613 5339; x_wconf 83' lang='lat' dir='ltr'>restituanturJdem</span> 
     </span>
    </p>
   </div>
   <div class='ocr_carea' id='block_1_117' title="bbox 2034 5354 3548 5425">
    <p class='ocr_par' dir='ltr' id='par_1_117' title="bbox 2034 5354 3548 5425">
     <span class='ocr_line' id='line_1_118' title="bbox 2034 5354 3548 5425; baseline -0.003 -14"><span class='ocrx_word' id='word_1_816' title='bbox 2034 5359 2089 5411; x_wconf 84' lang='lat' dir='ltr'>in</span> <span class='ocrx_word' id='word_1_817' title='bbox 2123 5355 2357 5411; x_wconf 84' lang='lat' dir='ltr'>secundo</span> <span class='ocrx_word' id='word_1_818' title='bbox 2378 5354 2649 5409; x_wconf 85' lang='lat' dir='ltr'>decretali</span> <span class='ocrx_word' id='word_1_819' title='bbox 2676 5371 2773 5410; x_wconf 88' lang='lat' dir='ltr'>suo</span> <span class='ocrx_word' id='word_1_820' title='bbox 2800 5356 3069 5425; x_wconf 78' lang='lat' dir='ltr'>fratribus</span> <span class='ocrx_word' id='word_1_821' title='bbox 3096 5372 3193 5425; x_wconf 87' lang='lat' dir='ltr'>per</span> <span class='ocrx_word' id='word_1_822' title='bbox 3224 5359 3548 5425; x_wconf 72' lang='lat' dir='ltr'>Ai‘gyptum.</span> 
     </span>
    </p>
   </div>
   <div class='ocr_carea' id='block_1_118' title="bbox 2034 5441 3611 5514">
    <p class='ocr_par' dir='ltr' id='par_1_118' title="bbox 2034 5441 3611 5514">
     <span class='ocr_line' id='line_1_119' title="bbox 2034 5441 3611 5514; baseline 0.001 -17"><span class='ocrx_word' id='word_1_823' title='bbox 2034 5445 2379 5499; x_wconf 82' lang='lat' dir='ltr'>Nuntiatum</span> <span class='ocrx_word' id='word_1_824' title='bbox 2414 5448 2503 5499; x_wconf 89' lang='lat' dir='ltr'>est</span> <span class='ocrx_word' id='word_1_825' title='bbox 2534 5444 2657 5499; x_wconf 86' lang='lat' dir='ltr'>sedi</span> <span class='ocrx_word' id='word_1_826' title='bbox 2690 5442 3023 5514; x_wconf 67' lang='lat' dir='ltr'>apostolicae</span> <span class='ocrx_word' id='word_1_827' title='bbox 3048 5459 3149 5513; x_wconf 90' lang='lat' dir='ltr'>per</span> <span class='ocrx_word' id='word_1_828' title='bbox 3199 5441 3611 5514; x_wconf 89' lang='lat' dir='ltr'>apocrisiarios</span> 
     </span>
    </p>
   </div>
   <div class='ocr_carea' id='block_1_119' title="bbox 1963 5530 3616 5603">
    <p class='ocr_par' dir='ltr' id='par_1_119' title="bbox 1963 5530 3616 5603">
     <span class='ocr_line' id='line_1_120' title="bbox 1963 5530 3616 5603; baseline 0.001 -16"><span class='ocrx_word' id='word_1_829' title='bbox 1963 5538 2207 5599; x_wconf 89' lang='lat' dir='ltr'>vestros,</span> <span class='ocrx_word' id='word_1_830' title='bbox 2238 5534 2525 5603; x_wconf 88' lang='lat' dir='ltr'>quosdam</span> <span class='ocrx_word' id='word_1_831' title='bbox 2552 5532 2798 5586; x_wconf 87' lang='lat' dir='ltr'>fratrum</span> <span class='ocrx_word' id='word_1_832' title='bbox 2828 5535 3161 5586; x_wconf 88' lang='lat' dir='ltr'>nostrorum</span> <span class='ocrx_word' id='word_1_833' title='bbox 3207 5530 3616 5602; x_wconf 90' lang='lat' dir='ltr'>episcoporum</span> 
     </span>
    </p>
   </div>
   <div class='ocr_carea' id='block_1_120' title="bbox 1965 5619 3609 5692">
    <p class='ocr_par' dir='ltr' id='par_1_120' title="bbox 1965 5619 3609 5692">
     <span class='ocr_line' id='line_1_121' title="bbox 1965 5619 3609 5692; baseline 0 -15"><span class='ocrx_word' id='word_1_834' title='bbox 1965 5621 2231 5678; x_wconf 87' lang='lat' dir='ltr'>videlicet</span> <span class='ocrx_word' id='word_1_835' title='bbox 2264 5622 2332 5679; x_wconf 89' lang='lat' dir='ltr'>ab</span> <span class='ocrx_word' id='word_1_836' title='bbox 2364 5620 2625 5676; x_wconf 81' lang='lat' dir='ltr'>ecclesiis</span> <span class='ocrx_word' id='word_1_837' title='bbox 2656 5626 2713 5674; x_wconf 90' lang='lat' dir='ltr'>et</span> <span class='ocrx_word' id='word_1_838' title='bbox 2743 5620 2985 5676; x_wconf 86' lang='lat' dir='ltr'>sedibus</span> <span class='ocrx_word' id='word_1_839' title='bbox 3018 5619 3267 5690; x_wconf 90' lang='lat' dir='ltr'>propriis</span> <span class='ocrx_word' id='word_1_840' title='bbox 3289 5620 3447 5692; x_wconf 91' lang='lat' dir='ltr'>pelli,</span> <span class='ocrx_word' id='word_1_841' title='bbox 3477 5639 3609 5677; x_wconf 87' lang='lat' dir='ltr'>sua-</span> 
     </span>
    </p>
   </div>
  </div>
