3960 6072
396 288 505 342 399

1485 289 1550 337 Ι).
1591 285 1830 339 IVONIS
1865 284 2363 337 CARNOTENSIS
2401 285 2718 338 EPISOOPI

3715 280 3823 333 400

401 429 515 485 que
546 411 631 467 eis
661 409 876 466 auferri
911 409 1293 482 supellectile,
1325 413 1380 464 et
1409 409 1493 464 sic
1524 409 1713 464 nudos
1743 412 1800 464 et
1837 423 2043 479 exspo-
2074 411 2124 475 Α
2158 424 2396 462 suorum
2458 409 2509 463 ei
2567 407 2760 462 ablata
2809 406 3057 475 fuerint,
3116 405 3351 478 legibus
3411 405 3823 477 redintegren-

400 503 575 558 liatos
605 501 676 556 ad
702 499 933 570 judicia
962 498 1174 554 vocari.
1208 499 1370 564 Quod
1403 498 1563 554 omni
1599 498 1821 560 ratione
1850 501 2045 551 caret:

403 608 541 647 cum
557 589 876 646 constituta
893 587 1292 660 apostolorum
1309 603 1629 658 eorumque
1641 600 2049 642 successorum

404 685 462 736 et
493 683 778 751 praecepta
803 679 1245 750 imperatorum,
1278 691 1344 730 ac
1371 677 1820 732 constitutiones
1854 674 2048 746 legum

405 769 660 840 idipsum
691 767 1060 840 prohibeant,
1089 782 1156 820 ac
1188 765 1520 837 apostolicis
1553 764 1710 820 sedis
1730 764 2050 820 auctoritas

404 859 660 928 idipsum
689 857 838 912 fierit
867 861 1035 912 vetet.
1070 856 1430 926 Preeceptum
1449 860 1538 910 est
1559 871 1694 926 ergo
1715 854 1772 908 in
1799 853 2050 924 antiquis

408 946 666 1012 statutis,
708 947 1012 1016 episcopos
1042 946 1279 1014 ejectos,
1309 949 1483 1016 atque
1505 943 1630 1000 suis
1651 944 1825 998 rebus
1846 959 2051 1013 exspo-

404 1034 577 1090 liatos
608 1033 882 1089 ecclesias
932 1035 1198 1106 proprias
1255 1034 1529 1105 recipere,
1589 1037 1646 1088 et
1701 1032 1890 1103 primo
1949 1048 2054 1087 sua

405 1123 606 1179 omnia
634 1123 718 1178 eis
751 1123 935 1190 reddi,
971 1129 1027 1178 et
1057 1127 1180 1177 tum
1215 1123 1451 1177 demum
1505 1123 1552 1177 si
1608 1121 1740 1192 quis
1772 1138 1869 1177 eos
1893 1123 2054 1192 juste

405 1227 686 1268 accusare
710 1213 1151 1283 voluerit,aaquo
1184 1211 1441 1283 periculo
1469 1211 1904 1281 facere,judices
1926 1224 2054 1265 esse

408 1303 809 1371 decernentes,
834 1303 1142 1372 episcopos
1166 1307 1323 1356 recta
1346 1301 1620 1356 facientes
1643 1299 1980 1372 [sapientes]
2001 1302 2058 1353 et

410 1389 469 1444 in
503 1389 752 1445 ecclesia
771 1389 1202 1456 convenientes,
1238 1388 1335 1444 ubi
1369 1393 1547 1444 testes
1570 1395 1768 1444 essent
1788 1388 2056 1459 singulo-

407 1495 534 1534 rum
566 1478 665 1550 qui
699 1477 964 1550 oppressi
985 1477 1360 1545 videbantur,
1388 1493 1491 1531 nec
1515 1476 1678 1548 prius
1696 1493 1794 1532 eos
1822 1493 2058 1548 respon-

407 1567 542 1622 dere
565 1567 990 1638 debere,quam
1005 1565 1202 1620 omnia
1229 1581 1338 1620 sua
1363 1564 1447 1620 eis
1477 1569 1534 1619 et
1563 1563 1822 1620 ecclesiis
1852 1580 2053 1621 eorum

405 1655 636 1727 legibus
658 1655 1034 1725 integerrime
1065 1655 1471 1710 restituantur.

409 1762 543 1850 ΘΑΕἒ
574 1762 700 1850 ᾎΙῦ.
736 1793 801 1802 —
842 1763 1050 1830 lnjuste
1093 1761 1766 1850 cron‘demnatosiopqrtere
1818 1761 2053 1850 restitui.
2091 1785 2135 1850 Β

477 1836 670 1887 Sixtus
701 1850 844 1904 papa
877 1850 1009 1887 xxni
1040 1850 1074 1886 a
1107 1838 1288 1898 Petro,
1325 1835 1380 1887 in
1413 1832 1649 1888 secundo
1684 1832 1942 1887 derretali
1964 1848 2059 1887 suo

483 1903 762 1976 fratribus
785 1919 884 1974 per
914 1903 1264 1975 Hispaniam.

482 2001 556 2071 (2,
589 2018 642 2071 q.
674 2002 728 2066 3,
769 2017 814 2055 c.
868 2003 1087 2056 Fratres
1143 2001 1320 2073 quos.)
1374 2002 1598 2056 Fratres
1647 2017 1794 2071 quos
1850 2001 2060 2055 timore

411 2092 642 2143 terreno
662 2089 881 2159 injuste
903 2090 1227 2157 damnasti,
1247 2089 1456 2144 scitote
1482 2106 1515 2143 a
1559 2088 1725 2144 nobis
1757 2089 1911 2158 iuste
1931 2105 2060 2144 esse

410 2177 737 2232 restitutos.
768 2178 992 2241 Quibus
1022 2195 1088 2232 ex
1113 2178 1456 2233 auctoritate
1489 2177 1675 2232 sancti
1708 2178 1882 2245 Petri,
1915 2195 2056 2249 apo-

410 2265 621 2321 stolica
643 2266 993 2322 auctoritate
1023 2268 1223 2322 omnia
1253 2283 1380 2338 qua:
1411 2267 1496 2321 eis
1526 2266 1720 2320 ablata
1749 2272 1886 2321 sunt
1917 2267 2058 2322 inte-

407 2354 659 2425 gerrime
689 2355 849 2410 reddi
876 2355 1272 2427 praecipimus,
1306 2356 1356 2409 si
1399 2372 1510 2410 non
1539 2355 1716 2410 vultis
1774 2360 1830 2409 et
1859 2372 1958 2411 vos
2005 2359 2061 2410 et

406 2443 702 2514 principes
734 2445 908 2499 vestri
947 2462 978 2498 a
1009 2444 1252 2514 collegio
1278 2449 1478 2499 nostro
1501 2449 1557 2499 et
1581 2444 1860 2498 membris
1877 2445 2058 2499 eccle-

406 2529 504 2585 sia:
535 2531 814 2603 separari.
850 2533 1020 2588 Justo
1067 2533 1224 2587 enim
1274 2533 1499 2603 judicio
1559 2533 1651 2588 Dei
1715 2533 2061 2604 plerumque

407 2622 810 2690 peccatoribus
864 2627 1144 2692 potestas,
1182 2639 1300 2693 qua
1358 2627 1593 2677 sanctos
1625 2621 1815 2692 ipsius
1863 2639 2059 2693 perse-

405 2715 685 2778 quantur,
720 2711 1081 2776 conceditur,
1119 2715 1182 2764 ut
1206 2710 1306 2780 qui
1329 2711 1546 2781 Spiritu
1573 2711 1975 2781 Deijuvantur
2003 2715 2062 2765 et

404 2803 683 2865 aguntur,
726 2797 868 2852 fiant
898 2815 1001 2868 per
1033 2797 1301 2853 laborum
1335 2798 1608 2854 exercitia
1639 2797 1935 2854 clariores.
1973 2798 2060 2853 Illi

416 2890 612 2939 tamen
646 2885 745 2954 qui
778 2885 886 2940 hoc
919 2891 1102 2957 agunt
1131 2886 1466 2942 nullatenus
1509 2889 1764 2942 evadunt
1788 2904 2016 2958 pmnam
2045 2908 2058 2954 ;

409 2969 570 3041 quia,
603 2976 668 3026 ut
699 2972 780 3026 ait
810 2973 1091 3028 Dominus
1129 2991 1141 3028 :
1180 2976 1260 3029 Vae
1297 2975 1385 3028 illi
1413 2992 1508 3046 per
1537 2991 1693 3046 quem
1739 2976 2062 3030 scandalum

408 3059 555 3114 venit
585 3059 792 3130 (Matth.
825 3061 1008 3131 ινιιι).
1044 3063 1198 3117 Item.
1259 3064 1434 3118 Paulo
1491 3073 1629 3135 post.
1690 3064 1915 3119 Incerta
1948 3082 2060 3120 non

2160 503 2278 567 tur,
2313 515 2418 554 nec
2452 499 2757 554 convocari
2794 514 2900 553 nec
2924 497 3180 568 judicari
3227 497 3464 569 poterit,
3515 496 3630 552 nisi
3689 498 3825 569 ipse

2158 603 2261 658 pro
2293 605 2400 643 sua
2423 587 2770 643 necessitate
2783 587 3024 642 minime
3037 590 3234 642 tamen
3244 585 3821 657 judicandus,adve-

2161 676 2285 732 nire
2315 681 2523 748 sponte
2554 676 2812 748 elegerit.
2848 675 3196 733 Nullatenus
3245 691 3381 747 ergo
3427 693 3460 730 a
3507 691 3820 747 quoquam

2159 771 2399 837 cogatur
2431 770 2744 837 antequam
2770 765 3145 836 integerrime
3161 765 3380 835 omnia,
3403 782 3527 837 quae
3559 782 3665 837 per
3681 781 3821 836 sug-

2157 856 2452 927 gestiones
2481 855 2855 910 inimicorum
2897 871 3139 910 suorum
3191 854 3490 923 amiserat,
3542 854 3825 926 potestati

2159 943 2287 1014 ejus
2309 945 2380 998 ab
2411 942 2740 1000 honorabili
2783 943 3030 998 concilio
3082 942 3256 1014 legali
3301 943 3505 998 ordine
3559 943 3824 998 redinte-

2161 1037 2433 1102 grentur:
2459 1032 2674 1088 Praesul
2706 1049 2837 1088 vero
2867 1049 3000 1087 cum
3031 1032 3193 1088 omni
3236 1031 3455 1087 honore
3485 1033 3664 1088 statui
3702 1032 3826 1104 pri-

2163 1121 2317 1176 stino
2341 1122 2636 1188 reddatur,
2663 1127 2720 1178 et
2741 1122 2855 1194 ipsi
2883 1121 3192 1192 dispositis
3215 1119 3828 1192 ordinatisquelibere

2163 1227 2230 1266 ac
2262 1227 2464 1266 secure
2479 1211 2576 1266 diu
2595 1211 2720 1266 suis
2751 1211 2950 1276 rebus,
2975 1215 3116 1266 tunc
3133 1211 3476 1282 regulariter
3494 1210 3652 1266 infra
3675 1226 3826 1281 qua-

2164 1303 2299 1355 tuor
2329 1305 2431 1354 aut
2462 1299 2744 1371 quinque,
2779 1305 2882 1355 aut
2914 1304 3137 1371 septem
3168 1314 3422 1369 menses,
3463 1301 3638 1370 juxta
3667 1299 3824 1370 quod

2165 1388 2524 1460 possibilitas
2556 1387 2606 1443 ei
2631 1387 2827 1455 fuerit,
2877 1392 2934 1444 et
2958 1405 3072 1443 non
3123 1391 3258 1443 ante
3303 1391 3684 1455 convocatus,
3749 1388 3820 1443 ad

2166 1481 2420 1549 tempus,
2447 1478 2503 1532 in
2536 1477 2782 1534 concilio
2812 1477 3182 1550 legitimo,et
3209 1477 3820 1545 canonico,veniatad

2165 1582 2416 1632 causam,
2439 1570 2516 1636 et,
2540 1565 2589 1621 si
2621 1565 2702 1621 ita
2717 1566 2882 1636 juste
2900 1566 3150 1632 videtur,
3174 1565 3581 1622 accusantium
3605 1582 3818 1638 propo-

2163 1655 2481 1710 sitionibus
2527 1655 2896 1726 respondeat.
2942 1657 3092 1710 Item.
3136 1655 3300 1719 Quod
3350 1655 3399 1711 si
3454 1671 3522 1711 ex
3568 1660 3825 1727 utraque.

2164 1747 2328 1816 parte
2359 1745 2428 1798 ad
2462 1760 2700 1800 causam
2727 1744 3035 1800 dicendam
3068 1744 3446 1800 convenerint
3477 1745 3643 1816 (quia
3668 1761 3828 1800 unus

2169 1832 2388 1904 absque
2419 1833 2600 1889 altero
2631 1833 2820 1888 audiri
2851 1851 2966 1889 non
2997 1834 3188 1904 debet)
3223 1835 3604 1905 quaerendum
3641 1838 3736 1889 est
3768 1835 3824 1889 in

2167 1922 2389 1991 iudicio
2422 1923 2592 1992 cujus
2627 1923 2746 1978 sint
2763 1923 3227 1978 conversationis
3250 1927 3307 1978 et
3325 1923 3666 1994 ﬁdei,atque
3689 1941 3828 1979 sus-

2170 2011 2418 2082 picionis
2464 2016 2856 2078 accusatores,
2917 2015 3018 2067 aut
3071 2028 3186 2083 qua
3229 2011 3551 2068 intentione
3598 2011 3712 2067 hoc
3742 2011 3826 2068 fa-

2168 2099 2344 2167 ciant,
2379 2097 2480 2170 qui
2512 2100 2581 2154 ad
2617 2100 2724 2154 hoc
2756 2099 2989 2155 admitti
3022 2117 3136 2155 non
3189 2101 3426 2165 debent,
3477 2099 3593 2155 nisi
3660 2101 3828 2156 bonae

2169 2187 2627 2242 conversationis
2659 2192 2717 2242 et
2749 2192 2914 2243 rectae
2955 2189 3088 2244 ﬁdei
3133 2189 3264 2260 viri,
3297 2188 3354 2243 hi
3407 2187 3682 2244 videlicet
3729 2189 3828 2259 qui

2169 2275 2326 2332 omni
2359 2276 2692 2348 suspicione
2723 2281 2978 2344 careant,
3005 2281 3063 2332 et
3085 2277 3246 2333 bonis
3277 2276 3406 2332 vita:
3428 2277 3830 2333 aestimatione

2169 2365 2446 2433 clareant,
2489 2366 2950 2436 nequeinl‘ames
2975 2367 3248 2422 existant.
3298 2367 3376 2438 (3,
3408 2383 3457 2438 q.
3498 2367 3584 2433 10,
3613 2366 3680 2422 Si
3735 2384 3824 2422 ac-

2167 2455 2529 2525 cusatorum.)
2559 2455 2721 2520 Quod
2754 2456 2803 2510 si
2837 2459 3248 2511 accusatorum
3283 2472 3547 2527 persona:
3577 2456 3639 2511 in
3664 2457 3831 2527 judi~

2169 2545 2256 2598 cio
2279 2545 2685 2615 episcoporum
2707 2544 3029 2617 culpabiles
3049 2546 3535 2618 apparuerint,ad
3570 2562 3827 2618 arguen-

2169 2634 2307 2687 dum
2325 2650 2436 2688 non
2453 2633 2520 2688 ad
2534 2633 2980 2705 mittantur,nisi
3009 2635 3278 2706 proprias
3300 2651 3509 2690 causas
3533 2651 3826 2700 asserere,

2170 2739 2283 2778 non
2318 2727 2509 2777 tamen
2530 2722 2864 2778 criminales
2895 2722 2983 2777 vel
3015 2722 3441 2780 ecclesiasticas
3497 2723 3820 2779 voluerint.

2170 2811 2244 2880 (3,
2279 2830 2326 2883 q.
2362 2811 2416 2878 7,
2449 2827 2494 2866 ε.
2530 2812 2760 2881 Infamis
2790 2814 3070 2884 persona.)
3105 2812 3346 2868 Int'amis
3368 2811 3523 2868 enim
3549 2828 3831 2884 persona,

2170 2916 2274 2954 nec
2307 2903 2647 2970 procurator
2680 2904 2870 2971 potest
2901 2917 3051 2968 esse,
3078 2916 3184 2956 nec
3207 2901 3575 2974 cognitor.(3,
3600 2919 3654 2972 q.
3688 2903 3745 2972 9,
3775 2919 3822 2957 c.

2170 2989 2404 3043 Absente
2431 2989 2790 3059 adversario.)
2841 2990 3097 3045 Absente
3137 3007 3271 3046 vero
3318 2991 3656 3047 adversario
3709 3008 3826 3048 non

2173 3077 2446 3132 audiatur
2467 3083 2907 3145 accusator,nec
2931 3079 3224 3134 sententia
3264 3079 3503 3135 absente
3525 3085 3694 3151 parte
3715 3079 3830 3136 alia

399 3147 738 3240 iudicemus
771 3151 1156 3240 quoadusque
1186 3151 1379 3206 veniat
1407 3152 1820 3223 Dominus.qui
1839 3163 1889 3209 et
1921 3155 2050 3209 illu-
2087 3145 2128 3213 C
2165 3183 2198 3220 a
2219 3166 2421 3235 judice
2450 3166 2817 3234 dicta,ullam
2851 3168 3136 3224 obtinebit
3166 3145 3612 3239 firmitatem.(3,
3637 3187 3690 3240 q.
3712 3171 3822 3237 9,c.

405 3239 642 3293 minabit
671 3238 990 3294 abscondita
1021 3240 1388 3307 tenebrarum,
1435 3246 1485 3296 et
1517 3244 1890 3312 manifestabit
1917 3260 2047 3299 con-

403 3329 539 3383 silia
564 3327 812 3383 cordium
844 3329 888 3396 (Ι
917 3327 1035 3382 Cor.
1073 3329 1171 3399 ιν).
1205 3330 1274 3384 Et
1301 3331 1567 3400 quemvis
1597 3348 1732 3387 vera
1761 3332 1900 3403 sint,
1935 3349 2048 3387 non

404 3421 594 3472 tamen
627 3417 916 3472 credenda
947 3423 1108 3482 sunt,
1133 3418 1244 3473 nisi
1265 3435 1390 3489 qua:
1427 3421 1600 3475 certis
1639 3421 1872 3476 indiciis
1896 3439 2050 3476 com-

406 3505 752 3573 probantur,
774 3504 885 3558 nisi
901 3522 1026 3576 quae
1043 3507 1585 3578 manifestojudicio
1604 3509 2052 3579 convincuntur,

407 3592 521 3646 nisi
547 3609 674 3663 quia
695 3594 1009 3663 judiciario
1040 3596 1243 3650 ordine
1274 3597 1885 3668 publicantur.Nullus
1915 3614 2052 3670 ergo

409 3680 672 3736 humano
704 3686 896 3753 potest
925 3685 1303 3740 condemnari
1353 3687 1638 3753 examine,
1694 3704 1868 3759 quem
1900 3689 2053 3744 Deus

409 3784 514 3822 suo
538 3769 764 3839 judicio
789 3771 1121 3827 reservavit.
1153 3778 1282 3828 Haec
1303 3775 1500 3829 omnia
1523 3792 1893 3847 summopere
1916 3780 2056 3832 sunt

410 3860 808 3927 przecavenda,
839 3875 910 3914 ne
959 3867 1412 3932 priesumptores
1452 3880 1579 3918 esse
1622 3865 1941 3919 videamur.
1988 3866 2056 3920 Et

408 3947 703 4002 accusatio
735 3947 1141 4018 episcoporum
1160 3965 1271 4003 non
1305 3955 1394 4005 est
1411 3951 1578 4007 facile
1601 3953 1954 4022 recipienda,
1975 3953 2056 4010 di-

406 4039 572 4090 cente
595 4036 841 4090 Domino
873 4053 884 4090 :
908 4036 1025 4091 Non
1047 4036 1315 4108 suscipias
1334 4054 1517 4093 vocem
1546 4041 1826 4096 mendacii
1854 4041 2053 4111 (Exod.

403 4125 602 4195 xxm);
637 4129 693 4182 et
723 4125 1042 4198 Apostolus
1069 4125 1262 4197 inquit
1293 4143 1305 4181 :
1353 4129 1646 4184 Adversus
1679 4130 2052 4200 prebyterum

404 4212 847 4284 inscriptionem
871 4232 984 4270 non
1009 4231 1138 4271 esse
1158 4215 1801 4288 recipiendam,absque
1823 4219 2054 4274 duobus

405 4300 493 4355 vel
524 4303 714 4357 tribus
745 4303 971 4359 idoneis
991 4305 1241 4360 testibus
1261 4306 1308 4375 (Ι
1330 4307 1548 4374 Tim.v).
1581 4307 1637 4360 Si
1669 4307 1788 4362 haec
1819 4308 1889 4362 de
1920 4325 2056 4379 pre-

405 4387 655 4459 sbyteris
714 4389 804 4443 vel
874 4393 1094 4446 caeteris
1146 4393 1418 4449 ﬁdelibus
1475 4399 1615 4450 sunt
1653 4399 2052 4470 praecavenda,

405 4481 622 4544 quanto
658 4479 845 4548 magis
871 4479 940 4534 de
972 4479 1288 4552 episcopis.

407 4582 700 4662 Clara-2148.
732 4614 796 4622 ——
831 4584 987 4654 Quod
1017 4585 1291 4662 episcopus
1315 4591 1693 4662 accusantium
1714 4595 2051 4662 propositio-

479 4653 649 4728 nibus
675 4670 785 4728 non
816 4653 1161 4726 respondeat,
1190 4653 1290 4712 nec
1305 4660 1374 4712 ad
1405 4653 2054 4728 conm'liu'm'ven'iat,nisi

478 4737 564 4776 res
593 4724 802 4778 ablata
829 4724 1410 4801 priusfestituantur,
1446 4735 1497 4786 et
1517 4733 1709 4801 quales
1747 4749 1860 4787 esse
1900 4724 2053 4790 debe-

479 4802 576 4847 aut
603 4798 1142 4874 ai:_cusalores._b'elix
1171 4802 1465 4871 episcopus,
1498 4798 1758 4874 episcopis
1782 4805 1974 4860 Galliae
1992 4809 2051 4860 in

475 4866 710 4921 secundo
748 4868 1009 4922 decretali
1037 4885 1153 4924 suo.

477 4963 552 5031 (3,
587 4981 638 5034 q.
670 4969 724 5033 2,
748 4983 795 5020 c.
829 4966 891 5021 Si
935 4969 1224 5039 episcopus
1261 4972 1378 5053 suis
1419 4973 1634 5045 fuerit.)
1656 4975 1714 5030 Si
1764 4976 1890 5032 suis
1924 4977 2049 5034 fue-

405 5051 479 5106 rit
510 5055 821 5126 episcopus
867 5062 966 5110 aut
1017 5056 1271 5112 ecclesia
1322 5051 1496 5116 rebus
1556 5062 1664 5118 sibi
1725 5066 2049 5123 commissae

401 5142 760 5212 exspoliatus
811 5150 932 5215 aut,
993 5147 1146 5216 quod
1203 5147 1388 5202 absit!
1449 5151 1603 5218 quod
1663 5150 1919 5209 alienum
1978 5156 2049 5210 ab

401 5231 677 5286 omnibus
735 5247 864 5288 esse
921 5234 1093 5289 debet
1149 5234 1459 5292 fidelibus!
1531 5255 1563 5292 a
1619 5241 1756 5295 sede
1814 5244 2050 5313 propria

399 5321 642 5389 ejectus,
677 5326 778 5375 aut
833 5321 890 5376 in
942 5321 1276 5378 detentione
1336 5323 1533 5396 aliqua
1587 5344 1620 5382 a
1669 5328 1793 5384 suis
1841 5329 2048 5388 ovibus

399 5406 573 5464 fuerit
603 5414 1034 5481 sequestratus,
1097 5417 1236 5467 tunc
1293 5414 1573 5469 canonice
1632 5419 1766 5472 ante
1822 5418 1880 5472 in
1927 5421 2044 5492 pri-

403 5497 558 5552 stino
589 5503 746 5556 statu
810 5500 1178 5570 restituatur,
1211 5518 1344 5557 cum
1404 5503 1564 5558 omni
1625 5504 1921 5577 privilegio
1953 5510 2044 5566 sui

401 5582 662 5654 honoris,
695 5595 890 5648 etsua
945 5591 1144 5648 omnia
1197 5609 1321 5664 quia
1380 5592 1611 5650 insidiis
1669 5593 2042 5654 inimicorum

2158 3255 2356 3310 Absens
2385 3271 2480 3326 per
2508 3256 3006 3328 alium.)Nequens
3028 3259 3240 3314 absens
3262 3275 3364 3330 per
3383 3258 3565 3314 alium
3582 3275 3822 3314 accusa-

2160 3360 2220 3399 re
2246 3343 2336 3398 vel
2367 3346 2590 3400 accurri
2619 3347 2851 3417 poterit,
2877 3363 2981 3401 nec
3005 3346 3200 3402 afﬁnis
3241 3346 3409 3402 testis
3440 3347 3814 3403 admittatur.

2159 3432 2464 3489 Neminem
2479 3450 2614 3506 ergo
2637 3434 2982 3490 exhiberide
2996 3435 3290 3506 provincia
3321 3436 3390 3492 ad
3427 3436 3816 3508 provinciam,

2158 3521 2242 3578 vel
2268 3522 2339 3576 ad
2358 3523 2704 3578 comitatum
2733 3524 3100 3595 oportet,nisi
3118 3524 3190 3580 ad
3219 3524 3562 3580 relationem
3583 3525 3814 3596 judicis

2161 3610 2232 3664 ad
2256 3626 2430 3682 quem
2467 3611 2642 3666 fuerit
2675 3611 3057 3683 appellatum,
3089 3613 3148 3666 id
3179 3616 3266 3668 est
3297 3618 3362 3667 ut
3403 3619 3565 3669 actor
3580 3631 3816 3686 semper

2162 3697 2243 3752 rei
2275 3699 2464 3754 forum
2498 3705 2800 3770 sequatur.
2859 3701 2936 3772 (2,
2967 3717 3019 3772 q.
3046 3702 3100 3768 6,
3142 3700 3204 3756 Si
3259 3702 3380 3772 quis
3421 3701 3721 3772 judicem.)
3753 3704 3811 3759 Si

2161 3785 2294 3856 quis
2325 3791 2517 3842 autem
2544 3788 2800 3857 judicem
2823 3789 3132 3844 adversum
3164 3787 3276 3844 sibi
3309 3789 3577 3860 senserit,
3610 3806 3815 3847 vocem

2162 3873 2572 3944 appellationis
2601 3876 2889 3947 exhibeat,
2948 3893 3123 3947 quam
3157 3877 3302 3932 nulli
3329 3882 3559 3949 oportet
3588 3881 3814 3952 negari.

2165 3961 2238 4031 (3,
2271 3979 2321 4033 q.
2354 3964 2408 4028 6,
2441 3965 2850 4035 c.Peregrina.)
2873 3964 3186 4036 Peregrina
3216 3981 3349 4022 vero
3373 3965 3599 4037 judicia
3635 3984 3812 4040 gene-

2165 4049 2270 4104 rali
2303 4052 2529 4108 actione
2562 4053 2966 4123 prohibemus,
3000 4053 3141 4124 quia
3171 4054 3481 4127 indignum
3514 4060 3604 4111 est
3642 4061 3710 4112 ut
3741 4059 3813 4113 ab

2162 4142 2413 4194 externis
2437 4141 2758 4211 judicetur,
2789 4143 2889 4213 qui
2920 4143 3438 4214 comprovinciales
3458 4147 3515 4198 et
3540 4161 3572 4199 a
3599 4162 3666 4202 se
3695 4145 3811 4202 ele-

2163 4232 2286 4282 ctos
2319 4229 2489 4283 debet
2519 4228 3008 4301 habere'judioes.

2163 4335 2455 4410 Cae._249.
2488 4367 2556 4376 —
2586 4336 2739 4405 Quod
2765 4339 3010 4410 episcopi
3037 4338 3112 4394 ad
3137 4337 3440 4394 concilium
3477 4342 3664 4396 vocati
3699 4357 3809 4396 non

2235 4405 2464 4461 debeant
2484 4411 2694 4473 venire,
2724 4405 2838 4483 nisi
2863 4405 3305 4483 tantotempore
3321 4426 3490 4483 super
3537 4413 3808 4476 sederint,

2238 4487 2452 4553 quanto
2472 4484 2711 4553 tempore
2739 4481 2823 4534 vel
2843 4480 3083 4536 ecclesiis
3111 4480 3196 4553 vel
3228 4480 3401 4536 rebus
3425 4484 3540 4537 suis
3583 4485 3814 4553 spoliati

2232 4554 2378 4623 sunt.
2412 4549 2670 4623 Eusebius
2696 4568 2851 4621 papa
2888 4555 2948 4606 in
2985 4552 3220 4608 secundo
3249 4553 3508 4608 decretali
3548 4549 3651 4608 suo
3687 4557 3809 4623 fra-

2231 4620 2414 4674 tribus
2436 4637 2534 4689 per
2561 4620 2954 4676 Alexandriam
2988 4629 3039 4679 et
3071 4624 3388 4695 Aigyptum.

2235 4709 2310 4777 (2,
2341 4726 2389 4779 q.
2424 4713 2478 4778 2,
2509 4727 2555 4764 ε.
2591 4712 2653 4765 1η
2681 4711 3014 4782 scripturis.)
3047 4715 3109 4766 In
3141 4711 3454 4783 scripturis
3484 4713 3697 4769 vestris
3721 4731 3808 4771 re-

2163 4797 2426 4866 perimus
2462 4799 2746 4868 quosdam
2793 4799 3101 4871 episcopos
3149 4799 3358 4856 vestris
3384 4800 3442 4855 in
3475 4801 3746 4872 partibus
3777 4819 3810 4858 a

2164 4886 2416 4956 pr0priis
2447 4887 2652 4942 ovibus
2682 4887 3259 4957 accusatos,aliquos
3290 4888 3562 4944 videlicet
3577 4907 3648 4945 ex
3678 4908 3809 4946 sus-

2161 4973 2407 5044 picione,
2459 4981 2517 5031 et
2561 4975 2791 5046 aliquos
2848 4992 2916 5031 ex
2975 4980 3131 5032 certa
3188 4977 3434 5046 ratione,
3475 4982 3533 5033 et
3589 4977 3808 5036 idcirco

2160 5065 2443 5134 quosdam
2476 5065 2600 5121 suis
2631 5081 2760 5120 esse
2777 5065 2951 5120 rebus
2976 5062 3648 5136 exspoliatos,quosdam
3671 5084 3806 5124 vero

2159 5169 2192 5207 a
2222 5154 2456 5225 propria
2485 5154 2620 5208 sede
2669 5153 2900 5225 pulsos;
2962 5153 3164 5209 sciatis
3229 5167 3333 5209 nec
3381 5153 3451 5209 ad
3514 5157 3803 5226 synodum

2157 5242 2841 5312 comprovincialem,nec
2871 5242 2942 5298 ad
2966 5241 3294 5314 generalem
3326 5258 3498 5313 posse
3519 5259 3802 5301 convoca-

2159 5332 2228 5399 ri,
2258 5348 2361 5386 nec
2380 5333 2437 5387 in
2461 5331 3281 5402 aliquojudicari,antequam
3311 5336 3523 5386 cuncta
3554 5349 3687 5404 quin
3717 5333 3802 5390 eis

2157 5420 2390 5474 sublata
2407 5420 2800 5492 sunt,legibus
2818 5421 3090 5492 potestati
3103 5436 3305 5475 eorum
3327 5421 3807 5493 redintegrentur

2151 5511 2232 5580 (5,
2256 5527 2305 5579 q.
2339 5511 2392 5575 2,
2424 5528 2470 5564 (ε.
2508 5511 2675 5566 Prius
2723 5512 2899 5579 ergo.)
2949 5509 3118 5564 Prius
3148 5524 3285 5580 ergo
3333 5513 3564 5580 oportet
3601 5513 3805 5568 omnia

2154 5597 2272 5654 illis
2295 5598 2521 5671 legibus
2544 5597 2950 5670 redintegrari,
2972 5601 3030 5653 et
3051 5596 3328 5653 ecclesias
3359 5612 3486 5668 quae
3516 5597 3633 5654 sibi
3666 5601 3804 5656 sub-
