3960 6072
343 261 447 316 403

1433 270 1498 318 Ι).
1542 265 1785 319 IVONIS
1819 263 2310 320 CARNOTENSIS
2343 261 2662 316 EPISCOPI

3657 258 3770 313 404

413 385 572 460 rebus
600 388 678 441 est
701 373 988 460 spoliatus.
1027 391 1109 443 Ex
1149 389 1385 444 decretis
1431 388 1632 444 Felicis
1661 403 1820 460 papae
1849 389 1990 458 epis-
2023 391 2076 454 Α
2106 389 2414 441 accusatus
2440 385 2527 440 vel
2559 386 2874 440 damnatus
2905 385 3218 456 episcOpus
3250 382 3631 456 appellaverit
3654 383 3770 439 Ru-

413 459 562 528 copis
589 473 685 530 per
717 459 1008 529 Egi/ptum
1039 462 1248 525 missis,
1278 478 1401 530 cap.
1436 461 1520 515 10.

415 564 491 635 (2,
525 581 578 634 q,
609 565 665 634 2,
696 580 742 618 c.
780 563 980 619 Nullus
1009 566 1292 636 episcop.).
1346 565 1552 620 Nullus
1583 565 1738 620 enim
1773 564 1993 636 episco-

348 669 459 724 pus
491 653 591 723 qui
625 653 749 708 suis
777 659 865 708 est
896 653 1069 708 rebus
1096 654 1478 724 exspoliatus,
1504 660 1605 709 aut
1634 671 1666 708 a
1696 657 1832 709 sede
1866 670 1995 724 pro-

349 741 480 814 pria
512 741 566 796 vi
597 746 700 796 aut
747 745 968 796 terrore
1018 741 1245 813 pulsus,
1296 749 1610 815 antequam
1659 743 1856 797 omnia
1885 743 1996 798 sibi

353 829 544 886 ablata
575 830 801 901 legibus
834 831 1239 896 restituantur,
1272 836 1328 888 et
1359 833 1480 902 ipse
1509 832 1746 904 paciﬁce
1775 847 1996 886 annum

365 918 440 974 rel
479 919 609 990 plus
639 919 763 974 suis
811 919 1037 974 fruatur
1084 920 1432 990 honoribus,
1481 921 1720 992 sedique
1754 921 1999 992 propriae

353 1011 430 1066 sit
467 1009 814 1082 regulariter
862 1011 1188 1082 restitutus,
1234 1013 1405 1082 juxta
1453 1013 1792 1066 canonicam
1838 1011 2002 1066 insti-

352 1099 638 1155 tutionem
682 1101 966 1167 accusari,
1022 1101 1237 1171 vocari,
1272 1101 1548 1172 judicari,
1590 1107 1691 1156 aut
1735 1102 2000 1156 damnari

353 1192 564 1259 potest.

351 1298 482 1350 CAP.
514 1295 742 1368 257._-~
794 1297 855 1350 Ut
903 1297 1142 1368 episcopi
1185 1299 1475 1352 criminati
1523 1298 1690 1352 libere
1736 1298 1999 1368 apostoli-

421 1383 542 1420 cam
570 1365 1087 1440 sedemrappellent,
1101 1377 1150 1420 et
1181 1369 1320 1436 quod
1351 1386 1461 1424 non
1492 1374 1719 1440 possunt
1749 1365 1868 1423 sine
1896 1369 2001 1423 Ro-

421 1452 584 1512 mano
610 1438 986 1512 pontiﬁce_vel
1014 1440 1130 1512 ejus
1151 1441 1355 1493 vicario
1374 1438 1644 1512 judicari.
1668 1441 1756 1512 (Ea:
1774 1440 2003 1495 decretis

422 1509 570 1582 Julii
596 1510 1166 1582 papaeprientalibus
1213 1509 1476 1582 episcopis
1518 1511 1718 1574 missis,
1760 1528 1878 1582 cap.
1916 1512 2001 1565 18.

426 1580 636 1646 (Sixtus
665 1581 731 1648 ll,
765 1579 820 1634 id
849 1579 1030 1646 habet,
1062 1596 1143 1651 ep.
1181 1579 1256 1648 1).

428 1669 500 1735 (2,
527 1685 578 1739 q.
607 1670 661 1737 6,
693 1685 738 1723 c.
763 1671 966 1727 Omnes
996 1670 1279 1740 episc0pi).
1306 1670 1376 1725 Ut
1399 1687 1602 1726 omnes
1625 1671 1882 1743 episcopi
1903 1671 2002 1742 qui

354 1757 413 1810 in
443 1757 795 1828 quibusdam
831 1758 1198 1827 gravioribus
1229 1759 1537 1828 pulsantur
1564 1759 1649 1815 vel
1682 1759 1998 1814 criminan-
2029 1759 2075 1824 B

360 1849 458 1900 tur
485 1847 699 1912 causis,
735 1847 962 1916 quoties
1000 1863 1236 1902 necesse
1287 1848 1481 1918 fuerit,
1514 1848 1694 1904 libere
1725 1847 2003 1920 apostoli-

357 1949 484 1989 cam
515 1934 810 2006 appellent
841 1937 1064 2002 sedem,
1096 1940 1270 2007 atque
1301 1938 1371 1992 ad
1404 1953 1558 2006 eam,
1591 1937 1759 2010 quasi
1792 1939 1863 1992 ad
1887 1954 2004 1993 ma-

356 2026 529 2089 trem,
559 2023 920 2095 confugiant,
971 2029 1035 2078 ut
1067 2025 1138 2079 ab
1169 2040 1236 2081 ea
1285 2027 1462 2095 (sicut
1490 2043 1721 2097 semper
1754 2027 1884 2097 fuit)
1915 2028 2006 2096 pie

360 2109 700 2180 fulciantur,
733 2112 1124 2167 delendantur
1154 2120 1212 2169 et
1244 2115 1584 2170 liberentur.
1611 2116 1790 2185 Cujus
1809 2115 2004 2184 dispo-

355 2199 554 2256 sitioni
585 2216 789 2256 omnes
829 2201 1082 2271 majores
1114 2206 1169 2256 et
1216 2203 1644 2259 ecclesiasticas
1687 2221 1918 2268 causas,
1951 2209 2008 2259 et

351 2289 759 2361 episcoporum
789 2291 1039 2360 judicia.
1064 2294 1309 2363 antiqua
1341 2291 1738 2363 apostolorum
1772 2309 2006 2347 eorum-

352 2393 466 2449 que
496 2394 905 2434 successorum
938 2383 1112 2450 atque
1144 2395 1435 2434 canonum
1470 2380 1789 2436 auctoritas
1820 2397 2006 2436 reser-

350 2465 528 2537 vavit,
559 2467 838 2538 quoniam
892 2467 1210 2540 culpantur
1253 2469 1513 2541 episcopi
1543 2470 1644 2541 qui
1677 2470 1844 2524 aliter
1873 2485 2008 2541 erga

351 2555 563 2612 fratres
594 2555 811 2626 egerint
843 2572 1017 2628 quam
1051 2557 1315 2628 ejusdem
1349 2559 1506 2614 sedis
1539 2575 1699 2631 papae
1731 2559 1853 2614 ﬁeri
1886 2558 2005 2629 pla-

355 2645 559 2701 cuerit.
587 2645 812 2701 Placuit
844 2650 910 2700 ut
940 2652 1249 2701 accusatus
1270 2646 1672 2718 veljudicatus
1695 2664 1728 2702 a
1752 2664 2009 2718 compro-

354 2733 703 2789 vincialibus
735 2734 793 2788 in
826 2734 1025 2804 aliqua
1056 2751 1233 2789 causa
1271 2736 1603 2807 episcopus,
1636 2735 1880 2791 licenter
1909 2752 2006 2804 ap-

358 2822 536 2895 pellet
562 2827 618 2876 et
647 2823 818 2877 adeat
847 2822 1183 2892 apostolica:
1212 2824 1368 2878 sedis
1400 2824 1755 2895 pontificem,
1779 2825 1880 2894 qui
1910 2828 2010 2878 aut

360 2927 465 2984 per
490 2927 552 2966 se
583 2914 685 2965 aut
716 2927 817 2980 per
845 2911 1097 2966 vicarios
1130 2929 1289 2977 suos,
1340 2914 1468 2982 ejus
1500 2914 1797 2982 negotium
1833 2919 2009 2966 retra-

360 2998 504 3055 ctari
563 3001 855 3069 procuret.
911 3000 982 3054 Et
1029 2999 1169 3054 dum
1230 3001 1437 3056 iterato
1481 3000 1702 3070 judicio
1753 3000 2011 3071 pontifex

2104 490 2343 529 manum
2375 474 2732 546 pontificem,
2767 474 2823 528 id
2858 475 3261 545 statuendum,
3294 475 3447 545 quod
3481 473 3770 545 ipsejus-

2103 567 2159 618 te
2191 563 2500 618 censuerit.
2534 564 2601 618 Et
2631 579 2834 618 omnes
2866 562 2966 633 qui
2990 563 3271 618 adversus
3298 568 3497 618 Patres
3530 579 3772 616 arman-

2103 657 2200 707 tur
2230 653 2478 708 infames
2506 669 2635 707 esse
2657 669 2986 722 censemus,
3009 668 3198 723 neque
3227 667 3327 708 eos
3358 653 3459 724 qui
3491 668 3631 706 cum
3656 651 3770 705 ini-

2106 741 2272 796 micis
2305 745 2608 796 morantur
2642 741 2712 795 ad
2763 741 3194 796 accusationem
3228 741 3314 796 vel
3347 741 3766 796 testimonium

2107 830 2490 902 recipiendos.
2543 829 2765 884 Placuit
2808 835 2874 884 ut
2922 845 3154 901 semper
3209 830 3269 884 in
3317 829 3770 884 accusationem

2107 918 2448 974 clericorum
2483 917 2671 990 primo
2703 934 2974 990 persona,
3011 919 3182 986 ﬁdes,
3214 918 3334 973 vita
3364 922 3421 972 et
3453 933 3775 972 conversa-

2108 1007 2189 1062 tio
2213 1007 2749 1079 blasphemantium
2770 1012 3192 1079 perscrutatur.
3216 1008 3361 1062 Nam
3386 1008 3534 1062 fides
3558 1024 3772 1062 omnes

2109 1101 2274 1151 actus
2305 1097 2564 1152 hominis
2596 1097 2921 1168 praecedere
2951 1097 3142 1162 debet,
3163 1095 3302 1166 quia
3322 1097 3544 1150 dubius
3567 1096 3626 1150 in
3654 1096 3772 1150 ﬁde

2109 1185 2363 1240 infidelis
2395 1191 2502 1252 est,
2539 1202 2641 1240 nec
2671 1185 2754 1240 eis
2779 1185 3017 1240 omnino
3039 1191 3129 1240 est
3155 1186 3512 1240 credendum
3546 1185 3648 1255 qui
3676 1200 3772 1238 ve-

2112 1276 2303 1331 ritatis
2336 1275 2507 1329 ﬁdem
2543 1275 2834 1345 ignorant,
2859 1290 2964 1329 nec
2995 1279 3165 1330 rectae
3193 1275 3663 1330 conversationis
3686 1274 3768 1326 vi-

2112 1369 2231 1419 tam
2260 1365 2503 1433 ducunt,
2537 1363 2816 1434 quoniam
2867 1363 3014 1418 tales
3064 1362 3230 1417 facile
3261 1367 3319 1416 et
3364 1362 3774 1416 indifferenter

2112 1451 2370 1508 lacerant
2400 1456 2456 1506 et
2483 1453 2872 1508 criminantur
2902 1456 3054 1507 recte
3085 1456 3143 1506 et
3192 1451 3286 1522 pie
3316 1450 3596 1506 viventes.
3635 1451 3771 1506 Ideo

2113 1541 2368 1612 suspicio
2399 1557 2601 1597 eorum
2621 1542 2986 1596 discutienda
3005 1545 3093 1596 est
3110 1540 3298 1612 primo
3321 1545 3377 1594 et
3397 1541 3770 1609 corrigenda,

2113 1648 2303 1702 neque
2334 1631 2807 1686 accusationibus
2830 1631 3144 1700 suspectis,
3167 1628 3255 1684 vel
3283 1631 3354 1684 de
3384 1629 3768 1684 inimicorum

2114 1722 2388 1778 domibus
2421 1721 2847 1794 prodeuntibus
2876 1723 3250 1777 credendum.

2112 1815 2243 1866 CAP.
2273 1813 2398 1865 258.
2434 1843 2499 1852 —-
2533 1811 2681 1880 Quod
2710 1828 2877 1865 causa
2922 1812 3134 1882 pulsati
3159 1811 3402 1882 episcopi
3435 1827 3535 1882 per
3563 1812 3773 1881 δρία-θ’

2183 1899 2276 1955 pos
2320 1884 2526 1951 judices
2563 1883 2873 1953 judicanda
2927 1882 3019 1938 sit.
3065 1887 3159 1938 Ea:
3193 1883 3431 1938 concilio
3479 1882 3768 1954 Spalensis

2182 1954 2298 2025 Cap.
2333 1957 2366 2008 8
2397 1954 2567 2025 (Spal.
2601 1954 2661 2025 1).

2182 2043 2239 2098 Si
2268 2043 2400 2113 quis
2431 2043 2742 2114 episcopus
2773 2059 2806 2098 a
2849 2059 3140 2114 quoquam
3192 2041 3514 2112 impetitur,
3547 2041 3632 2098 vel
3670 2042 3770 2097 ille

2114 2130 2371 2202 aliquam
2404 2132 2787 2201 quaestionem
2822 2132 3104 2199 retulerit,
3137 2147 3240 2204 per
3267 2131 3576 2203 episcopos
3597 2132 3767 2202 judi-

2114 2237 2210 2275 ces
2240 2237 2418 2275 causa
2441 2221 2739 2291 judicetur
2769 2220 3075 2293 [finiatur],
3101 2221 3222 2276 sive
3247 2237 3395 2291 quos
3425 2220 3511 2275 eis
3545 2221 3769 2292 prima-

2116 2313 2204 2364 tes
2253 2309 2538 2376 dederint,
2571 2309 2692 2365 sive
2741 2326 2890 2380 quos
2937 2311 3050 2382 ipsi
3101 2310 3323 2365 vicinos
3353 2326 3422 2364 ex
3471 2325 3770 2365 consensu

2116 2397 2418 2469 elegerint.

2117 2488 2246 2542 CAP.
2280 2487 2404 2540 259.
2438 2517 2507 2527 —
2539 2487 2688 2555 Quod
2717 2487 3222 2559 episcoposjudices
3243 2503 3348 2542 non
3374 2489 3544 2560 liceat
3575 2504 3737 2560 quem
3761 2475 3802 2525 θ

2187 2575 2351 2628 quam
2379 2573 2691 2630 provocare.
2726 2561 2860 2614 Item
2889 2557 2960 2614 ex
2989 2557 3172 2614 eodem
3201 2557 3460 2626 concilio,
3489 2557 3606 2631 cap.
3640 2561 3697 2613 9.

2187 2647 2418 2701 Judices
2451 2651 2639 2702 autem
2673 2647 3001 2719 episcopos,
3026 2665 3174 2719 quos
3197 2649 3495 2703 communi
3517 2665 3772 2703 consen-

2119 2751 2188 2789 su
2219 2735 2516 2806 elegerint,
2553 2753 2666 2790 non
2714 2736 2883 2791 liceat
2929 2753 3281 2808 quemquam
3332 2754 3668 2807 provocare.
3701 2738 3775 2792 Et

2121 2824 2390 2894 quisquis
2421 2825 2698 2894 probatus
2729 2825 2903 2880 fuerit
2936 2842 3036 2896 pro
3079 2825 3448 2881 contumacia
3479 2825 3636 2880 nolle
3665 2826 3770 2880 ob-

2120 2916 2442 2982 temperare
2465 2913 2788 2984 judicibus,
2819 2929 2952 2968 cum
2991 2915 3097 2969 hoc
3129 2915 3331 2986 primae
3359 2915 3517 2970 sedis
3544 2914 3772 2986 episco-

2120 3017 2192 3070 po
2226 3001 2398 3055 fuerit
2427 3001 2760 3072 probatum,
2794 3003 2889 3057 det
2921 3001 3144 3058 litteras
3184 3009 3248 3058 ut
3299 3001 3500 3058 nullus
3531 3003 3582 3059 ei
3613 3020 3773 3059 com-

359 3104 531 3144 suam
563 3102 804 3143 causam
839 3085 978 3155 agit,
1013 3087 1211 3143 nullus
1242 3089 1392 3143 alius
1416 3089 1473 3143 in
1495 3089 1623 3158 ejus
1654 3089 1777 3144 loco
1809 3089 2010 3144 subro-
2039 3121 2081 3189 ρ
2123 3088 2381 3143 municet
2409 3089 2816 3160 episcoporum
2847 3091 3031 3146 donec
3061 3093 3441 3164 obtemperet.

359 3181 550 3250 getur,
583 3181 835 3248 ponatur
866 3182 966 3230 aut
1014 3177 1318 3232 ordinetur
1364 3177 1693 3247 episcopus,
1728 3177 2005 3248 quoniam

358 3281 700 3339 quanquam
747 3265 1337 3336 comprovincialibus
1383 3264 1693 3337 episcopis,
1751 3266 2008 3322 accusati

361 3374 602 3414 causam
635 3355 930 3428 pontificis
957 3354 1131 3410 liceat
1161 3355 1432 3422 scrutari,
1465 3372 1580 3410 non
1628 3361 1825 3411 tamen
1868 3355 2008 3410 deﬁ-

360 3447 476 3502 niri
508 3445 846 3502 inconsulto
898 3444 1158 3500 Romano
1208 3445 1482 3517 pontiﬁce
1515 3444 1868 3516 permissum
1899 3449 2006 3511 est,

365 3550 499 3589 cum
532 3535 700 3588 beato
729 3533 892 3586 Petro
925 3533 1213 3604 apostolo,
1237 3550 1350 3588 non
1382 3533 1452 3586 ab
1477 3532 1592 3587 alio
1614 3532 1809 3604 aliquo
1833 3547 2010 3603 quam

367 3623 440 3676 ab
471 3621 599 3693 ipso
632 3620 850 3677 dictum
898 3621 976 3677 sit
1020 3623 1264 3678 Domino
1300 3638 1312 3678 :
1349 3622 1712 3694 Quodcunque
1759 3621 2014 3692 ligaveris

368 3724 539 3781 super
567 3713 773 3764 terram
803 3710 908 3764 erit
937 3709 1173 3782 ligatum
1201 3713 1250 3765 el
1273 3713 1331 3766 in
1361 3711 1546 3773 caelis;
1571 3721 1621 3766 et
1653 3712 2016 3782 quodcunque

365 3797 596 3853 solveris
623 3814 788 3870 super
816 3809 1042 3866 terram,
1065 3801 1168 3854 erit
1197 3800 1440 3854 solutum
1467 3807 1517 3854 et
1539 3802 1599 3854 in
1627 3800 1770 3853 caelis
1793 3797 2013 3868 (Matth.

367 3888 504 3958 xvx).
529 3888 605 3957 (2,
628 3905 678 3958 q.
702 3889 756 3952 6,
779 3903 823 3942 c.
851 3887 911 3941 Si
930 3889 1051 3956 quis
1071 3889 1385 3957 putaverit).
1411 3886 1469 3941 Si
1492 3887 1625 3958 quis
1648 3886 1938 3958 putaverit
1955 3902 2017 3941 se

367 3994 402 4032 a
432 3976 667 4049 proprio
719 3976 1165 4045 metropolitano
1214 3975 1462 4044 gravari,
1508 3977 1662 4046 apud
1710 3975 2016 4045 primatem

367 4066 651 4122 diwcesos
681 4069 784 4121 aut
834 4081 1014 4136 penes
1063 4062 1396 4135 apostolica:
1448 4062 1796 4118 universalis
1824 4062 2018 4119 Eccle-

367 4155 466 4212 sia:
498 4171 710 4228 papam
745 4154 990 4225 [sedem]
1033 4153 1353 4224 judicetur.
1405 4153 1822 4208 Accusationes
1871 4167 2018 4223 quas

369 4243 528 4316 leges
560 4243 758 4299 saeculi
791 4259 905 4298 non
940 4243 1258 4310 asciscunt,
1281 4245 1338 4295 et
1359 4258 1465 4297 nos
1499 4241 1854 4296 unanimiter
1879 4241 2017 4296 sub-

373 4347 696 4402 movemus,
730 4347 801 4385 ne
833 4331 932 4384 ﬁat
975 4330 1307 4386 indistricta
1355 4330 1695 4401 probatione
1723 4328 2019 4400 impietas,

375 4436 508 4475 cum
542 4423 698 4474 recta
731 4417 1037 4489 sitjudicii
1070 4419 1127 4472 in
1159 4418 1408 4474 lectione
1454 4418 1763 4474 sententia.
1797 4419 1848 4472 Si
1884 4419 2019 4489 quis

375 4524 513 4580 erga
543 4509 883 4580 episcopum
915 4506 1003 4562 vel
1053 4513 1277 4563 actores
1311 4508 1619 4580 [auctores]
1664 4507 1929 4563 Ecclesiae
1961 4524 2024 4563 se
2053 4491 2099 4555 D

376 4596 680 4669 proprium
713 4596 928 4652 habere
976 4596 1288 4652 crediderit
1337 4597 1658 4669 negotium,
1691 4613 1807 4652 non
1860 4596 2023 4668 prius

377 4687 546 4742 adeat
567 4684 798 4756 judices
829 4701 1001 4756 quam
1035 4685 1106 4739 ad
1146 4701 1244 4741 eos
1275 4689 1534 4741 recurrat
1563 4685 1867 4740 charitatis
1897 4691 2022 4740 stu-

378 4775 496 4845 dio,
528 4780 593 4829 ut
640 4771 915 4828 familiari
966 4771 1259 4844 colloquio
1305 4773 1512 4828 moniti
1561 4790 1627 4828 ea
1675 4788 1882 4828 sanare
1922 4772 2022 4826 de-

376 4865 554 4919 beant
582 4879 712 4934 quaa
752 4861 812 4916 in
859 4860 1285 4931 querimoniam
1336 4862 1727 4916 deducuntur.
1779 4860 1941 4924 Quod
1973 4861 2022 4915 si

376 4953 544 5010 aliter
556 4951 738 5024 egerit
757 4948 1171 5004 communione
1185 4948 1404 5018 privetu
1417 4967 1462 5004 r.
1475 4950 1656 5006 Nemo
1679 4949 2022 5021 pontiﬁcum

376 5041 652 5112 deinceps
684 5038 940 5108 aliquem
991 5037 1332 5109 episcopum
1367 5037 1490 5094 suis
1519 5038 1908 5110 exspoliatum
1942 5054 2026 5093 re-

372 5133 508 5202 bus,
541 5135 642 5186 aut
671 5145 705 5185 a
734 5128 870 5184 sede
891 5125 1129 5199 pulsum
1152 5129 1656 5182 excommunicure
1687 5132 2022 5200 praesumat,

376 5221 516 5296 quia
547 5236 664 5275 non
704 5221 793 5274 est
839 5215 1204 5289 privilegium
1255 5231 1370 5286 quo
1418 5215 1654 5287 spoliari
1686 5216 2022 5287 possitjam

378 5311 657 5367 nudatus.
693 5306 819 5361 Pari
849 5309 1049 5360 tenore
1095 5304 1464 5359 decernimus
1515 5321 1628 5360 non
1661 5303 1817 5360 credi
1849 5319 2025 5359 accu-

381 5396 581 5466 satori,
641 5395 742 5466 qui
791 5392 1027 5447 absente
1077 5391 1408 5446 adversario
1458 5407 1694 5447 causam
1743 5391 2025 5463 suggerit,

384 5489 518 5539 ante
534 5484 841 5554 utriusque
864 5480 1047 5554 partis
1068 5480 1516 5549 discussionem,
1537 5497 1640 5537 nec
1661 5484 2026 5537 accusatores

386 5571 474 5627 vel
505 5578 681 5628 testes
710 5571 950 5644 suscipi,
985 5571 1084 5643 qui
1118 5587 1231 5626 non
1263 5575 1403 5626 sunt
1449 5570 1662 5626 idonei.
1701 5570 1944 5639 Placuit,
1974 5570 2025 5628 si

2120 3195 2250 3269 Car.
2284 3196 2407 3269 260.
2441 3226 2510 3234 —
2555 3197 2618 3251 Ut
2664 3198 2902 3268 episcopi
2946 3200 3427 3269 comprovinciales
3473 3201 3774 3268 peregrina

2188 3267 2394 3341 judicia
2424 3282 2531 3341 non
2578 3271 2887 3338 patiantur.
2939 3270 3020 3324 Ea:
3064 3267 3305 3324 decretis
3349 3267 3584 3324 Fabiani
3612 3286 3775 3341 papa

2189 3339 2403 3393 Hilario
2432 3340 2682 3409 episcopo
2711 3341 2913 3408 missis,
2945 3357 3065 3410 cap.
3097 3343 3169 3395 26
3205 3343 3384 3412 (epist.
3417 3342 3470 3408 3,
3502 3358 3550 3396 c.
3585 3345 3662 3409 2).

2191 3428 2266 3497 (3,
2299 3444 2350 3498 q.
2383 3428 2436 3494 6,
2470 3444 2516 3482 c.
2548 3429 2851 3498 Peregrina
2869 3429 3138 3500 judicia).
3172 3430 3484 3502 Peregrina
3512 3446 3648 3486 vero
3672 3431 3775 3501 ju-

2121 3515 2273 3571 dicis.
2297 3517 2454 3572 salva
2475 3516 2533 3571 in
2567 3518 2840 3574 omnibus
2870 3518 3192 3590 apostolica
3222 3519 3568 3576 auctoritate
3598 3535 3778 3591 gene-

2124 3604 2226 3660 rali
2260 3606 2561 3662 sanctione
2606 3607 3006 3678 prohibemus,
3058 3609 3198 3679 quia
3228 3609 3535 3680 indignum
3587 3614 3681 3664 est
3711 3614 3778 3664 ut

2124 3694 2195 3748 ab
2227 3695 2437 3748 exteris
2459 3695 2762 3764 judicetur
2791 3695 2890 3766 qui
2923 3697 3308 3767 provinciales
3351 3702 3407 3752 et
3436 3714 3470 3752 a
3499 3712 3562 3751 se
3592 3696 3778 3752 lectos

2124 3783 2296 3837 debet
2323 3783 2532 3838 habere
2555 3784 2808 3855 judices,
2842 3784 2956 3840 nisi
2988 3785 3165 3840 fuerit
3193 3784 3575 3856 appellatum.
3610 3785 3778 3840 Unde

2125 3875 2351 3941 oportet
2381 3870 2430 3926 si
2461 3871 2679 3943 aliquis
2709 3874 3117 3945 episcoporum
3171 3891 3348 3945 super
3395 3875 3572 3930 certis
3603 3891 3779 3930 accu-

2127 3963 2288 4014 setur
2316 3960 2767 4029 criminibus,ut
2788 3963 2860 4017 ab
2891 3963 3170 4018 omnibus
3200 3963 3477 4018 audiatur
3506 3963 3607 4034 qui
3638 3967 3782 4018 sunt

2125 4047 2184 4102 in
2217 4047 2534 4120 provincia,
2581 4048 2892 4121 episcOpis,
2942 4051 3082 4119 quia
3112 4067 3228 4106 non
3278 4056 3507 4123 Oportet
3537 4067 3779 4107 accusa-

2127 4140 2276 4204 tum,
2309 4136 2446 4191 alibi
2479 4153 2653 4208 quam
2686 4137 2746 4191 in
2778 4154 2884 4193 suo
2918 4140 3040 4194 foro
3072 4139 3286 4196 audiri.

2127 4225 2260 4282 CAP.
2293 4225 2417 4300 261.
2451 4254 2518 4300 —_-
2549 4227 2611 4300 Ut
2640 4227 2920 4296 episcOpus
2949 4229 3304 4300 criminatus,
3336 4230 3388 4283 si
3405 4228 3656 4300 judicem
3687 4246 3780 4283 su-

2198 4299 2444 4373 spectum
2465 4297 2750 4373 babaerit,
2787 4299 2957 4373 libere
2984 4299 3164 4373 sedem
3207 4297 3560 4372 apostolicam
3589 4304 3784 4373 appel-

2200 4367 2290 4421 let.
2330 4369 2412 4423 Ea:
2441 4369 2669 4423 decretis
2697 4369 2959 4438 eiusdem,
2990 4371 3060 4425 ad
3090 4367 3340 4427 eumdem
3369 4367 3708 4444 episcopum.

2201 4456 2276 4526 (2,
2306 4473 2359 4526 q.
2393 4458 2448 4525 6,
2480 4474 2526 4511 c.
2562 4458 2746 4512 Liceat
2777 4467 2827 4512 et
2855 4475 2900 4513 c.
2952 4460 3013 4514 Si
3042 4461 3205 4532 quis).
3239 4461 3298 4516 Si
3328 4463 3458 4533 quis
3491 4478 3624 4517 vero
3656 4462 3782 4534 epi-

2132 4560 2345 4615 scopus
2377 4545 2627 4601 indicem
2679 4552 3018 4618 suspectum
3051 4548 3342 4620 habuerit,
3374 4554 3431 4606 et
3477 4550 3688 4606 viderit
3719 4566 3783 4605 se

2133 4632 2382 4702 gravari,
2414 4632 2595 4689 libere
2618 4635 2816 4691 sedem
2843 4636 3100 4708 appellet
3121 4637 3499 4710 apostolicam
3536 4657 3549 4694 :
3582 4640 3784 4711 appel-

2133 4721 2348 4777 lantem
2381 4726 2576 4778 autem
2609 4739 2724 4778 non
2757 4723 2970 4780 habeat
2991 4725 3226 4782 afflictio
3259 4726 3379 4783 ulla
3409 4732 3474 4783 ut
3497 4728 3785 4784 detentio-

2134 4811 2226 4866 nis
2258 4810 2663 4884 [deceptionis]
2693 4812 2991 4884 injurioste
3021 4816 3310 4886 custodia,
3344 4817 3445 4873 sed
3477 4816 3650 4873 liceat
3681 4835 3786 4889 ap-

2134 4899 2400 4971 pellatori
2453 4900 2716 4956 vitiatam
2765 4918 3030 4976 causam,
3063 4904 3476 4976 appellationis
3525 4907 3786 4962 remedio

2134 4988 2479 5060 sublevare;
2511 4989 2684 5046 liceat
2713 4990 2888 5047 etiam
2923 4993 2982 5048 in
3015 4993 3210 5049 causis
3237 4994 3647 5050 criminalibus
3685 5013 3785 5068 ap-

2133 5075 2370 5148 pellare,
2404 5094 2508 5133 nec
2544 5078 2874 5151 appellandi
2907 5097 3016 5137 vox
3064 5083 3387 5155 denegetur
3433 5083 3485 5140 ei
3519 5100 3696 5156 quem
3727 5085 3788 5139 in

2135 5167 2488 5237 supplicium
2523 5168 2816 5224 sententia
2847 5169 3177 5226 destinarit.

2135 5256 2417 5333 CAP._26_2.
2454 5285 2523 5296 σ-
2553 5257 2593 5310 Α
2625 5262 2753 5333 quot
2784 5260 3048 5333 episcopis
3076 5265 3356 5333 episcopus
3388 5262 3473 5317 vel
3499 5262 3792 5333 presbyter

2204 5327 2287 5380 vel
2318 5327 2591 5404 diaconus
2608 5329 2738 5404 sint
2781 5327 3075 5404 audiendi.
3101 5327 3193 5388 Ex
3238 5327 3470 5389 concilio
3499 5327 3791 5404 Carthagi-

2205 5399 2381 5463 nensi,
2413 5414 2538 5468 cap.
2573 5399 2638 5452 12
2670 5400 2880 5470 (Carth.
2919 5419 2960 5456 ιι
2989 5403 3089 5458 sub
3119 5404 3339 5473 Siricio,
3373 5421 3420 5460 c.
3460 5406 3569 5476 10).

2206 5485 2315 5556 (15,
2351 5502 2400 5557 q.
2434 5486 2490 5553 7,
2522 5503 2569 5542 c.
2621 5489 2778 5545 Felix
2821 5491 3032 5563 episc.).
3075 5491 3231 5549 Felix
3277 5493 3589 5566 episcopus
3638 5494 3791 5554 dixit

2135 5573 2210 5645 (3,
2243 5591 2296 5646 q.
2329 5576 2382 5646 8,
2416 5592 2464 5631 c.
2515 5575 2770 5650 Suggero)
2821 5596 2833 5635 :
2884 5584 3140 5655 Suggere
3193 5584 3518 5642 secundum
3568 5588 3790 5642 statuta
