3978 6060
198 307 305 362 405

899 307 1206 360 DECRETI
1245 305 1431 357 PARS
1465 302 1532 353 V.
1567 326 1636 340 —-
1679 298 1773 349 DE
1812 291 2132 347 PRIMATU
2169 284 2342 341 ROM.
2381 284 2694 347 ECCLES.,
2733 281 2887 333 ETC.

3503 274 3609 329 406

195 434 454 486 veterum
480 429 968 495 conciliorum,ut
986 428 1037 483 si
1067 426 1198 498 quis
1227 425 1539 497 episcopus
1564 421 1704 493 (qud
1732 435 1843 473 non
1876 422 1931 488 Α
1960 407 2436 477 tractandam,ita
2450 411 2512 460 ut
2543 402 2840 476 oppressis
2867 401 2939 457 ab
2969 399 3245 456 omnibus
3281 398 3340 454 in
3376 398 3607 457 cunctis

195 522 491 594 Optamus)
515 522 572 576 in
598 529 823 577 reatum
849 519 1109 591 aliquem
1144 516 1477 585 incurrerit,
1501 518 1558 569 ct
1592 511 1765 567 fuerit
1793 508 1846 563 ei

202 612 384 666 nimia
415 611 759 680 necessitas,
801 625 919 664 non
951 624 1125 679 posse
1149 606 1437 678 plurimos
1468 616 1844 674 congregare,

200 719 269 756 ne
300 701 361 755 in
400 700 643 755 crimine
698 702 954 765 maneat,
990 715 1022 752 a
1079 696 1386 751 duodecim
1425 691 1737 765 episcopis,
1791 691 1849 743 et

195 792 498 862 presbyter
528 806 561 844 a
591 793 813 860 septem
838 787 1153 858 episcopis,
1186 801 1319 839 cum
1347 782 1582 856 proprio
1604 797 1709 835 suo
1733 778 1849 849 θρί-

193 896 371 950 scopo
402 877 699 947 audiatur,
732 881 788 932 et
817 876 1102 931 diaconus
1134 892 1165 928 a
1196 875 1401 928 tribus.

193 968 330 1023 CxP.
362 966 489 1045 263.
518 996 585 1045 -_-
615 965 690 1019 De
720 966 1008 1045 episcopo,“
1042 961 1093 1016 si
1120 959 1601 1045 c'omprovinciales
1634 959 1709 1045 in,
1732 956 1850 1023 eius

269 1036 681 1091 examinatione
709 1029 1087 1089 dissenserint.
1123 1035 1206 1087 Ex
1233 1029 1463 1087 concilio
1495 1029 1848 1095 Antiocheno,

268 1126 395 1180 cap.
432 1108 499 1163 44
530 1109 678 1177 (Ant.
714 1125 729 1161 ι
760 1107 858 1161 sub
884 1107 1037 1162 Julia
1061 1106 1129 1171 1).

268 1198 324 1251 Si
359 1196 489 1267 quis
520 1196 859 1268 episcopus,
892 1195 963 1248 de
996 1192 1169 1247 certis
1194 1189 1545 1247 criminibus
1567 1185 1851 1257 dijudica-

200 1291 318 1353 tur,
340 1290 396 1340 et
428 1284 732 1357 contingat
763 1286 833 1338 de
873 1300 937 1338 eo
982 1278 1504 1352 comprovinciales
1546 1276 1853 1347 episcopos

198 1375 512 1440 dissidere,
532 1373 990 1443 cumjudicatus
1014 1371 1084 1425 ab
1116 1370 1245 1423 aliis
1270 1368 1552 1423 innocens
1575 1366 1850 1430 creditur,

199 1480 336 1518 reus
359 1464 431 1518 ab
458 1463 588 1518 aliis
604 1461 962 1517 azstimatur:
992 1462 1228 1531 propter
1250 1457 1429 1526 hujus
1451 1451 1853 1524 ambiguitatis

200 1552 660 1619 absolutionem,
687 1556 904 1607 sancta:
938 1549 1161 1621 synodo
1191 1546 1411 1618 placuit
1440 1540 1857 1612 utmetropoli-

205 1645 384 1697 tanus
402 1641 715 1713 episcopus
741 1634 1536 1710 avicinaprovinciajudices
1559 1631 1705 1686 alios
1726 1646 1857 1684 con-

201 1734 369 1786 vocet
390 1730 487 1801 qui
519 1727 970 1784 controversiam
994 1725 1222 1790 tollant,
1248 1728 1303 1779 et
1334 1727 1398 1777 ut
1430 1738 1531 1794 per
1556 1737 1655 1776 eos
1677 1718 1852 1774 simul

204 1824 265 1875 et
286 1817 805 1890 comprovinciales
843 1816 1150 1888 episcopos
1198 1813 1353 1886 quod
1398 1791 1626 1882 justum
1666 1809 1855 1863 visum
1887 1791 1932 1856 Β

206 1904 383 1961 fuerit
413 1905 785 1976 approbetur.

206 1995 344 2075 CAP.
376 1995 607 2075 261i.”—
641 1995 719 2075 Ut.
734 1993 1021 2075 episcopis,
1047 1992 1127 2075 vel
1159 1990 1335 2045 alicui
1355 1987 1729 2075 inor-cliuillas
1754 2001 1853 2056 po-

278 2066 381 2121 sito
410 2065 608 2120 nullus
640 2058 813 2119 laicus
843 2058 1055 2119 crimen
1086 2065 1367 2134 imponere
1395 2058 1857 2134 [intenderelau-

279 2139 425 2193 dcat.
460 2140 555 2191 Ex
576 2138 803 2192 decretis
830 2136 1085 2191 Silvestri
1113 2129 1299 2205 papae,
1330 2129 1448 2203 cap.
1486 2132 1510 2185 1
1545 2130 1627 2201 (in
1649 2129 1857 2201 epilogo

283 2153 425 2193 acat.
460 2153 555 2191 hcc
576 2153 803 2192 aecretis
830 2153 1081 2191 δῑιυρεινι

283 2226 433 2265 conc.
470 2210 622 2264 Rom.
657 2226 693 2263 ιι
721 2209 818 2263 sub
847 2153 1150 2277 Silvestro)’.

278 2300 353 2372 (2,
386 2316 435 2370 q.
468 2301 522 2364 7,
556 2315 602 2353 c.
629 2300 826 2353 Nullus
852 2297 1159 2367 laicus.)1n
1193 2309 1483 2350 consensu
1512 2296 1569 2345 et
1606 2287 1858 2345 subscri-

208 2393 383 2461 ptone
414 2387 679 2443 omnium
710 2387 1099 2443 constitutum
1128 2388 1212 2440 est
1233 2388 1298 2438 ut
1326 2379 1724 2437 nulluslaicus
1743 2376 1860 2447 epi-

206 2494 384 2549 scopo
436 2477 521 2532 vel
567 2476 822 2531 alicuiin
842 2476 1148 2531 ordinibus
1171 2466 1858 2545 posito,crimenaliquod

209 2567 394 2639 possit
453 2565 686 2621 inferre.
730 2570 803 2621 Et
834 2570 897 2619 ut
928 2566 1231 2636 presbyter
1262 2578 1374 2616 non
1408 2562 1686 2615 adversus
1708 2556 1860 2627 epis-

210 2672 445 2726 copum,
481 2671 595 2709 non
626 2654 910 2709 diaconus
942 2653 1223 2707 adversus
1260 2650 1686 2721 presbyterum,
1744 2660 1861 2698 non

210 2744 614 2799 subdiaconus
673 2743 949 2797 adversus
1000 2742 1348 2802 diaconum,
1393 2754 1509 2792 non
1557 2733 1863 2805 acolythus

216 2834 498 2887 adversus
559 2831 1011 2897 subdiaconum,
1071 2846 1186 2883 non
1236 2826 1528 2883 exorcista
1584 2825 1863 2879 adversus

218 2920 612 2991 accolythum,
647 2936 753 2974 nec
786 2918 968 2974 lector
1015 2918 1298 2973 adversus
1346 2915 1710 2980 exorcistam,
1761 2926 1866 2964 nee

218 3009 498 3064 ostiarius
530 3009 808 3063 adversus
840 3006 1116 3062 lectorem
1150 3006 1247 3059 det
1277 3002 1709 3058 accusationem
1758 2997 1865 3053 ali-

216 3115 417 3170 quam.
452 3099 519 3152 Et
546 3114 662 3152 non
696 3097 1012 3151 damnetur
1034 3093 1246 3166 praesul
1272 3092 1384 3148 nisi
1412 3092 1471 3145 in
1496 3088 1869 3161 septuaginta

218 3187 452 3242 duobus
485 3186 710 3241 idoneis
740 3184 1011 3239 testibus.

215 3278 355 3333 CAP.
395 3275 650 3359 2635.”—-
681 3273 846 3359 Quod.
881 3275 1133 3359 episcopi
1165 3276 1550 3359 accusat-orum
1593 3270 1863 3349 episcopo-

289 3364 415 3490 ἒτὲῗ
434 3344 650 3472 jgidices
679 3340 794 3402 esse
813 3340 1173 3400 debeant—Ex
1192 3343 1422 3399 decretis
1453 3340 1679 3397 Damasi
1713 3352 1866 3410 papa:

290 3509 715 3562 Accusatorum
747 3504 1155 3576 episcoporum
1182 3501 1416 3573 judices
1446 3517 1575 3556 esse
1604 3495 1868 3553 decerni-

227 3613 365 3651 mus
399 3596 704 3666 episcopos
737 3594 1034 3664 sapientes
1057 3594 1220 3664 juste
1252 3597 1307 3646 et
1328 3595 1477 3645 recte
1499 3588 1777 3644 viventes.

220 3686 355 3741 CAP.
386 3685 511 3738 266.
547 3713 615 3723 —
642 3685 717 3737 De
752 3683 997 3749 legitima
1024 3684 1309 3737 vocatione
1340 3679 1577 3749 episcopi
1606 3676 1869 3731 accusati.

295 3760 378 3839 lia“:
406 3756 634 3839 epistola
664 3748 906 3839 ejusdem
936 3754 1005 3808 ad
1039 3748 1377 3825 Stephanum
1396 3754 1447 3805 et
1472 3750 1541 3804 ad
1574 3748 1874 3805 concilium

296 3829 495 3897 Africae
526 3827 628 3897 (ep.
665 3827 716 3891 4,
748 3842 794 3880 c.
828 3827 903 3895 4).

297 3918 374 3985 (5,
410 3932 461 3986 q.
495 3916 548 3981 2,
582 3932 627 3969 c.
669 3916 888 3969 Vocatio
920 3914 987 3968 ad
1022 3912 1329 3984 synodum.)
1373 3908 1612 3966 Vocatio
1661 3907 1732 3962 ad
1778 3924 1876 3979 sy-

224 4006 447 4059 nodum
474 4005 643 4073 juxta
666 4003 899 4057 decreta
921 4002 1155 4057 Patrum
1171 3999 1473 4067 canonica,
1499 3998 1627 4067 ejus
1651 3996 1751 4068 qui
1770 3996 1877 4049 im-

224 4092 466 4165 petitur,
495 4091 881 4146 rationalibus
914 4090 1150 4161 scriptis
1164 4107 1266 4161 per
1281 4088 1536 4159 spatium
1563 4085 1684 4140 fieri
1710 4084 1882 4139 debet

233 4184 769 4252 congruum,atque
790 4178 1160 4247 canonicum;
1187 4178 1322 4248 quia
1344 4177 1459 4231 nisi
1481 4174 1759 4230 canonice
1782 4189 1882 4227 vo-

228 4275 398 4326 catus
418 4270 594 4323 fuerit
613 4273 669 4323 et
692 4286 798 4324 suo
822 4274 1083 4339 tempore
1106 4271 1162 4321 et
1188 4264 1464 4321 canonica
1492 4263 1882 4328 ordinatione,

232 4358 369 4414 licet
416 4361 770 4413 conventum
832 4369 1182 4427 quacunque
1242 4353 1590 4409 necessitate
1638 4349 1884 4418 venerit,

230 4448 345 4503 nisi
378 4450 586 4517 sponte
608 4445 875 4513 voluerit,
898 4444 1238 4500 nullatenus
1264 4442 1386 4497 suis
1404 4440 1777 4512 respondebit
1802 4438 1884 4492 in-

1957 502 2339 560 subveniatur
2370 496 2587 553 causis.

1954 622 2087 677 CAP.
2119 618 2243 672 268.
2278 645 2346 654 -—-
2379 612 2630 680 Qualiter
2654 611 2888 682 primas,
2937 615 2989 662 et
3021 606 3133 682 _ubi
3169 608 3242 661 sit
3296 606 3605 682 faciendus.

2028 695 2111 746 Ea:
2139 688 2368 757 registro
2393 678 2666 757 Gregorii"
2688 681 2765 735 ad
2815 678 3154 757 Genua/lium
3204 679 3515 749 patricium
3559 686 3611 732 et

2026 750 2329 818 exercitum
2358 750 2565 828 Africae
2596 754 2655 824 (ι.
2691 770 2728 822 ι,
2753 768 2834 822 ep.
2867 750 2980 821 73).

1956 868 2272 926 concilium
2303 880 2438 919 vero
2468 859 2890 918 catholicorum
2931 857 3342 927 episcoporum
3397 856 3607 909 admo-

1958 958 2082 1015 neri
2112 954 2465 1030 praecipitur,
2500 955 2565 1005 ut
2597 950 2912 1021 primatem
2958 962 3073 1001 non
3124 961 3193 999 ex
3252 944 3457 999 ordiue
3503 943 3614 999 loci

1958 1045 2298 1120 postpositis
2335 1041 2460 1096 vitae
2508 1037 2733 1094 meritis
2766 1036 2940 1090 faciat
2978 1034 3258 1105 quoniam
3302 1034 3457 1104 apud
3500 1032 3613 1087 Do-

1960 1137 2182 1190 minum
2216 1149 2328 1187 non
2363 1129 2581 1202 gradus
2638 1124 2979 1197 elegantior,
3031 1124 3131 1177 sed
3183 1121 3311 1177 vitae
3353 1119 3615 1175 melioris

1960 1226 2110 1280 actio
2143 1219 2580 1291 comprobatur.
2618 1216 2754 1286 Ipso
2786 1230 2920 1268 vero
2968 1211 3191 1283 primas
3224 1226 3339 1266 non
3394 1208 3615 1280 passim

1962 1316 2115 1371 sicut
2146 1312 2324 1367 moris
2356 1314 2468 1373 est,
2500 1323 2602 1378 per
2656 1303 2847 1372 villas,
2883 1302 2983 1357 sed
3014 1301 3072 1356 in
3126 1316 3265 1366 una,
3307 1301 3478 1370 juxta
3519 1314 3615 1353 eo-

1962 1421 2116 1469 rum,
2149 1400 2517 1464 electionem,
2551 1395 2784 1450 civitate
2816 1391 3088 1447 resideat.

1964 1521 2096 1577 CAP.
2129 1518 2253 1572 269.
2291 1545 2356 1557 --
2388 1515 2449 1570 Ut
2477 1510 2715 1581 episcopi
2751 1508 3103 1581 singularum
3130 1502 3400 1581 gentium
3429 1503 3614 1581 sciant

2035 1590 2158 1662 quis
2188 1592 2331 1643 inter
2359 1601 2445 1662 eos
2474 1574 2557 1662 sit.
2576 1574 2807 1662 primus.
2826 1574 3178 1662 Exnepistola
3192 1574 3438 1630 Anacleti
3455 1588 3617 1645 papae

2036 1650 2290 1718 omnibus
2317 1650 2586 1729 episcopis
2620 1656 2729 1724 (ep.
2754 1652 2806 1718 3,
2839 1667 2887 1705 c.
2921 1650 2998 1719 3).

2035 1770 2197 1839 (Dist.
2221 1769 2312 1833 22,
2336 1781 2381 1819 c.
2408 1758 2814 1825 Sacrosancta.)
2838 1755 2998 1812 Beati
3029 1754 3207 1809 etiam
3241 1750 3489 1824 apostoli
3524 1751 3615 1805 in-

1962 1866 2051 1916 ter
2080 1874 2142 1915 se
2173 1855 2529 1919 statuerunt,
2562 1854 2628 1905 ut
2680 1845 2937 1919 episcopi
2983 1841 3351 1911 singularum
3400 1838 3620 1894 scirent

1963 1948 2227 2023 gentium
2262 1943 2395 2015 quis
2427 1956 2525 1996 eos
2559 1938 2785 2011 primus
2818 1936 2996 2002 esset,
3028 1934 3320 2002 quatenus
3366 1928 3439 1983 ad
3483 1943 3615 1981 eum

1963 2016 2155 2111 potior
2184 2048 2387 2089 eorum
2421 2026 2753 2085 sollicitudo
2786 2023 3123 2096 pertineret.
3148 2018 3468 2073 Naminter
3483 2016 3618 2069 bea-

1965 2106 2055 2183 tos
2088 2122 2384 2197 apostolos
2406 2119 2674 2193 quaedam
2709 2115 2819 2171 fuit
2848 2110 3220 2167 discretio.Et
3251 2106 3385 2162 licet
3416 2120 3621 2160 omnes

1968 2219 2167 2273 essent
2194 2209 2469 2284 apostoli,
2502 2208 2669 2261 Petro
2714 2208 2912 2259 tamen
2945 2218 2978 2254 a
3008 2198 3256 2254 Domino
3305 2210 3620 2251 concessus

1967 2311 2055 2363 est
2079 2281 2387 2376 primatus.
2416 2299 2486 2353 Et
2512 2296 2626 2367 ipsi
2659 2295 2812 2348 inter
2842 2307 2902 2345 se
2924 2289 3256 2351 voluerunt,
3286 2287 3347 2337 ut
3378 2281 3619 2353 reliquis

1969 2372 2245 2450 omnibus
2269 2390 2508 2460 praisset
2530 2381 2813 2454 apostolis
2835 2377 3077 2449 Cephas,
3099 2376 3156 2429 id
3180 2377 3290 2438 est,
3324 2376 3389 2426 ut
3414 2372 3616 2425 Petrus

1968 2482 2361 2557 principatum
2394 2477 2618 2530 teneret
2645 2468 3027 2539 apostolatus,
3078 2464 3218 2535 quia
3247 2465 3302 2517 et
3349 2460 3616 2516 eamdem

1972 2574 2218 2629 formam
2251 2566 2377 2622 suis
2408 2558 2849 2619 successoribus
2873 2560 2928 2609 et
2949 2552 3190 2622 reliquis
3216 2549 3505 2621 episcopis
3528 2552 3618 2600 te-

1972 2659 2224 2714 nendam
2255 2652 2647 2708 tradiderunt.
2672 2646 2742 2700 Et
2761 2660 2871 2698 non
2898 2640 3086 2695 solum
3117 2640 3220 2693 hoc
3248 2638 3302 2690 in
3330 2636 3487 2690 Novo
3511 2635 3617 2687 Te-

1970 2747 2260 2801 stamento
2292 2737 2700 2800 constitutum,
2732 2731 2833 2788 sed
2865 2730 3039 2785 etiam
3071 2727 3130 2781 in
3176 2724 3369 2779 Veteri
3412 2724 3619 2777 Testa-

1973 2837 2170 2890 mento
2205 2830 2332 2885 fuit.
2358 2827 2521 2884 Unde
2564 2823 2851 2894 scriptum
2874 2822 2964 2874 est
2988 2834 3000 2871 :
3026 2820 3240 2886 Moyses
3270 2821 3319 2868 et
3350 2812 3529 2867 Aaron
3560 2810 3619 2864 in

1975 2919 2345 2979 sacerdotibus
2374 2918 2492 2985 eius
2543 2913 2715 2985 (Psal.
2747 2910 2959 2977 xcvm),
2995 2906 3051 2960 id
3085 2908 3196 2972 est,
3245 2900 3419 2973 primi
3469 2899 3625 2954 inter

1977 3029 2075 3069 eos
2107 3011 2356 3066 fuerunt.
2379 3006 2445 3060 Et
2462 3000 2726 3076 quamvis
2756 2998 2836 3053 ita
2867 2996 2938 3052 sit
2965 2994 3320 3055 ordinatum,
3342 3005 3512 3044 nemo
3535 2993 3623 3042 ta-

1981 3119 2114 3158 men
2139 3099 2291 3172 quod
2316 3112 2487 3152 suum
2508 3097 2596 3148 est
2618 3092 2858 3163 quaerat,
2879 3087 2980 3141 sed
2998 3084 3153 3156 quod
3179 3079 3443 3147 alterius,
3472 3077 3629 3132 unde

1900 3175 1942 3238 C
1983 3193 2065 3248 ait
2102 3167 2311 3244 beatus
2362 3182 2577 3240 Paulus
2634 3177 2977 3250 apostolus:
3014 3172 3359 3242 Unuquisque
3414 3167 3631 3237 placeat

1972 3280 2226 3353 proximo
2254 3292 2350 3332 suo
2381 3277 2440 3329 in
2473 3275 2694 3335 bonum,
2725 3267 2796 3323 ad
2823 3264 3257 3335 uecliﬁcationem
3296 3258 3469 3325 (Rom.
3510 3257 3625 3322 xv).

1976 3344 2043 3427 Et
2073 3369 2225 3424 sicut
2256 3366 2381 3436 ipse
2410 3359 2672 3417 Salvator
2699 3356 2822 3411 suis
2855 3354 2937 3409 ait
2962 3348 3239 3423 apostolis
3272 3363 3285 3401 :
3323 3345 3428 3413 Qui
3447 3344 3629 3414 major

1976 3470 2052 3517 est
2084 3465 2346 3519 vestrum,
2378 3454 2484 3507 erit
2514 3449 2772 3504 minister
2812 3451 2982 3501 vester
3026 3438 3234 3513 (Matth.
3282 3452 3392 3496 xx;
3442 3438 3622 3491 Marc.

1975 3551 2034 3621 ιι)
2064 3566 2082 3602 :
2113 3551 2169 3602 et
2198 3543 2437 3613 reliqua.

1980 3666 2113 3721 CAP.
2145 3662 2269 3714 270.
2303 3688 2371 3698 --
2404 3657 2465 3712 Ut
2493 3654 2785 3725 episcOpus
2802 3653 3094 3725 accusatus
3121 3640 3501 3725 communique
3521 3654 3633 3694 non

2054 3713 2318 3806 priuetur,
2338 3713 2690 3806 Anisi_st'atu_ta
2727 3722 2814 3777 die
2842 3713 3476 3806 pepirednolueritqklix
3504 3726 3633 3766 con-

2053 3785 2659 3870 iCarthaginensi.
2692 3810 2807 3864 cap.
2841 3792 2874 3845 8
2904 3787 3114 3860 (Carth.
3144 3804 3228 3854 III,
3261 3801 3308 3839 ο.
3341 3785 3419 3855 7).

2058 3924 2135 3994 (4,
2167 3938 2218 3993 q.
2251 3936 2299 3975 c.
2321 3918 2375 3973 5.
2410 3914 2673 3985 Quisquis
2692 3905 3003 3982 primates.)
3032 3901 3305 3959 Aurelius
3326 3899 3639 3971 episcopus

1990 4012 2139 4068 dixit
2218 4005 2499 4077 Quisquis
2530 4001 2940 4074 episcoporum
2975 3996 3311 4057 accusatur,
3329 3989 3401 4044 ad
3426 3987 3639 4058 prima-

1986 4107 2112 4158 tem
2136 4096 2448 4171 provincize
2465 4092 2657 4164 ipsius
2678 4102 2919 4144 causam
2945 4084 3166 4138 deferat
3186 4080 3515 4142 accusator,
3530 4088 3637 4128 nec

1992 4209 2025 4245 a
2047 4184 2463 4244 communione
2496 4169 3251 4251 suspendatur,cuicrimen
3283 4162 3635 4227 intenditur,

2008 4278 2123 4333 nisi
2155 4277 2225 4331 ad
2261 4286 2501 4329 causam
2524 4250 2695 4324 suam
2712 4250 3641 4325 dicendam,electorumjudicio,

1994 4368 2087 4422 die
2119 4368 2358 4428 statuta,
2382 4358 2592 4416 litteris
2614 4348 3162 4420 evocatus,minime
3188 4341 3645 4408 occurrerit,boc

1995 4460 2083 4511 est
2114 4454 2266 4508 infra
2296 4450 2545 4522 spatium
2572 4443 2796 4502 mensis
2819 4458 2887 4498 ex
2910 4457 2978 4495 ea
3000 4438 3239 4504 die,qua
3260 4449 3394 4489 eum
3418 4432 3646 4487 litteras

227 4536 637 4605 Sidiatoribusi
664 4535 943 4607 quoniam
968 4550 1073 4590 nec
1106 4531 1302 4588 53900“
1337 4531 1494 4603 19895
1516 4529 1626 4585 hoc
1648 4527 1892 4600 Permit"
1924 4531 1969 4596 Ι)
2002 4542 2295 4614 accepisse
2326 4518 2673 4595 constiterit.
2723 4531 2884 4596 Quod
2932 4528 2981 4585 si
3007 4527 3238 4598 aliquas
3258 4538 3405 4578 veras
3437 4518 3647 4593 [veras]

230 4629 366 4681 tunt
400 4624 544 4691 fieri,
579 4628 795 4694 quanto
831 4622 1015 4695 magis
1046 4619 1300 4676 divinae?

231 4714 365 4769 CAP.
397 4712 520 4766 267.
552 4742 620 4752 —-
653 4713 718 4769 Ut
749 4711 1010 4783 primates
1052 4710 1116 4765 de
1166 4712 1424 4783 accusato
1471 4708 1738 4783 episcopo,
1778 4720 1890 4759 non

303 4793 433 4838 ante
460 4778 1115 4864 sententiamnproferant
1147 4778 1545 4862 damnationis,
1591 4794 1756 4861 quam
1795 4783 1891 4831 aut

306 4871 462 4910 reum
481 4871 537 4909 se
558 4855 674 4926 ipse
693 4849 1035 4924 conﬁteatur,
1065 4858 1162 4907 aut
1206 4853 1467 4926 canonice
1494 4866 1601 4926 per_
1627 4849 1891 4903 innocen-

2000 4629 2368 4689 necessitatis
2380 4642 2588 4683 causas
2612 4617 3335 4696 probaverit,quibuseum
3348 4622 3651 4667 occurrere

2004 4739 2120 4779 non
2144 4719 2406 4793 potuisse
2428 4714 2808 4771 manifestum
2823 4709 3117 4774 sit,causae
3135 4720 3252 4760 suae
3271 4699 3532 4756 dicendae
3563 4697 3651 4751 in-

2008 4817 2099 4867 tra
2122 4791 2372 4866 alterum
2407 4818 2668 4859 mensem
2701 4797 3030 4854 secundum
3074 4791 3325 4865 [tandiu]
3355 4805 3473 4845 non
3496 4803 3654 4842 com-

2006 4900 2289 4963 municet,
2315 4896 2497 4950 donec
2520 4889 2890 4946 examinetur
2909 4882 3259 4957 [purgetur].
3280 4878 3340 4934 Si
3370 4880 3567 4934 autem
3582 4874 3655 4929 ad

2008 4984 2321 5043 concilium
2354 4977 2683 5036 universale
2712 4976 2867 5031 infra
2896 4970 3035 5028 anni
3066 4968 3325 5042 spatium
3356 4978 3659 5021 occurrere

2010 5070 2462 5137 noluerit,utvel
2486 5068 2566 5124 ibi
2590 5083 2769 5122 causa
2801 5064 2929 5132 ejus
2950 5059 3320 5125 terminetur,
3341 5054 3467 5126 ipse
3506 5052 3566 5107 in
3598 5067 3661 5106 se

2010 5159 2409 5219 damnationis
2434 5154 2784 5213 sententiam
2810 5151 3028 5207 dixisse
3050 5148 3371 5219 judicetur.
3388 5147 3667 5213 Tempore

2010 5268 2150 5309 sane
2173 5265 2291 5322 quo
2328 5264 2442 5302 non
2482 5242 2906 5310 communicat,
2940 5254 3045 5294 nec
3077 5237 3135 5291 in
3169 5251 3277 5291 sua
3305 5230 3549 5289 ecclesia
3579 5237 3668 5292 ve1

2013 5338 2267 5415 parmcia
2298 5335 2721 5392 communicet:
2741 5332 3042 5388 accusator
3068 5330 3265 5381 autem
3288 5318 3667 5393 ejus,sinun-

2017 5447 2191 5502 quam
2225 5428 2432 5484 diebus
2466 5442 2652 5480 causm
2686 5420 2945 5477 dicenda:
3004 5412 3271 5477 defuerit,
3321 5428 3354 5465 a
3402 5421 3668 5463 commu-

2019 5520 2193 5575 nione
2225 5534 2339 5572 non
2371 5517 2775 5578 removeatur;
2823 5509 2871 5565 si
2909 5522 3043 5563 vero
3076 5499 3394 5573 aliquando
3425 5496 3675 5554 defuerit

2021 5606 2375 5666 subtrahens
2416 5622 2497 5672 se,
2532 5603 2805 5659 restituto
2837 5598 2894 5652 in
2929 5590 3341 5650 communione
3373 5588 3669 5662 episcopo,

306 4921 992 4981 testestes'convincatur.
1057 4926 1139 4979 Ea:
1184 4922 1416 4994 cpistola
1480 4921 1679 4994 Felicis
1730 4933 1894 4994 papa?

307 5000 553 5053 Pater-no
584 5000 840 5068 episcopo
867 5000 1067 5064 missa,
1091 4991 1222 5063 cap;
1240 4996 1271 5048 4
1293 4995 1473 5066 (Felix
1494 4994 1533 5060 Ι,
1557 4991 1711 5061 epist.
1748 4993 1821 5054 1).

308 5087 388 5155 (2,
421 5104 476 5157 q.
512 5088 563 5149 1,
624 5104 671 5142 c.
716 5087 1040 5153 Primates.)
1071 5084 1355 5137 Primates
1387 5097 1618 5151 quoque
1650 5095 1891 5134 accusa-

233 5180 366 5230 tum
399 5174 785 5229 discutientes
817 5174 1188 5245 episcopum,
1223 5186 1338 5224 non
1373 5172 1506 5223 ante
1539 5168 1891 5223 sententiam

234 5281 269 5335 p
286 5263 549 5318 roferant
573 5263 994 5327 damnationis,
1022 5275 1197 5332 quam
1220 5255 1541 5329 apostolica
1564 5256 1693 5311 freti
1709 5261 1901 5312 aucto-

246 5352 447 5419 ritate,
473 5356 575 5405 aut
595 5367 761 5406 reum
785 5368 846 5407 se
877 5351 1003 5424 ipse
1025 5348 1393 5416 conﬁteatur,
1432 5348 1535 5401 aut
1583 5361 1686 5416 per
1730 5345 1901 5400 inno—

237 5444 441 5497 centes
470 5444 527 5495 et
542 5441 819 5495 canonice
838 5440 1390 5496 examinatostestes
1403 5434 1747 5507 regulariter
1767 5450 1903 5488 con-

243 5532 516 5586 vincatur
540 5546 552 5582 :
580 5529 751 5585 aliter
774 5546 1084 5586 censemus
1106 5525 1333 5582 irritam
1376 5540 1505 5580 esse
1528 5530 1584 5580 et
1618 5525 1905 5596 injustam

246 5620 666 5693 episcoporum
714 5620 1172 5684 damnationem,
1200 5613 1492 5672 etidcirco
1518 5632 1547 5670 a
1572 5616 1793 5685 synodo
1825 5628 1910 5668 re-
