3960 6072
378 261 479 316 407

1469 267 1535 315 D.
1574 263 1816 316 IVONIS
1853 264 2341 319 CARNOTENSIS
2380 266 2686 321 EPISCOPI

3676 265 3794 320 408

375 388 901 459 ipse,removeatur
921 402 956 439 a
976 388 1390 443 communione
1434 392 1777 455 accusator;
1807 386 1890 443 ita
1928 391 2015 442 ta-
2048 388 2103 455 Α
2135 388 2319 443 dium.
2354 390 2591 445 Ethunc
2612 391 2790 447 talem
2814 394 2945 463 post
2968 393 3135 447 tanta
3166 389 3424 463 taliaque
3464 389 3798 446 commissa

374 480 607 541 men,ut
623 492 727 531 nec
749 474 861 546 ipsi
883 476 1178 530 adimatur
1193 476 1435 532 facultas
1450 492 1639 531 causa;
1658 477 2017 547 peragendae,

375 566 426 622 si
452 583 514 622 se
535 566 607 621 ad
630 565 781 620 diem
794 565 1179 621 constitutum
1196 581 1496 621 occurrere
1510 582 1623 621 non
1638 565 2019 631 voluisse,sed

377 672 493 711 non
512 654 776 727 potuisse
814 655 1164 726 probaverit.
1207 652 1355 709 Illud
1376 670 1507 709 vero
1532 654 1770 727 placuit,
1795 658 1857 708 ut
1887 671 2021 709 cum

378 760 550 815 agere
572 744 809 813 coeperit
840 742 897 795 in
930 743 1339 813 epi900porum
1365 743 1611 812 judicio,
1635 743 1685 797 si
1721 742 1894 797 fuerit
1927 758 2021 796 ac-

379 832 670 887 cusatoris
708 847 958 902 persona
1008 830 1341 902 culpabilis,
1393 832 1464 885 ad
1511 831 1876 903 arguentium
1906 848 2019 886 non

378 919 743 984 admittatur,
778 918 889 973 nisi
922 920 1185 991 proprias
1215 936 1446 989 causas,
1470 937 1585 975 non
1617 925 1811 975 tamen
1844 919 2022 975 eccle-

378 1009 665 1078 siasticas,
698 1024 959 1063 asserere
986 1007 1255 1063 voluerit.

377 1142 507 1198 ΟΑΡ.
538 1142 663 1196 271.
696 1173 767 1183 —-
796 1143 866 1197 De
898 1144 1134 1197 Maximo
1179 1145 1425 1214 episcopo
1474 1146 1646 1199 variis
1698 1145 2024 1199 criminibus

446 1215 749 1283 infamato,
778 1224 829 1268 et
850 1213 918 1267 ad
944 1213 1215 1285 synodum
1246 1214 1455 1284 sepius
1484 1221 1693 1280 vocato,
1729 1218 1826 1285 qui
1842 1215 2027 1271 venire

446 1290 580 1365 eice
599 1301 858 1365 excusare
874 1288 1209 1365 neglexerat:
1338 1288 1573 1341 secunda
1594 1290 1752 1357 epist.
1786 1286 2023 1356 Bonifa-

445 1357 523 1410 cii
545 1371 731 1427 papae,
764 1356 835 1410 ad
864 1356 1144 1428 episcopos
1172 1358 1397 1413 Galliae.

445 1486 779 1542 Bonifacius
796 1486 1131 1559 episcopus,
1154 1486 1434 1554 Patroclo,
1454 1487 1735 1559 Remigio,
1756 1487 2024 1556 Maximo,

376 1575 617 1645 Hilario,
648 1578 876 1644 Severo,
911 1575 1160 1643 Valerio,
1184 1574 1438 1645 Juliano,
1462 1576 1742 1646 Castorio,
1766 1576 2026 1646 Leontio,

374 1665 783 1733 Constantino,
805 1665 1040 1732 Joanni,
1067 1668 1356 1733 Montano,
1374 1665 1597 1720 Marino
1630 1664 2031 1736 [Mauritio],et

380 1753 602 1809 castoris
634 1754 928 1825 episcopis
950 1770 1052 1824 per
1071 1752 1306 1822 Gallias,
1340 1758 1397 1807 et
1419 1770 1521 1824 per
1541 1758 1762 1824 septem
1795 1752 2030 1824 provin-
2061 1764 2106 1829 Β

380 1843 503 1898 cias
527 1842 887 1899 constitutis.
910 1842 1230 1897 Valentius:
1254 1859 1360 1897 nos
1384 1841 1576 1897 clerici
1597 1842 1846 1897 civitatis
1867 1842 2023 1897 adie-

383 1938 538 1999 runt,
564 1935 953 2007 proponentes
974 1929 1238 1985 libellum
1274 1935 1331 1986 et
1378 1931 1645 1999 crimina,
1690 1947 1815 2002 qua:
1854 1931 2024 1986 Maxi-

385 2036 572 2089 mum,
604 2024 882 2075 testetota
896 2020 1213 2090 provincia,
1244 2020 2028 2075 asseruntcommisisse.De-

382 2106 574 2179 legata
590 2107 762 2163 toties
784 2108 1119 2179 cognitione
1138 2108 1302 2163 illum
1321 2110 1639 2164 constituta
1652 2126 1881 2180 semper
1894 2110 2027 2164 sub-

380 2196 693 2267 tertugisse
711 2195 957 2267 judicia,
991 2214 1097 2252 nec
1126 2198 1415 2252 conﬁsum
1467 2197 1824 2253 conscientia
1863 2198 2024 2253 festi-

381 2301 573 2353 nasse,
592 2290 655 2340 ut
677 2284 726 2340 si
740 2289 895 2340 esset
915 2286 1195 2341 innocens
1217 2286 1564 2341 examinatis
1584 2288 1860 2341 omnibus
1884 2304 2024 2359 pur-

376 2378 637 2444 garetur,
671 2390 797 2444 quas
847 2373 1020 2429 toties
1058 2375 1291 2429 decreta
1320 2392 1387 2430 ex
1416 2381 1743 2430 vestrarum
1776 2377 2025 2445 [nostra-

375 2462 529 2532 rum]
561 2477 795 2533 quoque
827 2462 1164 2517 chartarum
1196 2463 1582 2518 instructione
1620 2464 2022 2534 cognovimus.

374 2548 482 2614 Qui
501 2550 829 2606 econtrario
863 2552 1126 2622 probavit
1150 2552 1219 2607 de
1253 2568 1316 2608 se
1353 2551 1455 2607 illa
1493 2569 1619 2623 quae
1659 2553 1814 2608 dicta
1864 2558 2024 2624 sunt,

373 2639 515 2710 quia
547 2640 684 2711 [cui]
716 2641 787 2695 ad
818 2657 885 2695 ea
915 2642 1441 2711 confutanda,cum
1468 2647 1667 2697 essent
1691 2642 2024 2708 innumera,

375 2745 409 2783 a
440 2730 848 2785 decessoribus
873 2730 1018 2784 meis
1044 2730 1417 2800 provincialis
1435 2736 1523 2785 est
1544 2730 1810 2802 delegata
1832 2732 2025 2803 cogni-

378 2818 479 2872 tio.
514 2818 852 2873 Conventus
878 2818 1056 2872 etiam
1076 2818 1293 2873 dicitur
1318 2820 1589 2885 evitasse,
1614 2824 1670 2874 et
1689 2820 1897 2876 adesse
1919 2824 2024 2875 mi-

377 2906 537 2959 nime
556 2904 830 2960 voluisse.
856 2909 921 2959 Et
944 2905 1144 2961 nullus
1166 2907 1398 2961 dubitat
1436 2909 1590 2979 quod
1613 2908 1694 2963 ita
1724 2910 2020 2978 judicium

376 3008 592 3048 nocens
605 2992 960 3065 subterfugit
972 2995 1467 3065 quemadmodum
1488 3000 1550 3051 ut
1564 2996 2023 3069 absolvatur,qui

375 3085 465 3136 est
484 3080 1137 3152 innocens,quaarit.Sed
1161 3087 1353 3137 astuta
1374 3084 1664 3140 cavillatio
1687 3088 2017 3159 eorum,qui

372 3169 628 3225 versutis
650 3170 941 3241 agendum
978 3170 1226 3225 credunt
1246 3185 1375 3225 esse
1396 3171 1679 3238 consiliis,
1716 3189 2017 3244 nunquam

371 3258 721 3315 innocentiae
770 3275 982 3313 nomen
1006 3259 1613 3329 accipiet.Confitetur
1636 3261 1791 3316 enim
1813 3262 1883 3317 de
1904 3278 2023 3318 om-

372 3347 570 3413 nibus,
607 3347 879 3419 quisquis
900 3364 961 3402 se
984 3347 1694 3419 subterfugerejudicium
1723 3349 2019 3406 dilationi-

372 3436 484 3490 bus
506 3440 692 3505 putat.
716 3434 917 3490 Veniet
937 3440 1133 3490 tamen
1158 3435 1475 3507 aliquando
1498 3436 1873 3509 ille,quitalis
1892 3456 2019 3511 per-

370 3523 690 3590 hibetur,in
718 3523 973 3578 medium
999 3542 1011 3579 :
1040 3541 1142 3579 nec
1165 3526 1718 3599 prodest[proderit]
1741 3526 1824 3582 illi
1845 3530 2021 3584 toties

372 3610 816 3679 latuisse,toties
835 3613 1472 3686 subterfugisse,qucm
1498 3615 1588 3669 sui
1602 3621 1770 3672 actus
1782 3622 1840 3672 et
1860 3634 2016 3674 com-

376 3699 560 3755 missa
599 3716 952 3773 quocunque
992 3702 1228 3774 fugerit,
1264 3719 1332 3758 ea
1362 3719 1487 3774 quae
1519 3704 1881 3775 objiciuntur
1908 3706 2016 3773 illi,

371 3786 421 3843 si
450 3804 586 3843 vera
606 3789 1032 3857 sunt,crimina
1055 3795 1509 3861 persequuntur.
1537 3792 1863 3847 Debueram
1888 3794 2017 3864 qui-

371 3876 503 3931 dem
527 3876 655 3947 jam
687 3876 923 3948 dignam
957 3894 1057 3948 pro
1082 3880 1211 3947 ejus
1244 3878 1536 3933 accusatis
1564 3879 1623 3933 in
1649 3881 2022 3950 nostrojudi-

368 3964 454 4021 cio
473 3965 727 4033 actibus,
760 3965 859 4036 qui
904 3966 1294 4037 cognitionem
1319 3972 1375 4020 et
1402 3968 1701 4022 decretum
1722 3969 2015 4037 judicium

366 4071 518 4127 saepe
542 4054 890 4111 declinando
916 4054 1163 4110 credidit
1184 4053 1573 4125 illudendum,
1607 4056 1744 4111 dare
1782 4062 2015 4113 senten-

365 4144 531 4199 tiam.
557 4146 834 4210 Quamne
874 4142 1089 4215 aliquis
1128 4159 1494 4215 praecoquam
1519 4144 1762 4200 forsitan
1786 4146 2012 4216 judica-

364 4236 469 4298 ret,
493 4237 549 4287 et
569 4233 681 4288 sibi
699 4234 823 4304 (qui
849 4234 1065 4289 absens
1086 4237 1196 4303 est,
1219 4232 1353 4289 licet
1372 4232 1449 4288 sit
1469 4234 1771 4307 quaesitus)
1789 4253 1822 4291 a
1842 4236 2013 4292 nobis

360 4325 720 4375 reservatum
751 4336 879 4377 esse
910 4322 1057 4377 nihil
1086 4323 1324 4390 diceret,
1345 4322 1663 4379 maluimus
1684 4323 2010 4398 intercape-

366 4408 500 4462 dine
518 4409 799 4479 tsmporis
828 4410 984 4476 data,
1012 4410 1252 4482 differri,
1304 4428 1436 4467 cum
1497 4412 1607 4468 hoc
1670 4412 1844 4469 etiam
1881 4416 2006 4485 ejus

364 4501 730 4554 accusatores
764 4504 1110 4567 assererent,
1141 4501 1210 4557 de
1240 4503 1411 4573 cujus
1460 4504 1758 4574 [quorum]
1802 4503 1995 4559 inten-
2030 4484 2079 4552 D

364 4586 627 4642 tionibus
647 4590 705 4642 et
729 4588 993 4644 moribus
1016 4590 1094 4645 sit
1115 4590 1413 4647 decretum
1452 4592 1787 4666 [securum].
1824 4594 2007 4650 Maxi-

367 4689 530 4728 mum
561 4678 726 4731 tanto
776 4678 967 4748 magis
1001 4678 1339 4735 damnanda
1375 4682 1763 4749 committere,
1787 4688 2006 4753 quanto

365 4763 585 4818 tardius
608 4779 669 4818 se
691 4766 1007 4821 constituto
1023 4767 1247 4836 judicio
1264 4774 1657 4838 praesentaret.
1682 4774 1863 4834 Quem
1887 4773 2005 4828 Ma-

362 4850 721 4907 nichaeorum
746 4853 1073 4909 involutum
1097 4854 1637 4930 caligine,arguunt
1658 4860 1815 4932 turpi
1848 4867 2007 4918 secta

361 4936 497 4993 olim
523 4938 600 4994 ita
613 4956 744 4995 eum
770 4957 840 4996 ne
856 4942 1043 5014 possit
1064 4944 1318 5015 abluere,
1347 4946 1606 5004 animum
1629 4951 1963 5008 sordidasse
1987 4970 2000 5007 :

358 5026 414 5080 in
451 5028 857 5098 probationem
892 5032 1128 5102 objecta:
1170 5033 1251 5088 rei
1275 5039 1441 5107 gesta
1484 5039 1786 5110 synodalia
1812 5044 2003 5114 profe-

357 5120 571 5181 rentes,
604 5121 659 5172 et
689 5119 1022 5176 commissis
1066 5122 1391 5180 involutum
1431 5128 1691 5199 undique
1738 5130 2001 5204 ﬂagitiis,

354 5203 585 5260 nullum
616 5222 748 5262 eum
769 5208 1041 5266 sanitatis
1064 5209 1343 5268 habuisse
1360 5220 1688 5285 respectum
1709 5203 1879 5289 quem
1908 5222 1998 5276 fu-

355 5310 483 5349 rore
506 5311 612 5350 suo
637 5300 694 5350 et
714 5294 924 5353 insana
949 5300 1279 5356 temeritate
1295 5302 1365 5358 ad
1382 5302 1748 5360 saecularium
1771 5323 2004 5380 quoque

348 5382 618 5449 judicum
648 5383 965 5441 tribunalia
986 5388 1291 5445 subditum
1314 5392 1806 5464 quaastioni,quod
1831 5396 1885 5449 in
1905 5397 2001 5453 vili

356 5484 605 5537 persona
624 5475 1039 5546 turpissimum
1081 5482 1189 5544 est,
1241 5480 1529 5550 objiciunt
1562 5483 1914 5552 pervenisse,
1946 5493 2004 5543 et

356 5553 1015 5622 homicidildamnatum
1040 5569 1774 5641 asseruntgesti,Sprolatis
1794 5573 1851 5628 in
1883 5593 2001 5632 me-

2132 478 2505 549 episcopatus
2534 479 2727 534 adhuc
2752 480 2865 535 sibi
2889 496 3098 535 nomen
3137 479 3198 534 in
3225 478 3634 534 suislatibulis
3655 481 3793 534 vin-

2131 565 2344 632 dicare,
2379 568 2707 639 impropria:
2729 568 2983 623 civitatis
3005 568 3313 623 infamiam
3346 567 3547 623 nimiis
3570 566 3795 623 dolori-

2132 656 2243 710 bus
2264 662 2727 727 conqueruntur,
2760 663 2816 712 et
2846 662 3117 713 sanctum
3172 674 3383 713 nomen
3431 657 3793 712 vindicando

2131 743 2243 799 sibi
2275 744 2420 799 velle
2446 745 2722 815 polluere.
2756 746 3241 817 Ideoque,fratres
3262 744 3619 812 charissimi,
3646 744 3794 815 quia

2130 832 2225 887 hic
2257 833 2583 888 audiendus
2616 838 2967 905 praesentare
3006 852 3068 891 se
3112 835 3320 904 noluit,
3370 851 3441 889 ne
3488 834 3800 889 convictus

2132 921 2374 976 forsitan
2408 923 2479 976 ab
2503 923 2919 979 accusantibus
2965 940 3028 979 se
3074 923 3322 991 clericis,
3372 924 3558 994 possit
3613 922 3800 989 digna

2128 1012 2367 1066 tandem
2398 1010 2734 1082 aliquando,
2771 1017 3152 1081 praesantatus
3200 1010 3517 1084 episcopali
3539 1010 3796 1081 judicio,

2135 1100 2631 1170 pronuntiationis
2645 1117 2918 1172 congruae
2942 1100 3095 1156 feriri
3120 1101 3795 1171 sententia(quanquam

2132 1188 2243 1253 illi,
2274 1204 2408 1245 cum
2434 1189 2555 1244 haec
2581 1190 2750 1245 docta
2775 1191 3011 1259 fuerint,
3039 1191 3292 1245 seiamus
3320 1190 3501 1259 hujus
3528 1188 3796 1243 nominis

2137 1278 2593 1348 essejacturam,
2618 1278 2718 1349 qui
2752 1280 3036 1351 pudorem
3064 1295 3367 1349 nunquam
3393 1277 3674 1332 habuisse
3700 1294 3797 1332 sa-

2136 1366 2377 1421 cerdotii
2402 1367 2763 1438 perhibetur,
2791 1374 2848 1423 et
2871 1368 3064 1423 locum
3089 1384 3263 1423 suum
3293 1383 3364 1422 ne
3400 1364 3632 1421 modico
3655 1366 3796 1436 qui-

2135 1456 2267 1510 dem
2299 1460 2562 1527 tempore
2611 1456 2958 1527 custodisse)
3007 1456 3345 1512 dilationem
3388 1455 3689 1523 dedimus,
3738 1457 3799 1509 et

2136 1543 2523 1612 decrevimus,
2544 1549 2802 1600 vestrum
2825 1545 3124 1616 [vestram]
3148 1546 3354 1601 debere
3378 1544 3535 1599 intra
3564 1542 3800 1614 provin-

2137 1632 2287 1687 ciam
2320 1649 2448 1688 esse
2472 1633 2788 1703 judicium,
2827 1639 2884 1689 et
2922 1634 3264 1705 congregari
3314 1632 3605 1704 synodum
3658 1634 3797 1686 ante

2140 1720 2293 1775 diem
2329 1721 2724 1777 Kalendarum
2747 1722 3259 1792 Novembrium,ut
3286 1721 3336 1777 si
3358 1722 3565 1776 adesse
3585 1718 3797 1775 volue-

2138 1809 2234 1876 rit,
2259 1826 2514 1881 praesens
2565 1811 2613 1865 si
2651 1811 2916 1877 conﬁdit,
2943 1813 3013 1867 ad
3047 1812 3275 1881 objecta
3306 1810 3658 1881 respondeat
3694 1826 3706 1863 :
3741 1808 3793 1864 si

2135 1899 2341 1953 adesse
2362 1900 2701 1971 neglexerit,
2729 1900 3074 1955 dilationem
3091 1900 3397 1955 sententias
3427 1899 3499 1953 de
3520 1898 3797 1954 absentia

2135 2003 2249 2042 non
2273 1986 2549 2042 lucretur.
2582 1988 2725 2043 Nam
2754 1989 3131 2045 manifestum
3154 1993 3243 2044 est
3263 2005 3398 2044 eum
3420 1986 3689 2043 conﬁteri
3710 1989 3785 2041 de

2134 2076 2401 2145 crimine,
2432 2076 2779 2147 quiindulto
2800 2084 2859 2134 et
2895 2079 3068 2134 toties
3092 2077 3357 2150 delegato
3379 2076 3605 2148 judicio
3638 2092 3779 2148 pur-

2135 2164 2311 2235 gandi
2342 2181 2404 2219 se
2429 2165 2732 2221 occasione
2763 2184 2878 2222 non
2910 2167 3115 2221 utitur.
3148 2165 3304 2221 Nihil
3335 2166 3488 2221 enim
3512 2165 3786 2229 interest,

2134 2257 2335 2308 utrum
2366 2254 2423 2308 in
2457 2255 2730 2325 praesenti
2759 2257 3025 2310 examine
3056 2255 3255 2311 omnia
3293 2271 3423 2325 quas
3452 2253 3609 2309 dicta
3642 2257 3787 2308 sunt

2135 2343 2611 2413 comprobantur,
2645 2360 2780 2399 cum
2813 2346 2942 2415 ipsa
2972 2359 3205 2415 quoque
3237 2342 3597 2415 professione
3628 2343 3786 2413 [pro-

2134 2448 2238 2484 con
2250 2432 2409 2501 fess.]
2432 2437 2739 2503 procurata
2761 2434 2933 2489 toties
2957 2437 3185 2488 constet
3210 2431 3520 2487 abstentia.
3544 2430 3664 2485 Nos
3685 2446 3785 2484 au-

2134 2523 2251 2574 tem
2284 2536 2385 2591 per
2414 2537 2619 2576 omnes
2652 2522 3035 2592 provinciales
3069 2521 3295 2577 litteras
3328 2521 3676 2591 dirigemus,
3710 2534 3785 2573 ne

2134 2610 2570 2665 excusationem
2590 2610 2701 2666 sibi
2725 2611 3107 2683 ignorationis
3128 2610 3429 2675 obtendat,
3450 2613 3512 2664 ut
3543 2608 3613 2662 ad
3643 2624 3782 2678 pro-

2134 2697 2383 2754 vinciam
2414 2699 2609 2755 venire
2639 2705 2899 2771 cogatur,
2928 2705 2984 2755 et
3015 2699 3132 2754 illic
3174 2715 3238 2754 se
3285 2696 3599 2753 constituto
3628 2713 3780 2768 prae-

2132 2793 2363 2842 sentare
2386 2787 2630 2857 judicio.
2666 2788 2960 2859 Quidquid
3020 2792 3216 2844 autem
3266 2791 3461 2843 vestra
3514 2785 3779 2841 charitas

2131 2877 2202 2931 de
2240 2876 2349 2932 hac
2399 2894 2578 2933 causa
2613 2878 2845 2933 duxerit
2891 2878 3347 2943 decernendum,
3378 2891 3513 2930 cum
3563 2874 3637 2929 ad
3670 2890 3780 2929 nus

2132 2964 2379 3020 relatum
2432 2966 2625 3033 fuerit,
2673 2970 2873 3021 nostra
2923 2966 3011 3036 (ut
3045 2966 3343 3036 condecet)
3392 2977 3631 3019 necesse
3685 2966 3779 3018 est

2132 3052 2476 3109 auctoritate
2507 3054 2791 3110 ﬁrmetur.

2048 3127 2092 3196 θ
2130 3158 2261 3214 CAP.
2292 3159 2419 3213 272.
2450 3190 2519 3199 —
2550 3161 2623 3215 De
2651 3163 2895 3232 episcopo
2923 3162 3224 3216 crzminato
3252 3159 3347 3231 qui
3390 3158 3462 3232 ad
3507 3157 3779 3232 synodum

2199 3239 2445 3304 vocatus,
2466 3232 2657 3304 venire
2677 3229 3098 3304 contempserit.
3133 3233 3208 3287 De
3252 3229 3460 3303 synodo
3490 3229 3645 3301 apud
3684 3230 3780 3284 At-

2199 3302 2369 3356 theim
2390 3302 2692 3373 [Alcheum]
2716 3302 2921 3373 habita,
2954 3320 3076 3375 cap.
3110 3305 3191 3358 10.

2199 3388 2587 3446 Richuvinum
2632 3391 3103 3464 episcopum,qui
3117 3396 3315 3447 contra
3334 3394 3673 3445 sanctorum
3690 3405 3778 3443 ca-

2128 3494 2349 3533 nonum
2373 3480 2707 3535 sanctiones
2724 3480 3241 3552 Strazburgcnsem
3268 3477 3587 3534 Ecclesiam
3608 3477 3777 3533 inva-

2129 3567 2227 3635 sit,
2248 3583 2420 3638 quem
2445 3570 2514 3624 ad
2539 3572 2803 3624 sanctam
2832 3570 3121 3641 synodum
3154 3584 3256 3641 per
3288 3568 3514 3623 litteras
3539 3571 3776 3622 nostras

2126 3654 2527 3719 invitavimus,
2560 3662 2617 3712 et
2673 3657 2867 3713 venire
2898 3662 3279 3713 contemnens
3336 3670 3443 3712 nec
3483 3655 3774 3711 vicarium

2126 3761 2299 3798 suum
2362 3746 2543 3811 misit,
2586 3745 2929 3802 auctoritate
2974 3746 3163 3802 sancti
3192 3745 3338 3802 Petri
3369 3761 3472 3817 ego
3510 3744 3774 3800 Joannes

2127 3831 2381 3888 vicarius
2412 3834 2739 3905 apostolici,
2773 3851 2841 3889 ex
2870 3842 3153 3906 praecepto
3175 3839 3390 3890 sancta:
3421 3833 3632 3906 synodi
3682 3834 3772 3887 in-

2125 3920 2419 3992 iungendo
2449 3938 2724 3977 vocamus
2756 3923 2967 3979 iterum
2989 3928 3045 3978 et
3073 3922 3446 3994 praecipimus
3476 3926 3773 3993 quatenus

2126 4010 2195 4063 ad
2228 4008 2562 4075 concilium,
2623 4011 2679 4065 id
2734 4016 2841 4081 est,
2888 4011 3197 4083 Moguntia:
3229 4011 3523 4066 indictum
3574 4028 3608 4065 a
3650 4025 3771 4065 me-

2124 4097 2477 4169 tr0politano
2500 4115 2605 4154 suo
2630 4100 2903 4172 episcopo
2926 4101 2995 4155 ad
3024 4101 3394 4173 praesentiam
3417 4089 3773 4154 venerabilis

2122 4186 2382 4258 Herigeri
2415 4186 2835 4259 archiepiscopi
2868 4192 2924 4243 et
2954 4189 3278 4244 confratum
3307 4203 3553 4243 suorum
3577 4188 3774 4243 veniat

2122 4292 2240 4331 sua:
2285 4277 2689 4333 inobedientiae
2741 4283 2799 4333 et
2849 4278 3249 4349 perversitatis
3280 4278 3495 4333 ibidem
3539 4278 3767 4347 justam

2118 4365 2403 4420 rationem
2437 4366 2792 4421 redditurus.
2828 4367 2929 4421 Sin
2964 4372 3162 4423 autem
3194 4366 3561 4437 negligenter
3581 4369 3640 4419 et
3662 4364 3769 4419 hoc

2115 4469 2284 4525 agere
2332 4453 2764 4526 parvipenderit
2808 4454 3097 4511 abstineat
3142 4470 3203 4511 se
3246 4453 3534 4526 aproprio
3557 4454 3771 4535 gradu,

2117 4543 2300 4597 donec
2332 4542 2576 4607 Romam
2609 4543 2845 4599 veniens
2877 4560 3073 4599 coram
3104 4543 3341 4599 domino
3372 4560 3523 4615 papa
3552 4551 3609 4599 et
3628 4560 3766 4599 san-

2116 4636 2208 4685 cta
2240 4630 2493 4687 Ecclesia
2519 4632 2727 4686 reddat
2757 4633 3062 4688 rationem.

2116 4736 2249 4812 CA1}
2279 4737 2403 4793 273.
2438 4739 2792 4812 -7-7-VQui_sint
2839 4740 3128 4809 primates,
3183 4741 3278 4810 qui
3324 4740 3761 4812 metropolitani.

2186 4809 2269 4863 Ex
2295 4825 2417 4880 cap.
2449 4810 2665 4865 Nicami
2707 4811 2959 4878 concilii,
2992 4826 3116 4882 quae
3142 4809 3332 4867 addita
3359 4809 3553 4868 sunt'a
3582 4812 3766 4869 Felice

2183 4897 2347 4951 papa.

2185 4968 2471 5025 Primates
2502 4968 2587 5023 illi
2610 4973 2666 5025 et
2688 4986 2804 5025 non
2827 4970 2925 5024 alii
2948 4976 3089 5026 sunt
3114 4987 3291 5041 quam
3316 4970 3413 5041 qui
3441 4970 3500 5026 in
3527 4970 3763 5027 Nicmna

2116 5059 2336 5127 synodo
2355 5063 2494 5114 sunt
2516 5058 2841 5114 constituti.
2874 5059 3100 5132 Reliqui
3127 5076 3258 5116 vero
3281 5060 3380 5131 qui
3410 5060 3760 5131 metropoles

2114 5150 2314 5200 tenent
2336 5146 2525 5209 sedes,
2560 5145 2980 5218 archiepiscOpi
3006 5151 3288 5203 vocantur
3318 5152 3375 5202 et
3404 5164 3519 5201 non
3550 5148 3759 5219 prima-

2114 5237 2223 5298 tes,
2275 5232 2435 5289 salva
2485 5236 2544 5287 in
2577 5236 2852 5290 omnibus
2884 5234 3221 5305 apostolica!
3252 5236 3408 5290 sedis
3448 5236 3758 5308 dignitate,

2114 5337 2240 5390 qua;
2272 5322 2321 5376 ei
2354 5323 2426 5376 ab
2458 5321 2586 5392 ipso
2618 5322 2865 5378 Domino
2921 5332 3010 5379 est
3063 5341 3358 5395 concessa,
3392 5330 3449 5379 et
3479 5331 3683 5396 postea
3726 5343 3760 5382 a

2112 5411 2333 5464 sanctis
2367 5410 2638 5465 Patribus
2669 5412 2959 5467 roborata.

2112 5514 2245 5588 CAP.
2279 5517 2405 5570 274.
2437 5548 2507 5557 -
2539 5518 2687 5585 Quod
2715 5519 2971 5588 neganda
2990 5521 3064 5574 sit
3101 5522 3374 5576 comatis
3410 5522 3758 5578 criminandi

2183 5587 2408 5644 licentia
2426 5592 2754 5661 priusquam
2773 5587 2829 5645 se
2847 5592 3080 5648 crimine
3099 5609 3208 5664 quo
3231 5598 3757 5665 premuntur,cxue-
