3960 6072
357 277 452 330 411
1443 268 1511 316 D.
1553 261 1788 316 IVONIS
1825 257 2319 314 CARNOTENSIS
2355 253 2671 308 EPISCOPI

3665 251 3780 306 412

424 415 591 455 nasus
625 395 960 461 inveniatur,
985 394 1050 450 de
1091 392 1232 448 libro
1262 405 1402 445 nono
1441 385 1756 442 earumdem
1799 383 2002 454 legum.
2035 383 2089 450 Α
2120 395 2325 436 versus
2347 394 2446 434 eos
2474 375 2882 432 testimonium
2919 392 3034 432 non
3067 374 3285 440 dicant,
3318 391 3422 431 nec
3451 391 3658 431 eorum
3687 377 3786 432 fa-

426 495 572 548 Ante
602 488 1032 559 inscriptionem
1064 500 1232 539 nemo
1285 480 1576 537 efficiatur
1622 477 1997 534 criminosus.

353 582 522 646 Nam,
556 577 939 648 inscriptione
972 590 1071 644 per
1105 572 1366 628 ordinem
1389 571 1716 634 facta,tunc
1748 584 1781 622 a
1806 564 2003 637 judice

355 669 769 742 suscipiendus
801 669 890 721 est
920 680 1073 726 reus,
1098 666 1154 716 et
1186 660 1464 716 custodias
1495 675 1627 713 cum
1663 660 2001 711 accusatore

354 759 676 815 tradendus
707 759 835 810 est:
868 770 934 808 ea
965 758 1164 806 tamen
1196 749 1438 816 ratione,
1470 753 1532 802 ut
1586 753 1706 802 tam
1743 743 2000 800 accusati

355 865 532 921 quam
549 842 904 901 accusatoris
919 841 1178 913 dignitas
1197 839 2004 905 testimetur,etunumquem-

354 955 467 1009 que
487 944 618 991 ante
649 930 1081 988 discussionem
1104 929 1185 982 ita
1209 928 1393 997 judex
1423 926 1596 982 faciat
1612 923 1916 992 custodiri,
1941 929 2005 976 ut

355 1043 555 1082 eorum
590 1021 803 1078 natalis
828 1025 929 1075 aut
959 1018 1219 1089 dignitas
1254 1016 1582 1088 patiuntur.
1615 1016 1766 1070 Sane
1807 1013 1865 1067 hi
1901 1010 2001 1082 qui

356 1114 604 1172 crimina
621 1127 729 1167 sua
775 1109 834 1163 in
869 1109 1190 1179 quaestione
1224 1106 1476 1161 confessi
1511 1108 1670 1171 sunt,
1695 1103 1764 1157 de
1799 1101 1928 1156 aliis
1951 1099 2002 1154 si

353 1205 544 1259 dicere
575 1200 866 1256 voluerint
897 1215 929 1252 a
954 1197 1155 1267 judice
1184 1212 1298 1250 non
1331 1194 1680 1259 credantur;
1717 1190 2005 1262 quiajure

353 1292 650 1364 etlegibus
669 1288 1055 1344 constitutum
1083 1288 1266 1352 est,ut
1289 1288 1614 1354 spontanea
1645 1279 2005 1350 professione

356 1399 492 1438 reus
523 1396 653 1436 eum
691 1394 803 1431 non
828 1376 1022 1439 faciat,
1058 1389 1246 1444 neque
1278 1372 1363 1426 illi
1394 1373 1465 1426 de
1505 1371 1682 1426 altero
1711 1369 2002 1437 credatur,

356 1470 454 1542 qui
483 1485 545 1524 se
576 1466 961 1523 criminosum
995 1478 1124 1517 esse
1154 1461 1455 1516 confessus
1485 1464 1592 1514 est.

357 1578 491 1634 CAP.
524 1576 650 1630 287.
679 1605 744 1616 —
797 1574 923 1641 Quae
955 1568 1219 1641 induciae,
1240 1566 1517 1641 accusatis
1553 1563 1839 1641 episcopis
1860 1564 2007 1641 “sint

429 1649 649 1704 dandae.
687 1648 770 1700 Ea:
800 1635 960 1716 epist.
985 1639 1248 1696 decretali
1285 1644 1518 1693 Damasi
1546 1635 1653 1708 (ep.
1690 1638 1742 1691 4.
1777 1652 1823 1691 c.
1855 1635 1931 1699 8).

430 1740 503 1810 (3,
537 1755 588 1808 q.
620 1738 674 1804 3,
699 1751 745 1790 c.
783 1733 1022 1789 Induciae
1074 1728 1392 1796 accusatis.)
1424 1727 1676 1782 Induciaa
1717 1722 2006 1781 accusatis

361 1828 415 1881 in
450 1823 856 1882 criminalihus
881 1820 1173 1893 episcopis
1203 1836 1302 1873 sex
1333 1817 1650 1886 mensium,
1683 1814 1770 1870 vel
1793 1831 1859 1870 eo
1881 1832 2005 1870 am-

362 1917 514 1986 plius
546 1913 928 1969 concedenda
953 1915 1130 1972 sunt;
1166 1907 1441 1978 quoniam
1470 1911 1525 1959 et
1559 1905 1721 1959 laicis
1752 1904 1860 1960 hoc
1877 1921 2008 1974 per-

361 2004 609 2060 missum
630 2001 829 2056 nullus
845 1997 1219 2054 saecularibus
1234 1995 1560 2066 disciplinis
1575 1993 1840 2048 imbutus
1853 1993 2013 2064 igno-

363 2096 474 2157 rat,
508 2094 728 2162 q'uanto
752 2088 942 2159 magis
973 2085 1397 2151 sacerdotibus,
1430 2083 1532 2154 qui
1565 2083 1897 2153 superiores
1927 2085 2010 2137 eis

363 2196 489 2237 esse
521 2197 634 2234 non
665 2177 1010 2232 dubitantur
1024 2176 1052 2230 ‘I

363 2276 500 2327 CAP.
532 2270 658 2323 288.
691 2298 758 2307 ——
787 2265 939 2334 Quod
969 2264 1034 2318 de
1054 2279 1110 2318 se
1141 2261 1388 2332 confesso
1449 2261 1507 2315 in
1547 2261 1729 2316 alieno
1775 2260 2013 2334 crimine

434 2358 545 2396 non
587 2339 659 2395 sit
717 2332 1062 2393 credendum.
1113 2335 1406 2405 Dionysius
1446 2337 1643 2389 Severo
1698 2332 2012 2403 coepisc0po

457 2412 616 2481 epist.
649 2411 725 2481 2).

820 2496 1041 2552 Nemini
1096 2495 1514 2566 praeterquam.)
1549 2492 1781 2550 Nemini
1835 2493 1906 2547 de
1949 2508 2012 2547 se

363 2591 630 2647 confesso
661 2587 814 2644 credi
843 2589 1036 2658 potest
1067 2601 1243 2656 super
1274 2585 1496 2639 crimen
1547 2581 1823 2650 alienum,
1865 2597 2012 2652 quo-

363 2681 521 2736 niam
551 2681 679 2750 ejus
701 2676 1013 2746 omnisque
1043 2674 1123 2729 rei
1149 2673 1434 2744 professio
1467 2671 1795 2743 periculosa
1825 2675 1934 2739 est,
1957 2674 2014 2725 et

364 2767 594 2824 admitti
628 2783 741 2820 non
769 2765 958 2820 debet.
995 2763 1275 2817 Similiter
1305 2761 1480 2816 alieni
1513 2760 1729 2815 erroris
1761 2759 2012 2824 socium,

367 2857 452 2912 vel
485 2873 517 2910 a
547 2855 638 2910 sui
671 2852 997 2908 voluntarie
1031 2850 1313 2923 prepositi
1344 2849 1578 2904 tramite
1619 2849 2012 2917 recedentem,

367 2949 467 3000 aut
499 2942 680 2998 sacris
694 2941 928 2996 Patrum
947 2939 1161 3007 regulis
1188 2945 1244 2993 et
1275 2937 2013 2995 constitutionibusinobe-

365 3031 950 3100 dientem,suscipere
983 3045 1096 3083 non
1123 3043 1461 3099 possumus,
1497 3043 1602 3082 nec
1633 3026 1937 3087 debemus.

2113 470 2392 533 miliares,
2417 467 2504 522 vel
2533 467 2602 522 de
2633 466 2910 520 domibus
2941 481 3142 520 eorum
3177 467 3553 537 prodeuntes,
3591 467 3699 521 sed
3726 465 3780 522 si

2109 558 2403 615 voluerint
2433 561 2489 612 et
2520 556 2766 610 invicem
2787 555 3370 620 consenserint,inter
3401 571 3462 609 se
3493 560 3782 627 parentes

2111 651 2344 704 tantum
2375 645 2850 711 testiﬁcentur,et
2879 661 2994 698 non
3029 644 3084 698 in
3119 643 3285 698 alios.
3320 644 3435 699 Nec
3467 650 3785 699 accusato-

2111 753 2204 793 res
2218 736 2304 791 vel
2326 740 2502 791 testes
2527 732 3337 804 suspectilrecipiantur,quia
3359 732 3787 804 propinquita-

2111 827 2190 882 tis
2222 830 2279 880 et
2311 823 2727 879 familiaritatis
2750 839 2816 878 ac
2848 822 3270 878 dominationis
3303 822 3787 888 affectio,verita-

2110 920 2231 972 tem
2264 913 2549 984 impedire
2581 912 2749 967 solet.

2112 1027 2247 1080 CAP.
2439 1053 2509 1061 —
2530 1023 2613 1102 -De
2633 1021 2824 1102 eadem.
2849 1037 2924 1074 re.
2952 1022 3033 1100 lia:
3061 1019 3307 1102 decretis.
3343 1020 3579 1102 Damasi.
3614 1036 3787 1093 papae

2181 1095 2540 1162 Stephano,ct
2574 1093 2849 1146 universis
2880 1091 3154 1162 episcopis
3186 1092 3389 1161 Africae
3418 1091 3630 1162 missis,
3653 1110 3783 1165 cap.

2190 1167 2251 1218 17
2284 1166 2395 1235 [10]
2429 1170 2536 1235 (ep.
2573 1165 2624 1231 4,
2656 1181 2701 1218 c.
2737 1165 2811 1230 3).

2184 1254 2260 1326 (2,
2293 1270 2345 1324 q.
2377 1255 2395 1299 7
2409 1296 2422 1322 ,
2455 1269 2501 1307 c.
2529 1253 2700 1307 Testes
2732 1252 2936 1322 absque
2964 1251 3131 1321 ulla.)
3164 1252 3550 1306 Accusatores
3573 1257 3781 1307 autem

2114 1342 2546 1414 episcoporum,
2579 1345 2635 1395 et
2692 1344 2872 1394 testes
2931 1356 3110 1410 super
3168 1339 3387 1410 quibus
3448 1340 3781 1411 rogitastis,

2115 1433 2338 1502 absque
2361 1429 2482 1484 ulla
2513 1428 2776 1495 infamia,
2815 1433 2918 1483 aut
2948 1427 3306 1500 suspicione,
3331 1427 3419 1483 vel
3455 1429 3784 1485 manifesta

2116 1519 2370 1583 macula,
2390 1523 2445 1574 et
2473 1533 2608 1572 vera
2641 1518 2752 1571 fide
2787 1517 3038 1588 pleniter
3068 1517 3338 1572 instructi
3370 1534 3499 1574 esse
3530 1519 3778 1584 debent,

2115 1614 2173 1665 et
2203 1609 2349 1664 tales
2381 1607 2581 1680 quales
2603 1608 2672 1662 ad
2709 1607 3100 1663 sacerdotium
3135 1606 3347 1679 eligere
3371 1607 3544 1679 jubet
3573 1607 3779 1663 divina

2119 1699 2458 1767 auctoritas,
2478 1695 2756 1766 quoniam
2791 1696 3123 1751 sacerdotes
3155 1699 3219 1750 ut
3249 1696 3630 1768 antiquorum
3653 1702 3774 1751 tra-

2039 1763 2084 1827 Β
2115 1785 2200 1841 dit
2230 1783 2872 1854 auctoritas,criminari
2907 1801 3023 1838 non
3057 1789 3326 1856 possunt,
3348 1801 3452 1840 nec
3475 1784 3534 1839 in
3559 1801 3663 1840 eos
3685 1790 3777 1840 te-

2117 1875 2382 1946 stificari,
2412 1874 2509 1946 qui
2539 1876 2608 1929 ad
2637 1874 2906 1929 eumdem
2941 1891 3054 1930 non
3097 1874 3329 1943 debent,
3382 1890 3486 1930 nec
3518 1879 3777 1946 possunt

2118 1964 2354 2038 provehi
2388 1963 2691 2019 honorem.

2120 2075 2248 2127 CAP.
2283 2072 2407 2125 291.
2435 2101 2506 2144 έ
2539 2071 2667 2144 Quae
2695 2069 2808 2124 sint
2836 2071 3077 2144 infames
3105 2085 3375 2144 personae.
3413 2075 3496 2126 Ex
3527 2071 3771 2144 epistola

2297 2141 2560 2213 Stephani
2589 2159 2740 2212 papae
2771 2143 2844 2196 ad
2876 2141 3153 2196 Hilarium
3182 2147 3286 2213 (ep.
3329 2143 3377 2209 1,
3427 2159 3473 2197 c.
3513 2141 3584 2212 1).

2191 2233 2260 2301 (6,
2294 2249 2344 2302 q.
2379 2230 2431 2300 ~l,
2462 2246 2508 2285 e.
2542 2232 2830 2300 lnfames.)
2855 2229 3105 2285 lnfames
3141 2235 3334 2285 autem
3368 2247 3467 2286 eas
3515 2247 3647 2288 esse
3680 2232 3773 2286 di-

2119 2321 2310 2375 cimus
2343 2335 2778 2392 personamque:
2811 2336 2914 2391 pro
2948 2319 3146 2391 aliqua
3173 2319 3340 2390 culpa
3372 2324 3650 2377 notantur
3682 2321 3776 2376 in-

2121 2409 2320 2478 famia,
2354 2409 2410 2463 id
2445 2413 2533 2464 est
2555 2424 2758 2464 omnes
2791 2409 2891 2479 qui
2949 2408 3288 2464 Christianae
3319 2408 3466 2481 legis
3497 2427 3772 2465 normam

2120 2502 2492 2571 abjiciunt,et
2511 2503 2731 2555 statuta
2752 2499 3150 2555 ecclesiastica
3182 2501 3773 2556 contemnunt.Simi-

2121 2590 2254 2645 liter
2285 2589 2799 2660 fures,sacrilegos
2826 2593 2881 2642 et
2899 2605 3103 2644 omnes
3128 2589 3477 2659 capitalibus
3501 2590 3771 2646 crimini-

2119 2679 2233 2734 bus
2253 2676 2942 2749 irretitos,sepulcrorum
2960 2692 3191 2749 quoque
3211 2677 3610 2747 violatores,et
3630 2696 3772 2750 apo-

2121 2769 2405 2824 stolorum
2438 2773 2612 2838 atque
2644 2783 3051 2822 successorum
3085 2783 3284 2822 eorum
3331 2772 3506 2838 atque
3539 2773 3772 2824 sancto-

2122 2871 2253 2910 rum
2287 2858 2520 2909 Patrum
2554 2852 2828 2924 religiosa
2857 2858 3080 2909 statuta
3108 2854 3357 2909 libenter
3387 2854 3694 2921 violantes,
3715 2859 3776 2909 et

2123 2959 2328 2998 omnes
2352 2944 2453 3016 qui
2486 2944 2768 2998 adversus
2792 2947 2989 3015 patres
3021 2948 3348 3010 armantur,
3384 2945 3483 3014 qui
3516 2944 3575 2997 in
3607 2943 3772 2999 omni

2124 3034 2344 3088 mundo
2377 3033 2619 3088 infamia
2651 3036 2949 3102 notantur,
2973 3032 3248 3087 similiter
3277 3037 3333 3088 et
3376 3033 3772 3102 incestuosos,

365 3143 498 3196 CAP.
525 3137 651 3191 289.
685 3168 752 3176 —
788 3137 862 3191 De
893 3134 1301 3190 accusatoribus
1360 3137 1411 3187 et
1467 3133 1691 3187 testibus
1737 3133 2012 3203 episcopo-
2044 3121 2086 3188 C
2126 3121 2474 3189 homicidas,
2507 3123 2793 3192 periuros,
2831 3120 3773 3192 raptores,maleﬁcos.veneﬁcos,

437 3227 559 3265 rum
590 3210 686 3280 qui
711 3207 823 3263 sint
849 3205 1290 3280 Arecipiendi,qui
1331 3220 1462 3260 non.
1511 3205 1591 3280 Ea:
1643 3203 1757 3280 dcc.
1807 3204 2014 3259 διαίτη

432 3276 883 3353 ραραεέρίδσορὶε
921 3295 1020 3350 per
1078 3276 1331 3334 Galliam
1383 3278 1712 3342 constitutis,
1773 3293 1891 3347 cap.
1949 3281 2009 3329 i7

435 3352 540 3425 (ep.
571 3354 627 3420 2,
647 3369 693 3407 c.
726 3352 801 3422 5).

437 3443 653 3498 Omnes
683 3457 815 3509 ergo
846 3438 943 3509 qui
977 3438 1035 3492 in
1059 3441 1216 3492 recta
1239 3437 1352 3491 fide
1383 3437 1636 3506 suspecti
1665 3436 1890 3502 sunt,in
1914 3453 2010 3492 ac-

366 3531 668 3586 cusatione
700 3528 1069 3583 sacerdotum
1098 3531 1156 3582 et
1186 3541 1388 3581 eorum
1413 3542 1588 3597 super
1631 3541 1880 3597 quorum
1899 3526 2014 3582 ﬁde

367 3635 486 3675 non
517 3619 821 3673 haesitatur
850 3616 1088 3672 minime
1118 3615 1559 3687 recipiantur,et
1588 3615 1644 3669 in
1677 3615 2014 3671 testimonio

367 3707 530 3763 dubii
559 3707 904 3762 habeantur.
939 3705 1230 3761 lnﬁrmari
1263 3721 1398 3776 ergo
1429 3708 1655 3776 oportet
1680 3720 1884 3760 eorum
1915 3720 2012 3759 vo-

368 3812 493 3851 cem
525 3797 596 3851 de
627 3811 878 3867 quorum
913 3795 1025 3850 fide
1057 3793 1382 3862 dubitatur,
1414 3809 1518 3848 nec
1570 3792 1654 3848 eis
1675 3794 2014 3848 omnimodo

368 3901 497 3942 esse
529 3885 885 3939 credendum
919 3883 1019 3953 qui
1052 3886 1268 3937 rectam
1300 3882 1472 3936 ﬁdem
1495 3881 1868 3952 ignorant.(2,
1904 3883 2015 3954 q.7,

368 3993 415 4032 c.
447 3973 822 4046 Quaerendum
853 3980 930 4028 est
948 3988 968 4034 ;
998 3979 1049 4026 et
1078 3971 1139 4025 in
1164 3969 1433 4040 Carthag.
1467 3987 1542 4038 ιν,
1594 3987 1641 4025 c.
1701 3971 1814 4041 96.)
1845 3973 2016 4038 Quaa-

371 4065 616 4122 rendum
649 4067 739 4119 est
770 4078 902 4131 ergo
927 4060 1228 4132 injudicio
1242 4060 1413 4130 cujus
1430 4059 1508 4114 sit
1535 4060 2013 4129 conversationis,

370 4172 435 4210 ac
469 4155 603 4210 ﬁdei
627 4153 677 4209 is
702 4151 803 4224 qui
834 4154 1071 4208 accusat
1101 4154 1158 4205 et
1186 4149 1236 4206 is
1269 4148 1368 4221 qui
1399 4149 2015 4220 accusatur,quouiam

369 4243 431 4298 hi
461 4243 559 4313 qui
591 4260 704 4297 non
739 4245 877 4298 sunt
905 4244 1071 4295 rectae
1104 4239 1238 4294 fidei
1274 4255 1340 4293 ac
1371 4237 1852 4308 conversationis,
1871 4255 2014 4310 quo-

370 4347 500 4386 rum
530 4331 648 4386 vita
681 4334 770 4386 est
798 4327 1172 4395 accusabilis,
1198 4345 1314 4384 non
1347 4327 1766 4399 permittuntur
1785 4343 1883 4383 eos
1916 4345 2012 4384 ac-

369 4436 597 4486 cusare,
632 4435 883 4491 quorum
910 4419 1077 4487 fides,
1111 4418 1230 4472 vita
1249 4423 1306 4473 et
1336 4416 1577 4472 libertas
1606 4417 1882 4484 noscitur,
1922 4434 2015 4473 ne-

370 4524 483 4580 que
513 4508 656 4613 νξιεε
689 4523 945 4613 pensans
980 4508 1035 4562 ίη
1067 4522 1268 4613 ειττυω
1302 4507 1661 4613 τκεοξκρραηιυῖ
2050 4493 2104 4562 υ-
2126 4493 3769 4613 ῑλξῖξιῖεῖῑεῖῑίῑῑιξξιῑξῖεξίξέῑξεξειξῖῑέῑξξξξξέιῖξδξς

373 4613 526 4653 nem.
550 4598 626 4668 (3,
659 4614 710 4667 q.
743 4597 797 4661 8,
829 4613 876 4650 c.
911 4596 1340 4666 Accusatorum.)
1401 4596 1698 4651 Rimandae
1760 4601 1899 4652 sunt
1927 4613 2016 4652 ac-

370 4691 710 4742 cusatorum
767 4684 1114 4740 enucleatim
1166 4701 1446 4755 personae,
1471 4701 1600 4755 quas
1637 4684 1764 4740 sine
1795 4685 2013 4756 scripto

370 4773 738 4846 difficile,per
768 4773 1051 4845 scriptum
1066 4777 1261 4828 autem
1282 4789 1586 4844 nunquam
1617 4773 2010 4843 recipiantur;

369 4864 510 4935 quia
551 4879 655 4935 per
684 4862 1033 4933 scripturam
1067 4861 1265 4917 nullus
1313 4878 1607 4928 accusare,
1643 4861 1729 4917 vel
1752 4864 2015 4918 accusari

371 4954 582 5024 potest,
617 4951 715 5006 sed
746 4949 982 5021 propria
1011 4965 1168 5020 voce,
1203 4954 1260 5004 et
1282 4954 1567 5020 praesente
1597 4967 1662 5006 eo
1695 4967 1868 5023 quem
1917 4968 2012 5008 ac-

370 5056 575 5096 cusare
597 5038 864 5105 voluerit,
896 5056 1065 5094 suam
1103 5039 1352 5111 quisque
1384 5045 1518 5112 agat
1559 5041 2012 5108 accusationem,

370 5145 475 5185 nec
500 5129 741 5184 absente
772 5145 836 5184 eo
861 5144 1035 5199 quem
1067 5144 1341 5184 accusare
1398 5128 1664 5195 voluerit,
1698 5129 2014 5200 quisquam

370 5223 676 5275 accusator
706 5218 992 5272 credatur.
1020 5219 1094 5290 (3,
1129 5236 1179 5289 q.
1213 5217 1266 5285 9,
1291 5235 1336 5272 c.
1374 5219 1582 5286 Testes.)
1617 5218 1898 5274 Similiter
1928 5225 2011 5275 te-

371 5314 491 5365 stes
525 5325 626 5381 per
655 5323 1070 5379 quamcunque
1093 5307 1443 5377 scripturam
1469 5307 1873 5361 testimonium
1900 5325 2014 5363 non

369 5398 700 5467 dicunt,nee
733 5397 802 5452 de
837 5397 969 5452 aliis
1002 5399 1198 5452 causis
1226 5396 1306 5448 vel
1334 5397 1582 5466 negotiis
1614 5395 2012 5451 testimonium

375 5486 590 5555 dicant,
625 5488 738 5544 nisi
761 5489 832 5543 de
863 5487 956 5543 his
1015 5503 1136 5558 quae
1169 5485 1278 5541 sub
1311 5485 1615 5557 praesentia
1652 5502 1854 5541 eorum
1887 5491 2017 5542 acta

373 5591 501 5632 esse
531 5580 1269 5635 noscuntur.Accusatores
1299 5593 1432 5633 vero
1463 5575 1885 5650 consanguinei
1917 5577 2015 5633 ad-

2124 3211 2435 3277 adulteros,
2471 3210 2541 3264 de
2574 3209 2744 3266 bellis
2772 3208 3026 3280 publicis
3057 3209 3365 3279 fugientes,
3402 3215 3458 3266 et
3477 3210 3581 3280 qui
3613 3211 3774 3266 indi-

2122 3315 2238 3370 gna
2261 3298 2373 3353 sibi
2406 3303 2610 3369 petunt
2641 3298 2763 3354 loca
2793 3305 3008 3365 tenere,
3041 3304 3145 3354 aut
3176 3297 3482 3354 facultates
3513 3299 3774 3355 ecclesiae

2122 3387 2476 3443 abstrahunt
2507 3388 2809 3458 injuste,et
2841 3387 2941 3458 qui
2968 3389 3174 3443 fratres
3206 3387 3648 3443 calumniantur
3675 3393 3778 3443 aut

2122 3481 2400 3531 accusant
2421 3485 2473 3531 et
2507 3493 2619 3532 non
2647 3477 2919 3547 probant,
2939 3475 3026 3530 vel
3058 3476 3158 3547 qui
3192 3481 3392 3532 contra
3424 3477 3773 3532 innocentes

2123 3565 2457 3636 principum
2489 3566 2716 3620 animos
2737 3566 2808 3620 ad
2842 3567 3207 3620 iracundiam
3234 3570 3774 3637 provocant,etom-

2123 3669 2227 3708 nes
2260 3653 2802 3719 anathematizatos,
2824 3652 2910 3709 vel
2947 3670 3050 3725 pro
3084 3655 3208 3708 suis
3241 3653 3555 3709 sceleribus
3586 3655 3660 3709 ab
3679 3672 3771 3710 ec-

2122 3741 2298 3798 clesia
2327 3743 2683 3814 expulsos,et
2713 3758 2915 3798 omnes
2947 3760 3093 3814 quos
3123 3742 3529 3798 ecclesiasticae
3561 3744 3646 3798 vel
3673 3761 3776 3799 sa:-

2123 3829 2240 3885 culi
2272 3830 2429 3902 leges
2478 3830 2727 3886 infames
2760 3831 3185 3902 pronuntiant;
3219 3831 3326 3886 hos
3378 3847 3512 3887 vero
3546 3849 3663 3886 non
3698 3835 3769 3888 ad

2124 3936 2324 3975 sacros
2345 3919 2582 3975 ordines
2611 3920 2744 3975 licet
2776 3936 3138 3991 promovere,
3161 3935 3265 3974 nec
3295 3936 3490 3975 servos
3521 3925 3660 3975 ante
3690 3921 3770 3977 le-

2124 4009 2391 4081 gitimam
2416 4008 2768 4078 libertatem,
2803 4025 2906 4064 nec
2931 4009 3304 4079 pcenitentes,
3339 4025 3444 4064 nec
3478 4010 3770 4080 bigamos,

2125 4114 2229 4154 nec
2256 4115 2353 4153 eos
2383 4098 2482 4170 qui
2516 4098 2689 4152 curia:
2711 4097 3162 4168 deserviunt,vel
3189 4097 3288 4169 qui
3314 4113 3428 4153 non
3461 4099 3773 4153 suntinte-

2124 4187 2210 4258 gri
2234 4191 2606 4258 corpore,aut
2635 4203 2840 4241 sanam
2878 4203 2988 4242 non
3015 4187 3232 4242 habent
3257 4193 3531 4256 mentem,
3565 4186 3650 4241 vel
3685 4188 3772 4242 in-

2121 4275 2549 4344 tellectum,aut
2578 4275 2981 4332 inohedientes
3013 4281 3350 4330 sanctorum
3384 4276 3632 4332 decretis
3655 4277 3773 4331 exi-

2123 4369 2307 4430 stunt,
2338 4371 2439 4420 aut
2471 4364 2671 4420 furiosi
2704 4365 3175 4420 manifestantur.
3219 4364 3285 4419 Hi
3319 4379 3524 4419 omnes
3556 4380 3662 4420 nec
3698 4366 3770 4420 ad

2126 4469 2324 4508 sacros
2355 4454 2576 4524 gradus
2598 4453 2811 4508 debent
2841 4453 3077 4524 provehi
3110 4470 3123 4519 ;
3157 4469 3260 4506 nec
3291 4451 3522 4521 isti,nec
3553 4453 3770 4516 liberti,

2120 4631 2509 4686 versationem
2539 4647 2654 4686 non
2689 4631 2971 4686 habentes
3005 4646 3271 4686 summos
3312 4636 3564 4702 possunt
3607 4647 3775 4687 accu-

2121 4735 2250 4775 sare
2280 4720 2632 4775 sacerdotes.

2119 4830 2248 4881 CAP.
2283 4827 2406 4880 292.
2441 4858 2508 4865 —
2531 4826 2681 4892 Quod
2709 4828 2931 4898 absque,
2963 4827 3286 4880 auctoritate
3343 4826 3575 4898 Romani
3591 4832 3774 4898 ponti-

2195 4898 2311 4967 ﬁcis
2342 4899 2530 4952 nullus
2562 4899 2844 4968 episcopus
2901 4897 3160 4951 damnari
3216 4897 3408 4967 possit.
3442 4899 3524 4953 Ex
3541 4897 3774 4955 decretis

2192 4969 2395 5043 Felicis
2423 4984 2584 5043 papa?
2607 4971 2874 5039 episcopis
2903 4985 3000 5038 per
3045 4969 3289 5024 Galliam
3356 4971 3564 5036 missis,
3595 4987 3717 5043 cap.
3743 4974 3778 5026 9

2196 5040 2374 5111 (Felix
2407 5044 2456 5110 1,
2490 5041 2647 5110 epist.
2679 5044 2755 5098 2).

2194 5129 2247 5182 Si
2279 5129 2410 5200 quis
2441 5129 2750 5200 episcopus
2782 5127 2995 5184 abillis
3025 5129 3467 5184 accusatoribus
3495 5131 3594 5201 qui
3627 5133 3778 5187 reci-

2125 5219 2318 5288 piendi
2353 5223 2495 5273 sunt
2525 5218 2698 5272 fuerit
2757 5222 3090 5287 accusatus,
3151 5222 3466 5289 postquam
3529 5220 3652 5291 ipse
3704 5223 3775 5277 ab

2125 5308 2208 5362 eis
2236 5307 2575 5362 charitative
2625 5310 2947 5362 conventus
2979 5306 3174 5377 fuerit,
3209 5311 3273 5362 ut
3308 5307 3497 5378 ipsam
3529 5325 3773 5367 causam

2123 5397 2413 5460 emendet,
2438 5399 2494 5450 et
2525 5411 2652 5450 eam
2687 5396 2976 5467 corrigere
3026 5396 3298 5464 noluerit,
3333 5414 3444 5453 non
3470 5397 3636 5466 olim,
3672 5402 3775 5455 sed

2125 5489 2264 5540 tunc
2288 5484 2358 5538 ad
2393 5501 2658 5540 summos
2679 5485 2960 5556 primates
2993 5502 3171 5542 causa
3189 5487 3317 5557 ejus
3331 5488 3605 5544 canonice
3625 5489 3781 5546 defe-

2123 5578 2306 5646 ratur,
2342 5573 2443 5646 qui
2477 5574 2536 5630 in
2569 5591 2828 5647 congruo
2859 5575 2985 5632 loco
3006 5575 3159 5632 infra
3193 5575 3382 5648 ipsam
3410 5577 3775 5650 provinciam
