3978 6060
198 240 313 293 413

916 242 1226 294 DECRETI
1266 243 1450 294 PARS
1486 242 1552 293 V.
1589 268 1653 277 —
1690 241 1786 291 DE
1826 240 2149 292 PRIMATU
2186 238 2354 293 ROM.
2398 240 2710 306 ECCLES.,
2750 242 2903 295 ETC.

3511 244 3613 298 414

195 370 467 436 tempore
498 381 778 436 congruo,
802 365 857 418 id
909 370 1016 431 est,
1052 369 1153 421 aut
1198 365 1421 419 vernali
1463 362 1858 434 {autumnali},
1888 366 1942 430 Α
1971 362 2154 417 Deum
2179 362 2407 431 velle,et
2427 364 2499 418 ab
2521 380 2585 419 eo
2608 365 2690 419 ita
2712 381 2841 420 esse
2871 366 3257 421 constitutum
3282 372 3415 423 ante
3437 368 3610 423 dictis

197 460 307 509 aut
366 454 584 517 (estivo,
617 453 929 508 concilium
965 454 1310 525 regulariter
1338 470 1651 508 convocare
1682 453 1855 507 debe-

195 544 373 607 bunt,
398 542 478 597 ita
505 548 565 596 ut
587 545 659 597 ab
692 544 969 597 omnibus
1001 544 1263 613 ejusdem
1299 544 1607 613 provincia:
1639 543 1859 613 episco-

196 631 293 702 pis
324 631 467 685 inibi
503 631 799 697 audiatur,
826 648 938 702 quo
966 636 1022 686 et
1051 632 1175 702 ipse
1208 632 1552 704 regulariter
1583 648 1863 686 convoca.

192 723 319 783 tus,
336 720 387 774 si
409 736 566 787 eum,
589 724 689 773 aut
714 720 1049 784 infirmitas,
1070 724 1171 774 aut
1194 720 1307 775 alia
1327 721 1513 790 gravis
1537 722 1858 775 necessitas

196 825 315 862 non
353 808 690 873 detinuerit,
726 809 933 863 adesse
976 810 1163 875 debet,
1199 810 1336 879 quia
1369 808 1519 864 ultra
1551 809 1855 880 provincia:

195 895 483 960 terminos
513 898 830 951 accusandi
864 902 998 952 ante
1030 898 1266 952 licentia
1290 915 1401 952 non
1430 903 1516 954 est
1547 914 1721 969 quam
1752 916 1855 953 au-

196 984 426 1041 dientia
449 986 950 1058 rogetur.Quod,si
974 989 1266 1058 quomodo
1283 992 1707 1058 praesumptum
1733 987 1856 1042 fue-

196 1074 297 1139 rit,
334 1079 667 1130 statuerunt
701 1080 763 1129 ut
793 1081 1107 1145 antequam
1152 1078 1423 1147 proprius
1472 1075 1633 1131 locus
1666 1081 1721 1129 et
1751 1091 1857 1130 sua

198 1165 399 1219 omnia
429 1164 480 1218 ei
511 1164 737 1235 legibus
765 1166 1262 1236 redintegrentur,
1287 1166 1623 1221 nullatenus
1655 1182 1854 1234 aquo-

197 1269 379 1324 quam
414 1259 723 1309 accusetur
749 1258 850 1308 aut
881 1255 1245 1324 criminetur,
1271 1260 1327 1309 et
1358 1255 1469 1309 nisi
1504 1258 1708 1325 sponte
1742 1255 1854 1308 ele-

196 1344 653 1413 gerit,cuiquam
672 1343 1009 1415 protalibus
1026 1344 1512 1414 respondeat.Sed
1528 1348 1854 1414 postquam,

197 1438 265 1487 ut
297 1434 599 1503 praefixum
632 1438 742 1500 est,
779 1433 1085 1488 restitutus
1118 1434 1311 1498 fuerit,
1343 1438 1399 1488 et
1439 1449 1546 1487 sua
1578 1432 1775 1486 omnia
1805 1416 1859 1487 ei

197 1521 434 1592 legibus
484 1521 879 1593 redintegrata
929 1526 1089 1587 sunt,
1118 1521 1423 1592 dispositis
1451 1522 1855 1590 ordinatisque

198 1611 349 1679 suis,
375 1626 656 1681 magnum
690 1611 944 1681 spatium
980 1611 1262 1665 tractandi
1294 1627 1532 1665 causam
1566 1610 1617 1664 ei
1650 1625 1854 1664 conce-

197 1701 397 1767 datur,
421 1704 477 1754 et
507 1708 710 1771 postea
740 1700 786 1753 si
822 1715 1057 1754 necesse
1092 1700 1287 1765 fuerit,
1311 1699 1654 1771 regulariter
1686 1716 1852 1753 voca-
1882 1738 1930 1801 B

193 1795 291 1844 tus
353 1788 543 1843 veniat
589 1790 659 1843 ad
709 1805 970 1858 causam,
1003 1793 1059 1843 et
1108 1790 1154 1843 si
1204 1791 1362 1859 juste
1403 1788 1595 1843 visum
1647 1788 1840 1856 fuerit,

191 1879 599 1933 accusantium
618 1877 1567 1949 propositionibus,sustentatione
1583 1879 1842 1945 fratrum,

190 1966 741 2039 respondeat.Nulla
771 1966 925 2021 enim
959 1967 1245 2038 permittit
1266 1967 1583 2031 ratio,dum
1609 1967 1679 2020 ad
1704 1970 1845 2020 tem-

192 2073 307 2128 pus
336 2058 465 2126 ejus
500 2056 671 2125 bona,
703 2054 790 2109 vel
845 2055 1100 2109 ecclesia:
1152 2072 1241 2110 res
1289 2056 1360 2109 ab
1404 2054 1651 2120 aemulis,
1683 2060 1782 2108 aut
1813 2072 1845 2109 a

195 2146 653 2218 quibuscumque
683 2144 1038 2210 detinentur,
1074 2148 1138 2197 ut
1175 2143 1394 2214 aliquid
1424 2142 1508 2197 illi
1540 2142 1713 2213 objici
1747 2144 1842 2197 de-

197 2234 465 2300 beat,nec
497 2233 817 2304 quidquam
852 2237 1040 2302 potest
1071 2231 1121 2285 ei
1154 2232 1415 2301 quolibet
1455 2233 1624 2286 modo
1660 2232 1842 2299 majo-

194 2340 329 2379 rum
362 2322 448 2378 vel
483 2322 771 2377 minorum
808 2321 1001 2391 objici,
1037 2321 1177 2374 dum
1226 2320 1486 2375 ecclesiis
1537 2320 1621 2374 vel
1669 2320 1844 2374 rebus

196 2416 300 2466 aut
341 2411 727 2481 potestatibus
763 2415 919 2465 caret
946 2411 1089 2465 suis.
1121 2414 1257 2464 [lem
1308 2426 1379 2463 ea:
1423 2410 1653 2479 epistola
1707 2410 1847 2465 Julii

196 2516 361 2572 papae
413 2500 777 2555 orientalibus
830 2501 1096 2570 episcopis
1152 2500 1318 2553 missa
1375 2501 1481 2570 (ep.
1516 2517 1551 2565 1,
1579 2515 1624 2553 c.
1661 2500 1734 2569 4).
1784 2498 1843 2552 Si

197 2588 420 2660 quisab
443 2588 725 2643 hodierna
756 2589 848 2643 die
879 2592 935 2643 et
964 2589 1238 2658 deinceps
1269 2588 1605 2659 episcopum
1640 2592 1849 2658 prater

194 2678 376 2748 hujus
408 2681 618 2732 sanctae
644 2677 799 2732 sedis
824 2678 1169 2732 sententiam
1202 2677 1481 2731 damnare
1500 2677 1848 2748 autpropria

197 2765 414 2838 pellere
436 2766 570 2820 sede
599 2766 1213 2837 prtesumpserit,sciat
1236 2782 1296 2820 se
1318 2765 1848 2837 irrecuperabiliter

196 2872 324 2911 esse
356 2856 795 2920 damnatum,et
818 2855 1049 2927 proprio
1081 2872 1274 2911 carere
1295 2855 1577 2926 perpetim
1603 2855 1845 2921 honore,

195 2960 408 3015 eosque
454 2945 551 3014 qui
599 2945 822 3014 absque
870 2944 1050 3015 hujus
1098 2950 1309 2999 sanctae
1358 2944 1513 2998 sedis
1558 2944 1847 2999 sententia

196 3038 337 3087 sunt
358 3033 619 3087 damnati
642 3032 727 3087 vel
750 3033 936 3102 ejecti,
961 3033 1140 3102 hujus
1163 3039 1375 3087 sanctae
1408 3033 1562 3088 sedis
1594 3033 1846 3089 auctori-

194 3126 311 3177 tate
335 3122 541 3175 scitote
563 3120 873 3192 pristinam
908 3120 1159 3192 recipere
1192 3122 1766 3188 communionem,ret
1788 3122 1847 3176 in
1880 3105 1921 3171 C

194 3209 448 3281 propriis
486 3210 717 3265 restitui
750 3210 1011 3276 sedibus,
1048 3211 1323 3281 quoniam
1355 3215 1411 3265 et
1443 3211 1604 3281 prius
1639 3229 1671 3265 a
1703 3218 1845 3264 lem-

195 3316 334 3371 pore
367 3298 585 3353 scilicet
625 3298 1025 3369 apostolorum
1082 3298 1200 3353 haec
1258 3304 1472 3354 sanctae
1527 3299 1662 3353 huic
1722 3299 1843 3353 sedi

197 3404 479 3443 concessa
508 3392 668 3457 sunt,
704 3392 759 3442 et
791 3392 989 3457 postea
1029 3387 1087 3441 in
1138 3394 1461 3442 memorata
1492 3388 1722 3442 Nicaeus.
1754 3405 1844 3459 sy-

198 3478 376 3541 nodo,
410 3480 649 3548 propter
704 3493 1013 3546 pravorum
1064 3476 1370 3532 hominum
1418 3477 1844 3545 infestationes,

192 3572 370 3637 atque
402 3565 808 3619 haereticorum
858 3566 1292 3635 persecutiones
1332 3569 1388 3619 et
1434 3565 1842 3619 insidiantium

192 3653 501 3709 molimina
526 3654 794 3720 fratrum,
813 3658 950 3707 sunt
973 3656 1338 3709 concorditer
1360 3656 1430 3709 ab
1453 3655 1730 3708 omnibus
1754 3671 1843 3708 ro-

193 3744 493 3809 borata,ut
516 3742 702 3814 magis
729 3741 948 3814 singuli
982 3743 1321 3814 provideant
1341 3760 1409 3798 ne
1433 3743 1572 3799 talia
1591 3745 1846 3798 audeant

193 3836 546 3902 perpetrare.

197 3940 333 3993 CAP.
368 3938 492 3991 293.
528 3968 595 3977 ——
650 3940 714 3994 Ut
758 3954 858 4006 per
888 3940 1092 4008 scripta
1121 3939 1335 3993 nullius
1364 3941 1641 3995 accusatio
1670 3941 1842 3994 susci-

263 4011 463 4079 piatur
491 4026 553 4063 eo
584 4010 802 4063 absente
830 4012 927 4079 qui
956 4021 1266 4065 accusatur.
1301 4012 1381 4064 Ea:
1410 4012 1639 4081 epistola
1666 4012 1699 4063 2
1723 4012 1844 4065 Ste-

263 4080 437 4151 phani
464 4097 617 4151 papae
648 4083 853 4135 cunctis
884 4083 1147 4151 episcopis
1176 4084 1362 4148 missa,
1398 4080 1515 4153 cap.
1552 4084 1603 4136 4.

270 4169 343 4237 (2,
379 4186 429 4238 q.
464 4168 516 4231 8,
549 4186 595 4221 υ.
634 4171 737 4221 Per
764 4173 1021 4239 scripta.)
1053 4177 1159 4223 Per
1191 4172 1405 4241 scripta
1438 4172 1593 4225 enim
1628 4169 1845 4225 nullius

190 4257 488 4313 accusatio
537 4259 916 4324 accusatoris,
967 4275 1031 4313 eo
1083 4260 1183 4329 qui
1226 4265 1535 4313 accusatur
1584 4262 1844 4325 absente,

192 4344 573 4415 suscipiatur,
598 4345 697 4399 sed
728 4346 961 4416 propria
990 4363 1127 4401 voce
1160 4347 1228 4417 (si
1260 4347 1522 4418 legitima
1553 4352 1609 4402 et
1642 4348 1844 4402 condi-

192 4452 307 4508 gna
339 4435 697 4489 accusatoris
732 4450 981 4503 persona
1015 4436 1227 4507 fuerit),
1264 4442 1549 4506 praesente
1582 4436 1845 4491 videlicet

191 4541 257 4579 eo
289 4540 462 4594 quem
487 4540 761 4578 accusare
794 4524 1106 4591 desiderat,
1129 4526 1266 4595 quia
1288 4525 1488 4579 nullus
1512 4526 1723 4579 absens
1745 4529 1846 4579 aut

192 4613 455 4668 accusari
491 4618 679 4683 potest
709 4616 809 4667 aut
835 4628 1126 4669 accusare.
1155 4613 1361 4669 Nullus
1392 4619 1592 4669 tamen
1623 4614 1843 4685 praefati

194 4702 422 4757 ordinis
452 4702 541 4755 vir
570 4705 672 4756 aut
694 4701 953 4757 accusari
982 4706 1193 4772 potest,
1215 4708 1315 4757 aut
1339 4705 1689 4773 respondere
1721 4705 1845 4758 suis

190 4790 634 4847 accusatoribus
683 4789 876 4859 debet,
911 4790 1257 4860 priusquam
1304 4791 1647 4861 regulariter
1678 4810 1709 4847 a
1741 4810 1846 4847 suo

192 4879 445 4951 primate
474 4880 712 4933 vocatus
745 4878 839 4947 sit,
877 4876 1188 4949 locumque
1220 4880 1567 4935 defendendi
1608 4886 1709 4936 aut
1759 4882 1846 4937 in-

196 4967 468 5041 quirendi
500 4966 749 5037 accipiat
781 4968 851 5021 ad
885 4966 1174 5023 abluenda
1208 4969 1479 5024 crimina.

195 5074 332 5128 CAP.
356 5072 482 5127 29/4.
509 5104 575 5112 η-
603 5072 665 5129 Ut
694 5071 1043 5141 difﬁciliores
1064 5090 1241 5146 causae
1263 5075 1332 5129 ad
1353 5078 1567 5146 apicem
1588 5080 1848 5133 Romanae

264 5145 411 5199 sedis
442 5146 781 5216 referantur,
814 5153 873 5198 ut
906 5145 1204 5214 apostolico
1226 5145 1437 5216 judicio
1464 5151 1844 5203 terminentur.

264 5218 349 5300 Ea;
406 5214 642 5287 epistola
711 5215 955 5270 Anaclcti
1021 5232 1185 5287 papa?
1227 5214 1513 5274 'omm‘bus
1585 5221 1847 5291 episcopis

263 5303 451 5343 missa.

262 5378 320 5433 Si
358 5393 484 5447 quae
515 5390 649 5431 vero
672 5392 856 5431 causa:
884 5376 1243 5432 difficiliores
1263 5378 1417 5434 inter
1438 5396 1537 5434 vos
1562 5383 1700 5436 ortze
1724 5380 1843 5435 fue-

196 5467 331 5535 rint,
353 5466 424 5521 ad
450 5466 627 5536 hujus
652 5465 805 5521 sedis
830 5472 1042 5521 sanctae
1075 5468 1326 5539 apicem,
1349 5470 1517 5540 quasi
1560 5470 1631 5524 ad
1672 5474 1847 5542 caput

196 5559 427 5623 referte,
447 5567 512 5611 ut
543 5554 862 5626 apostolico
901 5556 1294 5613 terminentur
1324 5559 1571 5629 judicio,
1593 5559 1732 5631 quia
1760 5560 1845 5616 sic

1966 452 2232 505 terminis
2292 452 2641 508 declaratur.
2689 454 2819 509 Haec
2866 472 3001 510 vero
3053 455 3373 527 apostolica
3420 460 3607 525 sedes,

1966 544 2138 595 cardo
2172 548 2226 594 et
2258 548 2431 611 caput
2463 543 2612 596 facta
2639 549 2726 598 est
2756 562 2789 598 a
2818 544 3085 614 Domino,
3120 551 3176 600 et
3224 563 3336 600 non
3380 547 3450 601 ab
3496 547 3608 602 alio

1966 629 2303 692 constituta,
2329 636 2384 684 et
2406 632 2558 685 sicut
2580 633 2816 686 cardine
2839 634 3054 687 ostium
3078 634 3406 703 regitur,sic
3430 634 3607 707 hujus

1964 723 2180 775 sanetae
2219 720 2379 774 sedis
2430 723 2778 776 auctoritate
2809 738 3014 777 omnes
3046 722 3331 793 Ecclesiae,
3368 725 3611 779 Domino

1965 808 2332 878 disponente,
2366 815 2674 879 reguntur.

1962 915 2097 969 CAP.
2131 916 2257 969 295.
2290 946 2354 955 ——-
2390 917 2548 982 Quod
2571 932 2755 969 omnes
2785 917 3024 986 episcopi
3066 920 3277 987 possint
3321 920 3611 988 appellare

2035 988 2340 1040 Romanam
2369 988 2555 1041 sedem
2591 990 2647 1040 in
2678 990 3108 1042 necessitatibus.
3134 990 3215 1042 Ea:
3244 990 3471 1045 decretis
3501 994 3610 1046 Ca-

2036 1058 2165 1111 liin
2192 1076 2367 1129 papae,
2399 1058 2669 1129 Stephano
2698 1060 2903 1128 Africae
2932 1062 3135 1114 missis.

2035 1147 2219 1209 Quam
2253 1162 2457 1199 omnes
2490 1145 2783 1216 appellare
2815 1148 2863 1200 si
2897 1163 3133 1202 necesse
3164 1147 3360 1217 fuerit,
3394 1153 3449 1202 et
3480 1149 3607 1217 ejus

1962 1232 2153 1287 fulciri
2176 1235 2391 1289 auxilio
2414 1236 2809 1305 oportet.Nam
2836 1238 2920 1306 (ut
2944 1236 3461 1308 nostis)synodum
3486 1239 3609 1292 sine

1964 1324 2090 1392 ejus
2122 1324 2470 1377 auctoritate
2502 1324 2625 1376 ﬁeri
2659 1341 2773 1377 non
2806 1329 2893 1378 est
2924 1325 3294 1391 canonicum,
3330 1342 3433 1379 nec
3482 1327 3607 1396 epi-

1962 1426 2177 1481 scopus
2210 1410 2321 1465 nisi
2348 1410 2405 1464 in
2439 1412 2722 1465 canonica
2771 1411 3071 1483 [legitima]
3124 1414 3366 1484 synodo,
3400 1417 3457 1468 et
3501 1430 3607 1469 suo

1963 1504 2226 1570 tempore
2266 1499 2586 1570 apostolica
2634 1501 2935 1579 vocatione
2978 1506 3324 1573 congregata
3373 1503 3609 1558 deﬁnite

1962 1589 2221 1644 damnari
2241 1592 2453 1661 potest,
2473 1606 2661 1660 neque
2679 1589 2797 1644 ulla
2816 1606 3077 1661 unquam
3111 1590 3358 1647 concilia
3385 1598 3511 1647 rata
3534 1594 3609 1649 le-

1960 1684 2200 1749 guntur,
2236 1695 2365 1749 quae
2409 1695 2522 1732 non
2559 1677 2704 1732 fulta
2736 1678 2953 1733 fuerint
2978 1680 3299 1750 apostolica
3342 1683 3603 1737 auctori-

1958 1772 2095 1823 tate.

1954 1876 2087 1929 CAP.
2121 1875 2245 1949 296.
2279 1903 2347 1913 -—
2392 1879 2473 1949 De
2521 1875 2756 1949 induciis
2784 1876 3207 1949 criminatorum
3234 1880 3609 1949 episcoporum

2026 1946 2214 2020 quales
2242 1962 2351 2000 esse
2381 1946 2627 2000 debeant.
2660 1948 2744 2000 Ex
2768 1949 2923 2020 epist.
2951 1948 3151 2020 Felicis
3199 1946 3360 2019 papae
3406 1946 3603 2020 fratri-

2029 2017 2123 2071 bus
2144 2033 2240 2087 per
2260 2020 2553 2087 .Egyptum
2573 2019 2765 2085 missa,
2780 2033 2828 2072 ε.
2849 2019 2918 2072 15
2942 2018 3143 2088 (Felix,
3159 2017 3244 2091 ep.
3268 2022 3321 2087 2,
3350 2017 3470 2086 1,0.
3493 2022 3605 2092 20).

2026 2106 2078 2170 3,
2113 2122 2161 2175 q.
2192 2107 2244 2172 3,
2279 2123 2323 2159 c.
2360 2107 2433 2160 De
2471 2106 2760 2174 induciis.)
2798 2111 2870 2161 De
2899 2107 3153 2162 induciis
3202 2124 3333 2163 vero
3383 2110 3606 2178 episeo-

1955 2210 2161 2265 porum
2181 2210 2359 2265 super
2373 2195 2587 2265 quibus
2601 2195 3273 2263 consuluistis,diversas
3287 2214 3319 2252 a
3334 2199 3605 2253 Patribus

1954 2282 2185 2352 regulas
2220 2283 2552 2338 invenimus
2581 2285 2952 2339 constitutas.
2978 2284 3224 2349 Quidam
3252 2286 3407 2341 enim
3428 2287 3497 2340 ad
3523 2303 3606 2341 re-

1955 2370 2226 2443 pellenda
2253 2371 2661 2441 imperitorum
2696 2373 3261 2443 maehinamenta,et
3291 2392 3429 2430 suas
3460 2393 3604 2447 prte-

1956 2461 2247 2531 parandas
2299 2460 2731 2530 responsiones,
2766 2466 2823 2514 et
2852 2467 3030 2516 testes
3063 2464 3519 2531 conﬁrmandos,
3552 2468 3607 2518 et

1952 2547 2200 2603 ‘consilia
2231 2549 2639 2620 episcoporum
2688 2553 2861 2620 atque
2914 2550 3235 2605 amicorum
3268 2554 3603 2623 quaerenda,

1957 2655 2177 2693 annum
2229 2643 2284 2693 et
2332 2655 2430 2692 sex
2467 2655 2699 2693 menses
2732 2639 3158 2693 mandaverunt
3190 2640 3448 2708 concedi;
3476 2641 3605 2711 qui-

1956 2728 2091 2782 dam
2125 2732 2319 2781 autem
2360 2745 2602 2797 annum,
2638 2728 2694 2782 in
2748 2744 2863 2798 quo
2912 2727 3154 2798 plurimi
3208 2731 3603 2799 concordant;

1957 2818 2155 2871 minus
2187 2833 2320 2871 vero
2352 2834 2528 2887 quam
2558 2833 2656 2871 sex
2688 2833 2920 2871 menses
2952 2834 3068 2872 non
3118 2818 3324 2888 reperi,
3360 2819 3498 2890 quia
3547 2826 3608 2876 et

1956 2907 2121 2962 laicis
2156 2908 2276 2962 haec
2309 2907 2539 2963 indulta
2569 2913 2728 2975 sunt,
2765 2914 2983 2978 quanto
3012 2909 3201 2979 magis
3233 2911 3461 2965 Domini
3512 2928 3608 2966 sa-

1959 2997 2320 3052 cerdotibus!
2359 2997 2501 3051 Nam
2536 3000 2593 3051 et
2623 3014 2656 3051 a
2686 2998 2905 3051 nostris
2936 3000 3405 3053 antecessoribus
3434 3005 3609 3072 atque

1960 3087 2202 3157 reliquis
2234 3088 2453 3141 sanctis
2491 3087 2790 3152 Patribus,
2824 3088 3124 3143 multoties
3156 3089 3472 3144 inhibitum
3523 3094 3612 3146 est

1961 3193 2031 3230 ne
2064 3176 2195 3245 quis
2231 3175 2459 3229 Domini
2496 3176 2825 3230 sacerdotes
2854 3177 3338 3246 detractionibus,
3370 3196 3484 3233 non
3543 3196 3610 3234 ex

1958 3266 2150 3320 radice
2181 3264 2489 3319 charitatis
2508 3264 2773 3335 prolatis,
2792 3266 3293 3331 vexet.Quiescite,
3312 3267 3607 3338 inquiunt,

1956 3361 2013 3411 et
2044 3354 2224 3410 nolite
2254 3353 2527 3425 persequi
2558 3371 2657 3409 eos
2689 3356 2789 3426 qui
2817 3356 2932 3411 Deo
2963 3357 3209 3428 perfecte
3243 3357 3607 3426 ministrant,

1956 3460 2203 3515 quorum
2242 3442 2603 3497 orationibus
2654 3448 2709 3497 et
2732 3447 2960 3498 terrena
2982 3443 3132 3498 bella
3154 3446 3611 3515 sedantur,etre-

1954 3533 2284 3588 cedentium
2311 3550 2341 3585 a
2368 3534 2478 3586 Deo
2496 3531 2840 3602 angelorum
2868 3533 3162 3603 pelluntur
3184 3534 3612 3605 incursusqui-

1954 3639 2066 3693 que
2100 3637 2304 3676 omnes
2336 3622 2628 3675 daemones
2657 3626 3031 3693 corruptores
3073 3624 3169 3688 [aL
3204 3622 3307 3694 qui
3351 3626 3609 3696 corrupti

1956 3711 2116 3778 sunt]
2143 3724 2380 3780 precum
2405 3707 3423 3774 assiduitate,confundunt.lnduciae
3443 3730 3609 3768 nam-

1956 3816 2067 3870 que
2099 3815 2213 3853 non
2247 3801 2498 3867 angusto
2549 3801 2828 3869 tempore,
2881 3800 2981 3854 sed
3031 3799 3142 3854 sub
3194 3800 3367 3873 longo
3417 3803 3610 3873 spatio

1955 3887 2339 3943 concedendte
2365 3890 2520 3951 sunt,
2549 3892 2613 3940 ut
2636 3887 2893 3942 accusati
2916 3903 2977 3942 se
3000 3906 3345 3960 praeparare,
3378 3890 3610 3946 univer-

1954 3993 2167 4046 sosque
2190 3975 2717 4029 communicatores
2741 3976 2799 4029 in
2826 3977 3136 4046 provinciis
3155 3979 3377 4048 positos
3404 3996 3611 4033 conve-

1956 4065 2101 4132 nire,
2126 4071 2183 4118 et
2228 4069 2409 4119 testes
2441 4080 2768 4135 praeliarare
2800 4070 2972 4133 atque
3004 4072 3205 4119 contra
3235 4066 3609 4122 insidiatores

1956 4170 2017 4209 se
2051 4154 2301 4225 pleniter
2334 4170 2561 4207 armare
2594 4152 2840 4223 possint.
2870 4154 3418 4223 (ib.c.21.).ludices
3451 4155 3609 4210 enim

1955 4250 2006 4297 et
2038 4246 2408 4296 accusatores
2436 4240 2579 4295 tales
2612 4258 2739 4295 esse
2771 4242 3003 4307 debent,
3037 4242 3135 4312 qui
3188 4244 3347 4297 omni
3372 4252 3610 4300 careant

1956 4330 2314 4402 suspicione,
2338 4337 2393 4384 et
2410 4346 2478 4383 ex
2510 4329 2811 4385 charitatis
2844 4332 3036 4386 radice
3069 4348 3238 4386 suam
3273 4332 3609 4390 desiderent

1958 4436 2221 4491 promere
2254 4418 2632 4474 sententiam.

1954 4528 2083 4581 CAP.
2118 4527 2241 4579 297.
2277 4557 2343 4563 —
2375 4525 2525 4601 Quid
2558 4524 2837 4601 agendum
2869 4528 2936 4581 sit
2968 4526 3039 4582 de
3069 4528 3312 4599 episc0po
3343 4532 3441 4601 qui
3475 4547 3608 4585 cau-

2023 4616 2145 4653 sam
2192 4614 2349 4651 suam
2398 4599 2453 4651 in
2505 4599 2707 4666 synodo
2756 4614 2923 4664 agere
2960 4602 3230 4654 renuerit.
3266 4599 3607 4658 Ex‘concilio

2024 4672 2244 4739 Africa,
2276 4686 2395 4740 cap.
2428 4670 2495 4723 54
2526 4670 2647 4737 (sub
2681 4670 2963 4724 Ctelestino
2994 4675 3047 4724 et
3077 4672 3404 4744 Bonifacio).

2028 4766 2103 4814 De
2160 4756 2560 4823 Quodvultdeo
2637 4758 2809 4811 etiam
2885 4760 3270 4827 Centuriensi,
3331 4762 3608 4832 quoniam

1957 4849 2328 4905 adversarius
2359 4846 2519 4901 illius
2551 4862 2684 4901 cum
2708 4862 2768 4902 se
2793 4848 3037 4918 petisset
3065 4847 3357 4905 introduci
3379 4852 3447 4905 ad
3476 4868 3609 4906 con-

1958 4938 2157 4993 cilium
2201 4940 2485 5002 nostrum,
2520 4934 2911 5007 interrogatus
2944 4940 3141 4992 utrum
3174 4954 3308 4993 cum
3339 4955 3405 4994 eo
3436 4940 3609 4996 vellet

1959 5027 2111 5099 apud
2146 5025 2447 5096 epis-sepos
2494 5024 2759 5093 experiri,
2797 5024 2986 5095 primo
3026 5028 3378 5098 promiserat
3408 5035 3461 5084 et
3495 5030 3607 5084 alia

1958 5116 2048 5170 die
2080 5114 2379 5184 respondit
2410 5113 2517 5165 hoc
2550 5113 2661 5167 sibi
2694 5129 2809 5168 non
2842 5114 3088 5185 placere,
3109 5121 3283 5188 atque
3313 5118 3605 5181 discessit,

1957 5203 2175 5275 placuit
2201 5202 2476 5256 omnibus
2510 5202 2800 5274 episcopis
2833 5210 2894 5258 ut
2927 5205 3125 5261 nullus
3167 5208 3353 5263 eidem
3404 5208 3600 5271 Quod-

1955 5294 2186 5347 vultdeo
2219 5291 2631 5363 communicet,
2661 5294 2841 5348 donec
2872 5311 3050 5350 causa
3081 5298 3211 5367 ejus
3242 5296 3471 5367 qualem
3506 5312 3602 5364 po-

1956 5383 2132 5437 tuerit
2160 5382 2476 5437 terminum
2505 5387 2716 5437 sumat.
2751 5383 2894 5438 Nam
2937 5384 3113 5438 adimi
3147 5386 3195 5439 ei
3228 5384 3599 5453 episcopatus

1954 5477 2267 5543 antequam
2303 5488 2489 5527 causae
2523 5473 2649 5542 ejus
2681 5472 2869 5527 exitus
2903 5476 3226 5544 appareret,
3250 5470 3395 5526 nulli
3428 5472 3599 5528 Chri-

1955 5562 2144 5618 stiano
2175 5562 2352 5618 videri
2380 5562 2514 5632 jure
2546 5562 2753 5633 potuit.
