3960 6072
368 247 475 302 415

1460 246 1527 296 D.
1569 236 1808 294 IVONlS
1844 234 2338 292 CARNOTENSIS
2376 235 2694 289 EPISCOPI

3686 233 3797 289 416

365 374 499 426 CAP.
529 371 656 423 298.
683 399 751 410 —
778 368 1064 424 Judicium
1109 368 1354 438 episcopi
1391 365 1488 436 qui
1532 379 1628 437 pro
1664 362 1902 438 crimine
1929 360 2023 438 de-
2055 359 2108 425 Α
2137 357 2513 430 episcopatus
2543 356 2734 414 ofﬁcio
2766 356 2967 429 procul
2999 357 3177 412 dubio
3210 358 3580 424 reformatur,
3611 363 3671 414 et
3718 375 3796 414 ne

438 441 648 513 positus
697 440 765 495 ab
777 441 976 510 ofﬁcio,
1005 433 1190 513 postea
1209 433 1544 513 episcopium
1582 450 1730 491 more
1749 433 2027 513 praedonis

447 509 778 591 inpaditﬁx
803 509 1046 591 registro
1058 509 1312 591 gregarii
1333 509 1408 591 ad
1426 509 2026 591 Joannemmepismpum

435 586 643 654 prima
671 579 1006 639 Iustinianw
1028 581 1148 649 (lib.
1175 579 1212 636 7x
1243 582 1488 649 registr.,
1520 595 1601 652 ep.
1636 579 1746 648 33).

439 672 682 736 Quando
700 671 995 742 malaqum
1010 669 1360 742 paenitentia:
1380 670 1515 725 ﬂetu
1537 667 1843 740 purganda
1865 670 2022 733 sunt,

365 766 658 833 augentur
688 761 1047 824 excessibus,
1083 759 1162 813 ita
1189 760 1380 829 major
1421 763 1510 813 est
1543 754 2024 828 delinquentibus

363 849 698 906 adhibenda
720 848 1028 919 correptio,
1065 853 1130 902 ut
1160 853 1215 902 et
1245 847 1359 918 ipsi
1394 846 1622 902 facinus
1655 861 1827 900 suum
1857 859 2023 913 poena

365 938 575 994 saltem
605 938 936 993 vindicante
957 941 1334 1009 cognoscant,
1377 940 1436 992 et
1481 935 1629 991 alios
1680 935 1752 989 ab
1801 933 2022 987 illicitis

369 1027 782 1083 ecclesiasticae
813 1026 1082 1082 tuitionis
1131 1027 1307 1081 timor
1356 1025 1724 1095 inhibeat.(2,
1757 1040 1808 1094 q.
1839 1023 1872 1074 7
1903 1039 2022 1094 cap.

362 1115 1012 1186 Lator.)Dilectissimus
1029 1115 1393 1185 itaquelator
1415 1115 1790 1186 praesentium
1816 1111 2022 1166 Neme-

363 1205 493 1260 sion
528 1206 600 1259 ad
643 1221 750 1260 nos
776 1204 1040 1273 veniens,
1075 1205 1360 1260 indicavit
1403 1203 1581 1275 (sicut
1609 1206 1665 1257 et
1721 1205 2019 1272 gestorum

361 1293 736 1364 exemplaria,
770 1310 894 1364 quas
927 1293 1045 1348 haec
1080 1293 1315 1358 detulit,
1343 1292 1742 1358 continebant)
1777 1289 2019 1346 Paulum

361 1381 696 1438 Declanenae
721 1380 1213 1447 [Deaclinae,alias
1239 1380 1594 1453 Doclevenae]
1617 1379 1872 1435 civitatis
1894 1378 2018 1450 epi-

363 1486 609 1541 scopum
643 1469 796 1525 inter
827 1469 940 1524 alia
975 1470 1150 1537 mala,
1185 1471 1243 1524 in
1277 1469 1562 1542 corporali
1605 1468 1846 1524 crimine
1872 1472 2016 1533 [cor-

361 1558 566 1632 porale
585 1557 831 1631 crimen]
854 1557 1112 1630 lapsum,
1137 1576 1170 1614 a
1203 1559 1326 1614 suis
1356 1559 1537 1614 fuisse
1579 1557 1809 1612 clericis
1849 1573 2016 1612 accu-

2136 447 2330 502 denuo
2363 450 2470 502 hac
2492 448 2560 502 de
2583 463 2642 502 re
2666 446 3134 517 inquietudinem
3160 461 3226 502 ac
3245 445 3578 502 molestiam
3602 448 3796 520 patia-

2134 540 2250 603 tur,
2273 535 2556 592 sollicitos
2578 553 2678 590 vos
2697 551 2826 590 esse
2849 551 3085 590 necesse
3106 540 3215 604 est,
3241 535 3380 606 quia
3407 535 3517 591 hoc
3541 553 3658 592 non
3687 553 3794 591 so-

2132 624 2257 679 lum
2289 625 2361 680 ad
2393 625 2573 695 hujus
2592 624 2998 691 munitionem,
3033 640 3230 678 verum
3263 625 3333 679 ad
3366 623 3617 680 aliorum
3647 641 3794 681 con-

2133 718 2252 770 stat
2279 714 2753 770 emendationem
2788 713 3087 785 proiicere,
3129 718 3192 768 ut
3231 729 3539 783 pravorum
3588 713 3797 769 homi-

2133 820 2272 858 num
2309 803 2689 874 praasumptio
2739 801 2820 857 nil
2871 802 2941 856 de
2991 805 3193 856 cetero
3251 806 3455 858 contra
3485 818 3797 858 sacrorum

2134 908 2426 946 canonum
2458 896 2682 947 statuta
2728 890 2818 946 vel
2870 889 3327 946 ecclesiasticam
3389 891 3796 964 disciplinam,

2134 978 2296 1033 nullo
2328 980 2500 1034 modo
2533 980 2746 1034 audeat
2771 983 3078 1034 attentare.

2129 1067 2262 1123 CAP.
2290 1068 2415 1121 299.
2450 1098 2518 1108 —
2550 1067 2658 1122 Cur
2687 1067 2867 1122 sancti
2895 1067 3127 1138 apostoli
3175 1083 3474 1138 eorumque
3502 1084 3795 1124 successo-

2201 1156 2284 1194 res
2312 1139 2572 1208 diﬁcilem
2603 1155 2718 1195 esse
2750 1140 3026 1194 voluerint
3056 1141 3457 1211 accusationem
3503 1142 3792 1211 episcopo-

2199 1228 2327 1265 rum
2348 1211 2753 1282 [sacerdotum].
2787 1211 2868 1265 Ex
2893 1211 3123 1266 decretis
3161 1210 3393 1266 Fabiani
3421 1227 3577 1282 papz
3599 1210 3793 1267 orien-

2199 1283 2405 1338 talibus
2432 1283 2702 1353 fratribus
2731 1282 2936 1352 missis,
2967 1299 3090 1353 cap.
3141 1284 3201 1336 19
3231 1285 3334 1352 (ep.
3366 1286 3418 1348 2,
3455 1299 3500 1337 c.
3533 1285 3612 1353 2).

2197 1371 2362 1426 Talia
2392 1371 2714 1442 cogitantes
2729 1372 2913 1426 sancti
2937 1369 3182 1441 apostoli
3203 1385 3525 1441 eorumque
3547 1385 3793 1426 succes-

2126 1459 2620 1530 soresSpirituDei
2637 1459 2859 1530 repleti,
2893 1459 3152 1514 homines
3169 1459 3354 1514 malos
3373 1460 3765 1528 praevidentes
3779 1503 3791 1527 ,

2125 1551 2182 1602 et
2210 1547 2508 1619 simplices
2542 1549 3005 1615 considerantes,
3028 1547 3266 1603 difﬁcile
3309 1553 3412 1604 aut
3469 1564 3788 1618 nunquam

365 1652 564 1705 satum
610 1650 826 1718 :atque
883 1647 1085 1703 habita
1127 1649 1480 1720 cognitione,
1534 1648 1617 1702 ita
1659 1646 1838 1717 (quod
1889 1645 2016 1701 sine
2125 1635 2416 1691 voluerint
2436 1651 2565 1691 esse
2586 1637 3018 1692 accusationem
3055 1638 3547 1701 sacerdotum,ne
3592 1653 3628 1692 a
3662 1652 3792 1691 ma-

367 1735 570 1792 dolore
600 1736 794 1792 dicere
817 1755 932 1793 non
958 1739 1299 1809 possumus)
1323 1736 1632 1806 claruisse,
1655 1740 1832 1807 atque
1851 1737 2016 1790 insu-

2228 1725 2559 1796 potuissent
2589 1725 2790 1793 averti,
2843 1730 2944 1780 aut
2987 1725 3342 1794 submoveri,
3391 1725 3530 1797 quia
3574 1725 3624 1781 si
3680 1725 3797 1780 hoc

368 1841 474 1897 per
503 1829 816 1896 postquam
841 1827 1145 1882 convictus
1167 1830 1277 1894 est,
1313 1827 1491 1881 etiam
1541 1825 1806 1880 libellum
1854 1824 2020 1880 illum

367 1912 429 1968 in
462 1930 577 1985 quo
598 1915 768 1983 ea,de
790 1915 1008 1985 quibus
1027 1919 1339 1971 accusatus
1360 1915 1567 1983 fuerat,
1589 1929 1726 1969 vera
1738 1929 1866 1968 esse
1887 1930 2022 1968 con-

371 2000 566 2057 fessus
595 2007 685 2057 est
715 2003 1024 2060 obtulisse.
1051 2007 1174 2070 Qua
1199 2004 1270 2059 de
1303 2019 1363 2058 re
1384 2002 1675 2058 sententia
1705 2001 1872 2056 illum
1905 2001 2026 2071 epi-

373 2089 594 2161 scopali
613 2091 970 2163 depositum,
995 2099 1053 2150 et
1071 2108 1131 2149 se
1149 2093 1279 2163 ejus
1301 2092 1423 2148 loco
1463 2107 1597 2146 cum
1643 2090 2028 2146 fraternitatis

376 2181 585 2234 vestrae
620 2196 1054 2238 consensuesse
1077 2184 1416 2254 episcOpum
1432 2180 1831 2251 judicavimus
1880 2179 2032 2234 ordi-

381 2271 608 2324 natum.
635 2270 744 2325 Sed
765 2287 919 2326 nunc
941 2272 1214 2327 eumdem
1239 2269 1486 2325 Paulum
1505 2285 1640 2324 cum
1686 2268 1901 2324 auxilio
1933 2285 2033 2324 saa-

389 2357 681 2414 cularium
698 2360 972 2430 judicum
1000 2360 1328 2414 venientem
1343 2359 1683 2431 episcopum
1706 2373 1867 2413 more
1889 2374 2032 2429 prie-

391 2447 564 2503 donis
577 2448 934 2520 ingressum,
950 2449 1202 2520 ablatisq
1212 2465 1281 2503 ue
1296 2448 1576 2503 violenter
1589 2448 1766 2504 rebus
1778 2446 2033 2502 ecclesiae

391 2537 463 2593 ab
493 2554 560 2593 eo
592 2553 652 2593 se
683 2539 1034 2610 projectum,
1082 2544 1140 2594 et
1187 2538 1258 2593 ad
1317 2553 1595 2593 summan
1640 2536 1943 2606 iniuriam,
1967 2551 2046 2590 ac.

389 2642 593 2682 necem
625 2641 772 2697 pene
803 2627 1152 2698 perductum
1186 2626 1592 2698 cognovimus.
1645 2625 1714 2678 Et
1758 2623 2033 2694 quoniam

384 2715 579 2770 tentias
600 2714 871 2786 nequitia
887 2716 1277 2787 pravitas,neo
1308 2713 1746 2770 dissimulanda
1759 2729 1864 2767 nec
1892 2711 2033 2766 levi-

386 2807 478 2858 ter
503 2803 906 2874 arguendaest
935 2801 1273 2858 fraternitas
1307 2807 1498 2858 vestra
1521 2801 1643 2857 hac
1684 2801 1880 2856 omnia
1901 2800 2034 2854 dili-

385 2895 590 2960 genter
619 2895 782 2944 curet
811 2890 1100 2945 addicere.
1123 2893 1192 2946 Et
1222 2891 1269 2946 si
1302 2891 1384 2946 ita
1415 2907 1477 2946 se
1499 2891 1588 2962 (ut
1617 2889 1771 2944 docti
1803 2888 2036 2958 sumus)

386 2976 601 3032 veritas
622 2977 815 3045 habet,
850 2978 1194 3048 praedictum
1237 2977 1486 3032 Paulum
1541 2977 1809 3032 districta
1858 2976 2035 3031 faciat

387 3065 763 3120 exsecutione
789 3066 1208 3137 [excusatione]
1237 3065 1530 3136 compelli,

386 3153 634 3210 abstulit
654 3154 814 3210 omni
848 3169 1012 3210 mora
1032 3153 1121 3209 vel
1166 3153 1537 3209 excusatione
1572 3157 1836 3208 cessante
1865 3154 2032 3208 resti-

383 3244 529 3299 tuat.
555 3242 610 3297 Si
635 3257 769 3298 vero
789 3241 934 3296 nihil
973 3241 1253 3310 ecclesiae,
1278 3242 1378 3297 sed
1405 3242 1706 3313 proprium
1732 3257 1794 3296 se
1828 3242 2035 3298 dixerit

384 3330 722 3398 abstulisse,
746 3331 1017 3402 quamvis
1039 3345 1212 3402 grave
1232 3329 1567 3401 etiniquum
1592 3329 1721 3397 fuit,
1758 3334 1820 3384 ut
1851 3347 1967 3386 non
1999 3349 2032 3386 a

384 3419 571 3484 vobis,
589 3419 676 3474 vel
698 3436 731 3474 a
753 3418 1205 3490 metropolitano
1227 3419 1355 3489 ejus
1375 3418 1484 3474 hoc
1503 3419 1862 3490 petierit,sed
1881 3437 2030 3475 ausu

385 3507 697 3564 temerario
721 3524 899 3562 manu
934 3513 1315 3578 praesumeret
1341 3523 1532 3580 agere,
1558 3515 1957 3563 verumtamen
1982 3508 2032 3563 si

387 3596 529 3668 quid
559 3596 864 3668 proprium
886 3595 1042 3663 tulit,
1071 3598 1180 3652 sub
1215 3597 1601 3653 fraternitatis
1631 3602 1836 3653 vestrae
1859 3599 2030 3655 debet

385 3683 812 3740 examinatione
831 3685 1178 3751 constare,si
1201 3700 1403 3740 verum
1427 3689 1536 3740 est.
1560 3685 1668 3740 Sed
1691 3690 1749 3741 et
1771 3685 1915 3740 illud
1940 3685 2027 3740 di-

383 3772 634 3844 ligenter
663 3774 1042 3844 quaerendum
1072 3774 1234 3838 est,si
1259 3775 1400 3845 quid
1422 3773 1573 3829 male
1593 3774 1664 3828 de
1687 3775 1861 3830 rebus
1877 3774 2028 3830 dila-

383 3861 608 3933 pidavit
656 3861 936 3928 ecclesias,
968 3865 1034 3916 ut
1061 3878 1129 3916 ex
1159 3878 1225 3916 eo
1256 3862 1409 3930 quod
1442 3878 1596 3917 nunc
1626 3862 1888 3933 abslulit,
1920 3863 2030 3919 hoc

385 3951 723 4016 reformare,
755 3967 820 4006 ac
837 3951 1172 4006 satisfacere
1202 3949 1393 4006 modis
1419 3949 1696 4005 omnibus
1713 3951 2028 4022 compella-

388 4045 505 4096 tur.
541 4038 602 4096 Si
630 4042 827 4095 autem
861 4038 1096 4111 differre
1135 4037 1468 4106 tentaverit,
1517 4055 1826 4110 quousque
1860 4057 2032 4097 omne

387 4129 544 4202 quod
573 4127 936 4200 dilapidavit,
966 4127 1053 4183 vel
1084 4129 1154 4184 de
1186 4126 1520 4182 substantia
1567 4127 1705 4182 tulit
1752 4127 2030 4198 ecclesiae,

389 4217 748 4286 restituat,in
772 4218 1194 4273 monasterium
1234 4217 1559 4272 mittendus
1589 4222 1698 4284 est,
1730 4222 1793 4273 ut
1823 4216 2031 4274 saltem

388 4311 625 4362 coactus
657 4306 863 4360 reddat
885 4307 1039 4376 quod
1066 4306 1216 4362 male
1240 4323 1308 4362 au
1321 4306 1467 4361 ferre
1494 4322 1609 4362 non
1630 4305 1849 4362 timuit.
1870 4309 2032 4373 Quod

385 4397 435 4450 si
459 4395 789 4464 forte(quod
811 4411 924 4449 non
943 4395 1839 4467 credimus)postdepositionem
1864 4413 2031 4452 suam

385 4483 800 4550 inverecunda,
862 4497 928 4537 ac
976 4482 1187 4538 insana
1241 4489 1433 4540 mente
1496 4485 1906 4554 [inverecunde
1973 4501 2037 4541 ac

387 4575 580 4626 mente
610 4569 904 4642 perversa]
939 4569 1164 4642 aliquid
1198 4571 1267 4628 de
1293 4573 1636 4646 episc0patu
1661 4573 1842 4645 loqui,
1862 4578 2038 4645 atque

387 4674 625 4714 rursum
655 4659 727 4713 ad
745 4658 851 4714 hoc
875 4674 976 4730 per
997 4658 1292 4731 quaslibet
1309 4677 1593 4732 personas
1611 4663 1870 4733 aspirare
1894 4679 2036 4734 prae-

386 4746 679 4818 sumptive
696 4748 1296 4820 tentaverit[qualibet
1314 4750 1575 4820 aspirare
1591 4751 2039 4822 prasumptione

387 4834 713 4906 tentaverit,
747 4837 905 4906 etc.],
952 4836 1336 4892 fraternitatis
1376 4843 1578 4894 vestrae
1603 4855 1665 4894 se
1695 4844 1898 4894 contra
1926 4839 2036 4894 im-

385 4923 738 4997 probitatem
772 4924 960 4996 ipsius
991 4925 1328 4980 omnimodo
1347 4926 1511 4998 vigor
1539 4929 1838 4994 accendat,
1863 4932 2038 4999 atque

381 5012 671 5069 Dominici
701 5015 963 5085 corporis
994 5019 1052 5070 et
1085 5014 1392 5086 sanguinis
1410 5018 1823 5073 communione
1841 5018 2037 5090 priva-

334 5154 339 5158 .
380 5111 504 5159 tum
526 5102 583 5157 in
618 5103 1042 5158 monasterium
1063 5120 1198 5159 eum
1216 5121 1404 5176 usque
1423 5107 1494 5160 ad
1521 5105 1673 5160 diem
1701 5107 1896 5162 obitus
1920 5107 2035 5174 sui,

381 5192 452 5250 ad
477 5192 764 5264 agendam
790 5193 1212 5264 paenitentiam,
1238 5199 1402 5249 curet
1427 5195 1864 5264 retrudendum,
1891 5213 2034 5268 qua-

381 5288 556 5339 tenus
578 5282 894 5355 perpetrati
921 5282 1158 5338 sceleris
1186 5283 1448 5339 maculas
1470 5283 1665 5355 dignis
1688 5285 2037 5340 discatﬂeti-

384 5373 496 5428 bus
519 5371 1015 5443 emendare,quas
1038 5371 1226 5444 magis
1252 5374 1323 5427 ad
1357 5372 1661 5427 interitum
1687 5373 1894 5427 animos
1918 5390 2035 5428 sua:

385 5461 656 5530 nequiter
672 5475 884 5532 augere
903 5460 1303 5518 desiderat.Su
1316 5479 1418 5534 pra
1444 5463 1701 5533 scriptus
1725 5465 1920 5518 autem
1946 5463 2032 5516 di-

384 5548 746 5606 lectissimus
772 5552 950 5608 frater
993 5555 1190 5608 noster
1233 5551 1548 5610 Nemesion
1591 5551 1648 5607 in
1683 5569 1789 5609 suo
1821 5551 1947 5609 loco
1979 5556 2037 5609 et

2133 1813 2299 1868 facile
2319 1813 3140 1881 concederetur,saecularibus
3155 1819 3213 1870 et
3230 1814 3401 1870 malis
3417 1813 3795 1879 hominibus,

2133 1905 2234 1956 aut
2263 1902 2462 1956 nullus
2484 1907 2586 1958 aut
2615 1901 2704 1956 vix
2759 1903 3032 1974 perpauci
3078 1906 3469 1970 remanerent,
3503 1901 3792 1973 quoniam

2134 2005 2365 2059 semper
2384 1989 2512 2054 fuit,
2547 1994 2603 2044 et
2629 1994 2737 2054 est,
2769 1995 2826 2045 et
2859 1991 3038 2060 (quod
3068 1991 3237 2060 pejus
3259 1991 3571 2061 est)nimis
3612 1991 3791 2059 viget,

2138 2082 2202 2132 ut
2222 2076 2360 2132 mali
2391 2079 2574 2133 bonos
2605 2083 3054 2150 persequantur,
3085 2085 3140 2134 et
3158 2079 3425 2136 carnales
3447 2079 3793 2151 spirituales

2140 2166 2436 2222 infestent.
2463 2167 2702 2232 Idcirco,
2733 2172 2794 2222 ut
2815 2167 3160 2238 praedictum
3184 2173 3293 2232 est,
3328 2172 3668 2224 statuerunt
3715 2184 3793 2223 ne

2141 2260 2575 2326 accusarentnr,
2602 2256 2768 2312 autsi
2790 2255 2960 2311 aliter
2989 2256 3112 2312 ﬁeri
3147 2273 3263 2312 non
3290 2262 3507 2329 posset,
3526 2257 3796 2329 perdiffi-

2143 2343 2271 2399 cilis
2290 2344 2454 2398 ﬁeret
2482 2360 2685 2399 eorum
2717 2345 3036 2415 accusatio,
3070 2351 3126 2402 et
3155 2346 3438 2418 aquibus,
3473 2351 3538 2402 ut
3571 2347 3782 2418 praedi-

2143 2437 2301 2487 ctum
2324 2436 2433 2503 est,
2464 2450 2580 2489 non
2596 2437 3068 2504 praesumeretur,
3104 2452 3340 2508 nequea
3362 2435 3617 2508 propriis
3640 2436 3796 2492 sedi-

2141 2522 2254 2577 bus
2284 2528 2385 2577 aut
2415 2521 2679 2578 ecclesiis
2711 2523 2968 2596 episcopi
2992 2524 3360 2593 ejicerentur.

2142 2615 2277 2666 ΟΑρ.
2311 2612 2434 2664 300.
2465 2641 2537 2650 -
2565 2613 2640 2666 De
2668 2614 2914 2682 episcopo
2935 2613 3180 2682 expulso,
3215 2615 3264 2666 si
3293 2629 3464 2667 ausus
3491 2615 3667 2682 fuerit
3709 2613 3795 2666 in-

2211 2628 2277 2666 χρ.
2311 2628 2434 2664 συυ.
2465 2641 2537 2650 -
2565 2628 2640 2666 ue
2668 2628 2914 2682 episcopo
2935 2628 2974 2666 e.
3043 2628 3180 2678 uiso,
3215 2629 3262 2666 si
3293 2629 3464 2667 ausus
3491 2628 3667 2682 fuerit
3709 2629 3793 2666 tn-

2211 2681 2364 2753 gredi
2393 2684 2693 2756 cipitatem.
2719 2685 2800 2738 Ex
2827 2628 3057 2756 cpiam
3079 2684 3357 2751 Boni/“acii
3385 2699 3554 2756 papae
3580 2683 3651 2739 ad
3675 2684 3793 2755 epi-

2211 2769 2397 2825 sc0p0s
2429 2753 2626 2811 Galliae
2655 2755 2717 2824 (l.
2751 2757 2812 2810 in
2834 2753 3090 2820 decretis,
3116 2772 3164 2809 c.
3205 2757 3282 2824 6).

2215 2841 2275 2897 Si
2299 2841 2610 2914 episcopus
2640 2841 2920 2913 expulsus
2935 2860 3116 2899 ausus
3142 2844 3316 2898 fuerit
3337 2841 3563 2915 ingredi
3584 2841 3792 2897 civita-

2144 2935 2262 2986 tem
2295 2947 2412 3002 qua
2434 2930 2715 2999 expulsus
2738 2931 2941 2997 est,vel
2963 2931 3119 2988 exire
3136 2931 3206 2986 de
3231 2931 3424 2988 locoin
3452 2947 3567 3002 quo
3584 2932 3794 3003 degere

2147 3019 2349 3090 jussus
2397 3024 2505 3080 est.
2543 3021 2824 3090 jubemus
2859 3037 2992 3076 cum
3026 3020 3084 3074 in
3132 3019 3554 3076 monasterium
3587 3020 3646 3074 in
3675 3019 3796 3074 alia

1554 3069 1620 3120 ut
1683 3065 1912 3121 uodcun
1961 3082 2033 3120 ue
2148 3065 2348 3119 ""1"
2390 3065 2505 3119 ,"""
2543 3065 2824 3119 πῖν’-ην
2861 3065 2992 3076 ν--ο-
3026 3065 3084 3120 τ·
3135 3065 3554 3120 -ν-ο-ῖ-ςυ--κ
3589 3065 3646 3074 -..
3675 3065 3795 3119 ..-ῖ-

1573 3081 1833 3180 ηὲηηι,
1865 3082 2000 3180 “(in
2063 3091 2106 3160 (ἶ
2146 3125 2442 3180 provmcia
2465 3114 2854 3164 constitutum
2902 3110 3076 3179 tradi,
3121 3113 3186 3164 ut
3229 3126 3327 3180 qui
3362 3125 3420 3162 In
3466 3108 3795 3164 sacerdono

2140 3197 2420 3268 peccavit,
2455 3198 2671 3269 degens
2704 3198 2762 3252 in
2793 3198 3147 3254 monasterio
3179 3198 3525 3270 corrigatur.

2139 3289 2269 3341 CAP.
2302 3286 2427 3358 30_t.
2462 3317 2529 3326 —
2564 3287 2626 3342 Ut
2655 3286 2940 3358 episcopis,
2973 3289 3072 3358 qui
3099 3303 3155 3342 se
3181 3286 3493 3341 viventibus
3523 3300 3794 3358 successo-

2209 3373 2296 3412 res
2326 3356 2536 3426 eligere
2565 3356 2902 3413 desiderant.
2938 3356 3023 3414 Ea:
3061 3358 3294 3414 concilio
3345 3357 3702 3421 Antiocheno,
3743 3373 3792 3413 c.

2205 3429 2276 3482 23
2305 3429 2426 3499 (sub
2447 3429 2636 3495 Julia).

2211 3517 2455 3589 (8,q.t,c.
2478 3518 2742 3588 Episcopo
2771 3534 2882 3573 non
2914 3518 3132 3590 licere.)
3165 3517 3450 3590 Episcopo
3484 3515 3794 3572 nonlicere

2139 3620 2242 3676 per
2263 3621 2325 3660 se
2349 3621 2750 3662 successorem
2781 3607 2891 3662 sibi
2927 3607 3446 3675 constituere,licet
3477 3606 3548 3660 ad
3571 3606 3795 3661 exitum

2136 3693 2264 3747 vita:
2289 3693 2604 3764 perveniat.
2631 3695 2795 3760 Quod
2839 3696 2886 3750 si
2912 3695 3026 3750 tale
3049 3696 3272 3766 aliquid
3330 3696 3552 3750 factum
3587 3694 3786 3759 fuerit,

2139 3781 2370 3837 irritum
2403 3799 2530 3837 esse
2549 3782 2891 3854 hujusmodi
2916 3785 3570 3840 contitutum.Servetur
3590 3788 3793 3839 autem

2131 3871 2232 3941 jus
2263 3869 2750 3940 ecclesiasticum,
2773 3872 2830 3926 id
2857 3875 3160 3928 continens
3183 3877 3449 3944 oportere
3489 3889 3605 3926 non
3628 3871 3799 3928 aliter

2139 3958 2285 4027 ﬁeri,
2312 3959 2426 4013 nisi
2465 3976 2600 4014 cum
2633 3961 2860 4032 synodo
2889 3967 2946 4016 et
2969 3962 3197 4033 judicio
3228 3961 3660 4033 episcoporum,
3695 3961 3797 4033 qui

2139 4051 2271 4120 post
2300 4048 2529 4103 obitum
2543 4048 2903 4119 quiescentis
2919 4054 3269 4121 potestatem
3295 4049 3516 4105 habent
3545 4049 3798 4120 eumqui

2140 4136 2354 4208 dignus
2385 4137 2694 4206 exstiterit,
2725 4154 3082 4209 promovere.

2143 4225 2282 4280 CAP.
2318 4225 2442 4280 302.
2476 4257 2543 4265 —
2578 4227 2641 4282 Ut
2663 4229 2908 4298 episcopo
2939 4229 3153 4283 vivente
3195 4228 3385 4283 nullus
3410 4225 3800 4298 superordine-

2212 4305 2327 4352 tur.
2369 4299 2451 4350 Ex
2479 4299 2710 4353 concilio
2760 4299 3110 4367 Arvernensi,
3143 4315 3190 4353 τ’.
3225 4300 3292 4354 13
3342 4298 3427 4369 (in
3472 4299 3803 4369 fragmentis

2213 4383 2363 4423 conc.
2398 4369 2587 4423 Arver.
2623 4386 2682 4434 ιι,
2715 4371 2834 4424 sub.
2873 4369 3091 4440 Vigilio,
3125 4371 3369 4442 capitulo
3398 4371 3477 4441 2).

2069 4462 2115 4526 1)
2219 4455 2287 4510 Ut
2321 4456 2520 4512 nullus
2544 4457 2770 4512 vivente
2829 4458 3106 4530 episcopo
3146 4458 3299 4514 alius
3347 4461 3803 4529 superponatur,

2147 4547 2249 4599 aut
2277 4545 2762 4615 superordinetur
2791 4546 3130 4619 episcopus,
3159 4548 3272 4603 nisi
3307 4547 3552 4603 forsitan
3584 4546 3644 4600 in
3675 4545 3804 4615 ejus

2145 4631 2292 4700 loco,
2326 4649 2502 4704 quem
2534 4634 2804 4703 capitalis
2835 4634 3010 4706 culpa
3041 4636 3337 4706 dejecerit.

2145 4722 2295 4796 Cas.
2327 4721 2450 4776 303.
2480 4752 2549 4796 -ς
2582 4722 2730 4790 Quod
2772 4739 2883 4796 non
2930 4725 3094 4779 liceat
3138 4725 3392 4796 episcopo
3440 4737 3805 4796 successorem

2217 4792 2450 4868 eligere.
2507 4795 2589 4868 Ex
2639 4793 2884 4868 concilio
2930 4792 3206 4868 Spalensi.
3257 4792 3386 4851 c.'9
3431 4794 3607 4866 (Spal.
3657 4810 3700 4860 1,
3749 4796 3806 4848 in

2216 4866 2572 4934 fragmentis,
2604 4881 2650 4919 c.
2685 4866 2762 4936 8).

2219 4951 2504 5022 Episcopo
2530 4969 2641 5006 non
2668 4951 2803 5007 licet
2825 4956 2959 5008 ante
2981 4953 3159 5008 ﬁnem
3199 4953 3329 5009 vitis
3370 4952 3554 5008 alium
3587 4952 3649 5007 in
3682 4951 3805 5007 loco

2147 5055 2254 5096 suo
2286 5041 2642 5096 constituere
2674 5058 3099 5097 successorem.
3128 5043 3186 5097 Si
3235 5042 3368 5114 quis
3396 5046 3593 5096 autem
3628 5057 3805 5095 usur-

2147 5145 2284 5200 pare
2320 5129 2646 5196 tentaverit,
2681 5130 3020 5187 constitutio
3050 5129 3332 5187 illairrita
3358 5131 3485 5185 erit.
3520 5129 3646 5184 Non
3670 5145 3805 5201 ergo

2147 5217 2314 5273 aliter
2336 5218 2459 5273 ﬁeri
2485 5223 2732 5290 Oportet,
2769 5220 2882 5275 nisi
2915 5235 3049 5276 cum
3067 5219 3311 5276 consilio
3345 5225 3402 5275 et
3423 5217 3651 5290 judicio
3680 5219 3802 5290 epi-

2147 5322 2486 5377 scoporum,
2521 5308 2620 5378 qui
2667 5314 2796 5380 post
2845 5309 3067 5366 exitum
3110 5308 3556 5382 praedecessoris
3606 5313 3799 5381 potes-

2145 5399 2324 5458 tatem
2359 5395 2576 5450 habent
2606 5397 2849 5469 dignum
2880 5398 3109 5470 eligere.

2147 5485 2278 5540 CAP.
2313 5483 2438 5559 301i.
2463 5514 2558 5559 ν--Ῠ
2573 5487 2633 5542 Ut
2659 5503 2758 5557 pro
2782 5487 3118 5559 aegritudine
3144 5487 3385 5559 episcopi
3411 5485 3616 5544 nullus
3641 5487 3799 5543 alius

2219 5555 2488 5612 succedat.
2519 5558 2602 5613 Ex
2631 5555 2885 5632 Registro
2905 5555 3348 5633 Gregorii'papae
3376 5559 3446 5615 ad
3474 5559 3797 5616 Anatolium
