3978 6060
218 276 325 329 417

938 276 1248 329 DECRETI
1288 277 1471 330 PARS
1506 276 1574 326 V.
1607 302 1675 311 —-
1713 275 1806 326 DE
1846 273 2173 326 PRIMATU
2212 272 2383 324 ROM.
2426 271 2733 331 ECCLES..
2777 274 2928 328 ETC.

3532 273 3635 327 418

220 396 895 467 ConstantinOpotitanum
960 397 1255 452 diaconum
1320 398 1437 467 (tib.
1512 414 1565 451 1x
1646 398 1867 465 Itegzst.,
1900 399 1952 460 Α
1983 394 2388 467 ΟειΡηΒΟὓη-
2418 395 2490 449 De
2531 398 2800 467 episcopo,
2833 394 2929 467 qui
2957 409 3088 467 [per
3129 394 3513 467 inﬁrmitatem
3570 397 3631 451 in

292 472 453 541 epist.
488 469 600 541 41).

288 575 365 646 (7,
398 591 450 645 q.
487 574 538 640 1,
562 590 609 629 c.
642 574 878 641 Scripsit
907 573 1107 647 mihi.)
1154 573 1404 645 Scripsit
1449 573 1594 628 mihi
1637 572 1870 627 dilectio

211 668 339 729 tua,
358 663 847 718 reverendissimo
869 662 1229 733 [piissimum
1255 663 1562 718 dominum
1599 666 1868 716 nostrum

215 750 717 821 reverentissimo,
741 752 878 821 etc.]
901 749 1064 805 fratri
1083 767 1207 807 meo
1220 752 1434 806 Joanni
1467 751 1667 822 prima
1685 749 1868 805 Justi-

213 842 403 896 nianaa
418 840 693 912 episcopo
707 856 811 910 pro
832 840 1177 909 aegritudine
1193 840 1403 910 capitis
1423 856 1599 910 quam
1626 840 1869 909 patitur,

208 931 558 1003 episcopum
593 928 907 1000 praecipere
931 929 1190 997 succedi,
1213 945 1284 983 ne
1308 928 1555 983 fortasse
1588 928 1725 982 dum
1747 928 1868 998 epi-

208 1022 527 1091 scopijura
560 1019 765 1075 eadem
798 1019 1004 1074 civitas
1042 1036 1154 1074 non
1198 1019 1433 1085 habeat,
1484 1020 1632 1089 quod
1681 1015 1865 1073 absit!

207 1110 282 1165 ab
314 1108 483 1164 hoste
514 1108 816 1179 depereat.
852 1107 982 1161 Haec
1014 1107 1253 1179 quidem
1286 1122 1537 1163 canones
1570 1122 1867 1177 nusquam

211 1197 587 1269 praecipiunt,
620 1201 685 1251 ut
716 1213 817 1268 pro
845 1194 1195 1268 aegritudine
1239 1196 1499 1267 episcopi
1549 1196 1866 1267 episcopus

209 1287 488 1342 succedat
518 1288 575 1340 et
612 1286 853 1340 omnino
908 1286 1199 1356 injustum
1243 1290 1448 1353 estut,
1497 1286 1544 1340 si
1594 1284 1869 1339 molestia

210 1375 474 1446 corporis
507 1374 698 1444 irruit,
731 1373 949 1429 honore
982 1391 1087 1429 suo
1120 1375 1383 1445 privetur
1434 1378 1699 1445 aegrotus.
1754 1374 1865 1429 Sed

209 1464 651 1536 suggerendum
683 1466 772 1517 est
804 1466 887 1528 ut,
913 1464 960 1518 si
984 1462 1117 1534 quis
1141 1462 1214 1533 [is
1237 1463 1473 1535 quiest]
1500 1462 1560 1517 in
1583 1462 1868 1534 regimine

210 1555 476 1623 aegrotat,
508 1552 879 1623 dispensator
910 1551 993 1605 illi
1025 1551 1160 1606 talis
1193 1552 1527 1623 requiratur
1558 1552 1658 1623 qui
1683 1552 1868 1622 possit

211 1642 344 1714 ejus
366 1657 569 1697 curam
585 1656 756 1713 agere
776 1657 1031 1705 omnem,
1049 1640 1310 1696 stlocum
1327 1641 1488 1696 illius
1503 1642 1562 1695 in
1585 1640 1867 1712 regimine

212 1730 483 1786 Ecclesiaa
518 1730 646 1802 ipso
680 1746 793 1785 non
848 1729 1133 1801 disposito
1175 1746 1539 1801 conservare,
1573 1738 1637 1784 ut
1678 1744 1867 1800 neque

211 1820 375 1874 Deus
404 1818 778 1889 omnipotens
807 1818 1159 1885 offendatur,
1183 1835 1371 1890 neque
1385 1819 1588 1874 civitas
1612 1818 1867 1889 neglecta

214 1924 348 1963 esse
378 1906 730 1962 inveniatur.

205 2042 344 2097 CAP.
380 2040 512 2095 305.
540 2071 606 2081 —
638 2041 702 2096 Ut
745 2041 994 2110 epismpo
1031 2040 1251 2096 assidua
1295 2040 1624 2110 inﬁrmitate
1670 2042 1867 2111 capitis

295 2113 596 2177 laborante,
616 2120 666 2166 et
706 2111 803 2165 (tiu
833 2122 1058 2182 gravato
1089 2114 1230 2168 alter
1268 2114 1621 2183 subrogatur.
1672 2114 1756 2167 Ex
1788 2130 1867 2169 re-

289 2185 462 2251 θέεινο
496 2182 769 2251 Gregorii,
796 2201 843 2236 ιι.
879 2184 983 2237 259
1017 2184 1074 2249 (t.
1106 2200 1183 2238 vn
1208 2184 1403 2239 indict.
1436 2182 1490 2251 2,
1515 2200 1561 2238 c.
1585 2185 1697 2253 50).

284 2299 360 2369 (7,
387 2316 438 2369 q.
476 2299 524 2352 1.
554 2314 599 2352 c.
654 2299 901 2366 Qualiter
943 2298 1237 2370 ordinati.)
1298 2299 1559 2365 Qualiter
1614 2299 1868 2354 ordinati

214 2404 247 2441 a
282 2388 451 2441 nobis
484 2388 886 2442 sacerdotibus
907 2387 1190 2458 corporali
1215 2388 1381 2458 (quia
1403 2394 1601 2443 notum
1621 2390 1750 2459 est).
1767 2389 1871 2443 im-

208 2475 481 2547 pediente
495 2475 763 2530 molestia
780 2476 1169 2531 Ariminensis
1184 2476 1437 2531 Ecclesia
1450 2476 1728 2547 pastorali
1742 2478 1874 2532 hac-

212 2568 391 2620 tenus
409 2581 475 2620 ac
507 2564 859 2621 sacerdotali
893 2565 971 2620 sit
996 2566 1277 2637 regimine
1304 2566 1602 2632 destituta,
1647 2567 1869 2621 dudum

211 2653 558 2709 fraternitas
577 2657 769 2709 vestra
783 2654 1054 2725 cognovit
1131 2654 1312 2717 Quem
1332 2655 1555 2709 dudum
1582 2654 1871 2710 habitato-

213 2758 339 2797 rem
378 2741 664 2798 lociillius
688 2744 938 2815 permoti
962 2744 1286 2815 praeorbus,
1310 2744 1526 2815 szspius
1549 2743 1870 2799 hortatisu-

210 2846 367 2898 mus,
386 2830 513 2885 utsi
528 2832 599 2886 de
613 2832 815 2888 eadem
832 2831 1058 2903 capitis,
1076 2832 1586 2903 quadetinebatur,
1606 2832 1875 2889 molestia

217 2918 593 2975 melioratum
639 2936 700 2976 se
744 2937 870 2976 esse
911 2921 1175 2991 sentiret,
1208 2922 1277 2976 ad
1320 2938 1514 2991 suam,
1557 2922 1875 2979 auxiliante

220 3008 367 3076 Deo,
399 3014 784 3064 reverteretur
814 3008 1154 3066 Ecclesiam.
1178 3010 1287 3074 Qui
1320 3011 1474 3066 datis
1512 3011 1767 3067 induciis
1811 3012 1871 3067 in

215 3096 328 3153 hoc
361 3098 749 3168 quadriennio
780 3102 1170 3171 exspectatur.
1192 3102 1372 3165 Quem
1398 3102 1535 3155 dum
1551 3118 1651 3156 vos
1672 3101 1864 3156 clerici

213 3184 309 3241 vel
340 3186 494 3242 cives
527 3186 649 3242 illic
678 3189 1001 3244 venientes.
1028 3206 1133 3244 nos
1168 3206 1400 3260 quoque
1444 3190 1719 3262 precibus
1774 3208 1864 3245 ar-

220 3279 471 3346 guentes
504 3277 842 3348 [urgentes],
887 3277 1206 3333 instantius
1266 3279 1636 3334 hortaremur
1684 3284 1767 3347 ut,
1816 3279 1866 3335 si

219 3361 465 3431 valeret,
498 3381 631 3419 cum
653 3364 736 3421 eis
769 3366 1086 3422 auxiliante
1103 3367 1371 3434 Domino,
1398 3368 1868 3436 remearet,datis

220 3453 462 3524 scriptis
494 3471 595 3509 nos
610 3454 1043 3526 supplicatione
1056 3456 1222 3527 petiit
1238 3460 1321 3525 ut,
1340 3456 1480 3527 quia
1492 3458 1564 3511 ad
1601 3458 1867 3527 ejusdem

225 3541 495 3597 Ecclesiae
516 3544 775 3615 regimen
790 3545 877 3598 vel
902 3548 1242 3615 susceptum
1266 3544 1525 3599 ofﬁcium
1544 3561 1647 3615 pro
1665 3546 1867 3601 eadem

222 3647 341 3700 qua
361 3631 657 3686 detinetur
678 3632 947 3688 molestia
968 3649 1278 3704 assurgere
1307 3633 1642 3689 nullatenus
1662 3635 1867 3705 possit,

223 3718 492 3775 Ecclesia;
515 3720 627 3791 ipsi
658 3722 929 3776 ordinare
951 3723 1293 3777 deberemus
1311 3725 1672 3794 episcopum.
1709 3723 1871 3779 Unde

220 3810 364 3879 quia
397 3814 739 3865 cunctarum
761 3810 1153 3866 Ecclesiarum
1172 3812 1437 3881 injuncta
1459 3828 1563 3867 nos
1586 3811 1869 3868 sollicitu-

220 3898 381 3953 dinis
413 3915 551 3953 cura
590 3899 959 3969 constringit,
1012 3917 1082 3955 ne
1137 3901 1361 3955 diutius
1407 3900 1567 3972 gregi
1606 3900 1868 3956 ﬁdelium

218 3987 376 4041 desit
405 3987 673 4042 custodia
687 3988 1017 4059 pastoralis,
1040 3988 1278 4044 illorum
1302 3989 1596 4060 precibus,
1615 3994 1670 4044 et
1692 3991 1870 4061 hujus

216 4092 286 4129 ex
319 4092 439 4130 sua:
464 4076 959 4147 impossibilitatis
976 4078 1414 4133 renuntiatione
1434 4078 1870 4150 compulsijus-

216 4181 351 4220 sum
385 4168 475 4220 est
504 4182 537 4220 a
567 4165 735 4221 nobis
766 4165 954 4221 eidem
985 4167 1626 4223 AriminensiEcclesiae
1662 4169 1871 4225 debere

215 4253 561 4325 episcopum
591 4254 873 4324 ordinari,
897 4259 954 4310 et
984 4256 1137 4312 datis
1158 4272 1226 4311 ex
1246 4272 1407 4311 more
1428 4257 1731 4328 praeceptis
1752 4256 1868 4313 cle-

216 4359 349 4396 rum
384 4343 733 4415 plebemque
762 4346 1026 4414 ejusdem
1060 4344 1327 4401 Ecelesiaa
1360 4362 1476 4401 non
1533 4346 1869 4401 destitimus

216 4431 559 4502 admonere,
595 4437 891 4504 quatenus
913 4433 985 4488 ad
1018 4432 1354 4505 eligendum
1389 4434 1500 4489 sibi
1545 4434 1867 4489 antistitem

2054 464 2437 588 hebeturtgzem
2483 464 2687 521 mentis
2726 465 3005 521 inciderit.
3037 466 3120 520 Ex
3175 466 3409 523 concilio
3450 468 3631 523 Aura~

2054 552 2176 588 320..
2210 553 2256 588 ο.
2333 577 2345 588 .

2051 552 2176 601 820.,
2210 553 2256 590 c.
2290 552 2345 589 2..

2052 630 2127 679 Ut
2157 625 2205 679 si
2238 625 2369 695 quis
2391 627 2705 698 episcopus
2729 626 2787 681 in
2808 626 3214 682 inﬁrmitatem
3246 630 3349 681 aut
3371 626 3629 698 aliquam

1980 713 2396 769 bebetudinem
2413 730 2625 770 sensus
2642 716 2936 784 inciderit,
2954 721 3053 770 aut
3068 715 3327 770 ofﬁcium
3351 715 3469 770 oris
3484 716 3631 771 ami-

1979 802 2141 869 serit,
2165 819 2233 857 ea
2254 819 2383 873 quae
2400 804 2690 874 episcopis
2706 804 2933 875 cperari
2948 803 3322 873 conveniunt,
3339 804 3633 876 presbyte-

1979 908 2108 946 rum
2136 907 2304 963 agere
2326 908 2437 946 non
2464 893 2783 963 permittat,
2802 894 2900 947 sed
2924 893 3263 964 episcopum
3288 893 3632 964 quivicinus

1978 984 2065 1036 est
2098 985 2281 1049 vocet,
2308 980 2401 1035 cui
2434 996 2559 1051 quae
2593 981 2649 1034 in
2693 978 2948 1035 Ecclesia
2979 982 3206 1052 agenda
3236 982 3473 1051 fuerint,
3515 983 3631 1038 im-

1978 1073 2181 1141 ponat.

1977 1178 2109 1232 CAP.
2157 1176 2281 1230 307.
2318 1208 2381 1216 —
2415 1178 2548 1231 Item
2580 1177 2654 1231 de
2702 1176 2951 1247 episcopo
2992 1180 3088 1247 qui
3124 1183 3350 1249 prapter
3384 1179 3632 1235 dolorem

2048 1248 2245 1318 capitis
2273 1265 2411 1320 stepe
2439 1252 2747 1303 amentiam
2776 1248 3040 1313 incurrit,
3066 1248 3277 1319 quod’a
3291 1250 3397 1305 iter
3424 1251 3476 1305 ei
3505 1254 3625 1307 sub-

2049 1320 2322 1393 regandus
2352 1328 2402 1375 et
2461 1320 2665 1393 ipseae
2705 1321 2863 1393 rebus
2896 1322 3181 1393 Ecclesiae
3221 1321 3293 1374 sit
3322 1337 3630 1393 procuran-

2048 1392 2168 1465 dus.
2200 1394 2283 1445 Ea:
2304 1400 2533 1465 regtstro
2564 1391 2813 1465 Gregorii
2838 1391 2905 1444 ad
2940 1392 3276 1448 Eleuterium
3308 1391 3621 1465 Etherium]

2046 1463 2363 1533 episcopum
2393 1462 2515 1533 (tib.
2549 1479 2589 1516 ιι
2623 1462 2818 1529 Rgist.‘
2855 1478 2937 1533 ep.
2969 1465 3049 1534 7).

2047 1552 2123 1623 (7,
2174 1568 2225 1623 q.
2256 1556 2305 1619 1,
2356 1568 2402 1606 c.
2458 1551 2716 1617 Quamvis
2767 1551 2969 1620 triste.)
3021 1552 3299 1616 Quamvis
3349 1552 3515 1609 triste
3553 1555 3632 1610 sit

1976 1640 2144 1695 nobis
2162 1639 2332 1695 valde
2354 1640 2508 1711 quod
2525 1640 2843 1711 loquimur,
2862 1643 3036 1711 atque
3059 1640 3315 1697 fraterna
3342 1658 3447 1697 nos
3470 1658 3630 1698 com-

1977 1730 2173 1801 passio
2224 1730 2420 1801 potius
2455 1733 2663 1801 arguat
2713 1730 3060 1801 [aggravet],
3092 1746 3269 1801 quam
3304 1730 3527 1803 aliquid
3557 1733 3629 1789 de

1977 1819 2195 1875 auditis
2227 1819 2470 1874 deﬁnire
2516 1818 2839 1891 permittat,
2874 1820 3131 1890 suscepti
3164 1824 3361 1875 tamen
3408 1820 3631 1877 sollici-

1975 1909 2117 1965 tudo
2149 1908 2452 1979 regiminis
2474 1924 2573 1963 cor
2603 1913 2870 1963 nostrum
2903 1908 3145 1965 instanti
3180 1908 3376 1981 pulsat
3404 1910 3626 1979 aculeo,

1977 2014 2192 2070 magna
2241 2014 2348 2053 nos
2395 1997 2671 2053 Ecclesiis
2712 2015 2853 2053 cura
2900 2001 3255 2071 prospicere,
3309 2005 3368 2056 et
3399 2016 3472 2056 ne
3511 2016 3630 2071 qua

1976 2103 2176 2143 earum
2210 2086 2395 2159 possit
2426 2086 2648 2141 utilitas
2663 2087 2947 2159 deperire,
2970 2088 3108 2159 quid
3129 2088 3252 2144 ﬁeri
3267 2089 3497 2157 debeat,
3516 2094 3629 2146 Deo

1978 2179 2212 2231 auctore
2226 2176 2557 2246 disponere.
2579 2176 2817 2231 Perveni
2831 2181 2849 2231 t
2863 2192 2999 2248 ergo
3027 2178 3097 2232 ad
3115 2194 3241 2243 nos,
3268 2178 3625 2248 quibusdam

1980 2265 2388 2332 referentibus,
2432 2266 2749 2335 quemdam
2798 2265 3139 2337 episcOpum
3170 2268 3251 2321 ita
3290 2266 3624 2338 passionem

1980 2354 2191 2423 capitis
2238 2353 2559 2409 incurrisse
2593 2358 2658 2409 ut
2712 2355 2866 2425 quod
2921 2359 3113 2409 mente
3162 2354 3415 2411 alienata
3459 2371 3626 2425 agere

1981 2442 2184 2509 soleat,
2229 2442 2484 2513 gemitus
2526 2447 2579 2497 et
2613 2443 2781 2497 fletus
2813 2442 3016 2497 audire
3045 2442 3143 2497 sit.
3196 2443 3276 2497 Ne
3306 2460 3443 2515 ergo
3496 2444 3624 2499 lan-

1980 2533 2193 2600 guente
2224 2533 2478 2601 pastore,
2512 2545 2651 2601 grex
2679 2530 2857 2600 (quod
2904 2529 3057 2584 absit
3078 2529 3117 2601 1)
3148 2530 3511 2587 insidiatoris
3542 2530 3626 2587 la-

1982 2618 2234 2672 niandus
2259 2618 2537 2673 dentibus
2559 2621 2904 2689 exponetur,
2920 2616 3006 2673 vel
3031 2617 3627 2690 Ecclesiaaipsiusuti-

1980 2706 2174 2763 litates
2207 2708 2542 2778 depereant,
2575 2711 2747 2763 cauta
2777 2724 2882 2762 nos
2915 2723 3149 2762 necesse
3179 2710 3269 2762 est
3299 2707 3628 2779 provisione

1981 2801 2250 2852 tractare.
2275 2801 2343 2851 Et
2368 2796 2498 2851 ideo
2516 2797 2654 2867 quia
2667 2796 2950 2851 viventem
2976 2795 3319 2867 episcopum
3337 2798 3409 2852 ab
3431 2797 3623 2853 ofﬁcio

1982 2903 2088 2941 suo
2141 2886 2462 2941 necessitas
2493 2884 2878 2955 inﬁrmitatis,
2928 2902 3043 2940 non
3084 2884 3306 2941 crimen
3359 2886 3617 2958 abducit,

1981 2975 2163 3031 alium
2194 2974 2320 3031 loco
2343 2975 2469 3044 ejus
2490 2974 2602 3030 nisi
2630 2975 2802 3046 [deest
2830 2974 2887 3028 in
2914 2973 3119 3043 origin.
3141 2974 3277 3045 nisi]
3310 2980 3619 3032 recusante

1982 3081 2047 3121 eo
2078 3063 2237 3119 nulla
2269 3064 2409 3118 sinit
2438 3063 2582 3118 ratio
2610 3063 2887 3119 ordinari.
2906 3064 3014 3118 Sed
3043 3063 3102 3117 in
3127 3062 3431 3119 intervalla
3455 3064 3616 3137 aagri-

1898 3134 1940 3200 (ἶ
1978 3154 2201 3209 tudinis
2232 3153 2447 3208 habere
2472 3157 2560 3207 est
2592 3151 2826 3219 solitus,
2858 3151 2985 3223 ipse
3015 3152 3151 3206 data
3182 3151 3478 3222 petitione,
3498 3134 3614 3210 non

1975 3261 2038 3299 se
2068 3242 2316 3299 ulterius
2347 3242 2416 3298 ad
2441 3242 2549 3297 hoc
2573 3240 2966 3297 ministerium
2994 3240 3356 3296 intellectum
3379 3241 3615 3314 habere,

1976 3349 2082 3388 nec
2112 3333 2183 3387 ad
2214 3330 2330 3386 alia
2342 3331 2534 3387 ofﬁcia
2554 3330 2930 3386 subvertente
2957 3329 3318 3399 inﬁrmitate,
3342 3346 3514 3401 posse
3534 3331 3617 3385 fa-

1976 3426 2167 3477 teatur
2197 3436 2528 3491 assurgere,
2552 3420 2731 3474 alium
2765 3436 2871 3475 suo
2902 3418 3027 3475 loco
3068 3423 3299 3490 expetat
3348 3419 3621 3475 ordinan-

1978 3513 2139 3566 dum.
2174 3510 2295 3573 Quo
2314 3510 2465 3564 facto
2497 3508 3138 3578 omniumsolemniter
3167 3507 3446 3564 electione
3475 3507 3622 3564 alter

1979 3601 2079 3671 qui
2102 3599 2317 3670 dignus
2338 3598 2529 3663 fuerit,
2558 3597 2866 3669 episcopus
2890 3597 3213 3663 ordinetur,
3232 3598 3315 3652 sic
3339 3602 3533 3653 tamen
3555 3601 3622 3654 ut

1980 3705 2288 3763 quousque
2332 3687 2606 3743 eumdem
2638 3686 2977 3758 episcopum
3009 3686 3069 3740 in
3116 3685 3224 3741 hoc
3254 3687 3466 3742 saeculo
3503 3687 3622 3744 vita

1981 3776 2323 3846 detinuerit,
2347 3778 2624 3846 sumptus
2656 3775 2706 3830 ei
2735 3774 2910 3830 debiti
2934 3775 3005 3829 de
3024 3776 3225 3830 eadem
3244 3775 3623 3832 Ecclesiami-

1984 3870 2325 3921 nistrentur.
2342 3865 2648 3920 Enimvero
2672 3864 2718 3919 si
2737 3863 2896 3920 nullo
2918 3868 3180 3936 tempore
3197 3865 3267 3920 ad
3292 3882 3446 3921 sanae
3465 3882 3624 3922 men-

1980 3960 2053 4014 lis
2085 3957 2234 4013 redit
2264 3956 2812 4027 ofﬁcium,persona
2827 3955 3014 4011 ﬁdelis
3046 3972 3112 4011 ac
3142 3956 3270 4010 vita:
3302 3956 3623 4028 probabilis

1980 4047 2513 4118 esteligenda,qua3
2544 4047 2611 4101 ad
2641 4046 2898 4116 regimen
2920 4044 3187 4099 Εραιθείεε
3210 4044 3416 4098 idonea
3437 4043 3625 4113 possit

1979 4138 2248 4202 existere,
2282 4139 2452 4205 atque
2484 4136 2554 4189 de
2586 4134 2919 4188 animarum
2944 4132 3199 4187 utilitate
3230 4131 3509 4202 cogitare,
3534 4132 3624 4187 in-

1981 4226 2207 4298 quietos
2238 4225 2345 4280 sub
2375 4222 2663 4295 diciplinte
2685 4220 2915 4277 vinculo
2948 4222 3321 4292 restringere,
3352 4220 3625 4277 ecclesia-

1978 4317 2257 4371 sticarum
2291 4329 2486 4369 rerum
2518 4327 2719 4367 curam
2752 4326 2972 4382 gerere,
3015 4314 3072 4365 et
3102 4313 3400 4365 maturum
3446 4314 3623 4383 atque

1979 4405 2275 4460 efﬁcacem
2290 4401 2420 4457 sein
2435 4400 2711 4456 omnibus
2724 4398 3024 4468 exhibere;
3044 4398 3143 4469 qui
3158 4398 3334 4454 etiam
3349 4398 3622 4471 episcopo

214 4519 489 4574 concordi
512 4487 843 4591 p’ro‘visione
873 4487 1245 4577 concurihnt.
1280 4523 1596 4578 Hortamur
1625 4538 1761 4594 ergo
1801 4527 1865 4577 ut
1896 4509 1939 4572 Β
1971 4494 2071 4564 (ἰοί
2103 4508 2259 4592 mino
2281 4493 2527 4562 agmtat'
2573 4492 2893 4560 supermeat
2927 4488 3052 4544 loco
3083 4504 3212 4558 eJus
3243 4487 3455 4543 debeat
3488 4504 3624 4545 con'

214 4609 551 4664 fraternitas
579 4614 775 4665 vestra
790 4626 923 4665 eum
941 4627 1112 4682 quem
1131 4611 1192 4666 in
1213 4628 1328 4667 uno
1347 4627 1634 4667 consensu
1661 4628 1863 4667 omnes

213 4696 499 4768 elegerint
529 4698 703 4767 (sicut
733 4704 789 4754 et
812 4699 923 4770 ipsi
957 4717 988 4754 a
1018 4699 1186 4755 nobis
1219 4701 1557 4772 poposcisse
1604 4717 1859 4756 noscun-

214 4789 333 4853 tur)
353 4787 421 4841 ad
449 4803 511 4842 se
529 4787 958 4851 faciatevocari.
984 4789 1165 4852 Quem
1183 4794 1351 4845 cauta
1370 4806 1437 4845 ex
1450 4790 1717 4845 omnibus
1731 4806 1861 4845 exao

215 4875 538 4929 minatione
561 4877 856 4946 discutite,
884 4881 941 4931 et
970 4878 1017 4932 si
1037 4894 1099 4933 ea
1124 4878 1183 4933 in
1208 4894 1273 4934 eo
1295 4895 1419 4948 quis
1442 4878 1499 4932 in
1524 4882 1681 4933 textu
1708 4884 1863 4949 epta-

211 4963 313 5017 tici
338 4969 520 5018 morte
541 4967 789 5019 multata
807 4969 968 5032 sunt,
990 4966 1230 5021 minime
1253 4967 1649 5038 [heptateuchi
1675 4967 1861 5022 conti-

212 5058 448 5121 nentur,
482 5054 745 5123 minime,
778 5054 911 5123 etc.]
952 5055 1169 5109 fuerint
1226 5055 1473 5111 Domino
1533 5055 1862 5125 opitulante

212 5145 462 5212 reperta,
489 5146 663 5212 atque
697 5142 954 5198 ﬁdelium
991 5160 1377 5214 personarum
1403 5143 1703 5213 relatione,
1731 5146 1860 5215 ejus

210 5247 450 5301 quoque
465 5230 632 5285 vobis
649 5231 768 5285 vita
790 5230 1096 5302 placuerit,
1111 5234 1181 5288 ad
1202 5250 1308 5289 nos
1325 5250 1459 5289 eum
1480 5250 1613 5289 cum
1630 5234 1861 5289 decreta

209 5319 426 5391 pagina
455 5323 649 5375 vestra
664 5320 1091 5389 [decretivestri
1126 5323 1386 5395 pagina],
1406 5324 1602 5379 addita
1631 5340 1860 5395 quoque

208 5407 639 5464 testiﬁcationis
654 5409 922 5481 epistola,
937 5411 1243 5478 destinate,
1261 5417 1572 5483 quaternus
1591 5413 1855 5483 ejusdem

212 5513 245 5552 a
270 5496 443 5553 nobis
472 5497 762 5568 Ecclesiae,
810 5499 1159 5572 disponente
1197 5501 1439 5557 Domino
1487 5505 1861 5557 consecretur

211 5588 485 5642 antistes.

1971 4581 2208 4638 secrari.

1972 4690 2109 4745 CAP.
2168 4687 2292 4741 308.
2328 4716 2395 4725 —-
2458 4686 2519 4741 Ut
2565 4685 2870 4741 sacerdotes
2936 4684 3176 4750 Domini,
3231 4685 3374 4741 sicut
3426 4687 3625 4754 vulgus

2040 4765 2219 4830 facere
2268 4758 2422 4822 solet,
2452 4756 2644 4826 iurare
2690 4773 2801 4811 non
2838 4761 3341 4830 praesumant,_nec
3385 4759 3623 4829 compet-

2042 4827 2250 4886 tantur.
2284 4831 2366 4882 Ea:
2395 4830 2621 4884 decretis
2654 4827 2897 4883 Cornelii
2925 4843 3085 4899 papa?
3116 4827 3296 4899 (epist.
3328 4830 3405 4899 2).

2043 4922 2120 4990 (2,
2154 4936 2205 4989 q.
2240 4919 2289 4983 4,
2315 4916 3304 4985 c.8acramentum.)Sacramentum
3339 4916 3623 4975 hactenus

1972 5010 2042 5062 ab
2057 5006 2345 5078 episeOpis
2359 5010 2415 5059 et
2433 5006 2676 5076 reliquis
2701 5004 3007 5059 ordinibus
3023 5006 3195 5075 exigi,
3217 5005 3326 5061 nisi
3344 5024 3444 5077 pro
3468 5012 3625 5063 recta

1972 5097 2104 5161 ﬁde,
2153 5093 2394 5147 minime
2428 5093 2831 5162 cognovimus,
2868 5109 2972 5147 nec
3005 5098 3210 5163 sponte
3243 5110 3341 5149 eos
3387 5095 3623 5165 jurasse

1972 5181 2316 5253 reperimus.
2341 5184 2721 5250 Summopere
2753 5196 2888 5250 ergo
2921 5185 3160 5235 sanctus
3187 5181 3444 5236 Jacohus
3482 5197 3623 5251 apo-

1971 5272 2154 5327 stolus
2206 5268 2520 5340 prohibens
2566 5273 3023 5335 sacramentum,
3075 5268 3334 5340 loquitur
3384 5268 3618 5323 dicens:

1967 5379 2105 5432 Ante
2134 5373 2341 5440 omnia,
2374 5372 2576 5443 fratres
2604 5390 2735 5442 mei,
2766 5373 2937 5429 nolite
2971 5376 3159 5439 iurare
3195 5390 3364 5445 neque
3396 5388 3494 5443 per
3522 5388 3621 5428 cce-

2040 5450 2175 5511 lum,
2205 5462 2379 5516 neque
2402 5462 2500 5516 per
2522 5450 2743 5513 terram,
2766 5462 2940 5515 neque
2959 5445 3122 5500 aliud
3141 5449 3495 5516 quodcunque
3530 5446 3624 5517 ju-

2040 5528 2379 5573 ramentum.
2406 5517 2488 5571 Sit
2520 5521 2903 5589 autemsermo
2936 5526 3146 5589 uester:
3178 5519 3289 5587 Est,
3320 5526 3432 5589 est:
3481 5517 3621 5589 Non,

2036 5606 2166 5657 non,
2196 5599 2254 5643 ut
2281 5606 2392 5644 non
2421 5590 2519 5643 sub
2533 5588 2809 5659 judicium
2836 5588 3099 5643 decidatis
3131 5589 3261 5659 (Jac.
3292 5588 3369 5661 v).
