3960 6072
391 241 497 296 419
1479 241 1545 290 D.
1586 237 1828 290 IVONIS
1866 230 2356 287 CARNOTENBIS
2392 229 2706 284 EPISCOPI
3707 228 3820 284 420

390 366 520 420 Car.
553 361 678 415 309.
712 392 778 401 —
810 362 884 415 De
905 360 1152 430 episcopo
1181 359 1404 414 sinistro
1436 374 1653 413 rumore
1683 370 2038 430 asper-smper
2068 361 2118 426 Α
2151 355 2205 406 te
2232 351 2303 406 ad
2342 352 2472 406 vitae
2492 349 2665 406 istius
2686 349 3070 421 tranquillam
3095 349 3510 406 rectitudinem
3533 349 3821 406 laudabi-

458 441 866 512 sacramentum
901 427 1136 512 ηἀζθαερ
1167 436 1217 484 σί
1248 431 1508 512 (Ib-5011410:
1651 429 1883 512 νίῖΩίδίνο
1918 427 2040 512 Gre;
2149 441 2294 496 lium
2319 441 2688 496 sacerdotum
2723 439 2987 512 exempla
3035 457 3150 497 non
3205 445 3537 510 provocant,
3593 441 3818 496 saltem

459 505 816 601 ᾆῗῖῖξῗέῗλίξξτ
855 498 2040 601 ῗῗίέηέ.ἳίῗέέῗῗ.¹ἐ.⁷’²ι.²ᾜ)ῗ’9ηίέέηξῖῗῖίίξθῖἷξιῖψῖἶά
2147 529 2523 586 correctionis
2557 528 2841 586 medicina
2875 498 3207 601 έοωρθιιαι-

464 571 812 640 Cratianum,
855 577 1210 646 prebyterum
1245 573 1405 628 habet
1458 573 1768 642 Gregorius]
1801 571 1920 644 (lib.
1978 586 2034 635 II,

466 648 658 703 indici.
691 665 744 713 x,
779 663 862 717 cp.
885 647 976 710 23,
1009 647 1084 713 2).

461 739 544 807 (Q.
578 739 631 803 5,
664 753 710 790 c.
747 735 922 790 [labet
951 734 1092 803 hoc.)
1125 732 1308 788 Habet
1338 732 1447 787 hoc
1472 731 1771 803 proprium
1804 727 2034 798 antiqui

2144 653 2277 707 CAP.
2302 653 2424 706 311.
2461 683 2526 694 -
2557 654 2631 708 De
2660 647 2910 724 epispopo
2934 669 3034 724 per
3079 658 3433 708 sacramenta
3474 662 3718 723 purgato
3761 661 3817 710 et

2215 725 2479 779 absoluto.
2529 726 2610 778 Ex
2653 727 2885 794 registro
2945 726 3194 795 Gregorii
3258 725 3329 780 ad
3366 726 3814 782 Brunichildam

388 827 578 882 hostis
609 825 849 889 invidia,
875 828 938 878 ut
967 839 1110 893 quos
1142 824 1200 877 in
1225 839 1536 893 pravorum
1569 825 1805 876 actuum
1831 833 2032 889 perpe-

387 916 641 970 tratione
675 913 786 969 sibi
819 912 1158 967 resistentes
1192 911 1330 979 [Deo
1373 911 1483 966 sibi
1519 908 1846 978 resistente]
1879 905 2032 961 deci-

386 1020 522 1074 pere
554 1020 665 1059 non
699 1003 875 1067 valet,
908 1001 1240 1074 opinionem
1265 1017 1492 1070 eorum,
1513 999 1659 1054 falsa
1683 999 1753 1053 ad
1776 1012 2030 1068 praesens

385 1093 738 1162 simulando,
754 1091 1045 1146 dilacerat.
1063 1089 1344 1153 Quoniam
1359 1084 1813 1159 igiturquaedam
1831 1089 2032 1140 contra

383 1182 741 1237 sacerdotale
765 1179 1128 1252 propositum
1145 1179 1214 1233 de
1233 1184 1413 1232 Leone
1431 1177 1605 1232 fratre
1619 1180 1674 1230 et
1687 1174 2028 1245 coepiscopo

383 1276 606 1340 nostro,
637 1270 877 1326 sinister
917 1285 1117 1322 rumor
1147 1271 1496 1338 asperserat,
1536 1269 1730 1320 utrum
1761 1279 1896 1317 vera
1933 1279 2027 1316 es-

383 1359 820 1426 sent,districta
843 1357 1066 1412 diutius
1083 1355 1326 1409 fecimus
1343 1355 1721 1425 inquisitione
1735 1351 1991 1425 porquiri
2011 1367 2024 1406 :

379 1455 435 1504 et
467 1449 686 1504 nullam
728 1448 787 1501 in
820 1463 908 1514 eo,
942 1446 1011 1500 de
1042 1444 1134 1499 his
1163 1462 1289 1514 qure
1323 1445 1554 1498 fuerant
1586 1444 1760 1512 dicta,
1796 1441 2026 1512 culpam

379 1537 734 1593 invenimus.
769 1537 904 1600 Sed,
929 1551 999 1588 ne
1031 1533 1172 1604 quid
1195 1533 1490 1588 videretur
1512 1533 1798 1588 omissum
1830 1536 2024 1584 nostro

380 1627 643 1699 potuisse
676 1625 851 1697 [quod
887 1628 1086 1679 nostro
1120 1623 1426 1694 potuisset]
1461 1621 1617 1677 cordi
1652 1619 1899 1675 dubium
1931 1636 2022 1675 re-

380 1732 628 1786 manere,
662 1715 733 1769 ad
760 1715 820 1768 B.
848 1713 1000 1768 Petri
1024 1711 1493 1767 sacratissimum
1524 1726 1738 1781 corpus
1761 1707 2026 1763 districta
2058 1747 2101 1810 Β

381 1822 514 1862 eum
565 1822 632 1860 ex
683 1803 1003 1859 abundanti
1051 1801 1291 1856 fecimus
1341 1804 1710 1855 sacramenta
1750 1797 2021 1868 praebere.

382 1896 604 1960 Quibus
627 1892 899 1964 praestitis
930 1906 1143 1961 magna
1174 1906 1381 1944 sumus
1402 1888 1786 1943 exsultatione
1817 1885 2022 1957 gavisi,

382 1984 536 2054 quod
587 1979 996 2052 hujuscemodi
1029 1978 1362 2033 innocentia
1406 1976 1768 2048 [hujusmodi
1803 1974 2025 2044 experi-

382 2076 577 2126 mento
610 2070 965 2138 innocentia,
999 2068 1131 2137 etc;]
1153 2069 1280 2138 ejus
1311 2067 1608 2122 evidenter
1639 2064 1865 2119 enituit.
1893 2068 2026 2118 Pro-

381 2177 498 2232 qua
525 2177 584 2216 re
611 2160 999 2232 gloriavestra
1013 2158 1354 2229 praedictum
1372 2156 1560 2210 virum
1576 2171 1710 2211 cum
1726 2152 2028 2208 omnicha-

378 2251 549 2304 ritate
571 2249 879 2319 suscipiat,
904 2252 960 2303 et
984 2245 1369 2302 reverentiam
1393 2244 1441 2299 ei
1475 2243 1707 2314 qualem
1735 2240 2023 2296 sacerdoti

381 2338 868 2409 decet,exhibeat,
887 2353 958 2392 ne
973 2335 1087 2391 ulla
1109 2338 1407 2390 remaneat
1434 2335 1528 2403 [ne
1543 2349 1657 2402 qua
1673 2331 1731 2385 in
1751 2329 2025 2385 cordibus

379 2428 697 2498 remanaet]
729 2428 797 2482 de
832 2426 923 2482 his
957 2442 1126 2498 quem
1154 2426 1277 2495 jam
1303 2429 1440 2478 sunt
1469 2425 1715 2492 purgata
1732 2418 2022 2474 dubietas.

375 2519 485 2573 Sed
516 2518 598 2573 ita
615 2515 1015 2588 suprascripto
1033 2532 1134 2570 vos
1162 2513 1436 2584 episcopo
1458 2510 1834 2566 devotissime
1855 2525 2024 2579 opor-

377 2613 460 2663 tet
492 2607 550 2661 in
583 2607 849 2663 omnibu:
894 2605 1206 2666 adhznrere,
1241 2609 1305 2657 ut
1335 2617 1591 2672 congrue
1637 2601 2026 2667 decenterque

380 2703 556 2753 Deum
581 2697 640 2751 in
663 2697 792 2765 ejus
818 2711 1065 2766 persona
1088 2694 1279 2762 (cujus
1303 2690 1691 2758 ministerest)
1712 2685 2026 2742 videamini

375 2789 686 2842 honorare.

374 2910 533 2965 ΟΑΡ..
566 2909 670 2962 310
726 2939 792 2947 ——-
822 2905 1100 2979 Correptio
1129 2903 1494 2979 episcopi‘qui
1527 2901 1890 2979 concubinam
1921 2899 2023 2952 ha-

447 2982 642 3035 buerit.
678 2980 756 3031 Ei:
784 2975 1011 3048 registro
1046 2975 1293 3048 Gregorii
1326 2975 1398 3030 ad
1422 2975 1696 3048 Andream
1717 2975 2025 3048 episcopum

447 3049 800 3106 Tarentinum
831 3044 950 3119 (lib.
987 3065 1047 3113 ιι,
1081 3047 1310 3115 llegist.,
1335 3046 1530 3100 indici.
1584 3063 1623 3098 ιι
1646 3045 1805 3114 epist.
1841 3044 1951 3112 44).

443 3157 722 3213 Tribunal
755 3155 951 3210 mterni
975 3154 1197 3224 judicis
1221 3169 1465 3208 securus
1487 3150 1753 3221 aspiciet,
1783 3148 2020 3219 quiquis

372 3253 568 3304 reatus
609 3246 699 3302 sui
755 3245 1046 3311 conscius,
1083 3243 1258 3314 digna
1286 3258 1419 3296 eum
1472 3241 1644 3294 modo
1678 3238 2020 3310 pmnitentia

372 3336 599 3408 placare
622 3332 939 3389 contendit.
966 3331 1126 3401 (Dist.
1159 3331 1246 3399 33,
1279 3343 1326 3384 c.
1379 3327 1686 3395 Habuisse.)
1736 3325 2019 3381 Habuisse

369 3431 425 3480 te
457 3424 744 3496 siquidem
777 3419 1164 3476 concubinam
1189 3418 1496 3473 manifesta
1519 3417 1760 3472 veritate
1792 3431 2019 3486 compe-

373 3515 582 3582 rimus,
616 3513 686 3566 de
717 3528 834 3582 qua
864 3511 1042 3564 etiam
1065 3507 1354 3564 contraria
1376 3512 1464 3562 est
1486 3507 1844 3574 quibusdam
1883 3510 2019 3558 nata

372 3603 650 3675 suspicio.
673 3603 782 3657 Sed
800 3599 1005 3672 quiain
1029 3599 1202 3654 rebus
1216 3597 1509 3668 ambiguis
1532 3595 1868 3651 absolutum
1902 3610 2016 3648 non

373 3697 548 3752 debet
568 3710 695 3750 esse
718 3693 1038 3764 judicium,
1071 3691 1180 3747 hoc
1211 3697 1322 3746 tuae
1342 3688 1710 3745 conscientia:
1743 3687 2016 3756 eligimus

372 3785 877 3840 committendum.
902 3783 1025 3847 Qua
1048 3782 1117 3835 de
1141 3798 1222 3847 re,
1247 3779 1374 3833 siin
1396 3795 1561 3833 sacro
1583 3777 1784 3832 ordine
1806 3775 2020 3830 consti-

372 3881 559 3940 tutus,
591 3876 719 3944 ejus
749 3879 804 3928 te
837 3871 1213 3944 pcrmistione
1246 3869 1454 3923 recolis
1484 3883 1612 3920 esse
1659 3865 2014 3919 maculatum

371 3963 678 4021 sacerdotii
696 3963 913 4018 honore
928 3959 1190 4031 deposito
1207 3960 1273 4013 ad
1307 3955 1838 4012 administrandum
1857 3955 2015 4007 nullo

372 4055 542 4111 modo
574 4069 896 4126 praesumas
929 4050 1222 4115 accedere,
1275 4046 1533 4102 sciturus
1566 4045 1621 4098 in
1655 4043 1862 4098 animae
1904 4047 2014 4095 tum

367 4143 626 4214 periculo
658 4148 711 4198 te
747 4140 1102 4206 ministrare,
1137 4145 1189 4192 el
1210 4138 1324 4192 Deo
1360 4140 1561 4190 nostro
1594 4138 1647 4187 te
1677 4133 1805 4186 sine
1837 4131 2016 4185 dubio

369 4234 609 4287 reddere
640 4231 948 4294 rationem,
972 4229 1018 4284 si
1044 4226 1383 4298 hujusmodi
1402 4222 1638 4280 sceleris
1653 4221 2014 4288 conscius,in

367 4337 433 4376 eo
457 4337 570 4391 quo
604 4337 666 4375 es
710 4320 910 4374 ordine
940 4318 1136 4372 celans
1167 4315 1490 4384 veritatem,
1528 4327 1867 4383 permanere
1911 4327 2010 4364 vo-

367 4409 570 4464 lueris.
605 4409 766 4463 Unde
797 4407 1007 4461 iterum
1032 4405 1435 4472 adhortamur,
1463 4402 1594 4457 utsi
1621 4406 1674 4456 to
1707 4401 2013 4471 deceptum

2212 797 2478 868 reginam
2508 797 2847 850 Francorum
2880 797 3002 866 (lib.
3037 814 3075 850 ιι
3111 799 3316 867 Regist.
3350 813 3436 868 ep.
3469 798 3551 867 8)-

2213 912 2288 982 (2,
2311 929 2362 982 q.
2386 911 2442 982 5,
2472 928 2518 966 c.
2545 912 2842 981 Mennam.)
2874 911 3145 967 Mennam
3178 929 3313 968 vero
3374 913 3810 969 reverendissi-

2141 1015 2304 1055 mum
2337 1001 2574 1056 fratrem
2596 1001 3130 1072 coepiscopumque
3157 1006 3453 1066 nostrum,
3480 1005 3806 1073 postquam

2138 1105 2206 1144 ea
2236 1105 2363 1159 qua:
2397 1090 2468 1144 de
2497 1106 2563 1145 eo
2582 1090 2739 1145 dicta
2759 1090 2993 1146 fuerant
3015 1090 3406 1160 requirentes,
3433 1089 3491 1144 in
3520 1089 3686 1145 nullo
3714 1090 3809 1145 in-

2138 1179 2406 1234 venimus
2437 1193 2572 1234 eum
2605 1194 2734 1234 esse
2763 1178 3260 1248 culpabilem,qui
3294 1180 3539 1249 insuper
3578 1180 3651 1233 ad
3707 1195 3808 1234 sa-

2138 1267 2537 1323 cratissimum
2561 1285 2772 1340 corpus
2796 1268 2945 1323 beati
2968 1267 3121 1322 Petri
3141 1266 3388 1337 apostoli
3405 1268 3516 1322 sub
3561 1268 3804 1338 jureju-

2138 1357 2320 1411 rando
2357 1356 2744 1423 satisfaciens,
2765 1357 2836 1411 ab
2861 1356 2954 1410 his
2974 1373 3097 1426 quae
3122 1355 3350 1425 objecta
3367 1356 3494 1426 ejus
3532 1356 3804 1426 opinioni

2137 1443 2370 1500 fuerant
2399 1462 2462 1500 se
2493 1446 2843 1500 monstravit
2873 1443 3127 1499 alienum
3155 1462 3168 1511 ;
3205 1443 3412 1499 reverti
3448 1442 3618 1498 illum
3655 1462 3804 1516 pur-

2137 1540 2338 1606 gatum
2372 1534 2831 1604 absolutumque
2865 1533 3272 1604 permisimus,
3304 1533 3442 1603 quia
3479 1533 3638 1588 sicut
3671 1533 3800 1600 dig-

2135 1638 2278 1678 num
2308 1625 2452 1690 erat,
2487 1626 2550 1677 ut
2589 1621 2637 1677 si
2671 1622 2728 1675 in
2761 1620 2958 1691 aliquo
2978 1637 3114 1676 reus
3145 1621 3443 1684 existeret,
3469 1621 3705 1692 culpam
3741 1623 3802 1677 in

2135 1728 2199 1766 eo
2221 1714 2500 1766 canonice
2533 1711 2902 1782 puniremus,
2919 1710 3258 1781 itadignum
3277 1727 3390 1764 non
3410 1709 3540 1778 fuit,
3562 1715 3631 1764 ut
3663 1726 3798 1766 eum

2134 1801 2449 1871 adjuvante
2478 1798 2835 1867 innocentia,
2870 1799 3096 1855 diutius
3127 1799 3376 1854 retinere
3404 1799 3493 1854 vel
3532 1799 3802 1873 afﬂigere

2134 1889 2192 1944 in
2227 1889 2425 1961 aliquo
2455 1891 2824 1945 deberemus.

2134 2017 2266 2072 ΟΜ).
2299 2015 2424 2068 312.
2458 2044 2523 2054 —~
2555 2015 2817 2083 Qualiter
2856 2029 3028 2069 senex
3073 2015 3355 2085 episcopus
3417 2013 3807 2084 corripiendus

2208 2089 2302 2150 sit,
2325 2095 2375 2140 et
2403 2087 2543 2140 mali
2584 2087 2908 2142 consiliarii
2948 2089 3068 2156 ejus
3117 2085 3669 2140 excommunicandi.
3721 2090 3807 2141 Ea.

2204 2158 2386 2212 eodem
2413 2160 2648 2226 regislro
2666 2157 2737 2211 ad
2765 2160 3111 2213 Januarium
3149 2159 3464 2228 episcopum
3510 2157 3794 2212 Caralita-

2205 2247 2340 2283 num
2371 2229 2493 2299 (lib.
2529 2246 2606 2284 vn
2638 2229 2870 2297 Regist.,
2901 2229 3093 2284 indict.
3127 2245 3189 2298 ιι,
3223 2231 3383 2299 epist.
3421 2230 3491 2297 1).

2205 2362 2560 2417 Przedicator
2589 2360 3011 2434 omnipotentis
3067 2360 3160 2416 Dei
3213 2361 3433 2416 Paulus
3483 2362 3798 2432 apostolus

2135 2452 2313 2507 dicit:
2349 2451 2628 2506 Seniorem
2660 2468 2725 2505 ne
2755 2452 3128 2521 increpaveris
3159 2454 3211 2521 (Ι
3237 2451 3367 2504 Tim.
3402 2453 3478 2521 v).
3531 2451 3645 2506 Sed
3675 2452 3803 2506 haec

2135 2543 2262 2611 ejus
2282 2541 2482 2612 regula
2503 2541 2714 2596 tuncin
2735 2557 2800 2596 eo
2839 2540 3124 2596 servanda
3157 2543 3266 2607 est,
3323 2557 3454 2594 cum
3485 2540 3662 2611 culpa
3707 2558 3802 2596 se-

2137 2630 2317 2684 nioris
2340 2629 2604 2700 exemplo
2637 2645 2745 2684 suo
2769 2647 2879 2684 non
2912 2629 3094 2683 trahit
3127 2630 3197 2684 ad
3248 2629 3555 2683 interitum
3620 2630 3802 2684 corda

2128 2720 2457 2790 juniorum.
2491 2718 2599 2773 Ubi
2632 2723 2828 2773 autem
2856 2720 3050 2772 senior
3073 2718 3396 2787 juvenibus
3456 2717 3799 2789 exemplum

2137 2809 2208 2863 ad
2235 2807 2535 2864 interitum
2571 2807 2807 2877 praebet,
2843 2806 2924 2861 ibi
2953 2806 3221 2861 districta
3266 2806 3666 2877 increpatione
3714 2808 3797 2862 fe-

2137 2897 2376 2953 riendus
2407 2901 2514 2952 est.
2560 2897 2708 2952 Nam
2731 2895 3015 2966 scriptum
3039 2900 3161 2950 est:
3229 2896 3477 2965 Laqueus
3521 2897 3798 2967 juvenum

2133 3003 2317 3042 omnes
2338 3003 2428 3041 vos
2455 2988 2607 3057 (Isai.
2667 2987 2823 3055 xcu).
2856 2989 2930 3040 Et
2985 3001 3219 3038 rursum
3265 2985 3552 3056 propheta
3611 2985 3796 3040 dicit:

2052 3114 2092 3179 ρ
2131 3078 2386 3132 Peccator
2413 3084 2628 3130 centum
2652 3091 2935 3130 annorum
2963 3073 3287 3129 malediclus
3315 3082 3394 3128 est
3432 3075 3592 3144 (lsai.
3642 3076 3794 3144 va.)

2133 3166 2319 3220 Tanta
2350 3169 2543 3220 autem
2563 3164 2826 3235 nequitia
2841 3165 2911 3218 ad
2929 3181 3100 3218 aures
3119 3180 3278 3218 meas
3293 3163 3362 3217 de
3379 3168 3478 3217 tua
3492 3169 3796 3219 senectute

2128 3255 2392 3325 pervenit
2416 3258 2479 3309 ut
2502 3270 2632 3309 eam
2661 3253 2773 3308 nisi
2800 3253 2992 3308 adhuc
3012 3252 3356 3307 humanitus
3381 3269 3792 3323 pensaremus,

2124 3343 2372 3412 fixajam
2392 3343 2801 3397 maledictione
2818 3343 3142 3397 feriremus.
3163 3342 3390 3397 Dictum
3408 3341 3626 3412 quippe
3642 3342 3792 3397 mihi

2126 3438 2236 3500 est,
2264 3433 2418 3502 quod
2440 3431 2742 3487 Dominico
2767 3431 2858 3486 die
2884 3430 3224 3502 priusquam
3247 3431 3563 3486 missarum
3579 3430 3796 3487 solem-

2127 3522 2224 3576 nia
2253 3521 2598 3586 celebrares,
2633 3521 2706 3574 ad
2731 3523 3082 3575 exarandam
3118 3536 3368 3574 messem
3405 3519 3609 3575 latoris
3641 3537 3790 3590 prm—

2127 3611 2377 3666 sentium
2414 3609 2742 3680 porrexisti,
2765 3614 2821 3663 et
2853 3616 2983 3680 post
3005 3609 3399 3664 exarationem
3422 3609 3549 3676 ejus
3574 3610 3792 3665 missa-

2126 3716 2256 3754 rum
2277 3699 2566 3753 solemnia
2588 3697 2889 3752 celebrasti
2923 3716 2935 3763 ;
2980 3702 3111 3768 post
3135 3697 3452 3752 missarum
3489 3696 3785 3754 solemnia

2124 3788 2298 3842 etiam
2313 3787 2596 3842 terminos
2631 3785 3024 3856 possessionis
3041 3786 3119 3839 illi
3134 3786 3512 3840 useradicare
3534 3785 3784 3842 minime

2124 3876 2400 3931 timuisti.
2434 3876 2596 3939 Quod
2631 3876 2848 3930 factum
2896 3891 3022 3946 quas
3084 3892 3252 3946 pmna
3283 3874 3484 3930 debuit
3521 3875 3782 3946 insequi,

2123 3982 2328 4020 omnes
2361 3965 2457 4036 qui
2481 3964 3147 4019 audiuntsciunt.Dubii
3169 3969 3364 4018 autem
3397 3964 3646 4019 detanta
3670 3965 3782 4020 hac

2125 4053 2500 4126 perversitate
2523 4055 2742 4109 fueram
2754 4070 2844 4122 us,
2869 4053 2970 4108 sed
2997 4052 3154 4107 filius
3167 4056 3368 4106 noster
3382 4052 3662 4123 Cyriacus
3679 4055 3782 4108 ab-

2125 4144 2275 4197 basa
2299 4143 2468 4198 nobis
2491 4142 2835 4214 requisitos,
2860 4143 3001 4196 dum
3025 4147 3179 4196 esset
3201 4139 3548 4208 choralis,id
3575 4146 3666 4197 est
3691 4159 3784 4198 re-

2124 4232 2445 4302 gionarius,
2466 4231 2548 4285 ita
2570 4247 2630 4286 se
2647 4230 2988 4302 cognovisse
3003 4229 3319 4302 perhibuit.
3342 4235 3408 4284 Et
3432 4229 3572 4300 quia
3587 4231 3782 4286 adhuc

2123 4320 2288 4376 canis
2318 4320 2437 4375 tuis
2459 4320 2778 4390 parcimus,
2813 4321 3116 4374 hortamur
3137 4318 3478 4389 aliquando,
3519 4320 3779 4390 resipisce

2121 4425 2289 4464 senex
2321 4407 2444 4477 (ἀπὸ
2473 4414 2573 4476 τῆς
2605 4408 2839 4480 Χωρᾶς),
2860 4413 3034 4478 atque
3065 4408 3520 4463 atantalevitate
3545 4425 3775 4464 morum

368 4499 522 4554 hosti
554 4496 780 4568 antiqui
803 4494 1121 4550 calliditate
1143 4492 1468 4565 cognoscis,
1505 4490 1858 4562 competenti
1881 4506 2014 4544 eum
2048 4488 2094 4549 Ι)
2125 4503 2182 4552 et
2213 4513 2456 4569 operum
2482 4498 2858 4568 perversitate
2899 4513 3289 4567 compescere.
3342 4499 3572 4562 Quanto
3617 4498 3773 4552 enim

367 4588 507 4642 dum
540 4587 676 4642 licet
708 4583 1047 4657 pnmitentia
1077 4599 1352 4654 superare
1394 4582 1654 4650 festines,
1690 4597 1759 4634 ne
1791 4595 1920 4633 cum
1948 4595 2013 4632 eo

366 4677 659 4748 particeps
689 4675 869 4746 (quod
903 4690 1014 4729 non
1035 4675 1328 4744 optamus)
1361 4671 1418 4725 in
1441 4668 1746 4739 diejudicii
1773 4668 2013 4738 depute-

367 4765 467 4822 ris.
501 4765 552 4820 Si
585 4782 717 4821 vero
751 4764 928 4833 hujus
959 4767 1156 4818 reatus
1178 4761 1281 4815 tibi
1307 4759 1578 4815 conscius
1610 4774 1724 4812 non
1756 4773 1816 4811 es
1856 4755 1916 4809 in
1947 4772 2012 4811 eo

365 4859 421 4910 te
455 4870 691 4910 necesse
717 4857 806 4908 est
838 4869 952 4923 quo
986 4868 1068 4921 es,
1102 4851 1304 4904 ordine
1336 4861 1696 4919 permanere.
1731 4849 2013 4899 Praeterea

367 4943 647 5014 quoniam
697 4940 997 4996 mulierem
1029 4941 1099 4994 de
1142 4935 1466 4994 matriculis
1498 4942 1698 4991 contra
1747 4935 2007 4990 ordinem

365 5032 674 5088 sacerdotii
707 5030 847 5086 exedi
879 5027 1192 5084 crudeliter
1222 5025 1475 5081 fustibus
1499 5024 1814 5096 deputasti,
1834 5039 2008 5094 quam

364 5123 501 5178 licet
531 5125 663 5194 post
707 5125 835 5175 octo
870 5135 1099 5174 menses
1131 5117 1336 5172 exinde
1368 5114 1609 5170 minime
1658 5115 2012 5169 arbitremur

364 5213 549 5269 fuisse
602 5211 962 5277 defunctam,
995 5213 1191 5263 tamen
1225 5206 1363 5276 quia
1412 5203 1634 5259 ordinis
1668 5205 1752 5257 tui
1795 5202 2010 5258 habere

363 5302 603 5360 noluisti
639 5305 992 5372 respectum,
1027 5302 1334 5369 propterea
1365 5295 1597 5349 duobus
1627 5298 1681 5346 te
1703 5293 2008 5348 mensibus

361 5395 430 5447 ab
463 5390 974 5448 administratione
1007 5389 1319 5443 missarum
1341 5384 1657 5440 statuimds
1691 5381 2005 5449 abstinere,

359 5479 417 5534 in
461 5483 678 5552 quibus
706 5482 777 5535 ab
812 5479 1002 5535 officio
1034 5483 1087 5532 te
1137 5489 1493 5546 suspensum
1539 5472 1672 5526 flere
1713 5473 2005 5542 convenit,

361 5569 519 5642 quod
555 5570 760 5625 fecisti.
794 5569 936 5624 Nam
968 5568 1133 5624 valde
1179 5565 1421 5637 dignum
1453 5566 1540 5618 est
1571 5567 1650 5631 ut,
1697 5569 2005 5636 postquam

2127 4586 2303 4641 morti
2333 4585 2579 4641 vicinior
2599 4585 2872 4650 elﬁceris,
2907 4590 3066 4640 tanto
3099 4586 3224 4639 fieri
3269 4585 3580 4641 sollicitior
3597 4592 3773 4658 atque

2124 4675 2385 4730 timidior
2414 4675 2612 4730 debes.
2654 4676 2721 4730 Et
2757 4675 2995 4746 quidem
3050 4691 3227 4745 poenae
3275 4676 3572 4730 sententia
3621 4676 3676 4728 in
3718 4680 3776 4730 te

2123 4766 2311 4820 fuerat
2333 4763 2676 4835 jaculanda,
2699 4765 2798 4819 sed
2834 4764 2970 4834 quia
2993 4761 3429 4834 simplicitatem
3459 4769 3623 4819 tuam
3640 4781 3774 4820 cum

2121 4858 2420 4909 senectute
2452 4853 2744 4919 novimus,
2779 4851 3311 4907 interimtacemus.
3338 4852 3450 4907 Eos
3472 4870 3606 4908 vero
3630 4871 3772 4924 quo-

2123 4961 2252 4999 rum
2267 4945 2530 5000 consiliis
2545 4943 2665 4999 haec
2679 4943 2874 5016 egisti,
2889 4943 2947 4998 in
2969 4943 3194 4998 duobus
3211 4944 3516 5000 mensibus
3542 4961 3774 5001 excom-

2125 5035 2451 5090 municatos
2484 5050 2614 5090 esse
2645 5033 3034 5100 decernimus,
3066 5032 3148 5087 ita
3170 5037 3231 5087 ut
3263 5032 3312 5087 si
3344 5033 3481 5104 quid
3505 5034 3594 5089 eis
3617 5035 3772 5090 intra

2119 5126 2370 5180 duorum
2395 5125 2690 5181 mensium
2714 5124 2967 5195 spatium
2993 5123 3340 5179 humanitus
3368 5125 3649 5192 evenerit,
3674 5127 3770 5180 be-

2120 5215 2449 5270 nedictione
2462 5214 2656 5269 viatici
2679 5231 2794 5270 non
2812 5214 3134 5286 priventur.
3154 5213 3434 5285 Deinceps
3458 5220 3655 5270 autem
3695 5215 3769 5270 ab

2119 5321 2319 5359 eorum
2357 5303 2622 5358 consiliis
2645 5308 2852 5358 cautus
2884 5305 3086 5359 existe.
3124 5303 3202 5357 Te
3233 5319 3467 5374 quoque
3514 5305 3770 5360 sollicite

2119 5392 2370 5460 custodi,
2408 5409 2476 5446 ne
2508 5391 2556 5447 si
2578 5391 2661 5446 eis
2694 5392 2752 5446 in
2787 5392 2938 5447 malo
2961 5390 3288 5462 discipulus
3323 5392 3531 5459 fueris,
3553 5394 3775 5463 quibus

2118 5480 2398 5552 magister
2430 5483 2484 5534 in
2535 5482 2684 5536 bono
2737 5499 2866 5538 esse
2910 5481 3186 5545 debuisti,
3233 5497 3336 5536 nec
3396 5482 3771 5553 simplicitati

2115 5576 2228 5626 tuae
2262 5570 2531 5641 ulterius,
2565 5587 2669 5626 nec
2700 5571 2984 5627 senectuti
3021 5587 3354 5643 parcamus.
