3978 6060
147 269 246 322 421

262 397 398 453 CAP.
431 396 556 451 313.
591 426 656 436 —
688 398 762 451 De
792 397 1127 466 purgatione
1172 397 1368 450 Leonis
1404 409 1562 466 papae
1600 394 1693 449 III.

218 488 295 557 (2,
328 506 378 559 q.
424 487 476 555 4,
527 502 572 541 c.
626 484 890 540 Audit-um
933 486 1053 553 est).
1105 485 1387 539 Auditum
1436 488 1544 554 est,
1596 484 1805 539 fratres

145 576 509 644 charissimi,
542 580 599 631 et
624 574 990 647 divulgatum
1038 590 1136 644 per
1169 572 1355 627 multa
1400 572 1524 627 loca
1555 573 1808 643 qualiter

146 666 419 721 homines
452 664 586 719 mali
616 665 901 719 adversus
920 679 1012 719 me
1038 664 1500 726 insurrexerunt,
1526 666 1579 717 et
1602 662 1805 715 debili-

146 757 273 807 tare
302 750 641 816 voluerunt,
675 755 730 805 et
762 755 1084 821 posuerunt
1134 764 1313 819 super
1345 766 1435 803 me
1467 748 1663 821 gravia
1695 748 1805 802 cri-

148 841 334 909 mina,
360 846 794 913 propterquam
815 856 1053 895 causam
1081 839 1191 893 iste
1222 838 1720 893 clementissimus
1743 854 1807 892 ac

145 930 567 985 serenissimus
599 930 877 985 dominus
911 946 1007 984 rex
1038 926 1274 982 Carolus
1303 944 1419 981 una
1451 943 1582 981 cum
1614 943 1807 983 sacer-

146 1019 389 1074 dotibus
422 1024 478 1073 et
508 1019 895 1091 Optimatibus
945 1017 1069 1072 suis
1101 1017 1276 1071 istam
1313 1016 1571 1088 pervenit
1604 1016 1671 1071 ad
1709 1034 1803 1070 ur-

146 1108 302 1163 bem.
368 1110 549 1173 Quam
608 1109 680 1163 ob
741 1124 863 1162 rem
923 1124 1024 1177 ego
1082 1108 1237 1177 [Leo]
1290 1105 1547 1177 pontifex
1592 1108 1803 1160 sanctae

144 1201 417 1252 Romanae
450 1197 719 1253 Ecclesiae
752 1215 781 1251 a
814 1197 1047 1251 nemine
1088 1196 1417 1267 judicatus,
1450 1211 1638 1265 neque
1667 1210 1803 1248 coa-

147 1292 298 1354 ctus,
331 1288 433 1341 sed
466 1292 793 1358 spontanea
842 1303 970 1340 mea
1010 1284 1309 1339 voluntate
1343 1284 1587 1355 purifico
1622 1300 1713 1337 me
1743 1282 1799 1336 in

146 1382 466 1449 conspectu
501 1382 689 1433 vestro
738 1394 933 1432 coram
969 1376 1107 1440 Deo,
1143 1380 1198 1431 et
1248 1376 1469 1447 angelis
1521 1376 1668 1445 ejus,
1704 1374 1803 1444 qui

148 1468 571 1522 conscientiam
608 1482 795 1521 meam
832 1467 1014 1533 novit,
1051 1470 1109 1520 et
1140 1467 1305 1520 beato
1339 1466 1508 1519 Petro
1542 1464 1803 1535 principe

150 1555 577 1627 apostolorum,
606 1556 665 1609 in
700 1556 869 1625 cujus
891 1558 1207 1624 conspectu
1238 1552 1643 1621 consistimus,
1666 1552 1805 1621 quia

150 1645 296 1700 istas
315 1644 664 1700 criminosas
682 1650 739 1699 et
761 1644 1069 1699 sceleratas
1086 1660 1198 1713 res,
1219 1660 1365 1713 quas
1386 1642 1466 1696 illi
1489 1642 1631 1695 mihi
1655 1641 1801 1711 obji-

146 1735 336 1802 ciunt,
382 1750 571 1803 neque
623 1733 974 1805 perpetravi,
1020 1749 1209 1804 neque
1259 1736 1590 1803 perpetrare
1622 1730 1799 1801 jussi.

142 1824 331 1878 Testis
360 1828 449 1878 est
481 1822 625 1876 mihi
658 1823 812 1877 Deus
845 1822 902 1875 in
937 1823 1107 1891 cujus
1130 1822 1422 1891 judicium
1448 1821 1675 1875 venturi
1700 1837 1803 1875 su-

144 1930 300 1979 mus,
336 1916 392 1967 et
441 1912 497 1966 in
552 1912 720 1982 cujus
771 1916 1086 1982 conspectu
1138 1910 1537 1965 consistimus.
1592 1913 1656 1963 Et
1697 1910 1803 1965 hoc

141 2008 383 2073 propter
414 2001 781 2072 suspiciones
805 1999 989 2055 malas
1014 1999 1301 2054 tollendas
1328 2015 1459 2053 mea
1480 2003 1806 2071 spontanea

140 2090 447 2145 voluntate
479 2090 649 2159 facio,
681 2107 795 2144 non
832 2088 1002 2160 quasi
1052 2089 1111 2143 in
1145 2088 1468 2143 canonibus
1498 2088 1802 2143 inventum

146 2180 247 2247 sit,
270 2183 371 2233 aut
392 2178 679 2250 quasiego
700 2178 849 2232 hanc
874 2177 1803 2243 consuetudinem,autdecretum

147 2268 208 2322 in
241 2272 447 2323 sancta
476 2267 735 2323 Ecclesia
783 2266 1221 2322 successoribus
1269 2267 1435 2336 meis,
1471 2284 1575 2321 nec
1605 2283 1718 2321 non
1750 2270 1807 2321 et

150 2357 433 2411 fratribus
474 2362 530 2411 et
578 2356 937 2428 coepiscopis
985 2356 1205 2411 nostris
1254 2355 1575 2426 imponam,
1608 2356 1707 2410 sed
1745 2358 1807 2409 ut

154 2445 368 2501 melius
399 2464 432 2500 a
464 2446 627 2501 vobis
660 2444 975 2500 abscidatis
1008 2444 1250 2499 rebelles
1290 2444 1693 2514 cogitationes.

153 2556 287 2606 CAP.
321 2553 445 2607 314.
479 2583 544 2624 ε
579 2551 739 2624 Quod
768 2553 1012 2621 seipsum
1031 2552 1263 2624 damnat
1283 2552 1532 2621 quisquis
1562 2552 1833 2605 παιδεία-⁷

222 2626 360 2679 uico
388 2623 583 2679 ordine
607 2623 1139 2679 ’emcommunicatus
1187 2623 1379 2695 fuerit,
1412 2632 1463 2676 et
1494 2624 1805 2677 communi-

224 2712 355 2751 care
383 2698 815 2766 praesumpserit.
851 2698 941 2749 Ex
973 2697 1235 2765 Africano
1278 2696 1528 2760 concilio,
1562 2711 1609 2749 c.
1645 2695 1731 2746 29.

224 2785 337 2854 (11,
363 2800 413 2854 q.
449 2786 500 2850 3,
533 2800 578 2839 c.
613 2785 833 2840 Ptacuit
880 2786 1179 2854 universo).
1232 2786 1376 2837 Item
1428 2782 1646 2853 placuit
1676 2781 1806 2836 uni-

151 2888 319 2927 verso
352 2872 619 2941 concilio,
654 2872 841 2943 utqui
892 2872 1437 2927 excommunicatus
1484 2871 1655 2926 fuerit
1702 2887 1805 2942 pro

150 2978 258 3015 suo
293 2962 585 3033 neglectu,
620 2962 738 3016 sive
770 2961 1082 3033 episcopus
1109 2960 1371 3031 quilibet,
1396 2960 1515 3015 sive
1537 2960 1805 3023 clericus,

148 3056 205 3103 et
220 3054 484 3120 tempore
499 3048 1128 3105 excommunicationis
1150 3067 1268 3104 sum
1292 3054 1425 3104 ante
1446 3049 1804 3103 audientiam

856 269 1165 322 DECRETI
1204 269 1390 321 PARS
1426 268 1596 349 V.’-~
1637 269 1732 320 DE
1770 265 2094 319 PRIMATU
2130 264 2303 318 ROM.
2345 266 2655 331 ECCLES.,
2696 266 2849 317 ETC.

3460 266 3565 319 422

1835 397 1885 460 Α
1918 393 2137 447 crimen
2171 392 2425 447 ﬁliorum
2476 392 2741 458 correxit,
2776 392 2938 446 canis
2986 390 3322 463 impudicus
3376 396 3564 467 magis

1915 481 2198 535 dicendus
2229 485 2315 536 est
2346 496 2523 549 quam
2558 480 2887 552 episcopus.

1916 587 2044 642 CAP.
2078 588 2200 642 318.
2236 620 2300 628 —
2333 587 2483 655 Quod
2511 588 2679 641 bonus
2709 592 2902 655 pastor
2930 588 3171 645 subditos
3212 591 3359 646 lavat
3389 608 3421 645 a
3450 594 3561 647 cri-

2442 664 2605 713 mine.
2637 664 3030 729 Hieronymus.

1989 748 2060 802 Ut
2091 747 2285 801 lixivia
2316 764 2417 819 per
2446 748 2703 803 cinerem
2736 748 3045 803 humidum
3082 751 3268 805 ﬂuens
3299 750 3475 819 lavat,
3511 757 3567 807 et

1916 854 2030 893 non
2057 836 2317 904 lavatur;
2352 837 2435 891 ita
2452 838 2602 892 bona
2620 837 2885 893 doctrina
2904 854 3004 908 per
3026 838 3247 894 malum
3271 841 3563 897 doctorem

1916 925 2143 982 animas
2175 926 2535 981 credentium
2570 926 2722 980 lavat
2755 928 2923 981 sorde
2957 932 3350 998 peccatorum.

1914 1033 2045 1089 CAP.
2080 1032 2203 1087 319.
2237 1064 2305 1073 —-
2338 1033 2730 1105 Quodimalum
2758 1044 3034 1103 pastorem
3062 1050 3180 1090 oves
3207 1038 3447 1105 fugiunt.
3485 1040 3567 1093 Ex

2480 1104 2638 1159 dictis
2668 1107 2985 1176 Augustini.

1986 1194 2147 1248 Sicut
2198 1193 2434 1264 fugiunt
2482 1210 2615 1248 oves
2664 1210 2863 1249 vocem
2915 1194 3189 1265 pastoris,
3240 1212 3412 1265 quem
3449 1212 3563 1250 non

1914 1288 2293 1353 cognoscunt,
2328 1287 2383 1337 et
2414 1283 2645 1337 deserta
2696 1287 2919 1353 petunt,
2955 1284 3034 1337 ita
3084 1284 3269 1338 malos
3302 1289 3564 1355 pastores

1916 1372 2105 1427 ovilia.

1913 1462 2040 1517 CAP.
2075 1462 2199 1515 320.
2235 1491 2301 1499 —
2332 1463 2404 1514 De
2436 1476 2493 1515 eo
2544 1463 2641 1530 qui
2690 1462 3035 1515 nobilitatem
3083 1462 3187 1515 Dei
3236 1478 3269 1516 a
3299 1479 3357 1517 se
3389 1464 3561 1532 eiicit.

2162 1534 2449 1601 Gregorius
2478 1533 2644 1602 (hom.
2676 1533 2709 1585 9
2741 1534 2800 1588 in
2830 1533 3045 1600 Ez-ech.,
3078 1533 3178 1587 lib.
3208 1536 3271 1603 1).

1984 1622 2141 1691 (Dist.
2178 1622 2264 1691 40,
2297 1638 2345 1676 c.
2386 1621 2601 1691 Adam).
2628 1622 2809 1676 Adam
2842 1621 3067 1692 primus
3101 1622 3274 1678 homo
3306 1640 3409 1694 pro
3432 1640 3564 1694 pec-

1913 1715 2039 1766 cato
2072 1711 2143 1765 de
2174 1711 2438 1782 paradiso
2473 1712 2693 1779 ejectus
2725 1714 2831 1775 est,
2868 1710 2975 1765 hoc
3009 1716 3119 1779 est,
3156 1713 3255 1783 qui
3291 1713 3564 1767 nobilita-

1916 1802 2029 1854 tem
2064 1800 2160 1854 Dei
2194 1816 2227 1854 a
2258 1816 2317 1854 se
2350 1799 2597 1870 projecit
2630 1798 2935 1854 nobilitate
2964 1799 3075 1854 loci
3109 1800 3385 1871 privetur.

1913 1910 2049 1965 CAP.
2084 1908 2207 1961 321.
2241 1938 2309 1947 ——-
2360 1907 2509 1975 Quod
2554 1923 2661 1962 non
2710 1909 2820 1961 sint
2868 1923 3053 1962 omnes
3094 1908 3204 1976 ﬁlii
3254 1914 3567 1965 sanctorum

1985 1981 2079 2051 qui
2129 1983 2314 2033 lene-nt
2363 1982 2483 2033 loca
2532 1988 2870 2051 sanctorum.
2926 1980 3007 2033 Ex
3034 1979 3196 2034 dictis
3243 1982 3569 2051 Hieronymi

1986 2050 2243 2122 (cpistola
2272 2050 2341 2105 ad
2375 2050 2767 2117 Heliodorum).

1988 2142 2149 2211 (Dist.
2186 2141 2272 2207 40,
2305 2158 2352 2195 c.
2388 2144 2505 2197 Non
2550 2144 2628 2195 est
2656 2140 2876 2211 facile).
2928 2140 3052 2195 Non
3097 2139 3263 2195 facile
3294 2144 3383 2195 est
3413 2145 3568 2197 stare

1913 2229 1971 2284 in
2006 2229 2130 2285 loco
2162 2229 2313 2284 Petri
2346 2234 2403 2283 et
2433 2228 2623 2296 Pauli,
2654 2234 2710 2284 et
2753 2234 2949 2284 tenere
2995 2229 3331 2283 cathedram
3366 2246 3566 2300 regen-

1913 2321 2061 2374 tium
2086 2336 2219 2374 cum
2242 2318 2651 2388 Christo,quia
2673 2318 2807 2372 hinc
2831 2318 3065 2386 dicitur,
3088 2335 3203 2372 non
3226 2323 3566 2374 sanctorum

1917 2408 2021 2461 lilii
2053 2413 2213 2473 sunt,
2245 2407 2346 2477 qui
2378 2412 2579 2462 tenent
2608 2407 2733 2462 loca
2767 2411 3124 2477 sanctorum,
3149 2408 3249 2463 sed
3282 2408 3383 2478 qui
3412 2424 3569 2463 exer-

1916 2502 2047 2553 cent
2075 2513 2249 2567 opera
2283 2512 2504 2550 eorum.

1915 2605 2046 2659 CAP.
2080 2604 2204 2657 3'32.
2236 2634 2305 2642 —
2336 2601 2482 2668 Quod
2509 2603 2696 2655 nullus
2726 2618 2794 2656 ex
2830 2618 3047 2670 genere,
3100 2602 3179 2655 vel
3205 2618 3274 2656 ex
3303 2603 3414 2658 loco
3444 2604 3565 2670 glo-

2396 2675 2541 2727 riari
2569 2674 2737 2727 debet.
2769 2672 3081 2741 Gregorius.

1987 2765 2141 2834 (Dist.
2177 2764 2265 2828 40,
2296 2779 2343 2816 c.
2375 2767 2481 2818 Nos
2509 2763 2647 2833 qui).
2681 2761 2795 2817 Nos
2828 2761 2925 2833 qui
2956 2778 3318 2832 praesumus,
3347 2779 3462 2817 non
3496 2779 3566 2818 ex

1913 2852 2175 2909 locorum
2209 2868 2313 2906 nec
2342 2850 2572 2923 generis
2606 2851 2911 2923 dignitate,
2944 2851 3044 2905 sed
3093 2867 3321 2906 morum
3350 2852 3565 2906 nobili—

1914 2946 2033 2997 tate
2080 2942 2444 2995 innotescere
2492 2940 2795 3007 debemus,
2844 2956 2949 2995 nec
2998 2938 3230 2995 urbium
3279 2940 3561 3011 claritate,

1918 3032 2019 3086 sed
2046 3031 2181 3085 fidei
2216 3030 2489 3102 puritate.

150 3140 589 3194 communicare
620 3140 1082 3211 praesumpserit,
1116 3139 1241 3209 ipse
1274 3139 1332 3193 in
1380 3155 1441 3194 se
1472 3138 1799 3193 damnatio-
1834 3134 1877 3200 C
1946 3141 2072 3193 CAP.
2106 3138 2229 3193 323.
2263 3169 2317 3177 —
2361 3138 2434 3211 De
2462 3136 2839 3211 sacerdotibus
2867 3137 2964 3205 qui
3009 3137 3200 3190 ovibus
3229 3138 3344 3191 suis
3374 3137 3538 3192 mala

156 3228 250 3282 nis
274 3227 574 3297 judicetur
600 3228 915 3298 protulisse
945 3231 1321 3283 sententiam.

159 3333 295 3389 CAP.
326 3334 451 3387 315.
479 3363 547 3374 -η
576 3336 651 3388 De
701 3334 981 3389 ordinatis
1018 3335 1069 3388 si
1097 3336 1304 3405 aliquis
1334 3334 1555 3389 illorum
1585 3351 1817 3405 percus-

323 3421 413 3460 sor
441 3408 740 3461 exstiterit.
774 3407 857 3460 EJ:
889 3406 1137 3461 Totetano
1172 3407 1419 3471 concilio,
1453 3422 1568 3477 cap.
1602 3408 1656 3459 6.

235 3494 349 3563 (23,
383 3512 433 3565 q.
465 3495 517 3564 8,
550 3512 595 3549 c.
632 3496 723 3549 His
751 3513 781 3549 a
814 3496 1051 3566 quibus).
1103 3495 1205 3550 IIis
1256 3513 1289 3549 a
1335 3493 1547 3565 quibus
1588 3495 1819 3550 Domini

167 3588 539 3638 sacramenta
569 3589 917 3651 tractantur,
939 3584 1229 3654 judicium
1262 3584 1570 3655 sanguinis
1601 3586 1822 3655 agitare

165 3689 283 3725 non
318 3671 475 3742 licet,
507 3678 563 3727 et
588 3672 716 3728 ideo
750 3690 1103 3745 magnopere
1151 3673 1285 3728 talis
1317 3690 1588 3728 excessus
1622 3674 1820 3743 prohi-

160 3762 393 3816 bendus
424 3767 532 3831 est,
569 3779 639 3817 ne
674 3762 1004 3817 indiscretae
1054 3762 1527 3833 priesumptionis
1561 3763 1821 3817 motibus

158 3850 395 3921 agitari,
430 3855 530 3904 aut
562 3852 717 3921 quod
752 3858 935 3906 morte
990 3850 1363 3921 plectendum
1413 3857 1503 3905 est
1533 3851 1823 3905 sententia

161 3937 400 4007 propria
422 3939 689 4009 judicare
718 3945 1100 4010 prasumant,
1134 3945 1235 3994 aut
1265 3940 1666 3995 truncationes
1698 3939 1821 4011 qui-

162 4026 420 4082 buslibet
472 4028 737 4099 personis
788 4034 889 4083 aut
941 4046 1043 4100 per
1089 4046 1149 4083 se
1199 4029 1474 4098 inferant,
1525 4034 1624 4083 aut
1672 4030 1818 4084 inle-

162 4117 375 4171 rendas
409 4116 762 4188 praecipiant.
810 4119 973 4183 Quod
1025 4119 1073 4172 si
1125 4120 1433 4189 quisquam
1468 4118 1678 4172 horum
1712 4119 1821 4171 im-

165 4220 397 4258 memor
430 4211 873 4277 praeceptorum,
900 4212 1003 4261 aut
1032 4206 1087 4260 in
1118 4206 1390 4261 Ecclesiae
1414 4224 1531 4261 sua:
1558 4206 1819 4272 familiis,

162 4298 264 4347 aut
295 4292 356 4346 in
400 4294 763 4364 quibuslibet
806 4295 1071 4366 personis
1122 4295 1235 4349 tale
1267 4295 1488 4366 aliquid
1522 4300 1823 4366 perpetra-

164 4382 333 4447 verit,
366 4387 424 4436 et
454 4384 716 4438 concessi
760 4384 984 4439 ordinis
1034 4384 1252 4439 honore
1285 4385 1545 4455 privetur
1590 4388 1646 4437 et
1674 4383 1821 4451 loco,

161 4477 217 4525 et
248 4471 362 4525 sub
398 4476 689 4543 perpetuae
722 4472 1118 4528 damnationis
1172 4473 1450 4543 religetur
1475 4473 1772 4543 ergastulo
1807 4489 1820 4526 :
1854 4502 1899 4564 Β

162 4561 255 4615 cui
293 4566 485 4615 tamen
518 4563 857 4617 communio
888 4562 1120 4617 exeunti
1154 4564 1226 4616 de
1260 4561 1369 4616 hac
1400 4562 1544 4628 vita,
1590 4578 1704 4617 non
1734 4567 1824 4617 est

162 4651 437 4722 neganda
468 4657 709 4722 propter
743 4651 973 4707 Domini
1006 4651 1490 4707 misericordiam.

162 4758 301 4811 CAP.
335 4758 458 4811 316.
492 4790 559 4797 —
591 4760 665 4812 Ne
696 4761 977 4829 episcOpus
1007 4776 1108 4813 sua
1157 4776 1325 4813 manu
1356 4760 1599 4828 aliquem
1626 4759 1819 4813 credat.

236 4830 325 4881 Ea:
352 4829 580 4884 decretis
626 4832 904 4897 Boni/acii
951 4846 1115 4899 papa:
1165 4830 1241 4897 (id
1272 4831 1471 4901 legitur
1515 4838 1636 4900 post
1665 4846 1819 4885 conc.

234 4902 432 4967 Agalh.
466 4917 536 4955 ea:
566 4901 803 4969 Gratia).

232 4990 395 5059 (Dist.
428 4991 518 5054 86,
554 5008 599 5043 c.
635 4992 751 5045 Non
783 4990 988 5061 liceat).
1024 4990 1148 5044 Non
1182 4990 1353 5044 liceat
1391 4990 1665 5061 epise0po
1696 5007 1822 5044 ma-

159 5077 343 5132 nibus
374 5079 498 5132 suis
548 5077 805 5149 aliquem
857 5080 1096 5147 caedere,
1146 5080 1255 5133 hoc
1306 5078 1459 5133 enim
1503 5078 1757 5133 alienum
1790 5095 1825 5132 a

157 5166 465 5221 sacerdote
496 5183 623 5223 esse
657 5168 845 5221 debet.

159 5275 299 5330 CAP.
335 5274 458 5328 317.
494 5304 559 5313 -
596 5274 668 5326 De
719 5276 965 5343 episcopo
1018 5277 1115 5344 qui
1150 5277 1390 5344 seipsum
1442 5284 1494 5328 et
1541 5275 1649 5328 sibi
1675 5291 1822 5329 com-

234 5347 430 5399 missos
499 5347 773 5414 corrigere
860 5347 1179 5417 neglexerit.
1263 5346 1548 5415 Gregorius
1622 5348 1825 5416 (Augu-

228 5418 418 5485 stin.).

237 5507 396 5576 (2,q.
430 5506 485 5571 7,
533 5520 579 5558 c.
636 5506 743 5572 Qui
789 5506 932 5577 nec).
986 5505 1092 5567 Qui
1148 5522 1248 5560 nec
1302 5506 1603 5577 regiminis
1658 5506 1714 5559 in
1767 5523 1828 5561 se

166 5594 457 5649 rationem
518 5592 743 5664 habuit,
815 5611 919 5650 nec
972 5611 1079 5649 sua
1150 5594 1359 5648 delicta
1406 5584 1679 5662 detersit,
1724 5612 1829 5650 nec

2281 3208 2526 3278 praebent
2554 3210 2831 3277 exempla.
2863 3211 3213 3278 Augustinus.

2002 3298 2156 3365 (Dist.
2184 3298 2274 3363 83,
2306 3314 2355 3352 c.
2389 3297 2551 3352 Nemo
2583 3297 2824 3368 quippe).
2859 3297 3038 3351 Nemo
3071 3297 3290 3367 quippe
3322 3296 3578 3367 amplius

1927 3387 1984 3441 in
2014 3386 2258 3441 ecclesia
2290 3390 2477 3452 nocet,
2508 3403 2684 3456 quam
2719 3386 2819 3457 qui
2853 3401 3118 3456 perverse
3150 3402 3329 3456 agens
3363 3401 3575 3440 nomen

1926 3476 2016 3531 vel
2051 3476 2316 3530 ordinem
2348 3476 2676 3530 sanctitatis
2708 3480 2765 3529 et
2796 3474 3107 3529 sacerdotii
3152 3474 3346 3530 habet.
3380 3473 3579 3529 Delin-

1930 3571 2205 3637 quentem
2239 3564 2395 3618 hunc
2434 3580 2691 3633 namque
2738 3564 3087 3634 redarguere
3133 3564 3328 3618 nullus
3362 3580 3579 3635 praesu-

1932 3654 2059 3720 mit,
2095 3657 2151 3708 et
2184 3653 2242 3707 in
2275 3651 2607 3722 exemplum
2640 3650 2811 3721 culpa
2832 3652 3206 3707 vehementer
3227 3652 3579 3719 extenditur,

1932 3758 2065 3799 cum
2097 3758 2199 3813 pro
2233 3741 2553 3796 reverentia
2584 3740 2805 3794 ordinis
2831 3746 3097 3811 peccator
3127 3740 3469 3797 honoratur.

1930 3855 2068 3907 CAP.
2102 3850 2225 3903 324.
2255 3880 2320 3888 —-
2375 3848 2434 3905 Ut
2478 3856 2691 3902 tantum
2732 3865 2925 3902 curam
2971 3850 3464 3904 ecclesiasticarum
3506 3866 3589 3907 re-

2002 3939 2127 3976 rum
2157 3922 2397 3991 episcopi
2426 3919 2683 3974 habeant.
2740 3923 2822 3974 Ex
2849 3922 3156 3975 canonibus
3194 3923 3585 3991 apostolorum,

2002 4010 2121 4063 cap.
2157 3994 2245 4047 39.

2003 4080 2280 4135 Omnium
2314 4080 2683 4150 negotiorum
2710 4080 3240 4135 ecclesiasticorum
3268 4096 3465 4134 curam
3491 4095 3585 4149 ge-

1933 4173 2020 4223 rat
2055 4168 2390 4240 episcopus,
2424 4172 2479 4222 et
2510 4186 2595 4237 ea,
2629 4166 2787 4221 velut
2818 4169 2932 4222 Deo
2966 4167 3422 4237 contemplante,
3457 4168 3578 4222 disr

1934 4262 2159 4329 penset,
2195 4274 2299 4312 nec
2330 4259 2380 4312 ei
2414 4256 2584 4311 liceat
2618 4272 2685 4310 ex
2716 4256 2805 4311 his
2833 4256 3053 4327 aliquid
3088 4257 3326 4311 omnino
3357 4256 3586 4311 contin-

1934 4363 2087 4418 gere,
2123 4352 2223 4400 aut
2254 4346 2594 4416 parentibus
2646 4345 2917 4415 propriis,
2953 4361 3082 4416 qua:
3128 4345 3229 4400 Dei
3282 4350 3422 4400 sunt
3451 4362 3589 4401 con.

1935 4436 2170 4490 donare.
2218 4436 2378 4500 Quod
2412 4434 2460 4489 si
2510 4450 2794 4505 pauperes
2840 4438 3001 4503 sunt,
3054 4440 3334 4506 tanquam
3368 4453 3589 4507 paupe-

1932 4524 2095 4578 ribus
2147 4524 2577 4591 subministret,
2614 4540 2717 4577 nec
2762 4539 2962 4577 eorum
2994 4525 3297 4579 occasione
3329 4525 3585 4580 ecclesiae

1932 4612 2165 4684 negotia
2192 4612 2622 4682 depraadentur.

1930 4720 2028 4774 CA.
2063 4719 2187 4773 3'25.
2221 4749 2288 4757 —
2318 4719 2393 4772 Ne
2424 4718 2720 4791 usupallii
2744 4718 3204 4789 metropolitanus
3230 4724 3585 4791 praasumpti-

2064 4808 2126 4844 ve
2158 4798 2365 4844 utatur.
2403 4792 2482 4843 Ea:
2511 4790 2740 4844 decretis
2774 4794 3011 4845 Honorii
3037 4790 3364 4863 papw,7cap.
3399 4796 3451 4847 3.

2002 4878 2343 4949 Quicunque
2377 4878 2960 4951 metropolitanorum
2997 4898 3098 4951 per
3130 4881 3373 4952 plateas,
3408 4882 3494 4937 vel
3526 4882 3586 4937 in

1933 4968 2157 5022 litaniis
2191 4970 2277 5023 uti
2310 4967 2483 5036 pallio
2518 4969 2978 5040 praesumpserit,
3014 4975 3068 5023 et
3118 4988 3231 5024 non
3266 4975 3492 5026 tantum
3525 4972 3584 5026 in

1932 5057 2242 5129 praecipuis
2276 5057 2688 5113 festivitatibus
2720 5064 2777 5113 et
2807 5059 2877 5113 ab
2914 5060 3234 5129 apostolica
3265 5061 3401 5115 sede
3434 5061 3585 5114 indi-

1930 5147 2040 5201 ctis
2068 5146 2434 5217 temporibus
2466 5148 2534 5200 ad
2594 5147 2911 5201 missarum
2966 5147 3337 5203 solummodo
3370 5151 3584 5204 solem-

1933 5237 2030 5290 nia
2060 5241 2251 5290 careat
2276 5235 2375 5289 illo
2410 5236 2650 5300 honore,
2679 5242 2733 5290 et
2758 5244 2821 5290 ut
2854 5238 3056 5291 beatus
3090 5254 3237 5308 papa
3269 5238 3585 5309 Gregorius

1933 5327 2002 5380 ad
2053 5326 2340 5381 Joannem
2388 5325 2659 5379 Panormi
2711 5326 3049 5396 episcopum
3102 5327 3201 5391 ait,
3236 5327 3372 5396 quia
3414 5342 3587 5397 grave

1928 5416 2137 5485 jugum
2190 5418 2363 5484 atque
2414 5414 2711 5468 vinculum
2765 5415 3028 5480 cervicis,
3082 5432 3195 5469 non
3248 5433 3348 5485 pro
3399 5413 3581 5468 eccle-

1935 5503 2190 5568 siastica,
2222 5505 2319 5558 sed
2358 5521 2457 5574 pro
2490 5505 2743 5574 quadam
2778 5502 3042 5557 saeculari
3072 5503 3353 5574 dignitate
3387 5504 3583 5559 defen-

1934 5593 2053 5659 dat,
2086 5592 2371 5663 permissa
2415 5610 2529 5662 qua
2560 5592 2822 5647 abutitur
2868 5598 3058 5646 careat
3107 5592 3410 5663 dignitate,
3445 5594 3585 5665 quia
