3960 6072
412 306 521 360 423

1508 291 1574 341 n.
1615 285 1852 339 IVONIS
1887 278 2381 333 CARNOTENSIS
2418 240 2739 330 RPISCOPI

3744 270 3855 323 424

403 433 539 501 jure
587 421 962 494 privilegium
1010 420 1266 473 meretur
1312 412 1599 480 amittere,
1641 407 1740 480 qui
1790 404 2068 460 audacter
2099 404 2149 466 Α
2182 399 2487 501 ecclesiam
2522 399 2717 468 fuerit,
2769 397 2940 467 cujus
2989 398 3263 501 sacerdos
3312 395 3544 501 obierit,
3580 395 3649 501 si.
3679 396 3855 450 omni

414 520 664 588 usurpat
698 510 918 568 illicita.

413 583 696 662 059.326.
728 629 798 641 -—-
843 595 993 665 Quod
1038 595 1316 665 episcOpus
1368 590 1441 645 de
1488 587 1645 643 rebus
1676 583 2066 665 ecclesiae‘su‘x

485 652 784 743 nisiwprius
832 652 1141 743 commutet.
1190 652 1575 743 testamentare
1622 673 1730 712 non
1759 654 1949 726 possit.
1983 652 2066 705 Ea:

486 730 718 804 concilio
749 740 1066 813 Agathensi,
1098 752 1222 807 cap.
1252 737 1288 789 6
1316 739 1455 822 (cap-
1488 730 1634 822 51):
1755 814 1767 822 _
1912 811 1923 822 ,

483 837 596 908 (12,
627 852 677 905 q.
706 834 764 899 5,
792 847 839 885 c.
872 828 933 883 Si
972 827 1252 897 episcopus
1280 820 1539 891 condito).
1581 817 1638 909 Si
1671 814 1807 909 quis
1824 814 2066 909 episco-

412 901 523 999 pu‘s
541 901 775 979 condito
798 918 1149 974 testamento
1177 911 1395 981 aliquid
1418 911 1485 964 de
1513 902 1895 999 ecclesiastici
1911 901 2065 999 juris

411 992 764 1087 prOprietate
792 1004 1093 1078 legaverit,
1109 1002 1279 1057 aliter
1301 1016 1416 1055 non
1438 996 1680 1087 valebit,
1701 992 1813 1049 nisi
1834 993 2063 1046 tantum

413 1082 483 1157 de
505 1082 659 1172 juris
690 1094 910 1170 proprii
945 1089 1325 1147 facultatibus
1354 1082 1732 1158 suppleverit.

413 1199 543 1256 Car.
594 1198 717 1252 327.
769 1226 837 1235 —
884 1192 960 1248 Ne
1001 1190 1279 1259 episcopus
1322 1201 1404 1241 res
1454 1183 1698 1259 ecclesiae
1740 1175 2065 1259 parentibus

479 1248 969 1325 suiswindiscrete
1032 1248 1263 1316 tribuat.
1342 1260 1424 1313 Ere
1496 1248 1755 1326 Spatensi’
1806 1248 2061 1313 concilio,

478 1341 838 1500 sitpepiigcopi
887 1422 947 1477 in
980 1420 1157 1476 rebus
1200 1416 1457 1474 ecclesias
1499 1414 1652 1469 circa
1702 1409 2062 1500 pr0pinquos

410 1535 550 1575 suos
589 1498 995 1589 exponendam
1046 1506 1558 1579 reprehensionem
1606 1503 1867 1565 caveant,
1899 1500 1956 1552 et
1999 1498 2064 1549 ut

409 1604 782 1665 discretionis
817 1599 1060 1656 modum
1091 1599 1352 1653 teneant.

409 1701 538 1753 CAP.
597 1696 725 1751 328.
785 1722 853 1732 —
912 1692 994 1744 De
1050 1686 1237 1743 eadem
1283 1700 1371 1811 ge.
1432 1684 1515 1737 Ex
1570 1679 1754 1737 eodem
1810 1674 2061 1743 concilio,

1131 1776 1251 1811 can.
1324 1798 1337 1811 .

1131 1776 1251 1829 cap.
1283 1776 1337 1811 ο.

482 1855 763 1923 Quoniam
798 1854 994 1910 multi'
1020 1849 1427 1923 episcoporum
1480 1857 1677 1899 amore
1707 1836 2062 1911 propinquo-

409 1962 539 2004 rum
570 1960 839 2013 suorum,
874 1944 945 1998 de
974 1941 1149 1996 rebus
1181 1936 1294 1992 sibi
1345 1927 1793 1994 commendatis,
1826 1941 1933 1981 suo
1954 1927 2065 2013 aut

409 2033 667 2105 quolibet
715 2012 1041 2087 amicorum
1091 2025 1349 2089 nomine,
1400 2020 1616 2093 praedia
1667 2022 1724 2072 et
1773 2012 2067 2105 mancipia

410 2104 636 2191 emunt,
670 2125 728 2176 et
757 2125 821 2175 ut
848 2119 1309 2191 propinquorum
1335 2125 1571 2167 suorum
1598 2108 1700 2178 jus
1722 2104 1932 2159 cedant
1953 2105 2065 2156 sta-

407 2213 606 2279 tuunt,
640 2213 698 2265 et
726 2209 798 2264 ob
830 2208 939 2263 hoc
964 2209 1102 2279 jura
1130 2199 1529 2259 ecclesiastica
1559 2192 1985 2279 convellantur,
2008 2193 2065 2279 et

411 2277 805 2355 ministerium
848 2277 1206 2352 sacerdotale
1249 2292 1532 2354 fuscatur,
1561 2284 1680 2339 imo
1728 2299 1762 2338 a
1810 2277 2063 2335 subditis

409 2388 739 2444 detrahitur
758 2382 1248 2447 etcontemnitur,
1268 2377 1484 2450 placuit
1514 2372 1790 2429 omnibus
1813 2372 1876 2423 ut
1900 2366 2062 2421 dein-

408 2494 545 2548 ceps
576 2476 685 2532 hoc
735 2492 920 2546 genus
970 2471 1225 2529 avaritiae
1275 2470 1566 2531 caveatur,
1619 2462 1917 2529 fixumque
1961 2456 2062 2548 abf

404 2546 542 2622 hinc
571 2570 629 2622 et
679 2568 960 2637 perpetuo
1014 2573 1361 2618 mansurum
1412 2570 1537 2610 esse
1579 2548 1968 2609 decrevimus,
2000 2546 2065 2598 ut

405 2657 715 2729 episcopus
769 2671 862 2709 res
915 2652 1006 2708 sui
1049 2650 1229 2722 juris,
1281 2661 1427 2719 quas
1475 2646 1608 2698 ante
1662 2638 2063 2729 episcopatum

406 2726 509 2801 aut
538 2726 694 2801 certe
723 2742 783 2797 in
817 2742 1154 2814 episcopatu
1190 2731 1556 2792 haereditaria
1577 2726 1950 2785 successione
1971 2738 2064 2814 ac-

413 2832 678 2904 quisivit,
710 2812 1038 2886 secundum
1069 2826 1409 2883 canonicam
1456 2818 1861 2876 auctoritatem
1892 2812 2065 2882 quid-

410 2920 551 2992 quid
592 2918 718 2975 vult
766 2917 959 2983 l‘aciat,
991 2922 1047 2971 et
1095 2914 1189 2970 cui
1236 2913 1361 2969 vult
1409 2910 1715 2966 conferat:
1751 2907 2063 2992 postquam

408 2989 606 3067 autem
652 3008 964 3079 episcopus
1011 3006 1197 3059 factus
1248 3006 1357 3067 est,
1405 3008 1791 3071 quascunque
1849 2989 2065 3079 res‘de

402 3076 782 3155 facultatibus
814 3076 1089 3159 ecclesias,
1123 3096 1224 3147 aut
1254 3106 1359 3145 suo
1394 3090 1494 3141 aut
1544 3082 1785 3139 alterius
1815 3076 2054 3134 nomine

405 3186 661 3259 qualibet
715 3184 1047 3241 conditione
1087 3175 1531 3250 comparaverit,
1580 3168 1944 3259 decrevimus
1989 3169 2051 3259 ut

401 3254 515 3333 non
548 3275 605 3330 in
638 3274 1105 3347 propinquorum
1141 3283 1408 3333 suorum,
1443 3264 1544 3319 sed
1578 3262 1636 3316 in
1668 3256 1923 3315 ecclesiae
1956 3254 2050 3311 cui

401 3369 610 3438 praeest
636 3366 770 3434 jura
801 3360 1129 3418 devenient.

398 3435 532 3511 CAP.
566 3454 690 3508 329.
720 3483 791 3494 —
821 3452 894 3506 Ne
921 3452 1210 3520 episcopus
1238 3446 1304 3501 de
1334 3444 1498 3520 rebus
1521 3440 1773 3520 viduata
1794 3435 2053 3520 Ecclesiae

471 3509 773 3598 quidquam
801 3509 1050 3598 atienare
1092 3509 1410 3592 praesumat.
1456 3518 1542 3572 Bx
1568 3512 1798 3568 decretis
1828 3509 2050 3563 Martini

472 3595 655 3669 papae,
691 3612 807 3666 cap.
841 3595 949 3663 20).

472 3668 585 3758 (10,
620 3701 671 3757 q.
706 3685 759 3751 3,
791 3700 838 3739 c.
871 3682 931 3738 Si
969 3684 1093 3753 quis
1140 3678 1420 3751 episcop.).
1471 3674 1527 3730 Si
1574 3671 1707 3745 quis
1739 3668 2051 3758 episcopus

400 3756 558 3830 nulla
588 3756 994 3831 ecclesiasticas
1022 3770 1270 3825 rationis
1303 3765 1650 3822 necessitate
1681 3756 2049 3829 compulsus,

398 3864 458 3919 in
491 3879 597 3920 suo
649 3862 822 3929 clero,
857 3865 960 3916 aut
1005 3859 1104 3914 ubi
1155 3859 1301 3912 forte
1333 3872 1447 3911 non
1496 3857 1586 3908 est
1628 3850 1948 3922 presbyter,
1981 3845 2053 3899 de

398 3954 573 4009 rebus
605 3948 1020 4008 ecclesiasticis
1051 3946 1273 4017 aliquid
1309 3938 1752 4016 praesumpserit
1782 3935 2051 3999 vendere,

397 4060 490 4099 res
520 4043 683 4115 ipsas
714 4037 974 4096 ecclesias
1005 4040 1336 4092 restaurare
1366 4035 1630 4102 cogatur,
1652 4032 1709 4082 et
1740 4026 1797 4080 in
1825 4022 2050 4115 judicio

396 4113 806 4205 episcoporum
838 4126 1170 4200 dejiciatur,
1204 4128 1261 4179 et
1289 4126 1572 4193 tanquam
1617 4114 1756 4171 furti
1788 4119 1844 4169 et
1875 4113 2051 4168 latro-

399 4222 537 4277 cinii
568 4237 705 4276 reus
736 4235 843 4275 suo
877 4216 1137 4289 privetur
1169 4214 1409 4269 honore.

397 4321 493 4373 CA.
525 4318 649 4372 330.
696 4346 765 4356 —
814 4316 885 4371 De
927 4312 1297 4369 sacerdotibus
1346 4326 1440 4380 qua
1484 4301 1890 4380 adessequias
1937 4300 2050 4370 epi-

467 4391 617 4459 scOpi
645 4388 832 4459 venire
862 4377 1366 4459 conteinnunt._Ex'
1385 4379 1616 4436 concilio
1648 4377 1894 4432 Toletano
1924 4387 2049 4437 vm,

467 4456 587 4529 cap.
618 4459 653 4512 2
685 4458 869 4527 (Tolet.
900 4472 996 4523 vn,
1030 4472 1150 4523 cap.
1185 4456 1286 4525 3.).

466 4548 544 4602 Ea
575 4563 704 4618 quae
736 4547 1079 4616 competunt
1110 4541 1425 4607 honestati,
1455 4536 1700 4609 contigit
1729 4549 1882 4606 saepe
1913 4547 2051 4604 quo-

398 4637 670 4691 rumdam
702 4633 929 4689 desidia
952 4650 1087 4689 nom
1118 4631 1370 4703 impleri.
1396 4628 1647 4684 Proinde
1678 4624 1819 4696 quia
1849 4626 2053 4676 notum

398 4728 649 4794 estquae
697 4722 953 4793 dignitas
1002 4721 1061 4775 in
1103 4718 1398 4790 exsequiis
1446 4713 1752 4772 morientis
1797 4706 2056 4781 episcopi

399 4830 469 4869 ex
512 4811 840 4867 canonibus
885 4813 1279 4873 conservetur,
1312 4804 1625 4861 traditione
1674 4798 1854 4855 moris
1905 4796 2052 4851 anti-

400 4900 502 4971 qui
534 4901 643 4955 hoc
670 4903 899 4955 tantum
942 4896 1278 4967 adjicimus,
1324 4898 1387 4949 ut
1417 4894 1464 4949 si
1516 4891 1649 4963 quis
1681 4887 2051 4945 sacerdotum

399 4990 729 5046 secundum
758 4991 975 5042 statuta
1006 4983 1297 5041 Valentini
1320 4981 1550 5038 concilii
1582 4982 1720 5051 (cap.
1756 4978 1809 5049 4)
1840 4977 1911 5031 ad
1938 4974 2052 5028 hu-

402 5079 618 5135 manda
644 5075 902 5131 defuncti
950 5073 1203 5145 episcopi
1256 5072 1519 5127 membra
1564 5068 1761 5124 venire
1791 5080 2049 5121 commo-

401 5168 583 5233 nitus,
616 5165 782 5237 pigra
808 5163 1105 5219 voluntate
1135 5160 1451 5227 distulerit,
1485 5154 1920 5231 appellantibus
1943 5150 2051 5206 cle-

400 5256 537 5313 ricis
564 5253 837 5311 obeuntis
866 5251 1125 5324 episcopi
1156 5251 1309 5323 apud
1341 5251 1653 5321 synodum,
1688 5247 1805 5301 sive
1838 5246 2049 5297 metro-

400 5345 727 5418 politanum
785 5342 1150 5414 episcopum,
1198 5346 1459 5410 tempore
1517 5336 1652 5391 anni
1711 5331 1887 5388 unius
1948 5344 2051 5383 nec

400 5433 649 5490 faciendi
684 5432 927 5489 missam
956 5446 1061 5486 nec
1110 5425 1584 5485 communicandi
1617 5424 1830 5479 habeat
1863 5419 2049 5475 omni-

401 5522 559 5577 modi
589 5523 906 5579 licentiam.
958 5519 1287 5593 Presbyteri
1336 5522 1531 5575 autem
1563 5514 1684 5571 sive
1713 5513 1904 5569 caeteri
1934 5512 2049 5567 cle-

400 5609 526 5678 rici,
568 5612 786 5683 quibus
840 5612 1030 5683 major
1079 5610 1314 5667 honoris
1367 5607 1526 5664 locus
1578 5603 1731 5677 apud
1781 5602 2046 5660 eamdem

2082 4497 2129 4562 D

2174 488 2567 545 sollicitudine
2613 503 2716 559 pro
2764 485 3060 557 exsequiis
3103 486 3230 557 jam
3279 484 3519 552 mortui,
3555 488 3659 540 aut
3697 499 3856 540 con-

2176 577 2338 633 tinuo
2368 577 2651 632 antistitis
2699 574 2991 645 morituri,
3025 575 3094 629 ad
3150 573 3641 630 commovendum
3694 573 3851 628 vici-

2175 683 2312 722 num
2345 666 2686 738 episcopum
2718 664 2870 719 tardi
2921 662 3315 730 inveniantur,
3366 666 3469 718 aut
3498 678 3601 734 per
3627 678 3851 733 quam-

2174 771 2406 827 cunque
2456 754 2783 809 molestiam
2835 752 3017 808 animi
3072 754 3127 806 id
3178 750 3472 824 negligere
3522 750 3853 805 videantur

2176 844 2694 916 [comprobentur],
2724 842 2905 898 totius
2936 842 3075 897 anni
3100 840 3288 913 spatio
3320 841 3390 895 ad
3424 839 3847 913 pcenitentiam

2177 933 2551 989 monasteriis
2581 933 2965 1003 deputentur.

2174 1041 2303 1097 Car.
2336 1041 2462 1097 33L
2498 1071 2563 1081 -—-
2597 1042 2659 1098 Ut
2709 1038 2849 1111 quod
2878 1040 3122 1111 episcopo
3144 1053 3244 1109 pro
3285 1037 3662 1110 redemptione
3703 1039 3845 1111 ani-

2244 1129 2465 1167 marum
2510 1112 2693 1182 datur,
2720 1109 2987 1167 ecclesiae
3031 1109 3405 1181 relinquatur.
3459 1109 3552 1165 Ex
3598 1110 3845 1164 concilio

2246 1184 2574 1253 Agathensi,
2607 1200 2724 1254 cap.
2758 1185 2811 1237 6.

2245 1273 2357 1344 (12,
2389 1289 2439 1343 q.
2474 1274 2527 1341 3,
2560 1289 2609 1329 c.
2643 1271 2972 1341 Pontiﬁces).
3008 1269 3390 1325 Pontificibus
3421 1286 3575 1336 vero,
3611 1268 3845 1341 quibus

2173 1361 2230 1415 in
2263 1378 2495 1417 summo
2527 1361 2853 1417 sacerdotio
2885 1359 3221 1415 constitutis
3253 1359 3325 1415 ab
3357 1359 3652 1415 extraneis
3678 1359 3838 1414 dun-

2172 1454 2330 1506 taxat
2359 1450 2611 1505 donatur
2640 1448 2881 1519 aliquid,
2916 1448 3005 1506 vel
3053 1465 3186 1504 cum
3238 1447 3486 1504 ecclesia
3521 1448 3844 1515 [extraneis

2171 1538 2413 1611 aliquid,
2448 1544 2549 1595 aut
2592 1555 2727 1595 cum
2773 1538 3043 1605 ecclesia,
3075 1538 3233 1609 etc.],
3266 1542 3371 1593 aut
3408 1536 3836 1609 sequestratim

2173 1628 2491 1683 dimittitur
2521 1632 2622 1683 aut
2653 1628 2924 1698 donatur,
2959 1627 3097 1699 quia
3127 1626 3365 1682 hoc‘ille
3391 1626 3491 1697 qui
3522 1627 3705 1681 donat
3728 1641 3837 1698 pro

2173 1717 2572 1788 redemptione
2602 1716 2812 1771 animas
2845 1732 2985 1785 sum,
3010 1733 3126 1771 non
3160 1732 3262 1788 pro
3289 1716 3599 1772 commodo
3634 1731 3829 1771 sacer-

2094 1772 2142 1836 B
2175 1806 2327 1862 dotis
2358 1772 2640 1877 probatur
2668 1805 2894 1874 offerre,
2941 1772 3055 1861 nyon
3088 1772 3259 1877 qulasi
3292 1821 3491 1875 suum,
3524 1805 3627 1861 sed
3658 1805 3833 1876 quasi

2175 1896 2489 1951 dimissum
2522 1896 2581 1950 in
2614 1894 2918 1950 facultates
2948 1894 3202 1950 ecclesia
3247 1899 3660 1967 computetur;
3695 1894 3837 1965 quia

2169 1987 2400 2056 justum
2433 1990 2541 2054 est,
2575 1989 2640 2039 ut
2671 1985 2825 2039 sicut
2855 1986 3125 2039 sacerdos
3157 1983 3351 2054 habet,
3384 1984 3539 2055 quod
3571 1982 3839 2039 ecclesia:

2176 2074 2487 2129 dimissum
2520 2077 2628 2138 est,
2664 2073 2742 2127 ita
2770 2078 2824 2128 et
2857 2072 3100 2128 ecclesia
3120 2072 3330 2129 habeat
3361 2074 3515 2144 quod
3549 2072 3836 2145 relinqui-

2174 2168 2273 2218 tur
2302 2180 2335 2218 a
2366 2163 2686 2218 sacerdote.

2175 2274 2312 2329 CAP.
2344 2273 2467 2327 332.
2502 2303 2566 2311 —
2603 2273 2665 2329 Ut
2695 2273 2883 2329 nullus
2929 2274 3214 2343 episcopus
3260 2274 3380 2327 sine
3406 2275 3644 2330 concilio
3687 2275 3835 2329 alio-

2245 2362 2371 2398 rum
2403 2346 2773 2415 episcoporum
2794 2352 2847 2398 et
2862 2346 3156 2413 principis,
3181 2346 3239 2400 in
3262 2344 3471 2400 hostem
3500 2348 3587 2401 ire
3615 2347 3832 2402 debeat.

2248 2417 2563 2487 Capitulum
2599 2416 2783 2471 Caroli
2814 2418 3179 2486 imperatoris.

2245 2504 2487 2561 Carolus
2518 2504 2619 2559 Dei
2668 2505 2855 2576 gratia
2904 2521 3002 2560 rex
3050 2505 3429 2573 Francorum,
3481 2509 3537 2561 et
3580 2507 3830 2563 devotus

2174 2600 2389 2649 sancta:
2419 2594 2687 2649 Ecclesiae
2714 2594 2986 2650 defensor
3013 2599 3189 2664 atque
3212 2595 3447 2664 adiutor
3468 2595 3525 2651 in
3552 2597 3832 2652 omnibus

2176 2683 2503 2755 apostolicis
2536 2683 2715 2739 sedis.
2741 2683 2983 2739 Hortatu
3016 2685 3281 2739 omnium
3306 2684 3567 2740 fidelium
3593 2691 3829 2742 nostro-

2175 2791 2329 2841 rum,
2363 2773 2611 2829 maxime
2632 2774 3037 2845 episcOporum
3071 2790 3135 2830 ac
3159 2774 3519 2846 reliquorum
3551 2778 3831 2833 sacerdos

2176 2868 2302 2919 tum
2332 2862 2623 2928 consulto,
2654 2862 2835 2918 servis
2857 2862 2957 2918 Dei
2992 2863 3265 2919 omnibus
3291 2881 3391 2935 per
3411 2864 3610 2920 omnia
3632 2883 3828 2924 arma-

2175 2958 2367 3007 turam
2401 2959 2627 3023 portare
2657 2951 2743 3007 vel
2776 2968 3060 3025 pugnare,
3083 2957 3184 3008 aut
3216 2952 3273 3008 in
3306 2954 3645 3022 exercitum,
3680 2960 3740 3010 et
3768 2956 3828 3011 in

2174 3042 2401 3097 hostem
2435 3056 2675 3113 pergere
2704 3042 2944 3097 omnino
2977 3042 3377 3113 prohibemus,
3410 3042 3523 3099 nisi
3544 3043 3664 3099 illis
3699 3049 3827 3101 tan-

2084 3127 2126 3194 C
2169 3130 2473 3187 tummodo
2506 3130 2605 3200 qui
2630 3135 2866 3202 propter
2886 3131 3148 3186 divinum
3172 3132 3588 3202 ministerium,
3615 3134 3825 3191 missa.

2162 3237 2291 3275 rum
2335 3219 2617 3275 solemnia
2668 3220 2891 3275 scilicet
2939 3220 3336 3291 adimplenda,
3370 3226 3427 3277 et
3476 3228 3817 3281 sanctorum

2160 3309 2485 3381 patrocinia
2523 3309 2809 3381 portanda
2853 3308 3043 3364 allecti
3075 3316 3233 3379 sunt,
3278 3311 3336 3366 id
3388 3318 3478 3367 est
3508 3329 3693 3368 unum
3728 3316 3813 3371 vel

2160 3400 2309 3453 duos
2340 3398 2646 3469 episcopos
2668 3414 2802 3453 cum
2834 3398 3154 3470 capellanis
3183 3400 3556 3472 presbyteris,
3582 3407 3641 3457 et
3664 3420 3811 3458 unu-

2160 3488 2443 3560 squisque
2484 3487 2753 3558 princeps
2785 3502 2965 3544 unum
3013 3488 3417 3560 presbyterum
3469 3507 3670 3546 secum
3709 3493 3808 3547 ha-

2160 3578 2312 3643 beat,
2370 3576 2469 3648 qui
2531 3581 2766 3647 peccata
2822 3576 3264 3646 conﬁtentibus,
3321 3579 3575 3635 indicere
3634 3582 3821 3654 possit

2162 3665 2589 3738 paenitentiam.

2388 3755 2523 3809 CAP.
2556 3754 2681 3809 333.
2718 3786 2783 3795 —
2817 3759 2897 3811 De
2924 3757 3131 3812 eodem.
3164 3758 3295 3813 Item
3324 3758 3586 3829 ejusdem.

2232 3844 2498 3899 Secunda
2543 3845 2665 3899 vice
2715 3849 2951 3917 propter
2991 3845 3334 3919 ampliorem
3386 3848 3817 3906 observantiam

2163 3933 2478 4004 apostolica
2504 3933 2846 3989 auctoritate
2865 3938 2921 3989 et
2937 3936 3259 3991 multorum
3282 3936 3694 4009 episcoporum
3720 3940 3819 3994 ad-

2163 4023 2483 4078 monitione
2535 4022 2834 4089 instructi,
2869 4028 3207 4081 sanctorum
3240 4042 3475 4097 quoque
3522 4043 3817 4083 canonum

2163 4112 2381 4184 regulis
2412 4112 2624 4181 edocti,
2655 4111 2925 4167 consultu
2957 4113 3227 4169 videlicet
3248 4116 3512 4170 omnium
3548 4120 3815 4171 nostrum

2162 4200 2555 4271 nosmetipsos
2582 4200 2959 4272 corrigentes,
2987 4202 3353 4273 posterisque
3386 4203 3607 4259 nostris
3632 4221 3816 4261 exem-

2162 4290 2325 4362 plum
2358 4290 2590 4357 dantes,
2610 4289 2881 4346 volumus
2904 4297 2968 4345 ut
2985 4290 3183 4347 nullus
3206 4293 3478 4348 sacerdos
3501 4292 3558 4347 in
3590 4291 3813 4349 hostem

2164 4384 2386 4450 pergat,
2420 4379 2528 4433 nisi
2563 4380 2683 4435 duo
2705 4379 2791 4435 vel
2823 4384 2941 4435 tres
2968 4380 3225 4451 episcopi
3258 4389 3508 4451 tantum,
3534 4381 3815 4437 electione

2163 4472 2507 4523 cunctorum
2541 4472 2775 4540 propter
2822 4469 3308 4536 benedictionem,
3344 4470 3811 4541 praedicationem

2164 4557 2481 4630 populique
2512 4557 3070 4625 reconciliationem,
3104 4563 3162 4614 et
3210 4574 3341 4613 cum
3376 4558 3493 4613 illis
3522 4558 3689 4614 electi
3722 4576 3812 4615 sa-

2163 4647 2446 4711 cerdotes,
2480 4646 2580 4718 qui
2612 4647 2756 4701 bene
2788 4646 3019 4719 populis
3056 4647 3454 4719 pmnitentiam
3486 4649 3647 4716 dare,
3671 4649 3810 4704 mis-

2163 4753 2260 4791 sas
2290 4733 2675 4802 celebrare,et
2705 4734 3073 4791 inﬁrmorum
3107 4753 3307 4791 curam
3335 4752 3556 4807 gerere,
3580 4738 3811 4793 sacrati-

2163 4842 2275 4895 que
2305 4824 2413 4880 olei
2447 4841 2580 4879 cum
2605 4824 2787 4879 sacris
2810 4825 3080 4895 precibus
3106 4826 3440 4881 unctionem
3476 4827 3809 4898 impendere

2162 4915 2350 4969 sciant
2382 4931 2394 4970 :
2429 4919 2485 4969 et
2515 4914 2623 4969 hoc
2668 4913 2919 4969 maxime
2972 4914 3292 4985 providere,
3327 4931 3398 4970 ne
3447 4914 3575 4970 sine
3604 4916 3808 4971 viatico

2164 5003 2294 5074 quis
2325 5005 2396 5058 de
2427 5002 2639 5059 saeculo
2672 5004 2926 5058 recedat.

2197 5092 2330 5147 CAP.
2366 5094 2489 5148 334.
2527 5124 2591 5132 -
2622 5097 2751 5147 Item
2783 5092 2848 5147 de
2875 5092 3060 5147 eadem
3096 5109 3173 5147 re.
3221 5094 3479 5149 Nicolaus
3510 5094 3581 5148 ad
3613 5095 3771 5149 Caro-

2708 5165 2821 5219 lum
2853 5167 3257 5235 imperatorem.
3312 5174 3315 5177 '

2232 5254 2341 5323 (23,
2374 5269 2431 5324 q.
2471 5254 2524 5322 8,
2556 5269 2601 5307 c.
2638 5253 3115 5323 Repreheasibile).
3144 5253 3619 5325 Reprehensibile
3648 5254 3807 5309 valde

2160 5358 2287 5396 esse
2321 5346 2569 5408 constat,
2616 5344 2769 5411 quod
2811 5341 3196 5409 subintulisti,
3230 5342 3475 5398 dicendo
3526 5344 3803 5413 maiorem

2161 5433 2382 5499 partem
2432 5428 2694 5485 omnium
2745 5430 3154 5502 episcoporum
3206 5431 3298 5486 die
3349 5436 3647 5504 noctuque
3677 5448 3806 5488 cum

2160 5516 2303 5573 aliis
2339 5516 2612 5574 fidelibus
2661 5520 2779 5575 tuis
2822 5524 3023 5575 contra
3073 5520 3293 5592 piratas
3342 5519 3673 5576 maritimos
3718 5520 3805 5577 in-

2157 5606 2417 5679 vigilare,
2442 5608 2514 5663 ob
2536 5606 2984 5681 idqueepiscopi
3005 5608 3402 5680 impediantur
3424 5610 3649 5677 venire;
3674 5627 3803 5667 cum
