3978 6060
204 273 310 328 425

903 277 1213 331 DECRETI
1250 276 1439 330 PARS
1474 274 1544 325 V.
1578 296 1646 309 --
1686 268 1782 320 DE
1820 261 2146 318 PRIMATU
2182 262 2354 318 ROM.
2397 263 2710 327 ECCLES.,
2748 263 2904 317 ETC.

3504 262 3608 322 426

201 401 493 457 militibus
526 401 829 473 [militum]
856 402 1073 457 Christi
1104 403 1182 457 sit
1206 402 1434 457 Christo
1458 397 1711 454 servire:
1737 391 1845 447 mi-
1875 391 1925 455 Α
1957 388 2124 442 litate
2156 390 2481 444 secundum
2516 405 2690 444 suum
2727 388 3121 445 ministerium
3154 390 3405 448 ordinari
3443 410 3608 451 com-

197 490 405 545 litibus
433 506 564 545 vero
595 491 794 547 saeculi
830 491 1041 547 saeculo
1078 490 1320 563 [milites
1352 506 1487 544 vero
1519 485 1715 541 saeculi
1739 497 1856 538 ser-

194 581 351 635 viant
384 579 641 652 saeculo],
678 580 834 636 sicut
882 581 1174 652 scriptum
1221 583 1345 635 est:
1398 579 1558 633 Nemo
1602 576 1859 629 militans

198 672 331 739 Deo,
364 669 639 741 implicat
669 687 725 725 se
760 670 997 738 negotiis
1050 686 1122 724 sa?
1150 669 1436 724 cularibus
1490 667 1558 735 (II
1591 666 1719 718 Tim.
1773 662 1860 731 ιι).

202 759 366 823 Quod
407 759 457 814 si
509 758 704 813 saeculi
764 758 980 814 milites
1031 758 1250 813 militiae
1300 758 1559 821 student,
1592 753 1731 825 quid
1786 752 1855 805 ad

203 850 534 921 episcopos,
555 852 611 902 et
644 847 862 903 milites
893 847 1134 915 Christi,
1168 846 1281 900 nisi
1315 850 1379 901 ut
1407 846 1614 899 vacent
1643 839 1855 897 oratio-

205 936 383 990 nibus
403 936 429 989 ?

207 1024 341 1080 CAP.
374 1026 499 1080 335.
530 1055 599 1064 -
633 1026 703 1079 De
732 1026 1005 1079 accusatis
1037 1024 1325 1096 episcopis,
1357 1021 1600 1096 qualiter
1637 1019 1855 1096 adeon-

279 1098 475 1151 citium
504 1099 691 1151 vocari
728 1096 976 1151 debeant.
1012 1092 1095 1151 es
1122 1092 1234 1151 dec'.
1272 1092 1386 1150 Fel.
1422 1095 1507 1156 P.,
1533 1108 1651 1161 cap.
1683 1092 1737 1144 3.

282 1186 354 1257 (5.
383 1203 437 1257 q,
467 1186 523 1251 2,
553 1202 599 1241 c.
633 1185 691 1239 Si
718 1186 1028 1258 primates.)
1059 1185 1119 1240 Si
1150 1185 1431 1255 primates
1484 1184 1855 1236 accusatores

206 1276 612 1346 episcoporum
645 1291 775 1329 cum
805 1275 888 1329 eis
913 1273 1204 1344 pacificari
1227 1271 1589 1327 familiariter
1609 1268 1856 1323 minime

210 1364 530 1435 potuerint,
564 1368 705 1417 tunc
740 1367 999 1433 tempore
1030 1361 1289 1433 legitimo
1322 1377 1422 1414 eos
1454 1360 1524 1414 ad
1564 1358 1852 1429 synodum

208 1452 488 1506 canonice
520 1456 913 1517 convocatam,
939 1468 1053 1506 non
1082 1452 1234 1505 infra
1264 1453 1513 1521 angusta
1566 1451 1851 1516 tempora,

209 1541 490 1596 canonice
521 1545 859 1609 convocent,
902 1541 1250 1611 priusquam
1283 1538 1368 1594 eis
1400 1554 1503 1609 per
1533 1535 1751 1606 scripta
1778 1535 1852 1589 si-

209 1629 495 1701 gnificent
531 1629 683 1700 quod
718 1630 800 1684 eis
833 1630 1171 1701 opponitur,
1204 1632 1271 1682 ut
1304 1628 1372 1682 ad
1412 1625 1853 1697 responsionem

209 1718 524 1790 praeparati
553 1718 883 1773 adveniant.
916 1719 1061 1773 Nam
1088 1717 1136 1773 si
1160 1721 1263 1771 aut
1281 1716 1357 1786 vi,
1382 1718 1485 1770 aut
1507 1713 1716 1769 timore
1737 1714 1853 1783 eje-

214 1808 314 1877 cti,
349 1812 452 1862 aut
483 1807 605 1861 suis
638 1807 811 1861 rebus
844 1806 1145 1877 exspoliati
1178 1805 1413 1875 fuerint,
1444 1820 1549 1858 nec
1581 1802 1856 1857 canonice

213 1897 286 1952 ad
305 1898 593 1967 synodum
616 1897 805 1950 vocari
834 1900 1102 1968 possunt,
1129 1912 1233 1949 nec
1258 1894 1607 1964 respondere
1628 1890 1858 1946 aemulis

214 1986 451 2052 debent,
500 1990 815 2055 antequam
863 1984 1142 2039 canonice
1190 1983 1600 2050 restituantur,
1646 1984 1702 2035 et
1751 1996 1858 2034 sua

213 2074 415 2130 omnia
446 2074 529 2129 eis
562 2073 825 2146 legaliter
842 2075 1182 2129 reddantur.

211 2184 347 2236 CAP.
375 2182 496 2236 336.
529 2212 597 2222 —
631 2182 783 2249 Quod
812 2198 964 2253 papa
993 2184 1225 2250 vivente,
1254 2180 1401 2235 nulli
1435 2177 1615 2253 alium
1655 2192 1714 2232 eo
1766 2178 1856 2253 inf

285 2255 526 2307 consulto
602 2248 823 2323 eligere
889 2248 1069 2307 liceat.
1132 2248 1218 2307 Eas
1259 2252 1487 2308 decretis
1541 2248 1859 2321 Symmachi

283 2341 462 2395 papae,
496 2341 542 2378 c.
572 2325 606 2378 3
637 2326 729 2395 (ex
754 2341 876 2395 syn.
910 2325 1118 2395 Symm.
1150 2323 1324 2395 pap.).

287 2413 345 2467 Si
372 2413 503 2483 quis
528 2414 850 2485 presbyter,
875 2416 975 2467 aut
994 2413 1409 2482 diaconus,aut
1428 2409 1859 2480 clericus,papa

214 2500 500 2556 incolumi
531 2506 588 2556 et
616 2517 681 2555 eo
712 2499 1065 2568 inconsulto,
1098 2500 1587 2570 subscriptionem
1623 2514 1724 2569 pro
1747 2501 1859 2551 Ro-

216 2606 393 2645 mano
426 2590 764 2661 pontificatu
798 2592 1227 2658 commendare,
1262 2594 1361 2643 ant
1394 2587 1605 2659 pitacia
1628 2586 1864 2658 promit-

217 2684 362 2745 tere,
392 2684 493 2733 aut
516 2683 949 2733 sacramentum
983 2679 1238 2749 praebere
1269 2676 1600 2744 tentaverit,
1633 2678 1735 2729 aut
1764 2672 1862 2727 ali-

218 2769 375 2840 quod
407 2768 750 2840 sufi'raginm
783 2767 1064 2839 polliceri,
1089 2766 1175 2821 vel
1201 2767 1271 2821 de
1296 2767 1403 2819 hac
1426 2781 1605 2819 causa
1623 2761 1864 2835 privatis

220 2856 646 2912 conventiculis
672 2856 839 2911 factis
862 2856 1186 2911 deliberare
1210 2860 1385 2927 atque
1407 2855 1739 2920 decernere,
1755 2850 1864 2905 loci

218 2946 311 3001 sui
346 2945 635 3016 dignitate
667 2951 723 3000 et
753 2945 1166 3000 communione
1197 2943 1473 3014 privetur.

217 3052 349 3109 CAP.
382 3052 505 3106 337.
542 3081 609 3091 ——-
643 3055 723 3105 De
753 3052 998 3105 sessione
1024 3050 1279 3119 episcopi.
1316 3051 1395 3102 Ea;
1440 3047 1669 3102 concilio
1730 3045 1863 3099 Car-

557 3123 876 3192 thaginensi
904 3123 1114 3187 (Carth.
1148 3138 1224 3189 v1,
1255 3137 1374 3191 cap.
1408 3119 1521 3189 35).

288 3214 449 3280 (Dist.
482 3212 573 3279 59,
604 3228 650 3266 c.
686 3213 996 3279 EpiscOpus
1047 3212 1105 3264 in
1153 3210 1396 3264 ecclesia.
1431 3208 1447 3278 )
1496 3212 1555 3261 In
1617 3205 1865 3261 ecclesia

217 3302 276 3357 in
312 3317 590 3356 consessu
608 3301 1084 3372 presbyterorum
1109 3298 1418 3370 episcopus
1441 3296 1751 3351 sublimior
1783 3312 1868 3350 se-

219 3391 381 3445 deat.

220 3481 355 3535 CAP.
388 3477 513 3531 338.
546 3507 614 3517 —
650 3478 720 3531 De
747 3476 1097 3531 ordinatione
1126 3474 1383 3545 episcopi.
1408 3476 1490 3528 Ea:
1519 3473 1675 3528 dictis
1708 3472 1871 3527 Theo-

758 3549 877 3603 doti
906 3548 1327 3617 archiepiscopi.

296 3640 358 3693 In
391 3637 755 3693 ordinatione
784 3636 1065 3707 episcopi,
1090 3636 1214 3705 ipse
1245 3633 1343 3704 qui
1366 3632 1597 3688 ordinat
1627 3631 1869 3687 missam

222 3726 515 3782 celebrare
542 3726 732 3791 debet,
764 3728 820 3780 et
850 3725 950 3795 qui
982 3723 1289 3779 ordinatur
1318 3721 1608 3776 similiter.

220 3838 349 3889 CAP.
384 3834 509 3888 339.
544 3865 610 3875 —-
638 3836 766 3901 Quae
820 3832 1123 3887 sacerdotes
1180 3830 1400 3885 Domini
1456 3829 1739 3884 declinare
1774 3827 1873 3883 de-

519 3908 698 3960 beant.
735 3905 814 3959 Ex
842 3920 989 3958 conc.
1026 3904 1351 3969 Turonensi,
1378 3918 1496 3971 cap.
1520 3902 1575 3955 7.

294 3996 667 4065 Quaecunque
699 3993 767 4047 ad
804 3992 1035 4046 aurium
1068 3996 1125 4046 et
1153 3991 1224 4045 ad
1254 3990 1555 4045 oculorum
1580 3987 1874 4059 pertinent

218 4082 551 4149 illecebras,
572 4082 727 4136 unde
745 4080 907 4152 vigor
930 4080 1110 4135 animi
1126 4078 1375 4133 emolliri
1394 4093 1565 4149 posse
1580 4077 1870 4144 credatur,

222 4176 290 4227 ut
322 4172 394 4226 de
418 4170 713 4242 aliquibus
737 4168 1045 4239 generibus
1070 4168 1432 4223 musicorum
1459 4166 1705 4236 aliisque
1730 4181 1872 4220 non-

220 4259 402 4314 nullis
435 4261 632 4326 rebus,
666 4274 869 4313 omues
890 4258 1222 4313 sacerdotes
1244 4255 1475 4310 Domini
1504 4271 1565 4310 se
1582 4254 1874 4310 abstinere

228 4349 445 4404 debent
472 4369 486 4417 ;
515 4347 653 4418 quia
677 4364 777 4418 per
801 4347 1031 4403 aurium
1050 4343 1783 4415 oculorumqueillecebras
1797 4342 1874 4397 vi-

219 4436 443 4491 tiorum
477 4435 648 4490 turba
671 4436 741 4490 ad
771 4435 1033 4489 animum
1055 4433 1284 4505 ingredi
1307 4433 1487 4488 solet:
1517 4431 1873 4487 histrionum

1969 477 2208 547 pellant.

1969 586 2096 639 ΟΑΡ.
2278 616 2343 625 —
2372 586 2887 659 Dcepiscopiquui
2917 602 3025 641 non
3055 587 3296 643 visitatis
3323 593 3615 659 partechiis

2037 656 2283 731 pretium
2313 657 2599 731 servitutis
2624 656 2934 731 requirunt.
2962 660 3043 711 Ea:
3072 675 3219 714 conc.
3253 656 3398 731 apud
3430 664 3616 719 Tribu-

2037 729 2154 781 rias
2186 727 2394 793 habito,
2427 738 2690 798 praesente
2717 730 2945 798 Amulio
2968 747 3117 800 rege,
3159 727 3368 802 σαρξἓὸ

2037 815 2148 885 (l0,
2183 832 2233 886 q.
2269 817 2318 884 1,
2351 833 2395 871 c.
2434 818 2619 871 Relata
2648 822 2772 887 est.)
2803 817 3000 872 Relata
3044 824 3131 873 est
3174 836 3369 876 coram
3418 828 3621 880 sancta

1967 904 2187 973 synodo
2221 905 2585 975 querimonia
2615 905 2896 976 plebium,
2941 922 3005 962 eo
3040 909 3195 978 quod
3228 909 3347 964 sint
3375 912 3616 981 quidam

1965 992 2249 1063 episcopi,
2284 994 2544 1049 nolentes
2578 996 2648 1050 ad
2682 996 3117 1066 praedicandum
3148 997 3238 1053 vel
3285 1001 3356 1053 ad
3407 1002 3619 1056 confir-

1964 1082 2248 1135 mandum
2283 1099 2421 1136 suas
2454 1099 2556 1153 per
2584 1100 2803 1137 annum
2847 1084 3170 1153 paroechias
3211 1085 3476 1154 circuire,
3513 1088 3613 1159 qui

1964 1173 2157 1223 tamen
2192 1170 2429 1241 exigant
2464 1177 2525 1225 ut
2557 1172 2891 1227 mansiones
2922 1174 3136 1244 quibus
3169 1175 3225 1229 in
3260 1176 3614 1246 profectione

1962 1258 2046 1312 uti
2078 1258 2421 1327 debuerant,
2452 1260 2563 1316 alio
2600 1261 2785 1331 pretio
2819 1261 3110 1316 redimant
3142 1263 3241 1333 qui
3282 1280 3486 1334 parare
3511 1265 3613 1320 de-

1963 1346 2136 1402 bent:
2176 1364 2302 1419 quae
2322 1349 2865 1419 duplexiufamiaet
2888 1350 3258 1421 negligentia,
3280 1357 3335 1407 et
3375 1354 3619 1409 avaritia

1962 1440 2174 1490 sanctae
2206 1438 2428 1507 synodo
2460 1437 2686 1492 horrori
2736 1438 2845 1492 fuit
2896 1454 3130 1508 magno,
3181 1445 3239 1495 et
3285 1445 3620 1498 statuerunt

1964 1542 2035 1579 ne
2092 1526 2226 1595 quis
2275 1525 2428 1580 ultra
2480 1530 2746 1581 exerceat
2795 1528 2847 1581 id
2904 1528 3242 1598 cupiditatis
3291 1529 3617 1602 ingenium,

1963 1618 2108 1667 etut
2158 1613 2531 1670 sollicitiores
2580 1613 2700 1669 sint
2747 1616 3007 1687 epiSCOpi
3060 1617 3131 1672 de
3174 1618 3299 1675 suis
3345 1620 3621 1693 gregibus

1966 1702 2299 1758 visitandis.

1967 1809 2099 1863 CAP-
2134 1810 2356 1883 342.—
2378 1812 2460 1883 De
2478 1813 2810 1880 purgatione
2838 1814 3235 1883 episcoporum.
3270 1817 3355 1870 Ea:
3391 1816 3623 1872 concilio

2037 1880 2179 1950 apud
2210 1880 2462 1949 Alt/ieim,
2491 1889 2759 1952 praesente
2789 1880 3073 1939 Conrardo
3114 1902 3259 1954 rege,
3307 1903 3427 1959 cap.
3464 1889 3549 1943 16.

2038 1970 2368 2025 Statuimus
2390 1977 2627 2042 propter
2648 1972 2741 2026 Ι)θὶ
2770 1972 3162 2040 dilectionem,
3188 1980 3245 2030 et
3267 1977 3536 2047 proximi,
3570 1981 3626 2032 et

1968 2058 2229 2114 ﬁdelium
2271 2059 2552 2115 honorem
2602 2061 3054 2130 catholicorum,
3109 2067 3166 2118 et
3213 2064 3502 2135 praecipue
3551 2066 3622 2120 ob

1968 2147 2418 2203 multitudinum
2452 2149 2731 2205 scandala
2757 2152 3013 2206 eruenda
3045 2157 3102 2207 et
3128 2153 3394 2209 funditus
3417 2155 3622 2209 exstir-

1968 2238 2182 2308 panda,
2214 2243 2270 2292 et
2292 2239 2765 2309 perturbationes
2798 2256 2925 2310 quae
2959 2241 3183 2296 noviter
3223 2247 3433 2297 exortae
3484 2249 3627 2298 sunt

1968 2330 2023 2381 et
2052 2326 2343 2395 oriuntur,
2376 2344 2479 2381 nec
2500 2344 2613 2382 non
2640 2332 2705 2381 ut
2723 2344 2928 2383 omnes
2952 2329 3159 2397 sciant,
3190 2347 3294 2385 nos
3317 2331 3624 2403 episcopos

1967 2412 2115 2468 tales
2170 2414 2263 2468 Dei
2310 2416 2717 2469 misericordia
2770 2432 3145 2488 nequaquam
3195 2419 3377 2475 fuisse
3421 2421 3625 2490 quales

1970 2502 2240 2571 dicimur,
2273 2502 2599 2572 exemplum
2621 2507 2675 2558 S.
2702 2506 2907 2559 Leonis
2930 2522 3111 2576 papa),
3137 2507 3237 2577 qui
3271 2525 3448 2579 super
3476 2525 3625 2579 qna-

1970 2594 2103 2644 tuor
2132 2591 2681 2661 Evangeliajurans
2713 2608 2909 2647 coram
2958 2593 3173 2664 populo
3226 2611 3287 2649 se
3338 2597 3623 2666 purgavit,

1973 2679 2139 2749 sequi
2187 2684 2243 2734 et
2296 2680 2538 2747 imitari,
2604 2681 2763 2736 salva
2808 2687 3005 2737 tamen
3057 2683 3403 2740 auctoritate
3450 2701 3623 2740 cano-

1975 2785 2125 2824 nica.

2044 2879 2175 2930 CAP.
2210 2876 2341 2952 343.
2370 2907 2436 2915 —
2470 2878 2541 2930 De
2563 2892 2628 2952 eo
2656 2879 2754 2946 qui
2799 2893 2868 2952 ex
2912 2877 3176 2934 monacho
3223 2880 3403 2949 factus
3451 2880 3630 2952 fuerit

2249 2947 2552 3017 episcopus.
2588 2950 2671 3002 Ea:
2706 2950 2895 3004 eodem
2925 2966 3143 3019 comm,
3175 2947 3229 3005 c.
3264 2952 3353 3005 36.

2046 3038 2158 3105 (18,
2191 3053 2241 3106 q.
2284 3042 2327 3105 ι,
2351 3053 2395 3091 c.
2430 3036 2704 3092 Statutum
2734 3040 2852 3107 est.)
2887 3038 3184 3093 Statutum
3236 3046 3289 3094 et
3312 3039 3629 3095 rationabi-

1895 3126 1935 3192 C
1976 3124 2108 3179 liter
2136 3126 2461 3180 secundum
2500 3131 2734 3181 sanctos
2765 3127 2966 3182 Patres
2998 3143 3031 3181 a
3062 3128 3281 3198 synodo
3313 3132 3403 3183 est
3423 3130 3629 3184 confir-

1977 3219 2223 3279 matum,
2271 3218 2335 3267 ut
2383 3215 2731 3281 monachus,
2784 3231 2958 3285 quem
3009 3217 3288 3273 cononica
3343 3217 3543 3275 electio
3594 3236 3629 3274 a

1968 3303 2114 3373 jugo
2147 3302 2396 3374 regulari
2430 3303 2687 3375 [regulae]
2724 3305 3061 3359 monasticae
3092 3305 3470 3376 professionis
3524 3307 3625 3361 ab-

1978 3390 2170 3459 solvit,
2204 3397 2260 3445 et
2292 3408 2456 3446 saera
2486 3393 2778 3447 ordinatio
2821 3394 2892 3448 de
2952 3393 3236 3449 monacho
3288 3396 3631 3465 episcopum

1980 3479 2135 3542 facit,
2159 3479 2319 3533 velut
2340 3478 2640 3551 legitimus
2665 3481 2851 3535 haeres
2878 3487 3178 3552 paternam
3202 3481 3315 3537 sibi
3337 3482 3638 3539 haeredita-

1977 3572 2094 3621 tem
2131 3572 2331 3638 postea
2382 3569 2508 3636 iure
2534 3568 2871 3623 vindicandi
2908 3574 3251 3639 potestatem
3277 3570 3506 3627 habeat.
3532 3572 3643 3627 Sed

1981 3654 2264 3726 quidquid
2287 3656 2657 3725 acquisierat,
2684 3656 2770 3711 vel
2788 3656 3225 3727 haberejussus
3246 3660 3643 3717 fueratmona-

1982 3744 2157 3798 sterio
2182 3744 2494 3813 relinquat,
2520 3748 2575 3798 et
2593 3744 2823 3798 abbatis
2846 3746 2935 3798 sui
2959 3747 3057 3815 qui
3079 3747 3286 3816 fuerat,
3307 3751 3634 3805 secundum

1983 3830 2243 3901 regulam
2270 3831 2465 3886 Sancti
2498 3832 2811 3901 Benedicti,
2840 3833 3104 3889 arbitrio.
3127 3839 3444 3907 Postquam
3481 3839 3636 3894 enim

1983 3921 2292 3990 episcopus
2314 3920 2639 3986 ordinatur,
2664 3921 2735 3975 ad
2762 3920 2942 3976 altare
2964 3924 3035 3977 ad
3056 3925 3211 3995 quod
3236 3926 3638 3983 sanctificatur

1981 4013 2037 4061 et
2054 4007 2344 4075 titulatur,
2367 4009 2694 4063 secundum
2719 4019 2953 4065 sanctos
2975 4027 3249 4082 canones,
3272 4015 3423 4083 quod
3448 4014 3641 4084 acqui-

1984 4110 2110 4149 rere
2142 4096 2376 4166 poterit,
2411 4097 2699 4151 restituat.

1981 4204 2115 4259 CAP.
2148 4202 2271 4277 341i.
2304 4232 2373 4241 —
2405 4204 2478 4257 De
2504 4203 2614 4257 illo
2645 4205 2737 4273 qaz’
2764 4204 2829 4258 de
2857 4204 3052 4277 aliqua
3082 4205 3278 4260 haeresi
3298 4206 3635 4277 infamatur,

2051 4273 2193 4343 quod
2218 4275 2275 4325 in
2297 4289 2451 4328 sacro
2473 4283 2737 4328 conventu
2757 4273 3056 4344 formulam
3086 4278 3247 4331 istius
3278 4273 3454 4332 libelli
3492 4273 3633 4335 γεεί-ἓ

2054 4350 2173 4469 tare
2200 4345 2409 4400 debeat.
2434 4346 2517 4400 Ex
2545 4346 2779 4416 epistola
2803 4346 3008 4417 Cyrilti
3037 4348 3106 4401 ad
3155 4350 3426 4405 Joannem
3455 4351 3635 4407 Antio-

2054 4432 2080 4469 c
2103 4431 2309 4469 renum.

2049 4431 2309 4473 caenum.

221 4540 458 4595 quoque
488 4524 751 4594 turpium
776 4527 833 4577 et
854 4520 1871 4592 obscenoruminsolentiasjocorum
1902 4493 1949 4558 D
1982 4506 2097 4577 E80
2137 4503 2372 4595 “(lmine
2415 4504 2503 4595 N-_
2532 4503 2636 4559 hac
2691 4506 2987 4577 scriptura
3039 4523 3214 4578 ειυαω
3276 4526 3452 4565 ωειου
3507 4528 3633 4567 mea

220 4613 335 4685 ipsi
370 4613 565 4668 animo
601 4612 880 4684 efﬁngere
910 4611 1250 4682 caeterisque
1296 4609 1697 4665 sacerdotibus
1729 4608 1873 4665 effu-

221 4701 436 4775 gienda
468 4700 783 4773 praedicare
823 4700 1055 4757 debent.

219 4811 351 4865 CAP.
389 4809 515 4863 340.
550 4839 615 4847 —
641 4809 719 4862 Ne
749 4808 988 4879 episcopi
1013 4811 1237 4879 prapter
1252 4823 1409 4862 suam
1431 4809 1665 4879 quietem
1685 4823 1714 4859 (ι
1736 4806 1872 4860 civi-

295 4879 504 4934 tatibus
532 4879 649 4934 :uis
679 4879 778 4933 diu
806 4878 1011 4934 absint.
1045 4880 1127 4933 Ea:
1155 4880 1385 4934 concilio
1437 4878 1583 4949 apud
1629 4886 1875 4931 sanctum

296 4950 632 5015 Medardum,
663 4960 930 5021 praesente
956 4950 1147 5006 Carolo
1176 4951 1335 5022 imp.,
1368 4966 1494 5021 cap.
1520 4951 1573 5004 5.

300 5039 730 5095 Providendum
765 5043 850 5094 est
882 5056 952 5094 ne
983 5038 1245 5110 episcopi
1280 5042 1514 5110 propter
1535 5053 1700 5092 suam
1721 5037 1876 5106 quie-

225 5132 345 5182 tem
379 5128 451 5182 ad
475 5128 791 5183 remotiora
812 5126 941 5181 loca
964 5129 1309 5182 secedentes
1327 5131 1383 5182 et
1397 5143 1567 5181 suum
1612 5125 1875 5180 ministe-

224 5214 380 5269 rium
414 5214 798 5285 negligentes,
833 5216 1100 5285 proprias
1134 5216 1408 5270 deserant
1430 5213 1715 5282 civitates,
1776 5214 1877 5268 sed

224 5307 332 5359 aut
366 5303 695 5374 parmchias
724 5319 1002 5358 suascum
1019 5304 1195 5359 ofﬁcii
1213 5303 1471 5359 efficacia
1495 5302 1872 5368 circumeant,

226 5397 331 5447 aut
362 5408 496 5446 cum
532 5392 811 5463 religione
844 5392 902 5445 in
937 5393 1061 5447 suis
1084 5392 1418 5446 civitatibus
1444 5392 1721 5447 canonice
1740 5408 1875 5445 cum

226 5480 368 5536 filiis
419 5481 653 5551 degant.
714 5480 1090 5553 Presbyteros
1130 5480 1306 5535 etiam
1359 5480 1471 5535 sibi
1527 5480 1877 5537 commissos

227 5569 525 5640 doctrina,
558 5569 822 5625 castitate
881 5572 938 5625 et
996 5569 1329 5636 sobrietate,
1384 5572 1558 5641 atque
1614 5570 1879 5642 hospita-

560 5698 829 5758 PA'rson.
876 5694 1079 5756 CLXI.

1981 4591 2315 4664 perscripsi,
2369 4592 2668 4663 profiteor,
2719 4610 2973 4665 sequens
3028 4601 3300 4655 sanctum
3340 4599 3635 4669 judicium

1983 4682 2217 4737 Patrum
2250 4680 2497 4735 Niczenae
2531 4683 2737 4752 synodi
2759 4687 3159 4740 trecentorum
3183 4686 3383 4742 decem
3408 4693 3466 4744 et
3485 4694 3634 4759 octo,

1981 4770 2069 4826 vel
2119 4768 2608 4825 Chalcedonensis
2669 4772 2873 4839 synodi
2932 4774 3256 4830 universale
3304 4778 3638 4849 concilium,

1984 4861 2154 4929 cujus
2203 4859 2603 4914 definitionem
2660 4860 2830 4915 sedes
2878 4864 3201 4931 apostolica
3253 4867 3643 4936 confirmavit,

1986 4949 2137 5019 quod
2186 4947 2361 5001 etiam
2412 4947 2735 5003 beatissimi
2791 4967 2953 5021 papae
3016 4953 3223 5008 Leonis
3273 4956 3521 5027 epistola
3568 4960 3636 5014 ad

1986 5041 2197 5092 sanctae
2260 5036 2556 5091 memoriae
2591 5036 2933 5094 Flavianum
2985 5040 3644 5116 Constantinopolitanae

1986 5126 2149 5179 urbis
2207 5124 2545 5195 episcopum
2599 5126 2756 5196 data,
2802 5128 3217 5199 praedicatione
3262 5133 3641 5191 lucidissime

1984 5213 2244 5269 veritatis
2292 5214 2607 5283 extiosuit:
2659 5217 2942 5272 confiteor
3015 5236 3197 5275 unum
3249 5224 3641 5294 eamdemque

1984 5304 2300 5358 Dominum
2320 5306 2584 5357 nostrum
2599 5303 2802 5359 Jesum
2820 5305 3141 5376 Christum,
3158 5310 3523 5381 unigenitum
3544 5313 3643 5366 Dei

1984 5392 2192 5461 Patris,
2226 5392 2570 5462 perfectum,
2606 5395 2878 5449 eumdem
2912 5395 2969 5449 in
3004 5396 3307 5452 divinitate
3357 5398 3639 5472 [deitate],

1986 5481 2257 5537 eumdem
2288 5481 2345 5535 in
2381 5480 2767 5551 humanitate,
2800 5484 2981 5539 Deum
3013 5501 3212 5542 verum
3244 5489 3300 5542 et
3342 5485 3642 5547 hominem

1986 5584 2214 5639 verum,
2240 5567 2436 5640 ipsum
2472 5570 2864 5643 eumdemque
2911 5589 2978 5629 ex
3028 5572 3228 5629 anima
3277 5574 3548 5635 rationali
3594 5584 3653 5637 et

3254 5704 3331 5762 14
