3960 6072
364 219 470 274 427

1447 217 1515 269 D.
1555 214 1794 269 IVONIS
1828 207 2325 268 CABNOTENSIS
2359 208 2675 264 EPISCOPI

3660 201 3782 258 428

369 355 561 409 carne,
585 335 1148 395 consubstantialem
1193 335 1351 391 Patri
1383 336 1709 392 secundum
1741 333 2010 390 divinita-
2045 335 2310 405 Aquam
2368 331 2655 402 convenit,
2714 330 2808 386 cui
2867 345 2983 385 non
3051 326 3217 384 licuit
3293 325 3531 395 habere,
3592 342 3784 399 quem

368 436 508 499 tem,
537 425 1104 484 consubstantialem
1137 425 1306 480 nobis
1337 425 1664 480 secundum
1696 424 2017 480 humanam

368 519 680 582 rationem,
698 516 756 570 in
773 515 1048 571 omnibus
1062 513 1312 569 similem
1330 513 1498 568 nobis
1512 513 1736 585 absque
1750 516 2014 584 peccato:

367 613 503 664 ante
531 605 746 663 saacula
775 605 1014 677 quidem
1046 605 1118 658 de
1171 603 1336 658 Patre
1383 603 1644 674 genitum
1692 604 2018 657 secundum

367 697 756 762 divinitatem,
806 695 865 749 in
916 692 1252 748 novissimis
1304 708 1438 747 vero
1485 691 1694 747 diebus
1744 691 2018 746 eumdem

369 790 604 857 propter
634 801 764 851 nos,
795 789 852 837 et
883 785 1116 854 propter
1133 785 1394 835 nostram
1415 780 1665 836 salutem
1689 781 1760 835 de
1779 779 2020 851 Virgine

366 876 549 932 Maria
568 879 794 938 natum,
813 889 939 943 quae
958 870 1230 925 eumdem
1251 869 1432 924 Deum
1452 870 1676 941 peperit
1691 870 2018 924 secundum

369 962 796 1018 humanitatem
830 975 1014 1015 unum
1045 959 1438 1029 eumdemque
1459 958 1780 1028 Christum,
1809 957 2017 1012 Filium

366 1053 466 1108 Dei
489 1051 798 1107 Dominum
826 1047 1195 1118 unigenitum
1217 1046 1276 1101 in
1301 1048 1530 1102 duabus
1554 1047 1798 1114 naturis,
1826 1047 2022 1101 incon-

365 1141 516 1207 fuse,
552 1135 1094 1202 inconvertibiliter,
1124 1135 1426 1191 individue
1457 1140 1512 1192 et
1551 1134 2024 1207 inseparabiliter

363 1231 1067 1302 cognitum,nequaquam
1087 1229 1430 1280 naturarum
1449 1224 1775 1280 ditl‘erentia
1789 1223 2023 1279 sublata

364 1323 602 1391 propter
625 1315 973 1381 unitionem,
1007 1315 1106 1369 sed
1142 1314 1338 1385 potius
1381 1313 1539 1369 salva
1583 1318 1854 1368 manente
1887 1329 2022 1384 pro-

366 1407 608 1479 prietate
637 1403 948 1474 utriusque
981 1407 1222 1469 natura,
1256 1403 1314 1456 in
1376 1419 1552 1456 unam
1606 1419 1721 1457 non
1768 1403 1824 1455 in
1873 1403 2023 1456 duas

366 1493 731 1551 concurrisse
747 1507 1050 1564 personas,
1067 1491 1167 1545 sed
1191 1507 1374 1545 unum
1396 1490 1787 1561 eumdemque
1808 1489 2020 1545 Filium

366 1583 739 1656 unigenitum
757 1581 939 1636 Deum
957 1595 1158 1634 verum
1179 1579 1490 1634 Dominum
1505 1579 1708 1634 Jesum
1723 1578 2020 1633 Christum

365 1673 520 1728 sicut
551 1671 691 1726 olim
717 1667 1014 1741 propheta:
1046 1668 1116 1722 de
1132 1683 1220 1733 eo,
1253 1667 1341 1721 vel
1365 1667 1490 1738 ipse
1509 1683 1614 1722 nos
1634 1667 1902 1722 Christus
1924 1683 2024 1738 per

366 1759 754 1831 semetipsum
787 1757 1078 1813 Dominus
1109 1756 1378 1811 erudivit.
1409 1757 1515 1822 Qui
1549 1761 1743 1812 autem
1777 1757 1858 1812 ita
1905 1773 2020 1812 non

366 1849 677 1916 sentiunt,
726 1863 860 1902 cum
930 1845 1199 1902 Nestorio
1251 1849 1308 1900 et
1356 1844 1639 1914 Euticbe,
1684 1844 1773 1900 vel
1822 1860 2023 1901 eorum

365 1937 757 1994 sectatoribus
787 1939 1001 1990 teterno
1033 1933 1410 1989 anathemate
1458 1933 1668 2005 dignos
1704 1949 1829 1990 esse
1879 1951 2020 2006 pro-

367 2025 593 2081 nunﬁo.

363 2119 499 2170 CAP.
533 2114 662 2169 345.
692 2144 761 2152 -
784 2111 982 2181 Quales
1001 2111 1232 2168 debeant
1247 2111 1323 2168 ad
1343 2111 1644 2169 sacerdotii
1663 2113 1906 2183 ofﬁcium
1928 2131 2020 2170 ve-

575 2185 718 2240 nire.
752 2186 838 2240 Ea:
863 2183 1102 2240 decretis
1128 2183 1355 2239 Damasi
1378 2199 1557 2255 papae,
1599 2201 1718 2256 cap.
1751 2186 1804 2238 8.

439 2273 761 2330 Didicimus
791 2272 968 2329 etiam
1020 2272 1263 2328 licenter
1307 2279 1365 2328 et
1411 2273 1594 2329 libere
1645 2273 2019 2345 inexplorata

363 2363 492 2418 vita:
523 2362 815 2428 homines,
847 2363 1066 2434 quibus
1096 2362 1273 2418 etiam
1303 2362 1522 2418 fuerint
1546 2378 1861 2419 numerosa
1881 2380 2018 2418 con-

355 2452 546 2524 jugia,
571 2452 643 2508 ad
665 2451 938 2524 praafatas
961 2450 1300 2523 dignitates,
1327 2456 1501 2522 prout
1521 2451 1733 2522 cuique
1757 2451 2016 2520 libuerit,

363 2541 626 2613 aspirare
659 2541 854 2612 :quod
891 2557 1006 2596 non
1040 2545 1273 2595 tantum
1297 2539 1417 2596 illis
1440 2541 1543 2612 qui
1567 2542 1638 2596 ad
1665 2541 1782 2596 haec
1805 2542 2016 2597 immo-

361 2630 566 2685 derata
594 2628 914 2684 ambitione
942 2629 1315 2700 perveniunt,
1348 2633 1638 2698 quantum
1678 2629 2017 2701 metropoli-

365 2717 522 2773 tanis
551 2717 886 2788 specialiter
916 2717 1298 2788 pontiﬁcibus
1330 2717 1714 2789 imputamus,
1744 2719 1842 2789 qui
1874 2720 2017 2774 dum

357 2805 628 2861 inhibitis
655 2805 897 2860 ausibus
921 2822 1037 2860 non
1053 2805 1372 2872 obsistunt,
1392 2805 1492 2860 Dei
1508 2806 1715 2872 nostri,
1731 2812 2015 2878 quantum

360 2895 421 2949 in
454 2910 517 2948 se
553 2896 662 2962 est,
715 2897 1006 2964 praecepta
1049 2897 1450 2948 contemnunt.
1499 2895 1569 2949 Et
1606 2899 1669 2950 ut
1713 2899 2015 2956 taceamus

360 2981 514 3054 quod
547 2980 725 3036 altius
751 2982 1145 3051 suspicamur,
1180 2981 1279 3036 ubi
1329 2981 1472 3037 illud
1523 2988 1612 3038 est
1655 2985 1811 3054 quod
1863 2990 2014 3043 Deus

362 3073 562 3126 noster
603 3070 738 3124 data
767 3084 872 3140 per
919 3069 1157 3140 Moysen
1201 3069 1327 3142 lege
1383 3071 1709 3138 constituit,
1759 3073 2006 3130 dicens:
2041 3072 2084 3138 C

359 3158 670 3215 Sacerdotes
716 3158 826 3213 mei
883 3159 1050 3214 semel
1096 3159 1310 3214 nubant
1359 3160 1535 3229 (Levii
1579 3163 1689 3228 xxx)
1717 3205 1729 3217 .
1776 3162 1846 3217 Et
1899 3164 2009 3222 alio

359 3249 527 3304 loco:
588 3247 850 3304 Sacerdos
911 3262 1143 3302 uxorem
1213 3247 1484 3318 virginem
1557 3250 1826 3320 accipiat,
1902 3270 2011 3309 non

358 3337 613 3404 viduam,
633 3353 740 3392 non
765 3335 1144 3407 repudiatam,
1179 3352 1287 3392 non
1308 3339 1646 3393 meretricem
1669 3340 1722 3410 (I
1744 3342 1877 3398 Tim.
1906 3344 2007 3414 ιιι).

362 3427 522 3492 Quod
557 3431 797 3481 secutus
826 3423 1137 3495 Apostolus
1163 3441 1231 3479 ex
1259 3429 1624 3497 persecutore
1647 3430 2010 3503 praedicator,

365 3514 540 3569 unius
557 3513 752 3569 uxoris
767 3511 977 3583 virum,
992 3517 1111 3569 tam
1126 3515 1485 3570 sacerdotem
1505 3532 1680 3586 quam
1695 3517 2008 3577 diaconum

367 3603 491 3659 fieri
517 3605 727 3660 debere
757 3604 1076 3660 mandavit.

361 3691 496 3749 CAP.
529 3693 654 3749 346.
684 3722 771 3765 —-A
789 3695 850 3750 Ut
878 3693 1308 3762 metropolitani
1329 3711 1432 3751 sua
1461 3697 1591 3765 iura
1619 3707 1852 3754 servent.
1904 3703 2009 3756 Leo

497 3767 684 3821 Anast.
718 3763 1076 3821 Thessalonic.
1109 3769 1299 3836 episc.,
1331 3763 1467 3837 cap.'
1488 3770 1523 3822 2
1545 3769 1728 3841 (epist.
1761 3772 1873 3841 84).

431 3853 544 3926 (25,
575 3871 627 3926 q.
675 3854 731 3924 2,
781 3870 827 3910 ε.
879 3854 1054 3924 Igitur
1099 3856 1416 3912 secundum.
1459 3856 1640 3928 Igitur
1682 3859 2008 3916 secundum

361 3947 704 3998 sanctorum
735 3943 974 3997 Patrum
997 3958 1251 3998 canones
1278 3943 1487 4015 spiritu
1511 3945 1611 4001 Dei
1645 3947 1929 4017 conditos,
1953 3953 2011 4005 et

360 4031 542 4088 totius
562 4031 767 4088 mundi
792 4031 1114 4087 reverentia
1125 4037 1512 4104 consecratos,
1530 4035 2008 4106 metropolitanos

359 4119 730 4193 singularum
801 4120 1232 4192 provinciarum
1282 4121 1623 4193 episcopos,
1677 4125 1892 4194 quibus
1940 4142 2010 4181 ex

357 4209 721 4281 delegatione
751 4214 954 4265 nostra
983 4209 1361 4265 fraternitatis
1391 4215 1502 4265 tuae
1529 4229 1667 4267 cura
1705 4215 2009 4284 praetendi-

355 4304 473 4367 tur,
493 4299 595 4368 jus
617 4298 842 4353 traditae
865 4298 976 4353 sibi
1001 4298 1328 4369 antiquitus
1351 4299 1660 4371 dignitatis
1692 4301 2003 4359 intemera-

357 4389 484 4439 tum
518 4385 733 4440 habere
763 4386 1171 4455 decernimus;
1206 4387 1288 4443 ita
1318 4392 1383 4442 ut
1427 4406 1459 4443 a
1515 4390 1734 4461 regulis
1784 4393 2006 4462 praesti-

2127 420 2330 478 voluit.

2127 510 2261 566 CAP.
2294 510 2416 564 348.
2451 539 2515 549 -
2539 510 2598 566 Ut
2625 525 2915 579 personam
2943 505 3304 562 consecrandi
3350 505 3596 579 episcopi
3645 506 3787 579 pri-

2197 597 2314 636 ma:
2343 597 2578 706 6quoque
2626 577 2741 636 ‘sua
2789 581 3116 635 auctoritate
3177 579 3481 647 conﬁrmet.
3542 577 3781 645 Ibidem,

2197 669 2314 722 cap.
2386 693 2396 706 .

2199 740 2356 811 (Dist.
2389 741 2479 808 65,
2510 756 2556 794 c.
2595 743 2676 795 De
2700 738 2980 812 persona.)
3012 737 3091 793 De
3125 753 3372 809 persona
3420 736 3608 810 igitur
3638 756 3787 794 con-

2129 827 2397 883 secrandi
2428 829 2706 900 episcopi,
2739 833 2797 884 et
2821 829 2891 882 de
2921 826 3061 882 cleri
3106 826 3410 898 plebisque
3458 843 3790 894 consensu,

2130 915 2614 988 metropolitanus
2653 917 2964 988 episcopus
3013 915 3084 970 ad
3139 915 3562 970 fraternitatem
3613 921 3786 972 tuam

2131 1007 2363 1070 referat,
2396 1005 2661 1075 quodque
2693 1005 2749 1058 in
2776 1003 3076 1076 provincia
3106 1004 3251 1058 bene
3284 1003 3504 1075 placuit
3535 1006 3690 1060 scire
3731 1010 3792 1061 te

2131 1092 2325 1158 faciat,
2351 1097 2416 1147 ut
2436 1091 2864 1148 ordinationem
2880 1092 2987 1146 rite
2999 1090 3407 1146 celebrandam
3425 1095 3528 1146 tua
3543 1108 3790 1164 quoque

2130 1183 2324 1236 firmet
2356 1181 2696 1248 auctoritas,
2729 1197 2855 1252 qua:
2888 1179 3062 1235 rectis
3093 1179 3586 1251 dispositionibus
3633 1181 3788 1236 nihil

2132 1287 2306 1325 morsa
2336 1275 2438 1326 aut
2463 1269 2830 1324 difﬁcultatis
2859 1268 3092 1324 debebit
3119 1269 3347 1338 afferre,
3380 1285 3452 1323 ne
3499 1270 3789 1342 gregibus

2132 1358 2361 1414 Domini
2392 1358 2483 1413 sui
2507 1358 2606 1412 diu
2641 1359 2794 1413 desit
2820 1375 2960 1412 cura
2982 1362 3306 1428 pastorum.
3330 1358 3788 1429 Metropolitano

2133 1464 2265 1502 vero
2295 1448 2590 1515 defuncto,
2621 1462 2756 1501 eum
2796 1445 2855 1500 in
2886 1445 3012 1500 loco
3041 1447 3169 1515 ejus
3199 1445 3349 1500 alius
3373 1446 3788 1502 fueritsubro-

2132 1537 2384 1609 gandus,
2417 1534 2800 1606 provinciales
2831 1534 3094 1606 episcopi
3125 1535 3195 1589 ad
3228 1534 3526 1590 civitatem
3560 1541 3788 1591 metro-

2133 1625 2314 1696 polim
2346 1624 2654 1679 convenire
2681 1623 3002 1691 debebunt,
3033 1627 3098 1678 ut
3126 1623 3391 1679 omnium
3425 1623 3781 1680 clericorum

2051 1708 2100 1774 B
2131 1719 2305 1786 atque
2323 1713 2585 1769 omnium
2607 1713 2820 1768 civium
2835 1712 3131 1768 voluntate
3147 1712 3435 1779 discussa,
3451 1729 3520 1768 ex
3536 1715 3787 1786 presby-

2129 1803 2269 1858 teris
2298 1802 2562 1872 ejusdem
2596 1801 2874 1871 ecclesiae,
2905 1801 2992 1857 vel
3025 1817 3092 1856 ex
3122 1802 3467 1858 diaconibus
3515 1804 3786 1874 Optimus

2131 1891 2401 1964 eligatur.
2425 1891 2506 1946 De
2528 1893 2696 1962 cujus
2720 1891 2955 1946 nomine
2977 1891 3045 1945 ad
3070 1895 3232 1946 tuam
3258 1891 3522 1946 notitiam
3550 1891 3785 1963 provin-

2131 1981 2306 2038 ciales
2321 1982 2575 2037 referant
2589 1978 3235 2051 sacerdotes,impleturi
3252 1984 3384 2034 vota
3407 1980 3782 2052 poscentium

2131 2071 2428 2142 cumquod
2445 2070 2842 2142 ipsisﬁplacuit,
2869 2068 3225 2140 tibiquoque
3248 2067 3538 2139 placuisse
3561 2086 3780 2140 cogno-

2127 2160 2335 2214 verint.
2359 2158 2520 2214 Sicut
2541 2160 2696 2214 enim
2713 2159 2907 2228 justas
2937 2156 3248 2212 electiones
3279 2155 3458 2212 nullis
3476 2155 3780 2214 dilationi-

2133 2249 2241 2304 bus
2265 2248 2535 2304 volumus
2569 2247 2817 2319 fatigari,
2838 2249 2918 2302 ita
2944 2245 3088 2300 nihil
3110 2245 3508 2318 permittimus
3528 2251 3582 2302 te
3606 2247 3780 2319 ignoo

2130 2342 2296 2394 rante
2329 2337 2624 2410 praesumi.

2130 2445 2265 2501 CAP.
2302 2477 2366 2486 —
2397 2445 2520 2500 349.
2551 2474 2619 2484 -
2651 2443 2799 2512 Quod
2825 2445 3093 2512 primates
3139 2451 3190 2498 et
3248 2443 3684 2513 metropolitani,
3748 2461 3784 2499 a

2203 2518 2443 2572 Romana
2475 2516 2713 2570 Ecclesia
2743 2517 2855 2568 sint
2877 2517 3055 2570 vocati
3102 2514 3164 2567 in
3217 2523 3436 2583 partem
3493 2516 3780 2570 sollicitu-

2198 2588 2372 2657 dinis,
2403 2605 2515 2642 non
2547 2587 2608 2640 in
2626 2585 3025 2658 plenitudinem
3053 2585 3358 2656 potestatis.
3389 2589 3558 2658 Greg.

2198 2693 2611 2750 Dilectissimis
2623 2691 2899 2747 fratribus
2914 2689 3204 2746 universis
3215 2689 3505 2762 episcopis
3521 2706 3626 2762 per
3639 2690 3780 2746 Gal-

2127 2783 2286 2853 liam,
2318 2787 2629 2854 Europam,
2661 2779 3034 2837 Germaniam
3061 2783 3118 2834 et
3142 2795 3246 2852 per
3273 2778 3576 2835 universas
3636 2797 3777 2852 pro-

2127 2871 2350 2928 vincias
2382 2869 2738 2939 constitutis,
2768 2867 3083 2940 Gregorius
3113 2883 3310 2922 servus
3343 2882 3645 2922 servorum
3671 2866 3776 2923 Dei

2128 2961 2203 3032 (2,
2237 2977 2287 3030 q.
2319 2961 2373 3030 6,
2404 2975 2451 3016 c.
2487 2960 2728 3014 Decreto.
2765 2961 3000 3012 Decreto
3044 2961 3241 3011 nostro
3295 2956 3673 3023 mandamus,
3708 2961 3777 3011 ut

2127 3050 2175 3104 si
2209 3048 2421 3120 aliquis
2451 3047 2629 3119 (quod
2664 3063 2777 3101 non
2809 3045 3104 3115 optamus)
3137 3060 3379 3098 suorum
3421 3043 3773 3101 aemulorum

2120 3137 2416 3192 zEdricum
2437 3136 2833 3191 Cenomanica:
2852 3133 3124 3188 Ecclesiae
3137 3133 3477 3204 episcopum
3495 3149 3777 3190 accusare

2120 3223 2534 3280 damnabiliter
2553 3223 2942 3292 attentaverit,
2965 3221 3134 3276 liceat
3152 3220 3233 3275 illi
3260 3227 3392 3292 post
3407 3221 3775 3278 auditionem

2119 3316 2438 3385 primatum
2460 3314 2772 3368 diceceseos
2793 3311 3109 3383 (sinecesse
3134 3310 3330 3381 fuerit)
3347 3327 3453 3365 nos
3478 3311 3775 3382 appellare

2120 3407 2176 3458 et
2208 3407 2408 3457 nostra
2430 3402 2766 3470 autoritate,
2803 3406 2906 3455 aut
2934 3405 3068 3454 ante
3101 3415 3228 3469 nos,
3260 3403 3363 3454 aut
3383 3403 3520 3454 ante
3545 3398 3775 3471 legatos

2121 3497 2352 3546 nostros
2383 3508 2413 3546 e
2452 3489 2630 3545 latere
2656 3489 2869 3544 missos
2898 3489 3070 3559 juxta
3101 3491 3338 3542 Patrum
3372 3487 3604 3543 decreta
3634 3505 3776 3545 suas

2119 3579 2355 3651 exsequi
2387 3580 2694 3650 [exercere]
2727 3584 2901 3649 atque
2951 3577 3120 3632 finire
3141 3576 3419 3644 actiones,
3452 3575 3774 3649 nullusque

2118 3668 2287 3724 illum
2320 3673 2452 3722 ante
2504 3669 2624 3722 haec
2665 3667 2897 3737 judicet
2943 3671 3045 3721 aut
3093 3667 3374 3720 damnare
3425 3675 3770 3736 presumat.

2119 3758 2343 3829 (Supra,
2367 3773 2415 3811 c.
2442 3757 2548 3824 11).
2574 3757 2681 3811 Sed
2710 3755 2758 3809 si
2782 3755 2948 3825 quid,
2973 3754 3129 3825 quod
3156 3753 3310 3808 absit
3338 3754 3350 3808 l
3373 3769 3546 3826 grave
3566 3754 3774 3812 intole-

2118 3847 2487 3916 randumque
2518 3844 2570 3899 ei
2601 3845 2895 3914 objectum
2932 3843 3122 3908 fuerit,
3168 3848 3372 3898 nostra
3401 3843 3512 3897 erit
3564 3859 3773 3915 exspe-

2117 3935 2330 3990 ctanda
2360 3950 2629 3997 censura,
2665 3937 2727 3988 ut
2758 3931 2903 3988 nihil
2935 3931 3100 4002 prius
3126 3932 3197 3987 de
3227 3948 3315 4000 eo,
3336 3932 3438 4003 qui
3470 3933 3541 3987 ad
3575 3933 3771 3988 sinum

2117 4027 2334 4080 sanctis
2349 4027 2625 4078 Romanis
2640 4021 3349 4094 confugitEcclesite,ejus
3363 4037 3478 4092 que
3494 4021 3776 4093 implorat

2117 4111 2425 4175 auxilium,
2459 4111 2826 4179 decernatur,
2860 4125 3038 4182 quam
3070 4110 3141 4164 ab
3159 4112 3288 4179 ejus
3307 4110 3574 4165 Ecclesite
3595 4111 3776 4166 fuerit

2118 4204 2472 4272 praeceptum
2513 4199 2879 4263 auctoritate,
2921 4215 3049 4269 qua;
3109 4199 3264 4253 vices
3313 4215 3454 4253 suas
3506 4198 3589 4254 ita
3635 4198 3772 4254 aliis

2117 4286 2439 4359 impertivit
2470 4286 2746 4342 Ecclesiis
2775 4291 2838 4342 ut
2867 4287 2928 4341 in
2954 4291 3174 4356 partem
3209 4287 3332 4341 sint
3361 4291 3574 4342 vocata:
3607 4287 3777 4342 solli-

2117 4375 2420 4441 citudinis,
2454 4393 2568 4430 non
2601 4375 2660 4429 in
2692 4374 3120 4445 plenitudinem
3155 4374 3483 4446 potestatis.
3520 4376 3774 4430 Proinde

359 4472 526 4539 tutis,
583 4473 745 4528 nulla
787 4477 888 4529 aut
936 4441 1485 4546 neglige’ntia,aut

2203 4464 2348 4518 ectio
2370 4468 2561 4518 vestra
2586 4441 2838 4534 quorum
2867 4441 3173 4518 devotione
3190 4462 3544 4532 gaudemus,
3560 4463 3777 4535 jungat

358 4561 690 4618 discedant.

356 4649 489 4704 CAP.
523 4651 647 4705 347.
680 4679 751 4692 -
783 4652 846 4708 Ut
872 4652 1081 4729 nullus:
1106 4653 1316 4709 invitus
1357 4655 1649 4729 ordinetur
1692 4657 2004 4729 episcopus.

953 4724 1185 4794 Ibidem,
1227 4727 1410 4796 cap.5.

426 4809 571 4880 (Dist
600 4811 690 4878 65,
715 4826 760 4866 c.
795 4809 856 4865 Si
881 4813 1062 4882 forte.)
1095 4813 1238 4868 Cum
1268 4829 1404 4883 ergo
1451 4815 1522 4870 de
1561 4818 1780 4872 summi
1813 4835 2004 4874 sacer-

354 4897 508 4952 dotis
537 4897 818 4954 electione
845 4899 1213 4965 tractabitur,
1237 4900 1334 4956 ille
1359 4903 1548 4960 modis
1572 4907 1843 4962 omnibus
1867 4925 2006 4979 prce.

353 4991 623 5058 ponatur,
641 5003 813 5058 quem
831 4988 967 5043 cleri
986 4988 1290 5059 plebisque
1303 5005 1626 5048 consensus
1641 4996 2006 5051 concorditer

351 5075 726 5147 postularint,
761 5077 842 5131 ita
873 5081 935 5130 ut
967 5078 1014 5131 si
1058 5076 1115 5130 in
1167 5076 1342 5132 aliam
1395 5079 1641 5137 fortasse
1691 5100 1999 5154 personam

351 5164 612 5237 partium
643 5181 707 5220 se
737 5169 866 5220 vota
894 5165 1226 5232 diviserint,
1252 5169 1928 5241 metropolitanijudicio
1951 5173 2000 5227 is

347 5253 512 5310 alteri
544 5254 906 5326 praeferatur,
940 5254 1041 5327 qui
1074 5255 1400 5323 majoribus
1427 5262 1482 5311 et
1513 5259 1725 5314 studii
1759 5262 2002 5330 juvatur

346 5348 403 5398 et
431 5343 658 5399 meritis
674 5347 909 5398 tantum
936 5347 998 5398 ut
1017 5343 1216 5398 nullus
1235 5341 1434 5398 invitis
1451 5348 1638 5401 etnon
1663 5348 1998 5418 petentibus

345 5431 668 5500 ordinetur,
700 5448 771 5488 ne
802 5431 964 5504 plebs
995 5431 1176 5488 invita
1205 5431 1546 5504 episcopum
1580 5451 1694 5491 non
1728 5440 1996 5507 optatum

347 5522 449 5572 aut
480 5526 834 5593 contemnat,
859 5526 960 5577 aut
989 5521 1195 5592 oderit,
1227 5525 1285 5579 et
1332 5523 1432 5578 fiat
1481 5524 1676 5581 minus
1726 5525 1998 5597 religiosa

2115 4569 2314 4608 curam
2350 4569 2519 4608 suam
2549 4551 3042 4622 dispositionibus
3073 4550 3316 4620 nostris,
3339 4554 3398 4605 et
3415 4551 3514 4606 det
3531 4567 3768 4622 operam

2116 4645 2177 4696 ut
2209 4658 2322 4696 non
2345 4643 2696 4712 cujusquam
2714 4639 3171 4710 praesumptione
3195 4639 3352 4695 circa
3376 4645 3769 4695 memoratum

2115 4730 2349 4785 fratrem
2371 4735 2662 4798 nostrum,
2712 4733 2906 4782 vestra
2927 4728 3259 4799 provisione
3277 4727 3363 4782 vel
3391 4744 3767 4784 sucessorum

2112 4824 2460 4887 vestrorum,
2486 4819 2535 4873 si
2565 4819 2690 4888 ipse
2717 4826 3016 4888 superstes
3041 4816 3233 4883 fuerit,
3265 4816 3436 4874 aliter
3470 4833 3653 4888 quam
3677 4817 3771 4872 hic

2111 4907 2400 4964 insertum
2431 4911 2538 4976 est,
2574 4908 2676 4961 fiat
2708 4905 2825 4961 ullo
2859 4905 3054 4960 modo.
3090 4905 3236 4959 Nam
3267 4905 3422 4960 nulli
3456 4906 3546 4960 fas
3575 4910 3667 4962 est
3686 4906 3771 4961 vel

2112 4996 2280 5063 velle,
2313 4995 2400 5051 vel
2431 5012 2604 5068 posse
2653 4993 2988 5065 transgredi
3038 4993 3367 5064 apostolica!
3415 4994 3580 5048 sedis
3631 5010 3770 5064 prae-

2111 5090 2297 5156 cepta,
2334 5101 2438 5140 nec
2471 5089 2682 5139 nostris
2715 5081 3124 5152 dispositionis
3151 5081 3575 5151 ministerium,
3609 5083 3768 5154 quod

2110 5178 2361 5228 vestram
2390 5172 2558 5243 sequi
2587 5174 2816 5243 oportet
2848 5169 3212 5225 charitatem.
3250 5171 3337 5226 Sit
3381 5185 3520 5240 ergo
3583 5171 3765 5225 ruina:

2109 5278 2228 5316 suae
2255 5261 2452 5317 dolore
2483 5263 2834 5332 prostratus,
2865 5257 3139 5329 quisquis
3161 5257 3500 5330 apostolicis
3516 5257 3765 5314 voluerit

2108 5350 2395 5405 contraire
2426 5349 2714 5403 mandatis
2746 5347 3058 5418 [decretis],
3091 5363 3197 5402 nec
3228 5347 3424 5402 locum
3480 5347 3758 5417 deinceps

2106 5437 2259 5492 inter
2288 5437 2622 5493 sacerdotes
2645 5437 2880 5506 habeat,
2913 5436 3014 5492 sed
3056 5436 3306 5492 extorris
3351 5452 3386 5492 a
3415 5439 3623 5492 sancto
3654 5436 3758 5492 fiat

2107 5526 2454 5584 ministerio.
2478 5525 2601 5583 Non
2633 5527 2704 5581 de
2735 5527 2863 5596 ejus
2899 5523 3124 5595 judicio
3174 5525 3492 5598 quisquam
3547 5529 3753 5597 postea
