3978 6060
211 270 315 325 429

911 269 1221 324 DECRETI
1261 271 1445 326 PARS
1479 272 1547 325 ν.
1582 298 1649 310 -
1687 272 1782 325 DE
1822 269 2148 324 PRIMATU
2185 271 2357 326 ROM.
2400 273 2711 340 ECCLES.,
2751 275 2906 328 ETC.

3516 276 3619 333 430

203 412 403 453 curam
428 394 677 460 habeat;
714 392 991 465 quoniam
1018 393 1139 463 jam
1173 394 1482 451 damnatus
1516 398 1775 451 asancta
1796 399 1851 449 et
1880 398 1928 463 Α
1964 396 2782 466 occupanturinﬁrmitatevel
2805 396 3617 470 mgritudine,abjiciendinon

202 484 525 557 apostolica
546 483 825 548 Ecclesia,
879 498 944 537 ac
993 482 1365 550 auctoritate,
1417 500 1524 539 sua
1556 485 1625 540 de
1656 484 1857 539 inobe-

203 574 429 631 dientia
461 578 637 645 atque
671 571 1125 644 praesumptione
1155 589 1188 626 a
1237 589 1532 643 quoquam
1584 589 1712 629 esse
1743 590 1858 629 non

204 664 547 730 dubitatur;
583 661 719 731 quia
750 660 991 730 majoris
1043 662 1667 717 excommunicationis
1699 663 1858 732 deje-

203 752 397 808 ctione
416 755 506 806 est
531 750 872 821 exigendus,
890 749 980 804 cui
1006 754 1223 805 sanctae
1247 749 1515 806 Ecclesiae
1538 750 1858 806 commissa

203 842 382 897 fuerit
412 838 749 911 disciplina,
786 838 885 910 qui
938 855 1052 893 non
1097 840 1287 894 solum
1340 839 1592 909 praelatae
1644 845 1857 895 sancta:

201 927 863 999 Ecclesiazjussionibus
897 943 1098 996 parere
1130 928 1356 996 debuit,
1391 930 1490 983 sed
1515 929 1692 984 etiam
1727 929 1857 985 aliis

198 1035 271 1074 ne
299 1016 1002 1090 praeterirentinsinuare.
1031 1017 1235 1086 Sitque
1259 1017 1487 1073 alienus
1510 1035 1542 1073 a
1567 1018 1780 1073 divinis
1802 1023 1859 1073 et

196 1105 636 1181 pontiﬁcalibus
668 1105 899 1175 ofﬁciis,
933 1105 1035 1176 qui
1058 1106 1244 1161 noluit
1293 1108 1600 1179 praeceptis
1623 1109 1852 1163 obtem-

196 1211 404 1269 perare
435 1194 804 1268 apostolicis.

196 1307 331 1360 CAP.
360 1303 589 1373 350,—
622 1300 772 1369 Quod
800 1315 901 1372 pro
934 1302 1116 1373 quiete
1135 1302 1611 1372 contemplationis
1640 1318 1749 1356 non
1775 1306 1855 1358 est

271 1372 576 1445 fugiendus
654 1373 801 1428 locus
866 1372 1175 1445 regiminis.
1237 1373 1380 1428 Idem
1450 1374 1520 1428 ad
1562 1375 1854 1445 Syriacum

273 1443 589 1572 epifggpum
622 1443 1295 1587 qunstantinopolitanum
1353 1444 1476 1517 (lib.
1524 1443 1850 1517 vr‘registq

273 1533 319 1573 c.
465 1558 479 1584 ,
511 1533 601 1587 ep.
701 1556 714 1570 .

270 1533 319 1573 c.
358 1533 479 1584 ius,
511 1533 601 1588 ep.
637 1533 714 1587 ο).

272 1607 349 1678 (8,
382 1624 434 1677 q.
465 1610 513 1674 1,
545 1622 591 1661 c.
624 1605 685 1660 In
714 1604 983 1677 scriptis.)
1016 1606 1078 1660 In
1125 1605 1359 1677 scriptis
1401 1609 1594 1661 autem
1642 1606 1853 1661 vestris

198 1695 463 1766 requiem
493 1711 595 1751 vos
619 1710 972 1767 magnopere
1003 1696 1286 1766 quaesisse
1310 1695 1584 1752 narratis.
1615 1695 1725 1751 Sed
1753 1712 1854 1767 per

198 1782 312 1839 hoc
343 1784 412 1839 ad
445 1782 799 1855 pastoralem
831 1781 1284 1839 sollicitudinem
1314 1784 1546 1840 venisse
1595 1799 1852 1855 congrue

195 1872 528 1943 ostenditis,
552 1874 692 1944 quia
707 1872 858 1928 sicut
872 1870 1035 1927 locus
1052 1871 1356 1945 regiminis
1376 1871 1847 1928 desiderantibus

198 1962 507 2032 negandus
531 1965 636 2028 est,
662 1962 741 2015 ita
786 1959 1145 2032 fugientibus
1192 1961 1548 2029 oﬁ‘erendus,
1598 1966 1655 2015 et
1697 1961 1850 2016 sicut

197 2050 485 2121 scriptum
519 2054 645 2106 est:
679 2050 786 2106 Nec
814 2066 1101 2120 quisquam
1125 2050 1297 2105 sumit
1325 2052 1433 2105 sibi
1452 2050 1737 2118 honorem,
1757 2050 1850 2105 sed

196 2138 295 2209 qui
326 2143 551 2194 vocatur
598 2155 630 2194 a
691 2139 795 2194 Deo
844 2145 1111 2210 tanquam
1166 2140 1347 2194 Aaron
1402 2140 1581 2211 (Hebr.
1634 2143 1711 2209 v).
1780 2141 1849 2194 Et

196 2244 439 2283 rursum
472 2227 627 2283 idem
641 2227 913 2299 egregius
933 2228 1277 2300 praedicator
1290 2228 1432 2284 dicit
1455 2247 1467 2285 :
1492 2229 1553 2284 Si
1582 2246 1725 2284 unus
1742 2245 1849 2300 pro

200 2316 459 2372 omnibus
487 2321 743 2372 mortuus
772 2321 870 2383 est,
896 2332 1024 2386 ergo
1052 2333 1239 2373 omnes
1254 2318 1467 2374 mortui
1490 2323 1641 2388 sunt,
1672 2323 1725 2375 et
1749 2334 1849 2389 pro

196 2406 456 2462 omnibus
487 2413 693 2462 mortus
725 2414 804 2461 est
836 2406 1106 2475 Christus,
1139 2411 1200 2462 ut
1230 2410 1327 2479 qui
1354 2410 1541 2463 vivant
1580 2410 1693 2476 iam
1738 2424 1849 2462 non

197 2497 311 2550 sibi
339 2496 547 2562 vivant,
577 2494 673 2551 sed
702 2495 755 2550 ei
798 2494 896 2567 [aL
924 2497 1078 2567 Deo],
1134 2498 1230 2567 qui
1274 2513 1374 2568 pro
1412 2499 1549 2567 ipsis
1602 2500 1850 2552 mortuus

197 2588 279 2639 est
306 2586 688 2640 etresurrexit
718 2586 790 2650 (ll
833 2586 952 2640 Cor.
999 2586 1075 2656 v).
1108 2589 1175 2639 Et
1227 2585 1446 2657 pastori
1495 2588 1708 2640 sanctae
1753 2589 1851 2639 Ec-

201 2672 395 2729 clesiae
426 2672 679 2729 dicitur:
714 2674 903 2729 Simon
929 2675 1180 2743 Joannis,
1215 2690 1367 2728 amas
1389 2690 1473 2728 me
1496 2678 1519 2726 .9
1546 2678 1850 2729 Pasceoves

196 2779 349 2819 meas
378 2764 569 2833 (Joan.
598 2765 735 2830 xxx).
772 2764 850 2817 Ex
881 2762 1098 2833 quibus
1119 2762 1311 2818 verbis
1368 2761 1680 2834 colligitur,
1714 2762 1852 2833 quia

198 2852 313 2908 siis
334 2851 625 2923 quivalet,
641 2851 1060 2922 omnipotentis
1084 2851 1185 2907 Dei
1207 2868 1343 2908 oves
1366 2853 1561 2907 renuit
1590 2868 1846 2923 pascere,

200 2940 462 2997 ostendit
494 2941 793 2995 Pastorem
825 2957 1127 2997 summum
1160 2958 1222 2997 se
1257 2940 1501 2995 minime
1541 2957 1759 2995 amare.
1791 2940 1850 2995 Si

197 3032 357 3087 enim
382 3030 931 3101 UnigenitusPatris
947 3047 1046 3101 pro
1068 3030 1353 3101 explenda
1375 3030 1628 3085 utilitate
1657 3029 1849 3085 omni-

1971 488 2126 552 sunt,
2172 501 2275 539 nec
2318 485 2463 540 alios
2497 487 2553 540 in
2601 485 2723 541 loco
2757 503 2958 542 corum
3005 489 3334 543 consecrari
3366 495 3613 563 oportet,

1970 572 2082 626 nisi
2113 589 2181 628 ex
2212 573 2320 628 hac
2354 574 2717 630 fuerintluce
2749 576 3055 631 subtracti.
3083 579 3244 643 Quod
3266 577 3314 631 si
3347 579 3416 634 de
3448 581 3616 636 mini-

1967 661 2142 716 sterio
2174 663 2285 716 sibi
2318 680 2592 719 concesso
2625 671 3089 735 conquerantur,
3116 681 3247 735 quae
3280 666 3440 721 licita
3475 674 3614 724 sunt

1968 752 2300 806 sacerdotes
2332 753 2617 823 expleant.
2644 755 2701 808 In
2735 753 2825 808 his
2846 770 2977 809 vero
3000 770 3127 826 quae
3150 756 3233 810 eis
3262 772 3615 825 praesumere

1968 857 2082 894 non
2109 839 2261 908 licet,
2286 829 2607 896 vicinorum
2626 858 2810 913 usque
2832 844 2900 897 ad
2919 844 3375 913 recuperandam
3399 846 3614 902 sanita-

1967 932 2083 983 tem
2116 930 2545 1001 episcoporum,
2570 932 2787 986 auxilia
2809 932 3234 1000 subrogantur;
3265 938 3322 987 et
3351 932 3457 989 hoc
3479 951 3613 990 cum

1971 1018 2207 1073 cautelae
2240 1019 2435 1075 studio
2465 1026 2798 1093 peragatur,
2836 1036 2906 1075 ne
2938 1036 3041 1091 per
3073 1020 3434 1076 necessitatis
3457 1040 3614 1079 occa-

1967 1108 2188 1162 sionem
2240 1111 2718 1181 praesumptionis
2747 1109 2997 1181 pullulct
3039 1109 3300 1166 ambitio.
3342 1112 3615 1185 Episcopi

1964 1214 2098 1253 vero
2131 1198 2229 1268 qui
2266 1199 2547 1255 Dominici
2572 1201 2766 1271 gregis
2791 1204 3179 1271 susceperunt
3208 1216 3409 1256 curam
3442 1207 3617 1273 atque

1966 1286 2450 1355 sollicitudinem,
2478 1290 2549 1343 ab
2574 1288 3080 1344 administratione
3100 1305 3302 1344 eorum
3322 1289 3619 1347 discedere

1966 1394 2081 1431 non
2128 1381 2374 1449 oportet,
2429 1382 2493 1431 ut
2542 1378 2762 1449 accepti
2821 1378 3019 1434 talenti
3069 1377 3444 1448 pulchritudo
3501 1397 3617 1436 non

1964 1466 2245 1534 deleatur,
2271 1467 2372 1522 sed
2405 1467 2723 1522 certamine
2756 1482 2957 1521 eorum
2991 1465 3304 1522 salubriter
3330 1472 3618 1539 augeatur

1963 1559 2019 1611 et
2050 1554 2389 1625 triplicetur.

1962 1646 2094 1701 CAP.
2129 1645 2252 1699 353.
2286 1674 2355 1685 —-
2386 1645 2535 1713 Quod
2556 1645 2833 1715 episcOpus
2866 1647 2945 1700 vel
2993 1646 3228 1701 clericus
3258 1648 3411 1702 nullo
3453 1648 3608 1703 modo

2032 1716 2312 1771 venationi
2331 1716 2517 1772 debeat
2552 1717 2825 1773 insistere.
2858 1717 3001 1772 Idem
3031 1720 3099 1772 ad
3132 1719 3398 1774 eumdem.

2031 1804 2313 1875 (Dist.3/1,
2345 1822 2392 1861 ι’.
2438 1806 2808 1873 Quorumdam
2851 1807 3159 1879 relatione.)
3208 1808 3607 1871 Quorumdam

1959 1893 2237 1949 relatione
2288 1894 2547 1949 ﬁdelium
2576 1896 2822 1949 auribus
2868 1897 3087 1952 nostris
3144 1896 3479 1952 intimatum
3522 1898 3611 1954 est

1960 1984 2112 2052 quod
2145 1983 2464 2039 Laufredus
2508 1984 2841 2056 episcopus,
2871 1985 2970 2056 qui
3013 1986 3319 2055 etjuvenis
3360 2003 3486 2043 esse
3517 1987 3608 2041 di-

1958 2072 2129 2138 citur,
2180 2073 2472 2128 venationi
2500 2072 2576 2128 sit
2606 2074 2859 2129 deditus.
2903 2075 3063 2139 Quod
3097 2075 3279 2130 vitum
3324 2074 3610 2147 plurimos

1957 2162 2132 2216 etiam
2168 2162 2237 2216 de
2268 2161 2518 2216 clericali
2544 2162 2804 2233 catalogo
2828 2180 3038 2234 genere
3077 2165 3610 2221 duntaxatGerma-

1958 2267 2064 2305 nos
2112 2254 2167 2304 et
2215 2250 2411 2306 Gallos
2459 2251 2843 2306 irreverentes
2893 2254 3267 2324 [reverentes]
3319 2254 3606 2326 implicat.

1957 2339 2172 2394 Verum
2204 2338 2314 2394 iste
2354 2340 2403 2394 si
2438 2339 2517 2393 ita
2549 2344 2657 2408 est,
2692 2345 2754 2394 ut
2794 2341 3152 2409 audivimus,
3188 2343 3395 2397 merito
3434 2345 3607 2414 juve-

1959 2427 2050 2483 nis
2082 2427 2317 2493 dicitur,
2366 2426 2856 2498 quijuvenilihus
2905 2428 3211 2483 desideriis
3261 2436 3606 2500 occupatus,

1958 2515 2119 2570 nulla
2146 2532 2352 2570 senum
2378 2516 2663 2586 gravitate
2694 2515 3139 2586 constringitur.
3174 2518 3324 2572 Item.
3357 2517 3399 2572 Ο
3442 2520 3607 2573 mise-

1959 2621 2083 2659 ram
2116 2604 2290 2658 vitam
2316 2603 2648 2667 hominum,
2682 2610 2734 2656 et
2769 2602 3014 2657 maxime
3039 2606 3407 2659 sacerdotum
3436 2606 3447 2659 l
3480 2607 3604 2677 qui,

1959 2692 2099 2746 dum
2132 2691 2427 2747 lucrandis
2466 2690 2735 2745 ﬁdelibus
2766 2692 2980 2746 debent
3004 2692 3293 2761 insistere,
3319 2695 3604 2749 venandis

1960 2780 2098 2834 feris
2129 2782 2499 2845 incumbunt,
2549 2786 2605 2834 et
2633 2797 2779 2850 quos
2809 2797 3014 2851 capere
3044 2787 3269 2853 oportet
3312 2782 3604 2853 homines,

1960 2870 2200 2940 capiunt
2232 2886 2364 2923 aves
2395 2877 2449 2923 et
2494 2869 2715 2923 bestias
2753 2889 2766 2936 ;
2803 2869 2923 2939 qui,
2966 2870 3105 2924 dum
3149 2871 3439 2927 mortibus
3482 2878 3606 2927 stu-

1959 2958 2527 3024 dentanimantium,
2562 2958 2737 3012 vitam
2770 2974 3012 3013 suarum
3054 2959 3334 3014 amittunt
3383 2960 3612 3016 anima-

1964 3063 2115 3100 rum.
2150 3046 2191 3101 Ο
2216 3045 2503 3101 infelicem
2539 3046 2716 3100 vitam
2742 3063 2919 3118 super
2941 3065 3172 3102 omnem
3201 3050 3376 3103 vitam
3402 3050 3414 3103 l
3440 3050 3609 3116 Nam,

199 3136 325 3185 um,
351 3120 422 3175 de
444 3118 872 3209 secretol’atris
892 3135 1166 3209 egressus
1188 3119 1367 3209 esttld
1394 3117 1691 3189 Pablicum
1715 3135 1852 3173 [108-
1884 3132 1926 3198 C
1962 3136 2017 3189 in
2036 3152 2148 3205 quo
2169 3138 2356 3205 magis
2383 3134 2634 3206 quisque
2663 3117 2916 3191 carnalis
2944 3141 3204 3208 apparet,
3231 3154 3407 3209 quam
3430 3139 3484 3192 in
3510 3138 3610 3193 tali

198 3213 359 3264 trum
394 3225 408 3274 ;
442 3223 547 3262 nos
576 3207 719 3277 quid
749 3206 959 3261 dicturi
986 3223 1216 3275 sumus,
1239 3206 1287 3261 si
1310 3210 1598 3261 secretum
1625 3222 1850 3277 praepo-

206 3298 407 3352 nimus
441 3295 685 3351 utilitati
720 3295 1159 3366 proximorum?
1190 3295 1364 3360 Quies
1386 3296 1584 3366 itaque
1607 3295 1777 3349 nobis
1798 3298 1854 3349 et

209 3404 280 3442 ex
309 3386 483 3440 corde
514 3384 836 3455 appetenda
867 3388 976 3453 est,
1008 3388 1202 3439 tamen
1229 3400 1330 3455 pro
1354 3381 1854 3438 multorumlucro

209 3474 528 3546 aliquando
564 3473 985 3545 postponenda.
1020 3473 1189 3543 Nam,
1215 3472 1369 3528 sicut
1399 3477 1519 3527 toto
1568 3470 1854 3526 desiderio

207 3564 492 3619 debemus
522 3561 965 3632 occupationem
990 3562 1206 3632 fugere,
1232 3562 1331 3628 ita,
1356 3560 1405 3615 si
1424 3558 1686 3629 desitqui
1711 3575 1853 3629 prte-

206 3652 386 3717 dicet,
423 3649 826 3721 occupationis
857 3665 1007 3704 onus
1031 3649 1237 3704 libenti
1262 3664 1502 3704 necesse
1536 3653 1624 3703 est
1661 3647 1854 3702 animo

206 3739 430 3795 subire.

205 3828 344 3884 CAP.
377 3828 503 3881 351.
538 3858 603 3867 -
639 3827 699 3884 Ut
742 3827 1021 3897 episcopus
1057 3842 1154 3898 pro
1201 3826 1427 3896 prapria
1474 3824 1683 3898 injuria
1705 3839 1857 3898 Anon

278 3899 738 3954 excommunicel.
773 3894 1069 3968 Gregorius
1094 3894 1374 3955 Januario
1402 3894 1655 3967 epistoyo
1690 3894 1856 3949 Cala-

280 3973 467 4026 ritano
500 3970 616 4032 (lib.
644 3988 684 4025 ιι
714 3973 935 4043 regist.,
968 3986 1086 4040 cap.
1120 3970 1232 4040 34).

277 4059 371 4125 25,
401 4076 452 4129 q.
487 4059 518 4113 4
550 4061 704 4113 [nter
750 4057 1052 4130 querelas.)
1104 4057 1368 4112 Isidorus
1416 4073 1450 4110 a
1497 4053 1858 4109 fraternitate

207 4151 313 4202 tua
341 4148 564 4201 frustra
585 4164 647 4203 se
668 4146 1237 4203 excommunicatum
1269 4143 1857 4200 anathematizatum-

210 4255 324 4310 que
338 4242 698 4310 conquestus
715 4242 823 4294 est.
850 4239 1011 4305 Quod
1026 4237 1409 4309 quamobrem
1428 4236 1645 4291 factum
1667 4234 1858 4289 fuerit.

209 4327 352 4381 dum
396 4343 429 4381 a
460 4326 666 4381 clerico
695 4331 795 4382 tuo
818 4328 917 4398 qui
972 4342 1225 4395 prszsens
1275 4329 1419 4393 erat,
1469 4324 1859 4379 voluissemus

208 4415 535 4479 addiscere,
562 4432 667 4486 pro
684 4414 846 4470 nulla
868 4414 983 4470 alia
1004 4432 1202 4481 causa,
1230 4414 1343 4469 nisi
1365 4414 1520 4484 quod
1544 4419 1598 4467 te
1620 4412 1861 4483 injuria-

206 4506 390 4565 verat,
415 4501 631 4557 factum
656 4502 1056 4574 cognovimus.
1082 4506 1216 4567 Quae
1240 4518 1333 4558 res
1358 4518 1464 4555 nos
1485 4500 1862 4555 vehementer
1892 4498 1936 4562 D

208 4589 452 4657 afﬂixit;
477 4591 615 4661 quia
638 4592 687 4646 si
711 4592 792 4646 ita
812 4594 920 4658 est,
946 4591 1032 4646 nil
1060 4596 1115 4646 te
1138 4590 1401 4646 ostendis
1425 4590 1494 4644 de
1524 4587 1858 4643 coelestibus

208 4677 488 4749 cogitare,
522 4679 622 4733 sed
647 4683 940 4735 terrenam
966 4688 1219 4735 mentem
1248 4683 1299 4734 te
1322 4678 1535 4733 habere
1558 4678 1635 4747 [te
1648 4676 1862 4732 habere

210 4766 740 4838 conversationem]
767 4768 1089 4839 signiﬁcas,
1122 4770 1263 4822 dum
1296 4783 1400 4839 pro
1431 4766 1693 4820 vindicta
1725 4781 1861 4835 pro-

211 4853 353 4925 priaa
384 4853 615 4925 injuriis
634 4855 815 4927 (quod
840 4856 1025 4911 sacris
1047 4854 1267 4927 regulis
1292 4854 1655 4927 prohibetur)
1681 4851 1861 4907 male-

210 4942 529 4998 dictionem
562 4944 955 4999 anathematis
984 4944 1277 5000 invexisti.
1332 4943 1491 4998 Unde
1540 4942 1611 4996 de
1658 4944 1862 4996 caetero

210 5035 336 5087 esto
380 5032 856 5104 circumspectus
910 5037 1083 5104 atque
1131 5032 1439 5100 sollicitus,
1470 5035 1527 5085 et
1558 5029 1698 5085 talia
1741 5029 1867 5084 cui-

213 5135 391 5192 quam
420 5137 523 5191 pro
548 5121 888 5178 defensione
919 5122 1148 5191 iniuria:
1166 5126 1279 5177 tute
1300 5120 1514 5176 inferre
1535 5120 1726 5175 denuo
1750 5133 1864 5173 non

216 5225 565 5281 praesumas.

212 5313 509 5388 (ἶΑρη352.
541 5345 612 5357 -—-
656 5316 916 5388 Episcopo
955 5318 1296 5388 inﬁrmante,
1353 5317 1467 5371 nisi
1494 5315 1562 5370 de
1608 5314 1708 5368 hac
1750 5313 1867 5388 vita

284 5386 631 5453 migraverit.
664 5388 802 5443 alter
846 5386 955 5445 non
1021 5386 1420 5454 substituatur,
1468 5402 1537 5440 ne
1595 5386 1869 5441 commissi

283 5458 493 5512 talenti
519 5459 873 5523 pulchritudo
910 5460 1175 5517 deleatur.
1222 5459 1439 5515 Nicolas
1465 5459 1656 5513 Alvino
1704 5458 1869 5513 Jova-

284 5530 449 5583 nensi
479 5528 791 5604 [Januensi]
826 5534 1093 5605 episcopo.

289 5616 371 5687 (7,
408 5633 459 5688 q.
501 5620 551 5687 1,
582 5635 628 5677 c.
662 5622 957 5692 Pontiﬁces
988 5623 1134 5695 qui.)
1169 5617 1503 5685 Pontiﬁces,
1548 5619 1646 5689 qui
1677 5616 1873 5688 aliqua

1962 3225 2130 3278 vita?
2165 3225 2514 3279 Venatorum
2548 3224 2702 3278 enim
2726 3224 2841 3279 vita
2873 3224 2952 3279 nil
2978 3230 3182 3294 praeter
3204 3243 3407 3281 carnes
3434 3228 3607 3299 capit,

1963 3313 2023 3366 in
2059 3328 2175 3382 qua
2204 3312 2343 3366 dum
2377 3312 2627 3382 quisque
2651 3312 2973 3382 permansit
2996 3330 3297 3384 nunquam
3327 3315 3607 3385 probatus

1964 3406 2070 3455 est.
2106 3399 2265 3467 Nam,
2309 3403 2373 3453 ut
2404 3401 2609 3455 beatus
2640 3400 2784 3455 dixit
2829 3401 3239 3473 Hieronymus,
3271 3407 3604 3458 venatorem

1966 3505 2266 3559 nunquam
2286 3488 2535 3559 legimus
2562 3494 2854 3544 sanctum.
2872 3489 2963 3543 Va:
2981 3490 3321 3561 hujusmodi
3346 3491 3607 3563 praesuli-

1966 3578 2100 3641 bus,
2131 3577 2248 3646 qui,
2279 3577 2418 3631 dum
2452 3578 2666 3632 debent
2699 3578 3287 3648 Petrum,Andream,
3319 3581 3604 3637 Jacohum

1966 3673 2020 3721 et
2049 3667 2359 3733 Joannem,
2410 3664 2622 3735 quibus
2655 3682 2686 3718 a
2718 3666 2964 3721 Domino
2996 3668 3218 3723 dictum
3251 3675 3377 3725 est:
3428 3671 3612 3726 Venite

1962 3759 2083 3827 post
2114 3770 2217 3823 me,
2248 3756 2453 3825 faciam
2474 3768 2565 3807 vos
2593 3754 2897 3822 piscatores
2939 3757 3229 3812 hominum
3270 3759 3480 3830 (Matth.
3516 3777 3569 3813 1v
3592 3777 3610 3813 :

1966 3844 2129 3899 Marc.
2180 3843 2243 3913 ι),
2293 3843 2363 3897 ad
2412 3842 2806 3899 imitationem
2856 3862 3024 3901 suam
3070 3846 3304 3918 eligere,
3361 3865 3611 3920 quorum

1967 3938 2022 3988 et
2044 3931 2315 4003 discipuli
2341 3936 2498 3998 sunt,
2528 3933 2716 4003 magis
2740 3934 2990 3989 Nemrod
3014 3940 3070 3991 et
3088 3936 3419 4006 Ismaelem,
3441 3942 3615 4008 atque

1966 4023 2119 4077 Esau
2151 4021 2428 4093 reprobos
2466 4020 2791 4093 imitantur,
2826 4025 2926 4093 qui
2962 4024 3307 4094 hujusmodi
3338 4025 3614 4080 adiuven—

1967 4111 2228 4167 tionibus
2277 4110 2618 4165 incubuisse
2651 4113 3158 4182 releruntur(Gen.
3206 4130 3260 4178 x,
3307 4131 3422 4179 xxr,
3455 4114 3609 4184 xxv).

1968 4199 2367 4254 Nihilominus
2384 4202 2577 4253 autem
2599 4200 2668 4255 de
2687 4201 2795 4256 hoc
2818 4200 3089 4272 epiSCOpo
3114 4200 3357 4256 relatum
3375 4207 3461 4258 est
3476 4219 3616 4271 apo—

1969 4288 2206 4344 stolatui
2232 4294 2430 4342 nostro
2451 4289 2605 4359 quod
2631 4305 2763 4342 cum
2786 4289 3040 4358 quadam
3068 4288 3187 4343 ﬁlia
3208 4306 3315 4344 sua
3336 4290 3619 4345 immode-

1970 4380 2155 4431 ratam
2186 4380 2380 4431 teneat
2414 4376 2893 4441 familiaritatem,
2927 4382 2983 4432 et
3011 4378 3083 4433 ob
3116 4378 3173 4432 id
3207 4378 3360 4433 mala
3393 4379 3548 4433 fama
3568 4379 3619 4433 ci

1969 4468 2094 4520 orta
2125 4464 2222 4519 sit.
2258 4469 2361 4520 Pro
2394 4483 2509 4536 qua
2542 4482 2599 4520 re
2633 4483 2665 4519 a
2686 4467 2991 4521 sanctitaie
3022 4484 3129 4521 sua
3165 4467 3505 4539 caterisque
3531 4484 3622 4523 co-

1969 4553 2258 4625 episcopis
2291 4553 2416 4608 suis
2465 4554 2862 4609 commonitus
2901 4572 2967 4610 ac
3014 4562 3319 4626 correptus
3363 4562 3471 4626 est,
3518 4558 3620 4612 sed

1970 4642 2311 4697 nullatenus
2337 4643 2704 4697 emendatus.
2739 4643 2871 4705 Quaa
2888 4659 2978 4698 res
3006 4644 3064 4698 in
3086 4644 3196 4700 hoc
3229 4644 3480 4701 maxime
3501 4645 3625 4701 dis-

1972 4731 2169 4803 plicet,
2207 4736 2264 4786 et
2307 4730 2494 4802 magis
2538 4748 2605 4785 ac
2648 4732 2834 4801 magis
2876 4732 3024 4787 dese
3055 4733 3399 4789 deteriorem
3433 4735 3625 4790 reddit

1972 4820 2327 4891 opinionem.
2346 4820 2406 4874 In
2428 4836 2541 4890 quo
2567 4820 2914 4874 beatitudini
2932 4826 3042 4875 tua:
3066 4826 3121 4876 et
3142 4823 3621 4896 coepisc0poruin

1972 4926 2214 4964 suorum
2239 4908 2691 4964 rationibusnon
2718 4910 2934 4979 obedit,
2961 4916 3017 4965 et
3049 4928 3148 4981 per
3168 4912 3622 4969 inobedientiam

1974 4999 2031 5052 in
2048 4998 2279 5069 culpam
2305 4998 2650 5069 protoplasti
2674 4998 2975 5055 relabitur.
3003 5000 3241 5073 Oportet
3262 5020 3396 5075 ergo
3422 5004 3623 5058 frater-

1974 5088 2219 5141 nitatem
2253 5091 2442 5155 tuam,
2473 5088 2751 5157 synodale
2774 5106 2904 5144 cum
2938 5091 3229 5163 episCOpis
3260 5097 3315 5146 et
3347 5092 3627 5164 suffraga-

1977 5175 2103 5230 neis
2133 5175 2252 5229 tuis
2284 5191 2601 5231 convocare
2625 5177 2963 5243 concilium,
2997 5185 3053 5233 et
3078 5180 3235 5235 hunc
3267 5180 3627 5235 salutaribus

1976 5263 2224 5333 eloquiis
2274 5264 2612 5332 episcopum
2649 5267 2978 5336 convenire,
3031 5274 3203 5339 atque
3236 5268 3317 5322 illi
3353 5267 3626 5339 pastorali

1979 5351 2326 5405 auctoritate
2359 5352 2671 5423 praecipere
2713 5359 3005 5425 quatenus
3041 5360 3094 5410 et
3126 5357 3198 5410 ab
3229 5356 3492 5411 omnium
3524 5357 3625 5409 be-

1980 5439 2228 5494 stiarum
2261 5442 2317 5493 et
2345 5439 2649 5496 volucrum
2672 5443 2978 5498 venatione
3000 5444 3233 5516 penitus
3256 5443 3482 5499 alienus
3505 5444 3629 5500 exi-

1982 5530 2120 5593 stat,
2154 5530 2327 5599 atque
2360 5527 2750 5585 immoderata
2781 5531 2912 5585 ﬁlim
2959 5548 3076 5586 suae
3110 5530 3502 5589 familiaritate
3534 5551 3630 5592 se-

1984 5616 2303 5687 metipsum
2327 5618 2665 5674 omnimodo
2698 5625 2978 5675 coerceat.
2996 5621 3153 5687 Quod
3180 5621 3230 5677 si
3262 5638 3465 5694 parere
3491 5640 3629 5681 con-
