3960 6072
376 243 476 296 431
1460 238 1526 288 D.
1568 234 1809 290 IVONIS
1845 234 2337 289 CARNOTENSIS
2373 234 2692 289 EPISCOPI

3696 231 3814 286 432

377 359 706 433 tempscrit,
739 363 797 414 et
817 363 938 414 tam
968 375 1070 431 pro
1091 355 1418 414 venationis
1440 355 1827 412 declinatione
1851 371 2027 427 quam
2057 357 2110 424 Α
2144 355 2319 412 etiam
2352 356 2622 412 subditos
2644 370 2774 411 esse
2801 353 3112 426 Scriptura
3163 357 3379 410 sanctae
3424 354 3812 428 praecipiunt.

377 467 482 522 pro
513 448 899 505 immoderala
933 447 1066 502 filim
1115 463 1233 501 suae
1279 443 1518 499 vitanda
1566 445 2028 513 conversatione,

381 539 544 598 vobis
567 536 1022 594 admonentibus
1047 535 1284 590 obedire
1305 531 1618 603 distulerit,
1653 550 1685 588 a
1702 539 1890 589 vestro
1913 534 2028 589 col-

381 628 534 700 legio
592 625 1134 682 excommunicatus
1183 623 1483 678 abscedat.
1525 622 1685 686 Quod
1724 623 1773 678 si
1811 621 1870 676 in
1921 623 2029 678 hoc

383 721 704 774 contumax
741 715 934 770 adhuc
962 711 1320 786 apparuerit,
1355 727 1388 765 a
1428 710 1753 768 ministerio
1799 728 2031 769 cessare

381 805 636 863 debebit.

377 897 511 952 CAP.
543 893 668 948 354.
698 922 764 932 --
817 892 995 964 Quod,
1023 889 1202 946 omnis
1244 887 1705 964 metropolitanus
1738 891 1889 962 intra
1921 899 2029 946 tres

450 981 664 1022 menses
693 960 1121 1019 consecrationis
1151 977 1270 1018 sua:
1297 975 1395 1028 pro
1423 960 1597 1030 pallio
1618 963 1775 1017 debet
1799 960 2030 1018 Romam

448 1039 687 1163 igittere,
719 1037 804 1090 vel
833 1035 938 1091 ire.
967 1037 1210 1092 Joannes
1245 1035 1376 1106 VIII,
1397 1055 1468 1094 ex
1497 1036 1732 1091 concilio
1763 1055 1848 1104 ιιι,
1884 1035 2031 1107 apud

497 1123 793 1162 avennam.

497 1123 793 1162 avennam.

448 1194 731 1267 Quisquis
753 1195 1239 1266 metropolitanus
1268 1197 1423 1254 intra
1438 1202 1554 1254 tres
1575 1213 1806 1253 menses
1836 1211 2033 1251 conse-

377 1285 658 1341 crationis
683 1299 823 1349 suae,
849 1285 919 1338 ad
945 1285 1116 1340 {idem
1135 1302 1303 1341 suam
1321 1288 1747 1359 exponendam,
1764 1285 2032 1357 pallium-

379 1389 493 1446 que
511 1373 958 1443 suscipiendum
986 1374 1056 1428 ab
1081 1375 1401 1444 apostolica
1427 1378 1584 1444 sede,
1607 1375 1769 1430 nulla
1789 1373 2029 1429 inevita-

377 1463 480 1518 bili
512 1461 862 1518 necessitate
894 1461 1264 1530 imminente,
1300 1481 1413 1519 non
1441 1464 1683 1530 miserit,
1713 1463 2031 1517 commissa

376 1551 485 1606 sibi
507 1555 703 1606 careat
735 1550 1042 1622 dignitate,
1059 1549 1140 1605 ita
1155 1551 1434 1606 uttandiu
1451 1550 1766 1623 episcopali
1787 1551 1871 1605 illi
1903 1551 2027 1606 sedi

378 1640 566 1708 cedat,
600 1640 879 1712 omnique
909 1639 1291 1694 consecrandi
1324 1641 1560 1696 licentia
1592 1645 1805 1710 careat,
1842 1656 2028 1711 quan-

377 1727 478 1781 diu
516 1727 575 1782 in
627 1728 972 1800 exponenda
999 1727 1132 1795 fide,
1164 1733 1222 1783 et
1253 1730 1312 1783 in
1355 1730 1674 1801 expetendo
1706 1729 1880 1801 pallio
1912 1728 2030 1800 pri-
2061 1731 2108 1796 B

382 1832 550 1872 scum
585 1833 808 1872 morem
846 1819 1286 1888 contempserit.

378 1923 738 1977 019⁸355.-
780 1921 1036 1990 Qualiter
1067 1922 1380 1978 honorandi
1415 1933 1545 1980 sunt
1564 1925 1680 1980 veri
1707 1924 2034 1992 sacerdotes,

459 2009 584 2068 cum
614 1995 880 2068 Dominus
907 1995 1078 2065 falsos
1108 1995 1477 2068 bonoruverit.
1514 1996 1826 2068 Cyprianus
1855 2002 2038 2066 Roga-

470 2065 632 2118 tiano
662 2065 783 2135 (lib.
821 2081 905 2133 ιιι,
950 2082 1071 2136 cap,
1101 2067 1155 2120 9.

460 2151 618 2222 (Dist.
677 2153 768 2221 93,
819 2171 866 2209 c.
900 2155 1169 2210 Dominus
1215 2157 1444 2227 noster.)
1503 2155 1790 2212 Dominus
1837 2158 2036 2210 noster

382 2239 560 2296 Jesus
599 2241 869 2298 Christus
913 2259 1033 2311 rex,
1069 2248 1127 2298 et
1147 2244 1349 2314 judex,
1381 2251 1437 2300 et
1480 2245 1754 2300 sacerdos
1785 2243 2036 2300 servavit

382 2328 666 2386 honorem
689 2331 859 2386 malis
882 2332 1286 2388 sacerdotibus
1310 2349 1496 2404 usque
1523 2334 1593 2389 ad
1615 2351 1782 2389 suam
1807 2333 2031 2405 passio-

380 2433 536 2485 nem,
571 2419 629 2474 in
664 2436 781 2491 qua
811 2421 1174 2476 sacerdotem
1225 2420 1556 2492 appellavit,
1591 2439 1767 2492 quem
1811 2423 2033 2478 sciebat

375 2520 506 2561 esse
562 2507 936 2580 sacrilegum,
968 2513 1025 2564 et
1063 2525 1198 2564 cum
1231 2509 1462 2582 alapam
1503 2513 1844 2583 accepisset,
1892 2512 2027 2567 etei

375 2595 670 2652 diceretur
725 2599 911 2666 (Joan.
971 2598 1178 2670 xvm):
1241 2599 1330 2654 Sic
1380 2602 1671 2670 respondes
1727 2601 2032 2670 pontiﬁci?

375 2683 522 2738 nihil
573 2686 999 2743 contumeliose
1048 2688 1279 2743 locutus
1311 2692 1401 2744 est
1431 2690 1488 2743 in
1524 2705 1835 2760 personam
1879 2707 2028 2760 pon-

373 2772 572 2840 tiﬁcis,
625 2775 726 2829 sed
770 2776 960 2846 magis
1009 2776 1406 2832 innocentiam
1457 2795 1623 2833 suam
1674 2778 1859 2833 tuitus
1915 2785 2025 2850 est,

374 2861 612 2916 dicens:
649 2862 710 2916 Si
752 2865 900 2918 male
931 2865 1145 2919 locutus
1195 2882 1341 2934 sum,
1374 2867 1749 2922 testimonium
1794 2867 2026 2938 perhibe

372 2947 440 3002 de
466 2950 617 3004 malo
646 2949 861 3020 (ibid),
899 2955 963 3005 ut
995 2968 1102 3007 nos
1131 2954 1260 3022 ejus
1287 2953 1639 3010 humilitatis
1670 2955 2021 3013 haberemus

375 3036 734 3108 exemplum,
765 3045 823 3094 et
854 3039 1053 3094 docuit
1101 3043 1431 3097 sacerdotes
1461 3059 1628 3098 veros
1661 3043 1918 3112 legitime
1961 3050 2020 3102 et

368 3125 536 3196 plene
560 3125 857 3197 honorari,
881 3127 1022 3182 dum
1050 3128 1203 3184 circa
1225 3129 1403 3184 falsos
1426 3133 1758 3188 sacerdotes
1782 3132 1908 3202 ipse
1929 3139 2014 3190 ta-

365 3213 440 3269 lis
471 3214 716 3272 exstitit.

360 3306 492 3379 CAP.
543 3305 772 3379 356._—-
822 3304 992 3379 Quod
1022 3305 1263 3379 singulae
1307 3306 1565 3363 Ecclesia
1620 3308 1865 3379 singulos
1913 3313 2010 3366 de-

431 3378 572 3501 bent‘
611 3376 813 3433 habere
857 3377 1134 3447 praelatos.
1186 3377 1563 3450 Hieronymus
1613 3376 1828 3438 Rustico
1893 3399 2009 3440 mo-

429 3464 534 3503 nac
575 3463 626 3504 ο.

428 3537 505 3606 (7,
552 3553 607 3606 q.
644 3536 694 3604 1,
743 3551 792 3590 c.
834 3536 896 3592 In
925 3537 1167 3608 apibus.)
1194 3538 1257 3594 In
1289 3539 1498 3610 apibus
1537 3539 1808 3613 princeps
1851 3559 2006 3600 unus

356 3630 445 3679 est
469 3641 483 3692 ;
515 3640 688 3696 grues
711 3641 895 3681 unum
912 3632 1245 3699 sequuntur
1275 3629 1481 3685 ordine
1509 3629 1784 3687 litterato.
1813 3632 2004 3704 Impe-

2140 444 2391 500 Veniens
2424 449 2619 500 autem
2653 444 2928 500 Bullinus
2943 443 3033 498 vir
3071 443 3812 513 magniﬁcusexcellentizs

2138 539 2341 589 vestrae
2362 535 2614 606 legatus,
2647 534 3010 588 confidenter
3040 549 3074 587 a
3103 533 3273 588 nobis
3309 534 3400 604 (ut
3447 534 3664 605 decuit)
3698 551 3813 606 po-

2139 623 2401 691 stulavit,
2435 628 2726 694 quatenus
2773 622 2940 677 vobis
2988 626 3092 677 aut
3140 621 3322 676 beata:
3364 622 3802 679 recordationis

2140 729 2300 784 papa
2335 712 2539 768 Leonis
2561 712 2804 767 domum
2839 728 2873 766 a
2902 711 3072 766 nobis
3101 727 3205 781 per
3227 727 3259 766 ο
3277 710 3438 765 mnia
3461 712 3808 767 conservari

2139 800 2470 872 significare
2492 800 2924 866 debuissemus,
2948 803 3048 854 aut
3065 799 3319 871 propriis
3359 799 3556 854 verbis
3583 805 3810 856 nostris

2140 890 2567 946 confessionem
2601 888 2734 943 fidei
2777 889 3116 956 destinare;
3151 892 3208 943 et
3248 889 3499 959 primam
3553 889 3807 959 quidem

2140 978 2440 1050 petitionis
2469 979 2598 1048 ejus
2630 981 2854 1049 partem
2896 976 3034 1048 quia
3073 975 3302 1032 facilior
3361 978 3490 1048 fuit,
3547 995 3686 1034 mox
3738 983 3811 1034 ut

2139 1068 2306 1134 dixit,
2340 1065 2738 1138 implevimus,
2773 1081 2960 1137 neque
2986 1065 3044 1119 in
3075 1065 3352 1121 omnibus
3406 1066 3681 1136 praesulis
3713 1072 3807 1123 to—

2141 1172 2300 1211 mum
2318 1172 2418 1227 pro
2432 1154 2730 1210 catholicae
2755 1155 2887 1208 fidei
2905 1153 3229 1209 assertione
3244 1154 3649 1226 conscriptum
3685 1161 3809 1213 Deo

2141 1243 2391 1316 propitio
2417 1244 2732 1313 custodire,
2765 1259 2976 1298 manus
2999 1247 3207 1297 nostrae
3225 1243 3295 1298 ad
3319 1259 3420 1299 vos
3435 1245 3808 1316 professione

2140 1333 2528 1402 signavimus.
2563 1337 2635 1387 Ut
2665 1337 2861 1387 autem
2895 1330 3116 1386 nullius
3148 1331 3428 1404 deinceps
3470 1335 3645 1404 (quod
3697 1336 3808 1390 ab-

2139 1421 2217 1476 sit
2249 1422 2288 1492 l)
2338 1421 2695 1493 suspicionis
2757 1421 3038 1476 resideret
3099 1421 3352 1491 occasio,
3401 1421 3577 1476 etiam
3633 1421 3805 1479 illam

2137 1509 2314 1564 aliam
2349 1516 2571 1581 partem
2607 1526 2784 1581 quam
2821 1513 3177 1565 memoratus
3210 1511 3296 1564 vir
3327 1509 3579 1566 illustris
3613 1511 3808 1567 Rulli-

2140 1615 2250 1653 nus
2273 1599 2577 1654 admonuit
2617 1600 2802 1654 facere
2832 1599 2932 1670 [al.
2982 1599 3166 1654 facere
3193 1600 3523 1671 maturavij,
3566 1601 3804 1656 scilicet

2138 1687 2390 1759 propriis
2424 1687 2616 1743 verbis
2648 1687 3080 1743 confessionem
3116 1687 3251 1743 ﬁdei
3281 1704 3462 1758 quam
3497 1693 3802 1760 tenemus,

2146 1793 2442 1848 exponens
2473 1776 2778 1848 [exposui].

2145 1891 2278 1947 CAP.
2311 1891 2434 1946 359.
2471 1922 2536 1932 —-
2569 1892 2719 1960 Quod
2747 1900 2866 1963 post
2895 1893 3151 1964 primum,
3166 1908 3262 1962 per
3295 1893 3618 1948 electionem
3669 1910 3800 1949 con-

2213 1971 2483 2037 secratum
2559 1962 2904 2037 episcopum,
2953 1962 3218 2037 secundus
3284 1980 3403 2037 esse
3441 1981 3552 2020 non
3599 1969 3799 2037 possit.

2218 2034 2526 2105 Cyprianus
2557 2034 2614 2089 in
2637 2036 2865 2105 epistola
2884 2051 2985 2089 sua
3001 2035 3071 2089 ad
3088 2035 3424 2107 Romanos(l.
3455 2053 3534 2104 1v,
3555 2034 3719 2108 epist.
3744 2040 3800 2105 2,

2214 2109 2282 2160 ad
2310 2108 2726 2161 Antonianum‘.

2213 2206 2288 2272 (7,
2321 2221 2371 2275 q.
2397 2204 2450 2272 l,
2475 2220 2522 2259 c.
2547 2205 2740 2259 Factus
2773 2204 2898 2273 est.)
2931 2205 3143 2260 Factus
3190 2209 3280 2260 est
3329 2204 3638 2262 Cornelius
3669 2209 3800 2280 epi-

2141 2309 2357 2365 scopus
2388 2293 2457 2348 de
2488 2293 2589 2348 Dei
2617 2299 2676 2349 et
2704 2292 2920 2348 Christi
2968 2294 3097 2364 ejus
3140 2293 3392 2364 judicio,
3435 2295 3503 2349 de
3548 2295 3796 2351 clerico-

2141 2397 2271 2436 rum
2305 2380 2570 2437 omnium
2603 2380 2962 2446 testimonio,
2995 2381 3066 2436 de
3099 2381 3322 2452 plebeio
3369 2383 3673 2454 suli‘ragio,
3720 2386 3795 2440 de

2138 2471 2504 2526 sacerdotum
2539 2470 2916 2542 antiquorum
2945 2475 3002 2524 et
3033 2473 3318 2525 bonorum
3349 2469 3608 2526 virorum
3660 2489 3798 2528 con-

2139 2575 2340 2628 sensu,
2374 2575 2506 2614 cum
2541 2574 2710 2613 nemo
2733 2558 3045 2630 episcopus
3067 2558 3211 2614 inibi
3233 2559 3422 2614 factus
3444 2564 3620 2625 esset,
3651 2576 3786 2616 cum

2137 2649 2357 2719 gradus
2390 2647 2676 2703 cathedras
2710 2652 2958 2702 vacaret.
2987 2647 3107 2709 Quo
3129 2654 3414 2720 occupato
3435 2653 3494 2704 et
3516 2649 3788 2706 omnium

2134 2743 2392 2792 vestrum
2424 2753 2714 2792 consensu
2739 2737 2994 2804 firmato,
3026 2735 3292 2807 quisquis
3313 2738 3436 2807 jam
3469 2739 3789 2810 episcopus

2135 2825 2259 2880 ﬁeri
2284 2825 2549 2896 voluerit,
2581 2825 2938 2881 omnimodis
2967 2841 3204 2881 necesse
3226 2831 3317 2882 est
3348 2830 3410 2881 ut
3430 2826 3785 2882 ecclesiasti-

2134 2930 2263 2970 cam
2295 2931 2410 2970 non
2456 2915 2668 2970 habeat
2705 2914 3159 2980 ordinationem,
3211 2915 3310 2987 qui
3365 2915 3634 2972 Ecclesiae
3667 2933 3786 2972 non

2131 3006 2289 3058 tenet
2309 3020 2408 3076 per
2427 3019 2806 3074 consensum,
2827 3005 3107 3058 unitatem
3129 3004 3280 3061 Post.
3307 3004 3560 3076 primum
3581 3021 3788 3061 secun-

2049 3095 2092 3162 C
2129 3091 2240 3146 dus
2271 3109 2400 3148 esse
2432 3109 2542 3147 non
2573 3098 2783 3163 potest.
2820 3091 3099 3163 Quisquis
3123 3093 3277 3148 enim
3302 3098 3434 3165 post
3453 3110 3662 3162 unum,
3680 3096 3784 3167 qui

2128 3197 2230 3252 per
2259 3181 2600 3236 electionem
2633 3190 3006 3238 consecratus
3038 3187 3147 3251 est,
3175 3198 3306 3239 esse
3335 3181 3604 3254 voluerit,
3656 3189 3781 3242 tam

2126 3287 2239 3325 non
2263 3271 2556 3326 secundus
2588 3269 2703 3338 ille,
2738 3271 2840 3326 sed
2872 3270 3072 3327 nullus
3096 3275 3204 3326 est.

2121 3384 2256 3440 CAP.
2289 3385 2513 3459 360,—;
2547 3385 2699 3453 Quod
2721 3385 2980 3459 Ecclesiae
3008 3385 3340 3459 contradicit
3385 3389 3482 3457 qui
3526 3391 3786 3459 episcopo

2188 3457 2536 3531 contradicit.
2569 3459 2880 3531 Cyprianus
2899 3457 2968 3511 ad
2982 3457 3321 3531 Papianum
3353 3459 3409 3527 (ι.
3446 3457 3783 3531 tv,epist.‘9,

2186 3529 2255 3583 ad
2286 3527 2630 3585 Florentium
2663 3529 3019 3600 Papianum).

2183 3625 2259 3694 (7,
2293 3641 2344 3697 q.
2374 3630 2422 3695 1,
2463 3642 2510 3679 c.
2559 3625 2710 3680 Scire
2759 3624 2961 3696 debes.)
2993 3624 3150 3680 Scire
3182 3625 3360 3682 debes
3417 3626 3763 3701 episcopum

355 3716 704 3782 ratorunus,
725 3715 911 3786 judex
926 3733 1078 3772 unus
1092 3717 1424 3788 proxincim.
1452 3717 1655 3789 Roma,
1674 3724 1737 3774 ut
1765 3722 2003 3778 condita

2201 3713 2456 3770 Ecclesia
2476 3731 2624 3780 esse,
2648 3717 2703 3768 et
2726 3713 3042 3769 Ecclesiam
3075 3713 3129 3768 in
3164 3715 3457 3787 episcopo,
3477 3720 3534 3772 et
3549 3717 3600 3772 si
3625 3719 3762 3790 quis

351 3805 462 3869 est,
497 3803 646 3858 duos
679 3805 890 3860 fratres
917 3805 1096 3860 simul
1129 3822 1295 3876 reges
1327 3806 1542 3862 habere
1573 3825 1686 3863 non
1721 3811 2002 3880 potuit,et
2107 3817 2241 3858 cum
2275 3803 2547 3874 episcopo
2579 3819 2693 3857 non
2717 3803 2814 3871 sit,
2836 3802 2894 3856 in
2927 3802 3186 3858 Ecclesia
3217 3819 3329 3859 non
3353 3820 3503 3871 esse,
3545 3810 3605 3861 et
3638 3807 3759 3864 fru-

349 3889 664 3960 parricidio
697 3891 1022 3947 dedicatur.
1056 3896 1119 3947 In
1153 3893 1424 3949 Rebeccae
1450 3900 1612 3950 utero
1633 3897 1783 3952 Esau
1815 3902 1871 3952 et
1899 3897 1996 3953 Ja-

346 3979 456 4034 cob
494 3979 648 4036 bella
687 3986 998 4052 gesserunt
1041 3979 1196 4052 (Gen.
1230 3982 1383 4051 xxv).
1437 3983 1665 4054 Singuli
1713 3985 1995 4042 Ecclesia-

2105 3895 2226 3946 stra
2263 3891 2375 3946 sibi
2431 3890 2687 3946 blandiri
2743 3907 2865 3960 eos,
2915 3891 3016 3963 qui
3073 3907 3274 3962 pacem
3299 3908 3434 3946 cum
3485 3897 3758 3950 sacerdo-

2106 3979 2262 4034 tibus
2335 3979 2436 4034 Dei
2503 3995 2616 4034 non
2689 3979 2994 4046 habentes,
3069 3979 3360 4051 obrepunt
3403 3987 3462 4036 et
3510 3981 3763 4041 latenter

343 4083 477 4124 rum
507 4069 788 4142 episcopi,
821 4068 1043 4142 singuli
1071 4069 1520 4143 archiepiscOpi,
1552 4073 1768 4144 singuli
1799 4074 1994 4130 archi-
2101 4069 2257 4140 apud
2290 4068 2576 4141 quosdam
2622 4068 3062 4124 communicare
3103 4083 3166 4123 se
3203 4070 3468 4137 credunt,
3521 4075 3760 4142 quando

339 4155 590 4229 diaconi,
615 4162 674 4214 et
696 4157 889 4214 omnis
907 4159 1048 4215 ordo
1073 4157 1508 4216 ecclesiasticus
1523 4160 1647 4216 suis
1663 4163 1990 4220 rectoribus
2099 4157 2378 4226 Ecclesia,
2411 4174 2538 4228 quae
2569 4156 2855 4213 catholica
2879 4175 2998 4212 una
3029 4161 3140 4227 est,
3171 4158 3357 4214 scissa
3388 4176 3500 4215 non
3522 4161 3619 4231 sit,
3654 4178 3758 4218 ne-

337 4243 567 4303 nititur.

335 4333 468 4388 CAP.
527 4333 655 4388 357.
714 4365 783 4377 —-
835 4337 897 4392 Ut
953 4336 1016 4391 in
1048 4336 1360 4392 Treverensi
1390 4337 1528 4393 urbe
1573 4345 1626 4394 et
1674 4339 1988 4396 Coloniensi

403 4404 593 4480 nullus
627 4405 936 4480 inconsulto
958 4409 1214 4480 (Romano
1248 4408 1510 4480 pontiﬁce
1539 4411 1798 4480 eligatur.
1825 4412 1981 4467 Nico-

407 4475 530 4529 taus
551 4475 814 4533 Lothario
843 4479 982 4548 regi.

411 4562 587 4618 Porro
619 4565 758 4635 quia
783 4565 1030 4622 relatum
1058 4570 1147 4622 est
1167 4567 1336 4623 nobis
1361 4569 1515 4640 quod
1543 4568 1889 4642 quicunque
1911 4573 1983 4628 ad

2097 4264 2210 4320 que
2251 4247 2458 4304 divisa.

2166 4368 2294 4420 CAP.
2326 4365 2450 4420 361.
2483 4394 2552 4404 ——
2576 4365 2651 4419 De
2704 4365 2922 4419 unitate
2969 4364 3226 4421 Ecclesiae
3256 4365 3587 4436 Cyprianus.

2013 4464 2061 4528 D
2164 4470 2312 4525 Pelri
2344 4471 2631 4526 unitatem
2665 4470 2764 4540 qui
2808 4487 2924 4526 non
2956 4475 3138 4540 tenet,
3201 4475 3398 4528 tenere
3448 4489 3512 4528 se
3567 4474 3745 4530 fidem

2095 4558 2316 4615 credit?
2346 4560 2453 4623 Qui
2511 4557 2850 4613 cathedram
2907 4558 3087 4621 Petri,
3140 4574 3320 4630 super
3366 4575 3546 4630 quam
3606 4562 3748 4616 fun-

333 4650 735 4724 episcopatum
767 4655 826 4710 in
878 4672 1056 4727 regno
1083 4659 1184 4712 tuo
1234 4659 1674 4728 promovendus
1711 4664 1822 4727 est,
1866 4679 1980 4716 non
2091 4649 2228 4702 data
2273 4651 2363 4702 est
2418 4646 2695 4711 Ecclesia,
2755 4646 2996 4711 deserit,
3055 4647 3114 4700 in
3164 4647 3424 4704 Ecclesia
3480 4665 3544 4704 se
3611 4665 3745 4707 esse

332 4739 451 4794 nisi
487 4741 774 4798 faventem
796 4743 900 4799 tibi
935 4745 1647 4817 permittaseligi,idcirco
1663 4748 1981 4819 apostolica
2089 4735 2328 4792 conﬁdit
2354 4735 2380 4788 Ῡ

329 4829 677 4885 auctoritate
708 4832 818 4887 sub
849 4830 1030 4886 divini
1053 4831 1270 4901 judicii
1297 4833 1686 4890 obtestatione
1719 4835 1976 4909 injungi-

325 4931 459 4972 mus
489 4917 614 4984 tibi,
641 4924 704 4974 ut
728 4919 786 4976 in
812 4919 1149 4976 Treverensi
1177 4921 1341 4991 urbe,
1365 4926 1422 4977 et
1442 4921 1500 4976 in
1526 4923 1852 4997 Agrippina
1869 4925 1974 4981 Co-

320 5003 479 5061 lonia
509 5007 736 5064 nullum
752 5008 887 5081 eligi
911 5008 1177 5082 patiaris,
1193 5013 1509 5081 antequam
1534 5011 1779 5068 relatum
1796 5031 1974 5086 super

317 5094 428 5151 hoc
459 5101 660 5153 nostro
695 5098 796 5155 ﬁat
827 5099 1204 5172 apostolatui.

314 5205 448 5258 CAP.
477 5203 602 5260 358.
635 5235 706 5248 —
734 5207 807 5262 De
855 5207 1194 5331 pro/gsstione
1231 5205 1380 5287 ﬁdei.
1433 5207 1694 5276 Pelagius
1744 5205 1964 5264 Childe-

1006 5294 1066 5331 er
1090 5293 1118 5331 ο
1150 5293 1289 5331 rem.

1006 5293 1118 5332 erro
1150 5293 1289 5346 regi.

2085 4856 2218 4908 CAP.
2246 4853 2369 4907 362.
2395 4851 2644 4928 -—_Quid
2673 4850 2953 4928 agendum
2975 4853 3048 4904 sit
3062 4849 3142 4928 _de
3171 4853 3441 4928 episcopo,
3487 4856 3576 4909 vel
3609 4872 3734 4928 quo-

2154 4939 2366 4994 cunque
2437 4923 2655 4987 cterico,
2715 4923 2812 4993 qui
2866 4930 2984 4992 post
3041 4921 3438 4990 depositionem
3487 4921 3741 4985 cominu-

2153 4998 2344 5051 nicare
2371 4995 2810 5064 praesumpserit.
2837 4995 2932 5046 Ex
2949 4994 3181 5048 concilio
3195 4996 3529 5052 Antiocheno
3542 5015 3666 5071 cap.
3687 5001 3739 5056 4.

2153 5103 2258 5172 (11,
2282 5118 2333 5172 q.
2367 5101 2418 5167 4,
2450 5117 2498 5154 c.
2535 5100 2595 5154 Si
2623 5101 2746 5170 quis
2775 5099 3104 5169 episcopus.)
3136 5099 3196 5154 Si
3229 5099 3368 5170 quis
3417 5103 3736 5176 episcopus

2077 5206 2110 5244 a
2141 5189 2362 5260 synodo
2395 5187 2568 5243 fuerit
2597 5186 2920 5258 depositus,
2943 5187 3032 5242 vel
3064 5187 3388 5258 presbyter,
3419 5191 3509 5245 vel
3542 5193 3737 5248 diaco-

2075 5295 2189 5333 nus
2219 5277 2507 5349 aproprio
2538 5275 2809 5346 episcopo
2854 5276 3308 5342 condemnatus,
3344 5285 3402 5332 et
3450 5295 3736 5350 praesum-

381 5365 492 5435 (25,
527 5383 576 5438 q.
617 5368 665 5439 l,
690 5382 736 5423 ο.
770 5365 1190 5438 Satagendum.)
1219 5365 1618 5436 Satagendum
1651 5368 1739 5420 est
1773 5369 1835 5419 ut
1859 5382 1961 5437 pro
2071 5362 2606 5437 pseritsarcerdotii
2628 5379 2728 5418 seu
2753 5363 2904 5418 sacri
2926 5363 3594 5437 ministeriiquidpiam,
3621 5387 3733 5425 non

311 5453 625 5510 auferendo
657 5455 1012 5529 suspicionis
1039 5455 1317 5511 scandalo
1349 5454 1698 5526 obsequium
1729 5455 1959 5512 confes-

2070 5453 2121 5510 ei
2143 5451 2396 5523 amplius
2430 5450 2621 5522 liceat,
2661 5467 2848 5524 neque
2877 5451 2937 5507 in
2971 5451 3327 5524 aliasynodo
3354 5469 3521 5526 spem
3558 5459 3732 5514 resti-

311 5538 496 5596 sionis
542 5549 753 5602 nostrae
803 5546 1041 5618 regibus
1087 5545 1523 5612 ministremus,
1584 5543 1800 5616 quibus
1852 5563 1958 5602 nos
2067 5541 2310 5599 lutionis
2343 5540 2580 5611 habere,
2608 5557 2798 5612 neque
2830 5540 3175 5598 assertionis
3216 5541 3470 5614 alicujus
3505 5544 3731 5621 locum,
