3978 6060
228 312 337 367 433

935 317 1245 371 DECRETI
1286 317 1470 369 PARS
1509 318 1576 369 V.
1610 343 1677 354 —-—
1707 316 1802 367 DE
1842 312 2165 367 PRIMATU
2202 310 2378 363 ROM.
2410 310 2730 374 ECCLES.,
2771 310 2924 363 ETC.

3538 309 3647 367 £34

222 437 328 492 sed
359 439 417 491 et
448 436 951 494 communicantes
981 437 1033 493 ei
1066 438 1241 509 abjici
1271 455 1475 495 omnes
1507 439 1577 494 ab
1603 436 1869 505 ecclesia,
1900 437 1954 504 Α
1984 437 2175 505 potest
2195 448 2323 489 esse
2348 432 2500 503 quod
2526 430 3104 503 fuerat,nisigradus
3128 430 3381 488 amissos
3403 434 3651 506 recipiat

222 531 283 580 et
314 526 571 581 maxime
615 527 664 581 si
716 530 1030 598 postquam
1083 534 1478 599 cognoverunt
1526 527 1876 583 sententiam

221 614 504 670 adversus
523 631 658 670 eum
679 616 860 672 fuisse
886 616 1191 688 prolatam,
1219 618 1269 672 ei
1289 617 1878 673 contumacitercom-

229 704 683 760 municaverint.

225 834 362 884 CAP.
396 830 520 902 363.
551 860 623 870 -
682 831 757 902 Ne
810 831 1184 900 episcopusin
1237 831 1500 902 aliquem,
1548 830 1713 886 etiam
1770 830 1880 884 sibi

297 901 631 975 confessum,
666 901 821 956 dicat
849 906 993 975 quod
1019 904 1255 973 probare
1283 901 1393 957 non
1420 903 1607 975 possit.
1640 903 1723 957 Ex
1757 917 1880 956 con-

295 971 456 1027 ciltio
486 972 917 1042 Carthagincnsi
945 971 1031 1042 vr,
1048 991 1169 1046 cap.
1201 976 1253 1029 5.

291 1081 434 1133 Item
464 1078 831 1150 placuit,utsi
863 1082 1099 1151 quando
1123 1082 1440 1151 episcopus
1456 1080 1877 1151 dicitaliquem

221 1167 337 1223 sibi
369 1168 481 1223 soli
514 1168 821 1240 proprium
854 1171 1076 1225 crimen
1111 1170 1293 1225 fuisse
1327 1170 1667 1225 confessum
1699 1174 1878 1240 atque

223 1256 323 1312 ille
354 1262 546 1328 neget,
579 1274 695 1312 non
730 1263 898 1329 putet
929 1260 999 1315 ad
1032 1259 1315 1329 injuriam
1349 1276 1519 1314 suam
1570 1258 1878 1330 episcopus

224 1348 543 1417 pertinere,
579 1349 733 1417 quod
767 1348 850 1401 illi
886 1348 993 1402 soli
1020 1365 1134 1403 non
1161 1348 1506 1414 creditur,et
1530 1347 1578 1402 si
1602 1348 1879 1419 scrupulo

228 1436 480 1506 propriae
514 1437 889 1491 conscientia:
921 1453 982 1492 se
1014 1437 1158 1491 dicit
1190 1439 1425 1507 neganti
1446 1437 1599 1492 nolle
1616 1454 1878 1493 commu-

230 1523 448 1590 nicare,
484 1525 745 1594 quandiu
776 1526 1282 1581 excommunicato
1316 1544 1429 1580 non
1479 1526 1880 1581 communica-

222 1611 373 1667 verit
404 1629 550 1667 suus
580 1612 913 1685 episcopus,
947 1615 1139 1669 eidem
1164 1615 1441 1687 episcopo
1465 1616 1536 1668 ab
1574 1615 1725 1680 aliis,
1766 1632 1878 1669 non

226 1701 699 1756 communicetur
717 1702 1030 1773 episcopis,
1056 1708 1119 1756 ut
1143 1703 1331 1774 magis
1353 1708 1550 1758 caveat
1571 1705 1880 1775 episcopus

230 1806 303 1844 ne
335 1790 491 1845 dicat
511 1789 568 1844 in
596 1808 976 1862 quemquam,
1004 1792 1155 1863 quod
1196 1792 1327 1847 aliis
1352 1793 1722 1848 documentis
1744 1810 1879 1848 con-
1910 1809 1958 1875 Β

225 1877 462 1933 vincere
498 1895 613 1934 non
657 1884 867 1951 potest.

270 2012 698 2071 ΟΑΡ.364.-υε
724 2014 940 2072 eodem.
966 2016 1050 2069 Ea:
1070 2014 1302 2070 concilio
1330 2016 1558 2071 Vasensi
1586 2032 1758 2086 r,cap.
1788 2018 1842 2071 8.

303 2140 380 2205 (6,
415 2154 466 2209 q.
529 2142 585 2203 2,
631 2154 677 2192 c.
731 2138 792 2192 Si
832 2142 1053 2193 tantum
1098 2138 1426 2209 episcopus.)
1460 2139 1619 2203 Quod
1663 2140 1711 2195 si
1744 2146 1879 2195 tan-

228 2230 358 2280 tum
392 2227 704 2297 episcopus
733 2226 906 2281 alieni
956 2228 1193 2282 sceleris
1255 2244 1316 2283 se
1368 2230 1669 2283 conscium
1721 2230 1880 2285 novit

227 2315 491 2386 quandiu
519 2316 765 2386 probare
784 2333 898 2370 non
924 2321 1138 2388 potest,
1165 2317 1311 2371 nihil
1336 2318 1726 2388 proferat,sed
1743 2335 1876 2373 cum

225 2405 356 2474 ipso
391 2406 460 2458 ad
478 2405 986 2475 compunctionem
1004 2406 1384 2475 ejussecretis
1409 2406 1877 2477 correptionibus

224 2491 502 2547 elaboret.
538 2493 668 2559 Qui,
703 2493 752 2547 si
788 2498 1109 2563 correptus,
1146 2494 1500 2564 pertinacior
1524 2495 1715 2559 fuerit,
1740 2500 1796 2549 et
1814 2511 1875 2549 se

226 2582 631 2636 communioni
669 2581 911 2653 publicae
945 2582 1274 2653 ingesserit,
1299 2583 1473 2637 etiam
1492 2584 1540 2638 si
1563 2584 1875 2655 episcopus

229 2670 287 2723 in
315 2672 717 2743 redarguendo
738 2670 859 2735 illo,
885 2687 1057 2741 quem
1082 2672 1511 2742 reumjudicat,
1534 2674 1873 2743 probatione

228 2759 484 2823 deficiat,
519 2760 921 2827 indemnatus,
959 2760 1093 2814 licet
1122 2760 1194 2814 ab
1228 2761 1315 2815 bis
1343 2760 1444 2831 qui
1478 2761 1625 2815 nihil
1654 2763 1871 2833 sciunt,

228 2848 500 2902 secedere
513 2849 585 2901 ad
601 2853 836 2920 tempus
851 2865 953 2919 pro
968 2864 1216 2920 persona
1230 2850 1470 2919 majoris
1485 2850 1869 2920 auctoritatis,

220 2936 529 3005 jubeatur,
560 2936 682 3003 illo,
716 2938 977 3007 quandiu
1008 2938 1239 3007 probari
1264 2937 1408 2992 nihil
1435 2944 1622 3009 potest
1642 2940 1701 2992 in
1720 2955 1871 2994 com-

227 3040 408 3078 mune
440 3024 703 3079 omnium
739 3030 1124 3096 prrsterquam
1156 3027 1286 3097 ejus
1316 3027 1416 3099 qui
1446 3043 1579 3082 eum
1600 3028 1873 3098 reumju-

226 3113 404 3180 dicat,
437 3120 837 3184 permanente.

225 3226 357 3283 CAP.
392 3228 514 3281 365.
549 3258 617 3267 —
670 3230 787 3296 Qua
847 3234 1013 3285 (etate
1060 3230 1282 3285 diaconi
1330 3231 1687 3287 consecrandi
1732 3231 1865 3287 sint.

296 3301 379 3353 Ex
408 3301 599 3355 eodem
624 3300 879 3370 concilio,
913 3319 1031 3373 cap.
1068 3303 1134 3355 16
1164 3302 1332 3372 (conc.
1367 3305 1578 3373 Agat).

294 3407 376 3476 (C.
410 3406 499 3475 46,
533 3407 670 3463 Dist.
700 3408 793 3475 77,
822 3424 869 3461 c.
924 3409 1277 3479 Episcopus).
1331 3409 1651 3479 Episcopus
1696 3411 1871 3465 bene-

221 3494 541 3549 dictionem
593 3495 939 3551 diaconatus
973 3496 1322 3561 minoribus,
1358 3514 1533 3567 quam
1567 3497 1766 3566 viginti
1816 3505 1873 3553 et

221 3584 495 3655 quinque
528 3601 813 3639 annorum
849 3585 1085 3656 penitus
1118 3603 1232 3639 non
1267 3586 1614 3640 committat.
1648 3587 1793 3640 Sane
1822 3586 1868 3641 si

221 3672 519 3744 conjugati
548 3673 795 3743 juvenes
817 3674 1513 3744 consenserintordinari,
1536 3674 1709 3729 etiam
1728 3692 1867 3730 uxo-

222 3779 353 3817 rum
386 3762 657 3817 voluntas
705 3763 786 3817 ita
835 3764 1189 3835 requirenda
1245 3768 1355 3829 est,
1382 3768 1445 3817 ut
1501 3769 1866 3833 sequestrato

221 3851 553 3905 mansionis
607 3851 900 3915 cubiculo,
957 3852 1235 3923 religione
1303 3852 1613 3923 promissa,
1666 3859 1867 3925 postea

218 3955 398 4009 quam
432 3939 650 4011 pariter
681 3940 942 3995 conversi
969 3940 1186 3996 fuerint
1215 3942 1579 3997 ordinentur.

216 4053 357 4126 CAP._
383 4054 508 4107 366.
543 4084 611 4094 -
642 4056 704 4111 Ut
735 4054 991 4123 episcopi,
1022 4056 1333 4126 presbyteri
1380 4065 1431 4111 et
1481 4057 1663 4113 levita?
1707 4073 1865 4113 canes

288 4124 359 4198 ad
388 4126 701 4198 venandum
726 4132 778 4180 et
808 4124 1099 4196 accipitres
1137 4124 1244 4183 non
1291 4128 1545 4198 habeant,
1574 4145 1642 4184 ex
1685 4129 1863 4185 conci-

288 4195 370 4251 lio
398 4197 724 4264 Agat/zensi,
746 4214 864 4269 cap.
897 4195 987 4253 55.

289 4303 452 4361 (Dist.
503 4304 593 4358 34.
657 4305 1021 4375 EpiscOpum).
1090 4304 1415 4376 Episcopis,
1485 4308 1859 4378 presbyteris,

219 4392 599 4460 diaconibus,
632 4409 806 4448 canes
838 4395 908 4448 ad
940 4394 1296 4463 venandum,
1319 4401 1418 4450 aut
1438 4396 1743 4468 accipitres
1764 4398 1863 4452 ha-

213 4481 353 4536 bere
385 4498 500 4536 non
535 4480 726 4537 liceat.
755 4483 917 4547 Quod
951 4484 1007 4537 si
1037 4482 1169 4553 quis
1217 4483 1423 4539 talium
1476 4502 1858 4555 personarum

212 4569 273 4624 in
303 4570 410 4625 bac
440 4570 735 4625 voluntate
763 4569 1104 4642 [voluptate]
1139 4578 1400 4643 repertus
1432 4574 1714 4643 [detectus
1757 4577 1857 4641 al.,

213 4660 508 4730 detentus]
545 4660 755 4715 fuerit:
791 4660 841 4714 si
873 4660 1182 4731 episcopus
1211 4665 1321 4727 est,
1344 4662 1533 4718 tribus
1550 4664 1857 4719 mensibus

212 4764 341 4802 sea
370 4749 780 4803 communione
828 4750 1181 4820 suspendat;
1245 4753 1567 4821 presbyter,
1626 4753 1856 4808 duobus

212 4838 517 4893 mensibus
566 4854 628 4892 se
677 4838 1011 4907 abstineat;
1057 4838 1340 4895 diaconus
1388 4856 1521 4895 vero
1570 4841 1643 4895 ab
1698 4842 1856 4897 omni

210 4924 405 4981 officio
438 4929 493 4980 et
524 4926 938 4982 communione
969 4928 1242 4982 cessabit.

208 5040 341 5095 CAP.
374 5040 501 5095 367.
534 5069 600 5081 —
633 5041 1089 5113 Quidragendum
1119 5041 1193 5095 si!
1213 5041 1278 5095 de
1330 5043 1574 5113 episcopo
1626 5045 1705 5099 vel
1758 5061 1857 5099 cu-

272 5112 584 5185 juscunque
617 5111 839 5167 ordinis
868 5111 1068 5167 clerico
1098 5131 1151 5185 a7
1179 5113 1440 5181 gradibus
1491 5111 1609 5168 suis
1657 5117 1859 5185 injuste

281 5184 507 5251 deiecto.
541 5187 634 5238 Ea:
663 5185 922 5239 Toletano
951 5184 1184 5240 concilio
1217 5185 1335 5255 (xv),
1365 5203 1488 5257 cap.
1522 5188 1592 5240 28
1621 5184 1755 5256 (25).

279 5290 391 5359 (11,
424 5307 476 5360 q.
508 5291 563 5358 3,
594 5306 640 5344 c.
676 5289 1701 5364 Episcopus,presbyter.)Episcopus,
1723 5312 1855 5364 pre-

204 5380 429 5451 sbyter,
456 5383 558 5432 aut
577 5378 879 5448 diaconus,
902 5379 1005 5434 sia
1026 5381 1210 5451 gradu
1230 5398 1336 5435 suo
1360 5382 1576 5452 injuste
1595 5384 1856 5454 dejectus

204 5468 266 5522 in
289 5473 493 5523 sancta
511 5467 1053 5540 [secundalsynodo
1076 5468 1355 5525 innocens
1375 5472 1721 5542 reperiatur,
1738 5491 1852 5529 non

1987 540 2181 578 coram
2216 522 2443 590 altario,
2482 523 2552 577 de
2584 538 2762 575 manu
2791 520 3225 592 episcoporum.
3250 520 3306 574 Si
3338 522 3646 594 episcopus

1986 618 2097 676 est,
2130 611 2411 677 orarium,
2447 609 2733 665 annulum
2766 617 2822 664 et
2873 609 3150 664 baculum
3184 634 3198 675 ;
3226 610 3275 664 si
3326 611 3643 683 presbyter,

1986 702 2240 757 orarium
2258 705 2315 755 et
2330 700 2619 771 planetam
2640 700 2735 769 [aL
2756 698 3070 769 platenam]
3099 698 3179 764 ;si
3197 698 3502 764 diaconus,
3525 716 3648 755 ora-

1988 790 2138 845 rium
2159 794 2216 844 et
2239 789 2453 854 albam,
2480 788 2528 842 si
2553 788 2975 853 subdiaconus,
2992 791 3265 857 patenam
3288 791 3345 841 et
3367 787 3609 843 calicem
3635 799 3649 850 ;

1986 880 2071 934 sic
2102 883 2159 934 et
2207 878 2420 948 reliqui
2452 878 2692 949 gradus,
2740 892 2867 931 eam
2920 876 3350 947 reparationem
3377 876 3469 931 sui
3501 877 3654 933 acci-

1989 969 2175 1040 piant,
2209 984 2410 1038 quam,
2445 983 2579 1022 cum
2611 966 3045 1034 ordinarentur,
3078 970 3480 1036 perceperant.

1988 1093 2121 1147 CAP.
2155 1092 2281 1147 368.
2314 1122 2381 1130 —
2412 1091 2566 1160 Quod
2610 1099 2838 1146 rectores
2884 1092 3258 1145 Ecclesiarum
3300 1092 3484 1159 magis
3534 1093 3651 1145 sint

2059 1162 2422 1233 exspectandi
2449 1172 2503 1217 ct
2539 1163 2857 1233 corrigendi
2886 1177 3058 1233 quam
3104 1160 3299 1217 statim
3334 1162 3652 1231 judicandi.

2057 1232 2353 1302 Gregorius
2410 1232 2701 1289 universis
2744 1232 3007 1304 episcopis
3055 1249 3155 1304 per
3194 1232 3449 1303 Galliam,
3472 1234 3645 1289 Euro-

2055 1324 2208 1377 pam.
2249 1305 2615 1361 Germaniam
2645 1308 2957 1360 constitutis
2986 1304 3085 1376 (At).

2060 1412 2220 1483 (Dist.
2253 1414 2341 1482 45,
2373 1430 2424 1467 c.
2486 1415 2632 1467 Licet
2685 1411 3065 1484 plerumque.)
3102 1411 3256 1466 Licet
3312 1410 3660 1483 plerumque

1989 1502 2256 1557 accidant
2278 1502 2683 1557 sacerdotibus
2705 1518 2831 1571 quzc
2847 1506 2987 1556 sunt
3002 1500 3503 1571 reprehendenda,
3520 1500 3653 1571 plus

1988 1595 2187 1645 tamen
2234 1607 2373 1662 erga
2414 1590 2787 1660 corrigendos
2810 1595 2940 1661 agat
2964 1588 3367 1645 benevolentia
3389 1606 3565 1660 quam
3588 1605 3650 1643 se

1990 1679 2224 1747 veritas,
2258 1680 2391 1751 plus
2425 1679 2748 1735 exhortatio
2779 1696 2955 1750 quam
2988 1678 3327 1748 commotio,
3360 1678 3493 1749 plus
3516 1677 3652 1733 cba-

1990 1769 2132 1823 ritas
2159 1784 2333 1840 quam
2358 1774 2635 1840 potestas,
2665 1785 2800 1824 cum
2824 1785 2994 1823 nemo
3020 1772 3285 1823 nostrum
3310 1768 3434 1823 sine
3456 1782 3652 1837 repre-

1991 1857 2274 1913 hensione
2304 1862 2405 1913 aut
2435 1859 2562 1913 sine
2591 1864 2825 1928 peccato
2856 1857 3029 1913 vivat.
3072 1858 3219 1912 Nam
3266 1856 3315 1911 si
3368 1856 3650 1913 Dominus

1990 1948 2192 2002 statim
2225 1952 2356 2017 post
2388 1948 2606 2002 trinam
2640 1946 3009 2019 negationem
3037 1946 3238 2017 (Matth
3287 1946 3461 2017 xxvx),
3506 1945 3645 2000 bea-

1988 2040 2116 2091 tum
2150 2037 2385 2092 Petrum
2418 2040 2833 2108 praeceptorem
2858 2040 3125 2091 nostrum
3148 2032 3648 2107 apostolumjudi-

1989 2129 2201 2196 casset,
2226 2143 2341 2181 non
2376 2131 2606 2181 tantum
2641 2142 2709 2180 ex
2741 2142 2806 2181 eo
2833 2126 3115 2194 fructum,
3138 2125 3292 2180 sicut
3312 2124 3465 2191 fecit,
3490 2138 3647 2178 rece-

1987 2214 2191 2286 pisset.
2224 2215 2614 2287 Exspectandi
2648 2231 2784 2286 ergo
2819 2216 3008 2287 magis
3063 2218 3201 2269 sunt
3246 2218 3424 2284 atque
3471 2212 3648 2267 corri-

1985 2302 2437 2374 gendirectores
2463 2303 2730 2359 Ecclesiae
2764 2320 2941 2375 quam
2976 2303 3175 2359 statim
3201 2303 3423 2373 absque
3446 2306 3646 2356 nostro

1986 2392 2255 2447 consulto
2280 2393 2617 2462 judicanrli,
2649 2409 2785 2448 cum
2820 2393 3046 2461 majora
3076 2391 3308 2462 negotia
3340 2394 3396 2445 et
3429 2389 3647 2444 difﬁci-

1982 2477 2159 2534 liores
2200 2496 2510 2534 causarum
2560 2479 2750 2534 exitus
2774 2484 3115 2534 sanctorum
3134 2479 3365 2534 Patrum
3380 2493 3637 2533 canones

1981 2568 2203 2638 Spiritu
2241 2570 2336 2623 Dei
2368 2568 2612 2634 conditi,
2644 2572 2700 2621 et
2722 2568 2906 2622 totius
2940 2566 3141 2621 mundi
3167 2565 3487 2621 reverentia
3512 2581 3646 2619 con-

1982 2658 2211 2723 secrati,
2236 2658 2484 2726 jubeant
2509 2657 2619 2711 sub
2644 2662 2856 2711 nostra:
2879 2654 3183 2711 sententiae
3205 2652 3644 2725 exspectatione

1981 2746 2340 2817 suspendere
2374 2752 2693 2817 nostroque
2715 2745 3113 2801 moderamine
3139 2744 3314 2799 finiri.
3353 2742 3518 2798 Unde
3542 2759 3643 2797 ne-

1980 2851 2142 2890 cesse
2174 2840 2263 2890 est
2295 2835 2415 2888 haec
2447 2839 2504 2889 et
2531 2834 2647 2888 alia
2691 2850 2935 2905 quisque
2990 2833 3222 2904 negotia
3246 2830 3644 2887 ecclesisatica

1981 2928 2113 2994 post
2144 2924 2465 2979 multarum
2504 2923 2905 2995 experimenta
2944 2938 3279 2990 causarum,
3331 2920 3642 2977 sollicitius

1979 3012 2255 3085 perspici,
2306 3017 2363 3067 et
2413 3012 2754 3084 diligentius
2816 3011 3145 3084 praecaveri,
3197 3014 3489 3081 quatenus
3540 3023 3643 3079 per

1981 3101 2259 3173 spiritum
2294 3100 2599 3157 cbaritatis
2630 3106 2689 3156 et
2711 3099 2869 3173 pacis
2892 3100 3085 3156 omnis
3105 3100 3380 3155 materies
3402 3098 3643 3154 scanda-

1899 3178 1945 3244 C
1980 3189 2196 3261 lorum,
2232 3196 2289 3245 et
2319 3191 2700 3262 praesumptio
2730 3190 3089 3261 invidorum,
3122 3194 3299 3258 atque
3338 3186 3641 3260 oppressio

1983 3279 2347 3351 simplicium
2369 3280 2615 3334 fratrum
2635 3280 2707 3335 de
2728 3279 2995 3334 ecclesiis
3014 3278 3245 3334 Domini
3267 3278 3633 3333 auferantur.

1980 3369 2050 3422 Et
2082 3369 2233 3423 sicut
2266 3384 2379 3423 non
2412 3367 2537 3422 vult
2569 3367 2891 3439 quisquam
2915 3368 3165 3422 fratrum
3190 3382 3252 3422 se
3274 3363 3641 3434 aliorumju-

1980 3455 2133 3510 dicio
2168 3457 2539 3527 praegravari,
2572 3455 2653 3511 ita
2685 3473 2800 3512 non
2834 3457 3046 3512 audeat
3083 3456 3182 3512 alii
3220 3455 3432 3511 inferre
3480 3453 3637 3526 quod

1979 3542 2093 3599 sibi
2128 3560 2245 3599 non
2274 3544 2401 3599 vult
2431 3545 2575 3600 fieri.

1976 3668 2111 3722 CAP.
2146 3668 2372 3739 369.7_—-
2407 3669 2471 3723 Ut
2509 3669 2700 3722 nullus
2750 3668 3034 3739 episcopus
3082 3678 3313 3739 cogatur
3359 3668 3429 3723 ad
3471 3685 3634 3723 saecu-

2048 3740 2169 3792 lare
2188 3737 2475 3811 judicium,
2498 3738 2708 3805 venire,
2740 3737 2790 3794 et
2815 3740 2880 3794 de
2932 3737 3096 3810 paena
3123 3737 3241 3811 ejus
3288 3743 3385 3810 qui
3430 3742 3635 3811 episco-

2044 3827 2175 3877 pum
2228 3809 2298 3864 ad
2346 3808 2629 3881 judicium
2691 3808 2957 3867 saeculare
3010 3808 3197 3867 venire
3240 3808 3503 3881 ccégcrit.
3562 3813 3638 3866 De

2051 3881 2197 3936 libro
2226 3880 2710 3953 conslitutionum,
2743 3900 2862 3954 cap.
2894 3886 2946 3939 6.

2047 3987 2258 4044 Nullus
2288 3988 2701 4061 episcoporum
2733 3994 2977 4062 cogatur
3009 3988 3387 4061 adjudicium
3438 3989 3635 4044 venire

1974 4076 2204 4132 dicendi
2238 4079 2548 4149 causa,sed
2598 4080 2774 4150 judex
2816 4080 2970 4150 apud
3048 4079 3390 4149 episcopum
3442 4078 3636 4131 mittat

1972 4183 2112 4221 suos
2137 4167 2460 4233 ministros,
2488 4172 2554 4222 ut
2572 4168 2887 4239 propositis
2900 4166 3123 4222 sanctis
3136 4164 3461 4237 Evangeliis
3476 4166 3633 4236 quod

1970 4246 2083 4310 Scit
2113 4256 2426 4325 episcopus
2453 4256 2609 4310 dicat
2639 4256 2969 4310 secundum
3017 4255 3172 4326 quod
3229 4253 3634 4309 sacerdotibus

1970 4341 2283 4397 honestum
2317 4349 2405 4398 est
2435 4347 2528 4398 Ea:
2557 4344 2743 4399 eodem
2762 4361 2880 4415 cap.
2914 4345 2969 4398 7.
3002 4344 3114 4415 (11,
3147 4361 3197 4414 q.
3232 4343 3285 4410 1,
3336 4359 3382 4398 c.
3434 4343 3633 4398 Nullus

1974 4433 2279 4503 episcOpus,
2301 4433 2394 4487 sed
2422 4434 2519 4487 sub
2551 4432 2712 4488 titulo
2744 4433 2988 4489 Marcelli
3005 4436 3218 4505 papae.)
3250 4432 3459 4491 Nullus
3498 4434 3626 4504 epi-

1892 4548 1936 4612 D
1968 4537 2181 4591 scopus
2213 4537 2402 4591 neque
2426 4538 2527 4592 pro
2562 4522 2716 4577 civili
2752 4539 2939 4594 neque
2971 4540 3073 4594 pro
3114 4521 3404 4577 criminali
3454 4538 3632 4577 causa

1969 4610 2123 4679 apud
2158 4610 2425 4679 quemvis
2451 4609 2709 4679 judicem
2744 4611 2865 4665 sive
2893 4610 3147 4675 civilem,
3171 4611 3290 4667 sive
3314 4610 3625 4666 militarem

1968 4698 2345 4769 producatur,
2383 4698 2468 4752 vel
2501 4698 2865 4769 exhibeatur,
2919 4700 3030 4755 nisi
3074 4699 3395 4772 imperialis
3436 4699 3626 4770 jussio

1970 4788 2338 4857 processerit.
2373 4787 2752 4859 Magistratus
2785 4788 2943 4843 enim
2968 4788 3418 4860 quibocjubere
3444 4806 3625 4845 ausus

1969 4876 2163 4939 fuerit,
2197 4876 2516 4931 amissione
2550 4876 2765 4948 cinguli
2801 4881 2858 4931 et
2898 4894 2971 4931 xx
3004 4878 3289 4933 librarum
3325 4878 3449 4934 auri
3483 4896 3625 4934 con-

1966 4965 2336 5019 demnatione
2360 4965 2667 5035 plectatur,
2698 4973 2759 5020 ut
2783 4966 2906 5021 ista:
2938 4968 3143 5038 viginti
3174 4968 3339 5023 libris
3368 4967 3623 5023 ecclesiae

1966 5052 2279 5107 addicantu
2292 5071 2337 5118 r,
2362 5055 2533 5123 cujus
2549 5053 2859 5125 episcopus
2874 5057 3117 5127 produci
3130 5057 3215 5112 vel
3231 5057 3627 5128 cxbiberijus-

1967 5158 2070 5196 sus
2102 5147 2212 5196 est.
2248 5141 2389 5196 Litis
2422 5147 2617 5197 autem
2650 5150 2959 5199 exsecutor
2997 5152 3131 5216 post
3178 5146 3394 5217 cinguli
3446 5148 3627 5201 amis-

1966 5226 2194 5283 sionem
2220 5231 2529 5285 tormentis
2549 5232 2899 5302 subjiciatur
2916 5234 3051 5288 etin
3068 5234 3313 5305 equuleo
3338 5235 3622 5290 mittatur.

1965 5316 2099 5372 CAP.
2133 5318 2255 5373 370.
2290 5348 2358 5393 -;-
2388 5319 2464 5373 Ne
2487 5319 2771 5391 episcopus
2803 5322 3040 5389 aleator,
3074 5340 3174 5378 nec
3203 5323 3407 5393 aliquis
3444 5322 3619 5377 cleri-

2035 5405 2150 5455 cus,
2183 5405 2282 5444 nec
2312 5391 2575 5446 ludorum
2602 5398 2889 5464 spectator
2907 5395 3032 5463 ﬁat.
3067 5391 3308 5462 lbidcm,
3341 5411 3461 5464 cap.
3491 5396 3543 5448 9.

1962 5480 2166 5549 Neque
2197 5478 2531 5552 episcopus,
2567 5499 2756 5553 neque
2804 5484 3131 5554 presbyter,
3182 5498 3370 5553 neque
3422 5483 3617 5540 diaco-

282 5610 395 5683 (73)
440 5610 722 5684 Pleraque
770 5612 980 5669 horum
1030 5611 1306 5684 leguntur
1361 5615 1557 5687 epist.,
1588 5618 1659 5671 8-1
1710 5617 1917 5675 Leonis
1956 5638 2089 5693 pap.
2126 5627 2166 5690 Ι,
2192 5624 2263 5679 ad
2296 5627 2497 5680 Anast.
2533 5624 2797 5681 Thessal.
2829 5625 3033 5697 episc.,
3060 5642 3111 5685 ο.
3134 5628 3183 5682 1.
