3960 6072
337 282 445 345 ιθε

1419 291 1486 343 ι).
1525 288 1766 344 IVONIS
1801 287 2298 345 ΟΔΒΝΟΤΕΝΒῙΒ
2331 289 2653 346 EPIBCOPI

3647 290 3765 347 £36

337 425 472 472 nus,
507 422 696 480 neque
717 407 1136 480 subdiaconus,
1170 423 1358 482 neque
1389 411 1591 478 lector,
1620 426 1808 483 neque
1828 410 1978 467 alius
2007 414 2064 480 Α
2093 411 2250 467 tione
2267 410 2731 468 etsollicitudine
2744 412 3397 469 ﬁericustodiendorum
3411 413 3762 470 divinorum

337 497 747 570 cujuscunque
777 497 1035 569 religiosi
1071 498 1348 554 consortii
1379 499 1466 555 vel
1500 499 1742 556 habitus
1773 502 1985 557 consti-

337 590 527 652 tutus,
558 587 870 642 tabolizare
901 586 1132 656 audeat,
1150 587 1234 643 vel
1256 587 1452 644 socius
1473 588 1804 644 ludentium
1837 590 1984 655 ﬁeri,

338 675 429 730 vel
452 678 762 746 spectator,
785 675 873 730 vel
893 675 948 730 in
964 692 1312 748 quocunque
1329 677 1662 748 spectaculo
1685 679 1985 750 spectandi

341 781 522 820 causa
540 765 759 820 venire.
791 768 867 820 Ac
898 765 945 820 si
978 766 1112 836 quis
1134 771 1338 821 contra
1361 766 1480 822 haec
1504 768 1721 838 fecerit,
1745 785 1848 840 per
1868 773 1987 824 tres

341 871 528 911 annos
559 872 592 910 a
622 871 784 910 sacro
816 854 1564 926 ministerioprohibeatur.

340 960 477 1032 Cap.
509 961 726 1016 371.--
773 963 835 1017 Ut
879 962 1640 1034 nullusexcommunicetur,
1694 968 1988 1034 antequam

372 1048 536 1088 causa
549 1032 1132 1089 excommunicationis
1152 1036 1267 1105 ejus
1286 1036 1566 1106 probetur.
1590 1035 1749 1104 Ibid.,
1771 1032 1844 1090 cf
1867 1039 1948 1090 11.

410 1141 483 1210 (2.
509 1156 560 1210 q.
597 1143 618 1192 1
659 1181 673 1209 ,
703 1157 751 1195 c.
784 1140 949 1196 Nemo
979 1140 1308 1212 episcOpus.)
1331 1141 1511 1196 Nemo
1532 1141 1864 1212 episcopus,
1888 1157 1986 1195 nc-

338 1245 429 1284 mo
476 1231 782 1301 presbyter
828 1230 1294 1285 excommunicet
1341 1229 1620 1301 aliquem,
1670 1235 1986 1300 antequam

337 1334 517 1373 causa
547 1319 826 1390 probetur
852 1323 1088 1390 propter
1118 1335 1294 1389 quam
1341 1319 1689 1374 ecclesiatici
1734 1335 1989 1373 canones

337 1405 446 1461 hoc
479 1407 604 1460 ﬁcri
630 1406 866 1477 jubent.
899 1405 959 1460 Si
992 1405 1124 1477 quis
1157 1410 1351 1460 autem
1387 1407 1666 1462 adversus
1716 1423 1843 1462 eam
1893 1421 1986 1460 ex-

340 1495 865 1551 eommunicaverit
894 1494 1168 1563 aliquem,
1201 1494 1298 1549 ille
1325 1495 1422 1565 qui
1447 1495 1990 1550 excommunicatus

339 1591 447 1654 est,
481 1585 722 1655 majoris
753 1582 1075 1639 sacerdotis
1107 1584 1454 1638 auctoritate
1483 1584 1552 1638 ad
1582 1585 1828 1655 gratiam
1853 1600 1986 1638 san-

342 1678 448 1730 ctae
478 1672 910 1730 communionis
930 1673 1161 1739 redeat;
1188 1673 1238 1728 is
1261 1677 1453 1727 autem
1469 1673 1565 1744 qui
1591 1690 1703 1728 non
1728 1673 1990 1744 legitime

342 1763 892 1832 excommunicavit,
914 1763 972 1817 in
997 1767 1228 1818 tantum
1256 1763 1991 1835 abstineattempusquan-
2021 1789 2070 1854 Β

341 1859 467 1909 tum
500 1855 711 1924 majori
745 1852 1030 1908 sacerdoti
1060 1852 1248 1908 visum
1274 1851 1469 1922 fuerit,
1493 1858 1559 1908 ut
1581 1853 1734 1925 quod
1776 1853 1994 1922 injuste

342 1943 500 2010 fecit,
533 1944 660 2014 ipse
682 1943 846 2013 juste
870 1941 1146 2013 patiatur.

340 2051 477 2106 CAP.
505 2050 629 2104 372.
663 2080 731 2088 —
760 2051 822 2105 Ut
852 2048 1140 2119 cpiscopus
1167 2048 1319 2103 omni
1347 2047 1582 2103 scientia
1623 2048 1761 2117 legis
1789 2047 1994 2104 divinae

660 2119 734 2176 sit
760 2119 1083 2191 instructus,
1116 2119 1324 2191 Synodi
1359 2137 1438 2174 v11
1469 2137 1588 2191 cap.
1620 2121 1673 2176 2.

343 2217 630 2285 Quoniam
664 2217 988 2290 psallentes
1021 2217 1488 2288 repromittimus
1525 2217 1679 2272 Deo:
1716 2218 1775 2272 in
1811 2217 1995 2288 justi-

341 2308 692 2381 ficationibus
722 2307 1062 2374 meditabor,
1094 2323 1206 2362 non
1234 2305 1541 2362 obliviscar
1567 2323 1840 2362 sermones
1877 2317 1998 2362 tuos

343 2397 516 2469 (Psal.
553 2399 783 2466 cxvm):
819 2412 1021 2452 omnes
1055 2395 1291 2466 quidem
1315 2395 1667 2451 christianos
1689 2395 1997 2451 observare

343 2486 802 2543 saluberrimum
828 2490 936 2553 est,
961 2485 1060 2541 sed
1088 2484 1377 2556 prmcipue
1398 2484 1505 2540 hos
1529 2484 1628 2555 qui
1653 2483 2000 2539 ecclesiasti-

344 2593 470 2632 cam
505 2575 805 2632 consecuti
832 2574 1050 2630 fuerint
1070 2573 1440 2645 dignitatem.
1467 2573 1627 2628 Unde
1648 2573 1997 2643 difﬁnimus,

343 2682 578 2722 omnem
603 2665 703 2737 qui
727 2666 795 2720 ad
816 2665 1189 2737 episcopatus
1203 2663 1994 2734 provehendusestgradum,

350 2755 542 2811 modis
571 2754 845 2810 omnibus
878 2753 1221 2824 psalterium
1255 2767 1428 2806 nosse
1455 2768 1467 2806 :
1503 2755 1566 2806 ut
1593 2768 1663 2806 ex
1683 2751 1790 2806 hoc
1821 2752 1994 2806 etiam

347 2843 544 2899 omnis
576 2843 768 2898 clerus
799 2841 896 2912 qui
930 2841 1042 2894 sub
1074 2857 1138 2895 eo
1167 2840 1341 2894 fuerit
1373 2841 1454 2895 ita
1475 2845 1780 2895 moveatur
1802 2845 1859 2893 et
1883 2840 1998 2893 im-

342 2930 928 3002 buatur.lnquiratur
945 2935 1141 2984 autem
1158 2929 1467 3000 diligenter
1483 2946 1516 2983 a
1529 2927 1996 3001 metrOpolitano,

345 3021 394 3076 si
430 3021 488 3075 in
521 3023 796 3091 promptu
829 3017 1045 3073 haheat
1075 3017 1490 3089 legemlegere,
1516 3017 1912 3074 scrutabiliter
1942 3022 1998 3073 et

346 3127 461 3164 non
496 3108 853 3173 transitoria,
902 3111 1019 3161 tam
1069 3123 1267 3162 sacros
1317 3122 1572 3162 canones
1623 3111 1679 3162 et
1727 3111 1994 3162 sanctum

347 3197 747 3270 Evangelium,
773 3213 948 3268 quam
974 3194 1150 3250 divini
1179 3194 1996 3266 apostolilibrum,etomnem

347 3287 606 3344 divinam
631 3287 993 3358 Scripturam
1021 3291 1223 3355 ;atque
1237 3284 1563 3341 secundum
1579 3285 1858 3341 mandata
1871 3303 2002 3341 con-

347 3377 591 3448 versari,
625 3381 681 3432 et
710 3376 916 3431 docere
949 3374 1234 3446 populum
1262 3373 1373 3430 sibi
1407 3375 1790 3430 commissum
1818 3391 1831 3428 :
1866 3375 2000 3431 sub-

349 3467 568 3522 stantia
597 3465 752 3521 enim
786 3465 1006 3520 summi
1039 3463 1346 3520 sacerdotii
1377 3463 1560 3518 nostri
1600 3468 1741 3518 sunt
1770 3463 2002 3534 eloquia

353 3555 636 3610 divinitus
668 3553 906 3618 tradita,
939 3553 995 3608 id
1029 3558 1138 3622 est,
1169 3570 1306 3608 vera
1327 3551 1654 3607 divinarum
1673 3553 2001 3625 Scriptura-

351 3660 484 3698 rum
514 3641 848 3714 disciplina,
883 3643 1382 3714 quemadmodum
1433 3658 1685 3713 magnus
1736 3642 2002 3714 perhibet

348 3733 683 3805 Dionysius.
717 3732 876 3796 Quod
908 3732 958 3788 si
991 3732 1423 3804 disceptaverit,
1457 3735 1514 3787 et
1545 3731 1626 3786 ita
1650 3731 1900 3786 libenter
1915 3732 2001 3787 fa-

345 3837 472 3876 cere
485 3826 540 3877 et
559 3822 767 3877 dooere
781 3821 1026 3877 minime
1038 3821 1435 3892 spoponderit,
1450 3819 1786 3875 nullatenus
1800 3837 2000 3875 conse-

345 3914 558 3967 oretur.
577 3910 840 3966 Aitenim
859 3926 960 3981 per
972 3909 1316 3982 prophetam
1331 3909 1517 3964 Deus:
1541 3910 1613 3963 Tu
1624 3908 1910 3964 scientiam
1923 3924 2004 3963 re-

339 4000 561 4072 pulisli,
584 4003 637 4056 et
662 4015 756 4071 ego
787 3997 1058 4071 repellam
1090 4003 1159 4070 te,
1181 4015 1250 4054 ne
1268 3998 1573 4054 sacerdotio
1592 3997 2004 4068 fungarismihi

345 4090 484 4162 (0se.
522 4089 619 4162 1v).

347 4197 478 4252 CAP.
513 4196 636 4252 373.
669 4227 739 4236 -—-
770 4195 920 4264 Quod
949 4195 1118 4250 semel
1147 4196 1208 4249 in
1253 4210 1399 4250 anno
1447 4194 1683 4266 concilia
1727 4195 2002 4266 episcopo-

420 4285 545 4323 rum
573 4268 804 4323 debeant
833 4267 1122 4338 celebrari,
1160 4274 1210 4322 et
1240 4283 1348 4323 non
1383 4266 1481 4321 bis.
1515 4265 1681 4332 lbid.,
1714 4282 1836 4336 cap.
1871 4265 1926 4321 6.

420 4365 583 4434 (Dist.
621 4365 706 4432 18,
738 4381 782 4419 c.
810 4364 1079 4433 Quoniam
1101 4365 1363 4436 quidem.)
1387 4364 1871 4435 Quandoquidem
1910 4380 2002 4420 re-

349 4452 490 4525 gula
519 4457 608 4508 est
637 4469 761 4524 qua:
795 4453 936 4509 dicit
967 4454 1056 4509 bis
1097 4453 1156 4508 in
1205 4471 1356 4509 anno
1401 4468 1506 4524 per
1553 4453 1818 4526 singulas
1867 4471 2001 4526 pro-

2093 505 2151 556 et
2177 501 2543 558 vivificorum
2567 502 2796 558 Domini
2825 503 3263 558 mandatorum.
3287 503 3348 556 ln
3376 503 3760 560 custodiendis

2094 589 2250 644 enim
2283 590 2402 645 illis
2432 590 2730 646 retributio
2760 591 2947 646 multa
2976 591 3148 663 (Psal.
3172 592 3375 662 xvm);
3405 591 3546 662 quia
3573 598 3633 647 et
3663 593 3762 647 lu-

2091 695 2261 734 cerna
2281 681 2615 734 mandatum
2636 697 2656 742 ;
2684 679 2778 735 lea:
2801 684 2996 735 autem
3024 681 3140 749 lux,
3167 689 3218 736 et
3244 680 3334 735 via
3359 680 3480 736 vita
3502 684 3760 752 argutia,

2094 777 2145 823 et
2183 768 2484 840 disciplina
2530 773 2609 823 est
2654 770 2842 840 (Prov.
2875 769 2952 840 v1)
2971 786 2992 830 ,'
3015 773 3105 824 et:
3167 769 3483 825 Mandatum
3529 770 3765 826 Domini

2094 857 2362 927 Incidunt,
2397 857 2737 913 illuminans
2765 859 2953 914 oculos
2985 858 3158 929 (Psal.
3195 859 3379 924 xvm).
3412 859 3590 916 Porro
3635 878 3759 916 non

2096 944 2309 1000 habeat
2341 947 2827 1017 metropolitanus
2861 947 3160 1003 licentiam
3194 953 3252 1003 et
3274 947 3390 1019 his,
3413 965 3545 1019 quae
3566 949 3765 1006 defert

2095 1034 2408 1106 episCOpus
2429 1051 2652 1103 secum;
2670 1036 3176 1106 sivteumentum,
3197 1036 3320 1092 sive
3341 1035 3608 1110 aliquam
3628 1055 3763 1110 spe-

2096 1122 2244 1178 ciem
2280 1125 2603 1196 expetendi.
2626 1125 2788 1190 Quod
2811 1125 2863 1180 si
2887 1125 2994 1181 hoc
3028 1125 3220 1198 egisse
3247 1126 3605 1197 conjunctus
3629 1127 3762 1184 fue-

2099 1211 2195 1280 rit,
2229 1211 2417 1268 solvat
2445 1213 2867 1284 quadruplum.

2097 1299 2228 1356 ΟΑΡ.
2263 1302 2387 1358 374.
2421 1333 2489 1344 --
2518 1303 2593 1357 De
2621 1301 2914 1374 ceconomis
2943 1318 3044 1373 per
3071 1303 3321 1374 singulas
3350 1304 3610 1362 ecclesias
3629 1322 3762 1362 con-

2512 1375 2726 1429 slituen
2754 1373 2866 1429 dis.
2899 1375 3063 1444 lbid.,
3093 1373 3212 1448 cap.
3253 1376 3335 1431 Η.

2170 1461 2244 1531 (9,
2277 1477 2327 1532 q.
2362 1462 2418 1529 5,
2448 1477 2495 1516 c.
2528 1465 2668 1518 Cum
2699 1462 2914 1536 simus).
2938 1465 3082 1519 Cum
3107 1464 3297 1521 simus
3319 1464 3618 1521 debitores
3641 1481 3766 1521 om-

2099 1565 2203 1604 nes
2232 1566 2431 1606 sacras
2463 1550 2699 1624 regulas
2733 1553 3052 1620 custodire,
3076 1568 3206 1609 eam
3230 1571 3355 1626 quae
3379 1554 3526 1609 dixit
3555 1554 3614 1608 in
3641 1571 3764 1609 una

2099 1655 2333 1710 quaque
2355 1639 2598 1695 ecclesia
2620 1657 2956 1697 asconomns
2978 1659 3128 1707 esse,
3155 1642 3344 1698 modis
3365 1643 3642 1698 omnibus
3664 1643 3763 1697 in-

2097 1726 2432 1783 violabilem
2466 1745 2805 1784 conservare
2835 1731 3141 1798 debemus,
3175 1737 3230 1786 et
3247 1731 3539 1801 siquidem
3565 1747 3765 1785 unus-

2103 1817 2352 1887 quisque
2384 1817 2871 1889 metropolitanus
2903 1819 2960 1875 in
2993 1837 3102 1875 sua
3124 1819 3368 1875 ecclesia
3384 1819 3764 1875 constituerit

2105 1921 2496 1976 meonomum,
2528 1907 2673 1962 bene
2705 1907 2908 1980 utique
2935 1926 2948 1974 ;
2979 1909 3072 1964 sin
3105 1913 3302 1964 autem
3324 1924 3392 1963 ex
3409 1908 3762 1964 auctoritate

2105 1995 2341 2066 propria
2388 1996 2976 2068 Constantinopoleos
3035 1997 3327 2069 episcopis
3379 1997 3622 2053 licentia
3671 2001 3763 2052 est

2107 2084 2485 2155 praeponendi
2518 2101 2849 2141 ceconomos
2870 2086 2928 2140 in
2950 2087 3078 2158 ejus
3107 2086 3375 2153 ecclesia,
3406 2085 3686 2142 similiter
3706 2090 3768 2142 et

2107 2171 2596 2244 metropolitanis,
2629 2173 2679 2229 si
2713 2174 2971 2248 episcopi
3005 2175 3106 2246 qui
3133 2175 3245 2230 sub
3276 2175 3422 2246 ipsis
3453 2180 3598 2232 sunt
3643 2192 3764 2230 non

2107 2261 2428 2333 sategerint
2479 2278 2813 2318 oeconomos
2864 2267 3121 2320 statuere
3171 2264 3230 2318 in
3285 2264 3411 2319 suis
3468 2263 3766 2320 ecclesiis.

2107 2350 2373 2422 Idipsum
2425 2355 2621 2408 autem
2672 2353 3026 2410 servandum
3073 2358 3163 2409 est
3210 2353 3387 2409 etiam
3439 2353 3498 2408 in
3555 2369 3768 2409 mona-

2109 2438 2328 2494 steriis.

2108 2527 2242 2583 CAP.
2276 2529 2400 2583 375.
2435 2560 2500 2603 _—
2531 2529 2606 2585 Ne
2645 2531 2926 2603 episc0pus
2976 2533 3060 2588 vel
3108 2531 3273 2588 abbas
3321 2531 3503 2587 alicui
3547 2533 3771 2603 princ:-

2175 2601 2451 2674 pum,_uel_
2475 2602 2795 2671 parentibus
2823 2601 2941 2658 suis
2968 2605 3214 2674 fundum
3255 2606 3498 2660 ecclesia:
3546 2601 3767 2673 largia-

2189 2679 2300 2724 tur.
2337 2671 2496 2742 lbid.,
2527 2689 2648 2741 cap.
2687 2678 2769 2727 t3.

2181 2761 2237 2814 Si
2273 2760 2406 2830 quis
2437 2761 2749 2834 episcopus
2776 2763 2863 2818 vel
2895 2764 3078 2820 abbas
3111 2765 3384 2820 inventus
3433 2763 3631 2834 fuerit,
3693 2764 3768 2819 de

2109 2848 2306 2904 alariis
2338 2849 2619 2921 episcopi,
2654 2853 2774 2908 sive
2806 2853 3184 2909 monasteriis
3226 2854 3544 2909 transferre
3583 2853 3766 2924 quid-

2108 2953 2281 3008 quam
2315 2938 2373 2993 in
2403 2939 2738 3010 principum
2773 2958 3008 3010 manus,
3039 2941 3125 2996 vel
3159 2941 3338 2997 etiam
3370 2941 3591 3013 aliquid
3629 2957 3766 3014 per-

2114 3043 2268 3081 sonte
2299 3024 2471 3082 alicui
2506 3029 2790 3100 conferre,
2823 3030 3052 3085 irritum
3087 3030 3176 3085 sid
3209 3031 3364 3102 quod
3397 3031 3601 3085 datum
3635 3046 3770 3086 esse

2110 3116 2456 3187 constiterit,
2494 3119 2819 3178 secundum
2850 3135 3132 3174 canonem
3167 3125 3502 3175 sanctorum
3527 3123 3770 3190 aposto-

2111 3201 2301 3258 lorum
2327 3208 2427 3276 qui
2459 3209 2630 3263 dicit:
2665 3207 2942 3262 Omnium
2984 3206 3516 3264 ecclesiasticarum
3565 3224 3767 3263 rerum

2109 3293 2422 3366 episcopus
2467 3295 2682 3351 habeat
2721 3295 3178 3366 solicitudinem,
3215 3301 3280 3352 ut
3321 3297 3628 3368 dispenset
3667 3315 3771 3354 eas

2109 3385 2391 3454 tanquam
2420 3385 2536 3440 Deo
2559 3385 3016 3456 oontemplante.
3041 3386 3163 3442 Non
3192 3386 3365 3442 licere
3382 3391 3580 3442 autem
3609 3387 3770 3443 frau-

2111 3471 2248 3527 dare
2261 3471 2309 3528 ei
2327 3473 2644 3544 quidquam
2662 3473 2880 3544 exillis,
2899 3474 2985 3531 vel
3001 3475 3268 3546 cognatis
3286 3475 3771 3548 propriisdonare

2110 3577 2242 3631 quae
2273 3561 2372 3617 Dei
2406 3569 2566 3618 sunt.
2601 3564 2761 3627 Quod
2795 3563 2841 3618 si
2875 3581 3162 3636 pauperes
3184 3565 3420 3634 fuerint,
3444 3569 3508 3619 ut
3547 3583 3769 3637 paupe-

2111 3649 2274 3705 ribus
2306 3650 2614 3723 largiatur,
2647 3653 2746 3707 scd
2783 3670 2896 3707 non
2925 3653 3034 3707 sul)
3064 3653 3274 3708 horum
3309 3655 3616 3709 occasione
3639 3671 3769 3726 qua:

2113 3746 2252 3793 sunt
2285 3740 2541 3798 ecclesias
2573 3741 3015 3797 defraudontur.
3051 3743 3213 3806 Quod
3248 3742 3295 3798 si
3323 3743 3769 3798 excusationem

2109 3829 2551 3898 praetenderint,
2588 3829 2867 3884 damnum
2903 3829 3112 3899 facere,
3174 3837 3227 3904 et
3262 3829 3407 3885 nihil
3439 3831 3509 3886 ad
3544 3831 3772 3902 profec-

2110 3920 2236 3970 tum
2252 3933 2460 3989 agrum
2476 3918 2727 3974 existere
2750 3937 2764 3986 ;
2785 3934 2891 3973 nec
2915 3917 2999 3973 sic
3014 3919 3383 3991 principibus
3397 3919 3497 3991 qui
3520 3919 3649 3976 loca
3668 3936 3774 3992 per

2111 4005 2214 4062 illa
2243 4011 2406 4077 sunt,
2437 4009 2738 4063 tribuatur
2761 4025 2899 4080 ager
2929 4007 3024 4065 ille
3057 4008 3142 4066 vel
3175 4007 3363 4076 locus,
3397 4010 3497 4065 sed
3539 4009 3771 4066 clericis

2110 4094 2200 4151 vel
2247 4095 2722 4166 agricultoribus.
2757 4098 2919 4161 Quod
2955 4097 3002 4153 si
3041 4097 3315 4154 callidate
3371 4113 3515 4154 usus
3569 4099 3772 4166 fuerit,

2112 4189 2170 4240 et
2189 4201 2222 4239 a
2251 4183 2454 4240 colono
2479 4183 2566 4239 vel
2588 4186 2796 4242 clerico
2818 4186 3022 4242 emerit
3039 4187 3312 4259 princeps
3335 4203 3566 4259 agrum,
3589 4188 3772 4243 etiam

2115 4273 2200 4330 sic
2233 4272 2402 4329 irrita
2433 4275 2512 4330 sit
2535 4275 2884 4342 venditio,et
2908 4276 3251 4331 restituatur
3271 4275 3328 4331 in
3355 4276 3655 4349 episcOpio
3680 4277 3772 4332 vel

2114 4363 2172 4417 in
2207 4363 2590 4431 monasterio,
2623 4368 2679 4418 et
2709 4363 3022 4436 episc0pus
3049 4366 3135 4419 vel
3171 4365 3355 4420 abbas
3387 4363 3498 4420 hoc
3550 4366 3775 4422 faciens

2114 4451 2448 4522 abjiciatur,
2483 4453 2794 4524 cpiscopus
2825 4453 3063 4525 quidem
3110 4454 3182 4508 ab
3231 4454 3556 4526 episcopio,
3588 4455 3773 4511 abbas

349 4541 572 4597 vincias
604 4546 872 4614 oportere
905 4543 1028 4598 ﬁeri
1052 4559 1154 4616 per
1191 4548 1539 4599 conventum
1595 4543 2004 4617 episcoporum
2037 4533 2083 4598 D
2117 4545 2312 4598 autem
2345 4556 2379 4595 a
2411 4543 2787 4612 monasterio,
2811 4547 3092 4614 tanquam
3128 4543 3226 4614 qui
3261 4543 3552 4616 dispergit
3595 4545 3769 4614 male,

351 4629 650 4702 regulares
681 4631 1116 4702 inquisitiones,
1150 4637 1385 4704 propter
1417 4633 1840 4705 fatigationem,
1866 4639 2005 4689 etut

353 4726 678 4794 opportune
705 4721 1056 4792 habeantur,
1088 4724 1158 4778 ad
1192 4723 1303 4778 iter
1326 4724 1640 4794 agendum,
1668 4724 1726 4778 hi
1751 4725 1848 4796 qui
1873 4741 2005 4779 con-

353 4810 638 4884 gregandi
669 4816 830 4883 sunt,
863 4812 1231 4867 difﬁnierunt
1254 4817 1425 4867 sextae
1448 4813 1656 4884 synodi
1689 4813 1875 4868 sancti
1898 4814 2002 4870 Pa-

353 4905 494 4969 tres,
530 4900 690 4956 omni
720 4900 1094 4957 excusatione
1128 4903 1369 4967 remota,
1394 4901 1584 4957 modis
1607 4901 1885 4959 omnibus
1911 4919 2004 4960 se-

355 4989 468 5046 mel
501 4989 560 5045 in
591 5007 744 5046 anno
776 4990 897 5045 ﬁeri
929 4995 984 5046 et
1013 4991 1326 5061 depravata
1355 4991 1587 5062 corrigi.
1633 4995 1797 5048 Hunc
1828 5010 2002 5050 cano-

355 5095 488 5135 nem
523 5084 580 5134 et
611 5097 716 5134 nos
748 5095 1120 5145 renovamus,
1175 5084 1232 5134 et
1279 5079 1327 5134 si
1377 5079 1685 5150 quisquam
1736 5081 2004 5153 princeps

353 5166 628 5223 inventus
644 5165 817 5222 fuerit
834 5166 940 5220 hoc
955 5165 1282 5237 prohibere,
1298 5167 1710 5222 communione
1725 5167 2002 5239 privetur.

354 5257 413 5314 Si
453 5255 586 5329 quis
604 5272 737 5312 vero
756 5253 1342 5327 metropolitanorum
1367 5253 1475 5310 hoc
1501 5257 1818 5327 neglexerit
1835 5273 2004 5328 agere

356 5347 579 5419 absque
609 5345 978 5412 necessitate,
1024 5343 1112 5399 vel
1145 5345 1220 5414 vi,
1274 5361 1377 5399 seu
1421 5344 1620 5416 aliqua
1673 5345 2005 5401 rationabili

357 5453 557 5506 causa,
589 5435 916 5503 occasione,
949 5433 1248 5490 canonicis
1275 5434 1464 5506 poenis
1495 5435 1813 5504 subjaceat.
1856 5440 2003 5490 Dum

356 5531 550 5582 autem
577 5527 837 5599 synodus
861 5525 1054 5598 agitur
1070 5541 1249 5596 super
1263 5523 1558 5581 canonicis
1580 5528 1637 5580 et
1657 5523 2005 5597 evangelicis

359 5617 631 5690 negotiis,
657 5620 880 5688 oportet
912 5619 1293 5688 congregatos
1329 5614 1637 5688 episcopos
1663 5614 1722 5671 in
1761 5614 2002 5671 medita-

2114 4648 2241 4702 qua:
2273 4645 2390 4684 non
2422 4629 2656 4702 collegit
2680 4631 2972 4702 [colligit].

2113 4740 2237 4796 CM».
2276 4738 2405 4796 376.
2440 4769 2504 4777 —
2541 4737 2690 4805 Quod
2722 4737 2929 4810 abbati
2959 4737 3018 4792 in
3049 4737 3288 4810 proprio,
3311 4743 3532 4795 tantum
3573 4755 3773 4796 mona-

2305 4810 2472 4870 sterio
2503 4811 2752 4865 lectarem
2781 4809 2939 4865 liceat
2965 4809 3170 4882 facere.
3204 4809 3370 4876 Ibid.,
3401 4827 3448 4868 c.
3488 4813 3572 4867 14.

2186 4903 2348 4973 (Dist.
2380 4903 2469 4969 69,
2502 4917 2620 4971 cap.
2656 4898 2932 4966 Quoniam
2961 4899 3254 4968 videmus).
3291 4899 3438 4964 Quia
3476 4901 3620 4958 ordo
3670 4902 3773 4959 de-

2114 4995 2213 5050 bet
2243 4994 2301 5049 in
2335 4989 2836 5049 consecrationem
2891 4989 3194 5057 custodiri,
3247 4989 3528 5046 omnibus
3577 4992 3770 5048 modis

2113 5081 2320 5154 liquet,
2345 5087 2552 5138 etcum
2573 5077 2876 5149 diligentia
2898 5093 3242 5133 conservare
3264 5079 3637 5136 sacerdotum
3656 5085 3768 5147 [sa-

2115 5172 2378 5242 cerdotii]
2412 5169 2826 5242 promotiones,
2860 5167 2976 5223 Deo
3006 5172 3098 5222 est
3145 5183 3387 5238 prorsus
3437 5175 3762 5242 acceptum.

2115 5263 2184 5318 Et
2201 5261 2480 5335 quoniam
2503 5258 2772 5313 videmus
2793 5257 2920 5312 sine
2941 5273 3152 5312 manus
3175 5256 3771 5332 impositione,apar-

2114 5351 2250 5406 vula
2276 5354 2445 5405 aetate
2477 5346 2763 5418 quosdam
2787 5351 3094 5402 tonsuram
3142 5344 3338 5401 clerici
3385 5346 3766 5418 accipientes,

2115 5439 2517 5509 nondumque,
2555 5435 2628 5490 ab
2659 5435 2932 5507 episcopo
2966 5451 3181 5491 manus
3211 5433 3591 5508 impositione
3640 5453 3771 5510 per-

2116 5531 2305 5598 cepta,
2333 5541 2509 5598 super
2534 5523 2845 5580 umbonem
2881 5523 3284 5597 irregulariter
3310 5523 3370 5579 in
3402 5523 3654 5582 collecta
3683 5525 3773 5583 le—

2112 5619 2337 5688 gentes,
2362 5613 2738 5686 prtscipimus
2760 5615 2970 5672 amodo
2993 5614 3050 5670 id
3076 5612 3322 5670 minime
3341 5612 3487 5670 ﬁeri.
3505 5614 3776 5687 ldipsum
