3978 6060
249 287 355 341 437

956 287 1269 340 DECRETI
1307 286 1492 337 PARS
1530 284 1594 334 V.
1628 310 1695 319 —
1719 280 1815 334 DE
1856 278 2180 335 PRIMATU
2216 281 2390 336 ROM.
2431 286 2746 351 ECCLES.,
2788 288 2943 340 ETC.

3551 288 3655 342 438

230 425 469 484 quoque
507 407 943 464 observandum
992 410 1081 462 est
1128 406 1301 460 etiam
1352 405 1504 459 inter
1555 402 1890 458 monachos.
1923 402 1978 468 Α
2008 402 2397 468 dicio,verum
2442 406 2512 460 ad
2536 405 2769 461 illorum
2793 408 3121 479 penderese
3153 409 3461 465 arbitrium
3484 412 3652 481 judi-

232 500 488 557 Lectoris
511 502 732 563 autem,
758 512 968 551 manus
990 495 1370 565 impositione
1392 492 1626 547 licentia
1648 497 1737 547 est
1758 491 1859 545 uni
1875 523 1896 532 -

231 592 448 662 cuique
479 589 675 644 abbati
698 588 755 642 in
784 586 1017 659 proprio
1042 586 1395 640 monasterio
1418 583 1786 638 solummodo
1812 582 1896 636 fa-

243 680 461 745 ciendi,
494 678 544 732 si
577 680 861 732 duntaxat
891 676 1083 731 eidem
1117 675 1313 730 abbati
1350 690 1560 728 manus
1602 671 1898 742 impositio

235 771 395 825 facta
426 772 706 823 noscatur
736 767 807 820 ab
830 765 1127 837 episcopo,
1155 764 1478 818 secundum
1505 777 1723 816 morem
1749 777 1896 831 pra-

233 858 617 914 ﬂciendorum
644 856 949 920 abbatum,
986 854 1127 908 dum
1163 857 1389 907 constet
1410 851 1580 905 illum
1604 866 1732 905 esse
1761 864 1894 920 pre-

232 949 555 1020 sbyterum.
606 944 793 999 Simili
850 943 1023 998 modo
1055 941 1381 997 secundum
1417 939 1717 1010 antiquam
1753 955 1894 992 con-

230 1035 607 1091 suetudinem
664 1031 1149 1103 chorepiscopum
1202 1028 1589 1101 praceptione
1630 1026 1891 1099 episcopi

232 1128 465 1197 oportet
494 1136 840 1193 promovere
871 1120 1140 1175 lectores.

230 1233 367 1288 CAP.
403 1231 529 1285 377.
563 1261 629 1269 —
665 1228 732 1284 Ut
760 1226 1004 1298 episcopi
1034 1227 1115 1281 vel
1145 1225 1342 1298 clerici
1365 1224 1598 1298 fulgidis
1626 1232 1678 1298 et
1718 1221 1892 1277 claris

484 1300 724 1356 vestibus
752 1296 862 1354 non
892 1308 1175 1354 amentur.
1224 1296 1388 1363 lbid.,
1420 1313 1538 1367 cap.
1576 1296 1643 1350 16

306 1392 420 1463 (2i,
451 1408 503 1462 q.
539 1390 589 1455 4,
621 1405 668 1444 c.
704 1387 893 1443 Omnis
917 1387 1241 1458 jactantia.)
1273 1386 1480 1441 Omnis
1502 1384 1790 1456 jactantia
1831 1386 1889 1439 et

234 1484 518 1537 ornatura
542 1476 863 1547 corporalis
895 1475 1085 1531 aliena
1116 1480 1206 1530 est
1238 1492 1270 1530 a
1310 1491 1474 1529 sacro
1506 1474 1729 1529 ordine.
1778 1477 1887 1527 Eos

235 1585 377 1639 ergo
404 1568 710 1639 episcopos
742 1564 827 1620 vel
862 1565 1124 1630 clericos,
1159 1564 1260 1635 qui
1291 1581 1353 1619 se
1377 1562 1613 1633 fulgidis
1636 1567 1692 1617 et
1712 1562 1885 1616 claris

233 1657 501 1713 vestibus
535 1659 769 1721 ornant,
801 1654 1100 1708 emendari
1133 1657 1373 1723 Oportet.
1416 1652 1575 1715 Quod
1611 1650 1660 1706 si
1690 1651 1746 1705 in
1778 1651 1885 1705 hoc

2009 492 2177 547 cavit.
2202 493 2546 564 Supradicto
2566 512 2798 567 quoque
2817 497 3127 551 Anastasio
3147 497 3484 569 praelibatus
3503 517 3649 572 papa

2008 580 2275 637 Gelasius
2300 585 2661 654 persuadens
2684 602 2754 639 ne
2770 586 2866 641 ille
2887 585 3222 643 intimatam
3238 588 3362 642 suis
3380 590 3650 645 sensibus

2007 671 2305 726 veritatem
2362 673 2746 728 arbitraretur
2776 675 3076 745 injuriam,
3103 676 3421 731 subintulit
3453 678 3650 733 dicens

2009 760 2168 832 (Dist.
2191 761 2282 826 96,
2319 762 2433 816 Duo
2460 764 2607 832 sunt)
2636 780 2648 818 :
2686 785 2713 812 ‹‹
2746 763 2871 818 Duo
2903 769 3042 818 sunt
3070 765 3306 836 quippe,
3338 766 3655 836 imperator

2006 850 2292 919 Auguste,
2329 850 2544 921 quibus
2565 852 2964 923 principaliter
2994 854 3254 908 mundus
3287 854 3377 908 hic
3409 855 3650 927 regitur,

2007 938 2325 995 auctoritas
2373 939 2637 995 videlicet
2668 957 2830 996 sacra
2876 942 3215 1013 pontiﬁcum
3247 949 3303 997 et
3322 943 3532 1013 regalis
3550 961 3649 1014 po-

2002 1032 2182 1083 teslas
2208 1047 2221 1096 ;
2248 1028 2306 1082 in
2326 1029 2542 1100 quibus
2566 1034 2728 1085 tanto
2756 1031 2993 1103 gravius
3017 1036 3105 1086 est
3130 1032 3359 1102 pondus
3384 1036 3647 1088 sacerdo-

2003 1122 2150 1186 tum,
2193 1124 2412 1189 quanto
2444 1119 2620 1175 etiam
2654 1136 2756 1191 pro
2788 1120 2934 1192 ipsis
2966 1120 3203 1191 regibus
3244 1120 3555 1176 hominum
3587 1121 3646 1176 in

2001 1207 2195 1263 divino
2210 1209 2491 1263 reddituri
2506 1209 2921 1265 suntexamine
2935 1210 3269 1282 rationemU
3285 1210 3433 1279 ).»Et
3447 1210 3647 1282 paucis

1999 1296 2362 1368 interpositis
2387 1298 2466 1352 ait
2489 1316 2502 1353 :
2537 1321 2563 1347 α
2597 1298 2758 1353 Nosti
2777 1297 2976 1369 itaque
3002 1298 3156 1353 inter
3175 1297 3297 1353 haec
3321 1313 3388 1352 ex
3408 1296 3643 1353 illorum

1998 1390 2054 1440 te
2087 1386 2336 1457 pendere
2366 1386 2629 1457 judicio;
2666 1405 2779 1443 non
2814 1387 2947 1443 illos
2977 1388 3048 1442 ad
3082 1392 3245 1443 tuam
3286 1386 3431 1442 velle
3461 1386 3645 1459 redigi

1996 1474 2377 1530 voluntatem.
2412 1496 2441 1525 »
2485 1475 2726 1531 Talibus
2779 1492 2915 1547 ergo
2946 1476 3257 1546 institutis,
3305 1475 3645 1547 talibusque

1996 1563 2124 1618 fulti
2159 1563 2607 1619 auctoritatibus
2627 1563 2889 1636 plerique
2921 1565 3290 1637 pontificum,
3325 1564 3423 1621 alii
3453 1580 3640 1637 rcges,

1994 1653 2091 1708 alii
2116 1654 2495 1725 imperatores
2534 1654 3207 1710 excommunicaverunt.
3248 1654 3392 1709 Nam
3426 1654 3475 1708 si
3507 1670 3641 1724 spe-

236 1744 674 1819 permanserint
703 1743 965 1813 epitimio
997 1742 1301 1796 tradantur
1333 1761 1346 1809 ;
1382 1740 1654 1795 similiter
1701 1744 1757 1793 et
1786 1756 1885 1794 eos
1915 1775 1962 1839 B
1993 1741 2137 1797 ciale
2185 1741 2421 1814 aliquod
2482 1743 2551 1797 de
2600 1743 2867 1814 personis
2913 1744 3246 1815 principum
3303 1742 3641 1813 requiratur

233 1836 336 1907 qui
368 1833 685 1905 unguentis
733 1833 1119 1902 inunguntur.
1168 1830 1454 1895 Quoniam
1507 1846 1637 1884 vero
1688 1830 1882 1884 radice

233 1922 649 1980 amaritudinis
683 1926 883 1976 exorta
913 1919 1355 1975 conterminatio
1388 1920 1538 1973 facta
1566 1923 1654 1973 est
1676 1918 1734 1972 in
1780 1919 1884 1973 Ec-

233 2012 415 2069 clesia
443 2010 732 2067 catholica
752 2008 1113 2065 Christianos
1134 2007 1620 2064 calumniantium
1648 2006 1885 2062 haeresis

231 2103 587 2175 [Κριστιανος
616 2096 929 2173 κατηγόρωι
964 2097 1226 2170 ἁίρεσις];
1260 2101 1317 2152 et
1354 2097 1413 2151 hi
1443 2096 1542 2168 qui
1593 2096 1744 2152 hanc
1795 2112 1888 2150 re-

186 2194 515 2268 ‘ceperunt
568 2206 683 2243 non
746 2187 939 2243 solum
1006 2186 1395 2258 imaginariae
1461 2185 1725 2256 picturas
1776 2183 1888 2255 [τὰς

232 2278 488 2338 summit;
547 2276 941 2353 ζωγραφήσας]
973 2275 1295 2331 abominati
1345 2279 1508 2339 sunt,
1567 2274 1666 2329 sed
1696 2273 1888 2328 etiam

241 2384 480 2425 omnem
514 2367 855 2422 reveretiam
892 2364 1253 2435 repulerunt,
1286 2380 1386 2420 eos
1417 2364 1516 2434 qui
1548 2364 1641 2435 pie
1691 2380 1756 2418 ac
1804 2379 1895 2418 re-

240 2458 451 2530 ligiose
482 2456 685 2510 vivunt
714 2455 1097 2518 offendentes,
1129 2470 1195 2507 ac
1230 2469 1331 2524 per
1347 2453 1454 2507 hoc
1487 2451 1811 2523 completur
1837 2450 1895 2505 in

241 2547 328 2602 eis
362 2546 516 2618 quod
554 2545 839 2615 scriptum
871 2548 991 2597 est:
1024 2542 1371 2597 Abominatio
1401 2550 1479 2597 est
1513 2542 1787 2612 percolari
1803 2539 1899 2594 Dei

240 2638 421 2691 cultus
454 2636 635 2703 (Prov.
672 2632 787 2703 xv).
816 2632 1001 2703 Igitur
1023 2632 1070 2685 si
1096 2630 1315 2686 inventi
1335 2631 1549 2685 fuerint
1571 2630 1901 2685 deridentes

240 2740 342 2781 eos
374 2724 471 2795 qui
496 2722 709 2777 vilibus
742 2726 798 2775 et
820 2720 1113 2792 religiosis
1131 2719 1493 2776 vestimentis
1517 2719 1715 2775 amicti
1742 2722 1900 2786 sunt,

245 2812 692 2884 perepitimium
713 2805 1101 2882 [δῖσπιτιμίον]
1116 2809 1499 2880 corrigantur.
1517 2808 1727 2863 Priscis
1747 2807 1901 2863 enim

245 2900 617 2970 temporibus
648 2899 845 2955 omnis
892 2903 1156 2954 sacratus
1206 2899 1293 2953 vir
1340 2915 1472 2953 cum
1515 2897 1793 2952 mediocri
1840 2912 1906 2951 ac

252 2990 353 3044 vili
386 2994 543 3045 veste
574 2988 1049 3044 conversabatur.
1083 2986 1266 3042 Omne
1312 2987 1532 3058 quippe
1576 2988 1731 3058 quod
1791 3002 1906 3040 non

252 3082 496 3151 propter
517 3077 923 3133 necessitatem
949 3094 1141 3148 suam,
1162 3077 1261 3132 sed
1289 3081 1522 3147 propter
1541 3080 1907 3131 venustatem

243 3140 553 3238 accipitur,
585 3166 857 3222 elationis
891 3166 1067 3220 habet
1097 3140 1480 3232 calumniam,
1528 3164 1907 3235 quemadmo-
1940 3140 1982 3207 (οἶ

247 3257 393 3311 dum
431 3271 682 3325 magnus
714 3256 797 3309 ait
826 3253 1099 3309 Basilius.
1134 3255 1239 3309 Sed
1268 3270 1456 3325 neque
1475 3270 1542 3309 ex
1566 3253 1771 3308 sericis
1792 3256 1910 3307 tex-

249 3344 406 3400 turis
438 3350 655 3399 vestem
689 3343 823 3413 quis
855 3343 1136 3399 variatam
1170 3343 1471 3408 induebat,
1506 3359 1692 3412 neque
1731 3358 1908 3413 appo-

254 3436 477 3491 nebant
501 3434 793 3488 variorum
815 3431 1074 3488 colorum
1100 3437 1445 3487 ornamenta
1465 3431 1524 3485 in
1559 3430 1913 3486 summitati-

255 3526 372 3580 bus
420 3522 905 3579 vestimentorum
942 3539 953 3576 :
1006 3522 1314 3577 audierant
1359 3520 1516 3575 enim
1562 3538 1630 3576 ex
1664 3520 1914 3574 Deisona

268 3613 510 3684 lingua:
545 3612 687 3680 Quia
736 3611 831 3682 qui
876 3609 1142 3665 mollibus
1188 3609 1498 3664 vestiuntur
1554 3609 1613 3663 in
1663 3607 1913 3663 domibus

254 3718 464 3775 regum
491 3704 622 3756 sunt
645 3700 862 3771 (Matth.
897 3702 997 3766 x1).

257 3810 397 3863 CAP.
428 3808 554 3862 378.
589 3838 656 3849 -—
686 3807 909 3863 Nullam
938 3805 1274 3875 dignitatem
1321 3810 1662 3871 sweularem,
1686 3803 1776 3859 sed
1816 3819 1917 3858 nec

334 3880 704 3949 imperialem,
739 3879 1050 3949 honorzivel
1084 3876 1375 3949 dignitatis
1424 3875 1719 3946 episcopali
1762 3890 1917 3946 posse

330 3948 645 4031 adaequari.
666 3952 748 4004 Ea:
767 3950 924 4021 epist.
944 3948 1102 4021 Greg.
1127 3948 1195 4003 ad
1217 3950 1620 4003 Herimannum
1632 3950 1917 4004 Metensem

335 4040 505 4093 episc.

335 4112 495 4183 (Dist.
526 4110 618 4176 96,
651 4126 697 4163 c.
730 4109 861 4177 Quis
889 4108 1147 4179 dubitet.)
1179 4107 1319 4172 Quis
1370 4108 1595 4163 dubitet
1644 4108 1920 4163 sacerdo-

264 4206 356 4257 tes
388 4199 601 4255 Christi
632 4215 833 4271 regum
868 4204 924 4253 et
948 4197 1301 4269 principum,
1344 4197 1727 4268 omniumque
1775 4196 1919 4251 iide-

264 4290 412 4345 lium
446 4293 641 4361 patres
674 4293 732 4342 et
764 4287 1085 4358 magistros
1108 4285 1377 4340 censeri?
1400 4286 1600 4341 Nonne
1624 4285 1923 4340 miserabi-

263 4378 341 4434 lis
374 4378 617 4433 insaniie
642 4392 770 4431 esse
815 4374 1209 4446 cognoscitur,
1233 4375 1281 4428 si
1306 4373 1462 4428 filius
1487 4380 1732 4446 patrem,
1756 4373 1925 4428 disci-

265 4467 445 4540 pulus
477 4466 825 4538 magistrum
861 4464 972 4519 sibi
1006 4469 1249 4519 conetur
1266 4464 1604 4535 subjugare,
1625 4468 1681 4519 et
1706 4463 1923 4533 iniquis

268 4554 730 4627 obligationibus
760 4552 926 4608 illum
955 4570 1071 4608 suae
1097 4552 1364 4625 potestali
1389 4552 1699 4623 subjicere,
1734 4570 1767 4607 ε.
1802 4570 1916 4624 quo

270 4664 336 4702 se
366 4646 552 4701 credit
581 4661 697 4700 non
728 4645 921 4700 solum
971 4643 1237 4712 interra,
1280 4643 1380 4698 sed
1426 4643 1603 4697 etiam
1652 4642 1710 4697 in
1763 4643 1921 4698 cmlis

273 4735 444 4808 ligari
475 4751 644 4807 posse
674 4737 730 4789 et
759 4732 949 4788 solvi?
995 4732 1144 4800 Hac,
1179 4732 1335 4787 sicut
1374 4732 1580 4786 beatus
1610 4732 1923 4804 Gregorius

1993 1831 2348 1901 exemplum,
2369 1832 2572 1886 beatus
2605 1831 2981 1887 Innocentius
3013 1849 3165 1903 papa
3190 1832 3503 1887 Arcadium
3527 1830 3638 1885 im-

1995 1924 2341 1991 peratorem,
2377 1919 2517 1992 quia
2538 1920 2836 1975 consensit
2859 1928 2921 1975 ut
2948 1925 3191 1976 sanctus
3206 1921 3460 1976 Joannes
3478 1918 3641 1973 Chri-

1997 2016 2294 2068 sostomus
2341 2030 2374 2067 a
2405 2014 2543 2067 sede
2576 2030 2685 2068 sua
2715 2012 3048 2083 pelleretur,
3090 2009 3643 2068 excommunicavit.

1997 2102 2162 2157 Alius
2193 2102 2333 2157 item
2383 2102 2681 2157 Romanus
2724 2102 2985 2173 pontifex
3016 2118 3214 2174 regem
3262 2101 3646 2163 Francorum,

2001 2207 2113 2245 non
2145 2194 2265 2245 tam
2300 2207 2404 2262 pro
2428 2191 2553 2246 suis
2574 2190 3202 2262 iniquitatibus,quam
3235 2207 3339 2262 pro
3382 2205 3472 2254 eo,
3495 2186 3648 2259 quod

2004 2285 2174 2333 tantae
2225 2280 2498 2349 potestati
2552 2285 2678 2334 erat
2725 2279 2973 2349 inutilis,
3025 2296 3203 2351 regno
3252 2277 3549 2350 deposuit,
3601 2284 3658 2330 et

2002 2368 2319 2438 Pippinum
2336 2367 2523 2423 Caroli
2540 2369 2615 2423 im
2627 2369 2912 2439 peratoris
2926 2372 3149 2438 patrem
3166 2368 3225 2422 in
3240 2368 3368 2438 ejus
3380 2366 3506 2421 loco
3520 2381 3585 2418 su
3597 2365 3657 2417 ba

2007 2456 2223 2523 stituit,
2249 2472 2571 2525 omnesque
2594 2457 2987 2527 Francigenas
3011 2457 3395 2527 ajuramento
3410 2452 3658 2509 ﬁdelita-

2008 2547 2084 2600 tis
2133 2545 2403 2600 absolvit.
2454 2545 2615 2607 Quod
2650 2546 2829 2600 etiam
2864 2562 2931 2600 ex
2972 2545 3264 2616 frequenti
3314 2543 3663 2599 auctoritate

2011 2636 2126 2705 agit
2157 2639 2363 2690 sancta
2399 2633 2673 2703 Ecclesia,
2711 2650 2846 2689 cum
2868 2633 3081 2689 milites
3102 2632 3355 2689 absolvit
3377 2649 3409 2687 a
3430 2626 3663 2686 vinculo

2004 2722 2349 2795 juramenli,
2378 2724 2533 2794 quod
2566 2723 2786 2778 factum
2820 2728 2908 2778 est
2929 2723 3022 2778 his
3044 2722 3356 2794 episcopis,
3390 2720 3492 2792 qui
3526 2733 3665 2789 apo-

2016 2812 2222 2868 stolica
2252 2812 2603 2868 auctoritate
2628 2829 2662 2866 a
2692 2812 3015 2883 pontificali
3044 2812 3230 2884 gradu
3264 2812 3663 2881 deponuntur.

2014 2904 2086 2959 Et
2114 2903 2177 2958 B.
2198 2901 2568 2965 Ambrosius,
2601 2901 2735 2956 licet
2764 2905 3028 2971 sanctus,
3062 2917 3178 2957 non
3212 2904 3408 2956 tamen
3431 2899 3667 2954 univer-

2018 2991 2161 3048 salis
2192 2989 2456 3046 Ecclesia
2480 2990 2814 3062 episcopus,
2849 2989 3138 3060 proculpa
3168 3006 3298 3061 quae
3321 2990 3391 3045 ab
3410 2989 3543 3045 aliis
3573 3007 3671 3046 sa-

2019 3081 2358 3138 cerdotibus
2390 3096 2505 3134 non
2530 3079 2674 3134 adeo
2705 3078 2900 3150 gravis
2924 3079 3252 3146 videbatur,
3273 3078 3671 3134 Theodosium

2022 3187 2304 3242 magnum
2328 3168 2741 3240 imperatorem
2766 3168 3307 3237 excommunicans,
3328 3169 3401 3223 ab
3422 3168 3670 3225 ecclesia

2020 3258 2287 3317 exclusit.
2333 3258 2440 3321 Qui
2475 3256 2651 3311 etiam
2686 3257 2745 3310 in
2795 3256 2921 3311 suis
2951 3257 3192 3327 scriptis
3231 3257 3488 3312 ostendit
3518 3257 3674 3327 quod

2020 3365 2230 3404 aurum
2265 3363 2380 3401 non
2408 3347 2534 3416 jam
2568 3344 2884 3415 pretiosius
2919 3345 2996 3400 sit
3028 3344 3493 3417 plumbo,quam
3517 3344 3678 3415 regia

2023 3440 2311 3509 potestate
2324 3434 2402 3489 sit
2414 3433 2590 3489 altior
2607 3434 3019 3501 sacerdotalis,
3036 3434 3148 3490 hoc
3164 3435 3334 3489 modo
3349 3434 3504 3489 circa
3518 3433 3676 3504 prin-

2021 3525 2239 3597 cipium
2272 3523 2364 3579 sui
2395 3521 2715 3577 Pastoralis
2749 3522 3014 3579 scribens
3046 3525 3142 3595 (De
3171 3523 3397 3594 dignate
3423 3522 3676 3578 sacerdo-

2023 3614 2146 3683 tali,
2177 3630 2297 3684 cap.
2330 3613 2425 3681 2):
2458 3631 2486 3661 «
2517 3614 2734 3675 Honor,
2768 3612 3001 3679 fratres,
3035 3618 3093 3666 et
3139 3612 3477 3669 sublimitas
3520 3611 3674 3684 epis-

2025 3703 2245 3775 copalis
2276 3699 2452 3756 nullis
2484 3699 2698 3771 poterit
2723 3700 3259 3770 comparationibus
3281 3702 3597 3773 adaquari.
3616 3700 3677 3755 Si

2024 3807 2229 3864 regum
2245 3787 2459 3860 fulgori
2473 3804 2771 3859 compares
2786 3787 3187 3859 etprincipum
3203 3790 3540 3854 diademati,
3559 3794 3679 3844 Ion-

2026 3898 2096 3953 ge
2126 3879 2238 3935 erit
2270 3876 2536 3948 inferius,
2570 3893 2747 3949 quam
2782 3877 2829 3933 si
2862 3876 3089 3949 plumbi
3125 3878 3424 3934 metallum
3456 3880 3525 3934 ad
3551 3877 3678 3933 auri

2028 3971 2311 4042 fulgorem
2334 3984 2657 4039 compares.
2684 3967 2908 4039 Quippe
2925 3984 3060 4023 cum
3083 3968 3284 4024 videas
3303 3983 3507 4039 regum
3532 3966 3682 4021 colla

2029 4066 2087 4115 et
2111 4058 2440 4130 principum
2464 4057 2737 4112 submitti
2761 4056 3010 4127 genibus
3035 4058 3506 4120 sacerdotum,et
3527 4070 3685 4109 exos-

2031 4149 2225 4206 culata
2254 4162 2457 4203 eorum
2491 4146 2725 4201 dextera
2755 4162 2818 4200 se
2848 4147 3093 4201 credant
3122 4144 3495 4201 communiri.
3534 4166 3553 4191 ι
3619 4142 3685 4196 Et

2032 4244 2165 4310 post
2198 4252 2386 4308 pauca
2418 4235 2600 4303 (ibid.,
2633 4251 2755 4305 cap.
2784 4234 2840 4306 3)
2860 4252 2878 4289 :
2901 4234 3277 4301 Haeccuncta,
3304 4235 3536 4299 fratres,
3556 4231 3686 4285 ideo

2036 4344 2142 4381 nos
2164 4324 2523 4397 praemisisse
2546 4324 2771 4378 debetis
2786 4323 3688 4394 cognoscere,utostenderemus

2036 4414 2184 4471 nihil
2217 4430 2347 4469 esse
2379 4414 2438 4467 in
2470 4413 2579 4467 hoc
2613 4410 2827 4468 saaculo
2858 4412 3233 4468 excellentius
3262 4411 3687 4477 sacerdotibus,

1956 4512 2001 4576 1)
2034 4503 2181 4561 nihil
2214 4500 2572 4557 subblimius
2603 4501 2898 4573 episcopis
2928 4501 3198 4557 inveniri.
3232 4523 3260 4552 »
3292 4506 3517 4564 Nonne,
3541 4499 3693 4555 sicut

2029 4595 2108 4652 ait
2133 4594 2195 4648 B.
2221 4590 2938 4662 Gregorius,recordandm
2958 4590 3251 4645 memoriae
3272 4589 3521 4662 Vigilius
3542 4601 3694 4660 papa

2032 4688 2237 4741 contra
2284 4680 2653 4735 Theodoram
2706 4685 2848 4735 tunc
2893 4684 3217 4752 Augustam
3293 4676 3693 4735 damnationis

2035 4770 2281 4844 protulit
2302 4769 2745 4841 [promulgavit]
2761 4770 3116 4825 sententiam
3138 4770 3166 4823 ?
3186 4768 3277 4824 Sic
3300 4784 3529 4839 quoque
3549 4766 3695 4822 Cha-

273 4826 336 4881 in
362 4824 611 4897 epistola
629 4824 699 4879 ad
727 4823 1067 4878 Mauritium
1089 4822 1503 4893 imperatorem
1528 4822 1749 4876 directa
1774 4837 1928 4876 com-

278 4916 590 4981 memorat,
624 4911 1045 4969 Constantinus
1069 4928 1279 4983 magus
1302 4911 1642 4982 imperator,
1665 4910 1928 4963 omnium

279 5020 487 5077 regum
520 5008 576 5058 et
608 5001 942 5073 principum
977 5001 1096 5055 fore
1122 5001 1301 5055 totius
1319 5000 1478 5054 orbis
1501 4999 1796 5064 dominus,
1818 4997 1932 5051 evi-

280 5095 489 5149 denter
520 5091 878 5163 intelligens,
909 5091 965 5144 in
1000 5095 1205 5145 sancta
1247 5090 1479 5144 Nicaena
1528 5088 1749 5159 sydono
1806 5090 1940 5156 post

278 5198 484 5238 omnes
515 5181 824 5252 episcopos
857 5178 1102 5235 ultimus
1136 5179 1419 5245 residens,
1463 5177 1686 5232 nullam
1730 5175 1940 5245 judicii

283 5271 638 5328 sententiam
675 5286 854 5340 supra
891 5285 990 5323 eos
1023 5269 1160 5323 dare
1190 5266 1607 5339 praesumpsit;
1661 5266 1761 5321 sed
1812 5265 1945 5320 illos

287 5361 468 5418 etiam
497 5359 767 5415 dominos
799 5375 1038 5429 vocans,
1074 5374 1190 5414 non
1224 5373 1331 5414 suo
1353 5358 1561 5413 debere
1582 5357 1824 5413 subesse
1847 5356 1945 5427 jus

2038 4860 2291 4915 ribertus
2328 4857 2683 4912 Parisiorum
2715 4874 2836 4925 rex,
2888 4874 3024 4913 cum
3072 4859 3425 4930 Gotbergam
3464 4857 3561 4929 [al.
3596 4856 3696 4911 ln-

2041 4946 2376 5019 gobergam]
2411 4946 2734 5017 legitimam
2771 4964 3007 5003 uxorem
3042 4965 3211 5003 suam
3245 4946 3606 5018 reliquisset,
3637 4948 3695 5000 et

2048 5038 2193 5091 duas
2226 5051 2454 5090 sorores
2486 5036 2845 5091 Meroﬂidem
2881 5041 2937 5092 et
2968 5037 3368 5092 Marcovevam
3401 5036 3458 5090 in
3493 5049 3703 5090 uxores

2049 5124 2334 5192 duxisset,
2377 5142 2411 5179 a
2463 5126 2629 5181 beato
2682 5127 2973 5183 Germano
3022 5126 3381 5181 Parisiorum
3433 5125 3704 5196 episcopo

2050 5213 2609 5270 excommunicatus
2632 5217 2817 5271 est.Et
2839 5234 2969 5272 cum
2996 5216 3341 5289 resipiscere
3362 5214 3562 5279 nollet,
3587 5226 3704 5265 non

2058 5304 2241 5359 multo
2280 5308 2411 5374 post
2440 5302 2637 5358 divino
2662 5304 2887 5372 judicio
2919 5306 3044 5376 ipse
3077 5308 3385 5361 defunctus
3418 5306 3526 5357 est.

364 5594 482 5676 (74)
512 5593 771 5661 Habetur
798 5594 922 5660 haec
952 5594 1201 5674 epistola
1230 5591 1443 5656 Gelasii
1483 5593 1552 5656 ad
1592 5594 1961 5657 Anastasium
1992 5597 2324 5671 Augustum
2353 5601 2512 5654 torno
2545 5597 2594 5651 II
2627 5596 2797 5652 Conc.
