3960 6072
327 222 430 277 439

1405 223 1473 274 D.
1514 218 1760 276 IVONIS
1794 218 2290 275 CABNOTENBIS
2323 216 2645 274 EPISCOPI

3629 217 3755 272 440

1384 495 1913 612 ΒΕΟΒΕΤΙ
1981 497 2296 590 PARS
2369 496 2788 591 SEXTA.

802 707 888 766 De
917 705 1286 765 clericorum
1319 705 1812 782 conversatione,
1845 711 1906 768 et
1937 705 2358 778 ordinatione,
2395 710 2457 766 et
2487 704 2895 780 correctione,
2926 709 2989 764 et
3017 702 3244 764 causis.

325 1069 458 1122 CAP.
495 1066 543 1122 1.
577 1097 644 1106 -
671 1067 826 1124 Unde
844 1067 1077 1123 clericus
1097 1067 1342 1123 dicatur.
1362 1069 1444 1123 Ex
1463 1068 1621 1139 epist.
1644 1066 1966 1139 Hieronymi
1993 1071 2045 1134 Α
2145 1068 2227 1121 cio
2252 1081 2461 1139 corum.
2493 1067 2748 1138 Epilogus
2785 1069 2834 1122 et
2880 1067 3073 1136 regula
3119 1045 3449 1124 clericorum
3500 1068 3751 1125 breviter

893 1139 967 1194 ad
995 1141 1381 1211 Nepotianum.

394 1265 506 1336 (12,
539 1283 590 1336 q.
622 1266 675 1335 4,
707 1283 754 1320 c.
786 1267 1079 1331 Clericus;
1128 1265 1394 1331 Isidorus,
1443 1266 1538 1320 lib.
1576 1282 1616 1319 ιι
1669 1265 1780 1336 ΟΙῙ.
1814 1265 1970 1333 eccl.,

323 1369 373 1409 ο.
409 1353 485 1424 1.)
505 1353 781 1421 Clericus,
804 1354 903 1425 qui
933 1354 1146 1410 Christi
1174 1354 1352 1409 servit
1372 1354 1663 1416 Ecclesia,
1683 1353 1970 1424 interpre-

325 1445 482 1497 tetur
494 1442 681 1513 primo
696 1443 1045 1500 vocabulum
1063 1461 1236 1499 suum
1249 1449 1327 1509 ,et
1345 1461 1377 1497 n
1394 1443 1610 1499 ominis
1625 1443 1974 1498 difﬁnitione

324 1529 550 1601 prolata
580 1531 804 1586 nitatur
834 1548 963 1587 esse
994 1533 1148 1604 quod
1203 1531 1439 1587 dicitur.
1473 1532 1531 1586 Si
1578 1531 1735 1586 enim
1788 1531 1973 1586 cleros

327 1618 542 1686 Graece,
577 1621 782 1676 Latine
812 1637 938 1677 sors
970 1621 1318 1692 appellatur,
1342 1626 1643 1692 propterea
1660 1620 1853 1675 clerici
1876 1637 1974 1675 vo-

329 1714 560 1779 cantur,
593 1710 732 1781 quia
761 1711 832 1765 de
862 1715 1018 1766 sorte
1057 1714 1197 1766 sunt
1245 1710 1496 1776 Domini,
1529 1709 1616 1764 vel
1660 1711 1797 1780 quia
1849 1709 1975 1779 ipse

332 1798 616 1854 Dominus
643 1815 792 1866 sors,
821 1799 880 1853 id
911 1803 1002 1854 est
1048 1815 1206 1870 pars,
1239 1798 1580 1853 clericorum
1615 1802 1722 1852 est.
1757 1797 1977 1868 thuia

328 1886 450 1957 [al.,
475 1887 577 1958 qui
598 1888 814 1959 autem]
836 1886 922 1943 vel
947 1889 1071 1959 ipse
1094 1905 1230 1959 pars
1256 1887 1479 1942 Domini
1503 1891 1614 1954 est,
1637 1886 1723 1942 vel
1743 1886 1973 1942 Domini

329 1979 551 2046 partem
570 1977 766 2043 habet,
782 1975 959 2032 talem
981 1994 1044 2032 se
1061 1977 1334 2033 exhibere
1354 1977 1527 2032 debet
1551 1981 1614 2031 ut
1637 1977 1762 2048 ipse
1784 1975 1974 2047 possi-

328 2063 463 2118 deat
492 2064 830 2132 Dominum,
865 2069 924 2120 et
954 2065 1079 2136 ipse
1113 2066 1493 2137 possideatur
1524 2083 1556 2120 a
1584 2064 1976 2128 Domino.Qui

325 2152 587 2223 possidet
615 2153 953 2222 Dominum,
981 2159 1196 2210 etcum
1256 2154 1544 2226 PrOpheta
1597 2154 1780 2208 dicit:
1835 2159 1974 2208 Pars

317 2255 439 2296 mea
481 2243 746 2298 Dominus
796 2244 968 2314 (Psal.
1001 2261 1093 2313 xv,
1125 2243 1324 2314 Lxxn),
1359 2242 1507 2297 nihil
1560 2247 1724 2298 extra
1773 2242 1975 2297 Domi-

315 2346 454 2385 num
479 2329 695 2387 habere
717 2337 928 2403 potest.
944 2331 1106 2395 Quod
1133 2333 1180 2388 si
1207 2331 1510 2403 quidpiam
1528 2331 1683 2387 aliud
1703 2331 1972 2387 habuerit

2150 1137 2402 1193 collecta.

2152 1262 2463 1334 Legalibus
2497 1262 2722 1318 interea
2750 1261 3040 1319 institutis
3089 1263 3439 1335 evangelicis
3461 1265 3741 1322 saluber-

2081 1351 2251 1406 rimis
2283 1367 2590 1406 monemur
2635 1352 2940 1424 praeceptis
2992 1356 3057 1407 ut
3107 1353 3412 1408 Dominum
3462 1359 3746 1411 nostrum

2081 1440 2218 1495 totis
2251 1439 2584 1512 praecordiis
2616 1440 2953 1512 diligamus,
3010 1445 3066 1495 et
3110 1441 3404 1512 proximos
3450 1447 3748 1514 tanquam

2083 1529 2544 1601 nosipsos(Deut.
2572 1547 2628 1583 v1
2654 1550 2668 1599 ;
2692 1532 2857 1584 Leuit.
2878 1547 2975 1584 x1x
2999 1547 3012 1597 ;
3042 1531 3367 1586 Matth.xx11
3395 1532 3592 1598 ;Marc.
3614 1536 3748 1604 xu),

2083 1624 2138 1674 et
2169 1624 2391 1674 caetera.
2425 1620 2480 1673 Si
2513 1619 2692 1691 igitur
2713 1620 2784 1674 ab
2818 1619 3096 1675 omnibus
3122 1620 3391 1675 fidelibus
3416 1621 3507 1676 bis
3533 1623 3750 1677 saluti-

2085 1708 2222 1764 feris
2251 1708 2554 1780 praaceptis
2584 1709 2720 1763 totis
2753 1708 2982 1764 nisibus
3011 1713 3099 1763 est
3129 1708 3461 1777 favendum,
3514 1716 3746 1781 quanto

2085 1801 2271 1870 magis
2303 1800 2376 1855 ab
2408 1798 2500 1854 his
2533 1797 2630 1870 qui
2650 1797 2860 1853 divinis
2883 1797 3140 1853 cultibus
3163 1799 3477 1870 mancipati
3503 1804 3666 1864 sunt,
3688 1806 3751 1855 et

2086 1887 2215 1942 aliis
2249 1886 2514 1959 exemplo
2544 1887 2825 1941 virtutum
2860 1886 3302 1942 condimentum
3338 1903 3466 1942 esse
3499 1888 3752 1943 debent!

2084 1977 2335 2032 Proinde
2362 1979 2589 2047 oportet
2617 1979 2682 2031 ut
2712 1975 2902 2047 primo
2935 1975 3199 2032 omnium
3221 1975 3534 2032 Dominum
3563 1979 3753 2033 Deum

2084 2065 2332 2137 diligant
2362 2083 2429 2120 ex
2459 2070 2580 2120 toto
2612 2066 2806 2132 corde,
2841 2083 2910 2120 ex
2940 2068 3062 2120 tota
3093 2064 3311 2131 anima,
3335 2070 3458 2121 tota
3506 2067 3750 2131 virtute,

2084 2159 2140 2210 et
2171 2154 2469 2226 proximos
2502 2159 2787 2226 tanquam
2823 2153 3072 2226 seipsos,
3101 2159 3159 2209 et
3190 2170 3363 2209 nosse
3394 2153 3533 2225 quia
3563 2155 3625 2208 in
3655 2155 3754 2212 his

2082 2243 2309 2299 duobus
2338 2245 2643 2314 praeceptis
2665 2247 2784 2299 tota
2806 2243 2893 2299 lex
2938 2243 3149 2314 pendet
3188 2247 3246 2298 et
3268 2242 3583 2315 prophetis.
3608 2245 3745 2301 Non

2082 2333 2374 2401 occidant,
2397 2348 2586 2404 neque
2608 2333 2846 2386 fratrem
2867 2332 3116 2399 oderint,
3140 2332 3298 2402 quia,
3320 2336 3384 2388 ut
3401 2333 3752 2404 aitAposto-

313 2425 522 2490 praeter
542 2420 881 2492 Dominum,
907 2438 1042 2492 pars
1065 2423 1196 2493 ejus
1210 2439 1326 2476 non
1347 2421 1776 2477 eritDominus.
1797 2420 1968 2475 Verbi
2000 2441 2048 2506 B
2083 2419 2174 2476 lus
2201 2438 2214 2479 :
2251 2422 2356 2489 Qui
2383 2425 2615 2490 fratrem
2642 2437 2803 2475 suum
2836 2421 2968 2489 odit,
2993 2421 3264 2476 homicida
3290 2426 3368 2476 est
3390 2422 3434 2493 (l
3452 2424 3611 2478 Joan.
3629 2425 3744 2494 ιιι).

315 2510 525 2580 gratia,
559 2509 609 2566 si
644 2527 882 2576 aurum,
907 2513 956 2566 si
991 2516 1326 2583 argentum,
1363 2510 1412 2566 si
1459 2510 1886 2581 possessiones,
1919 2509 1968 2564 si

315 2598 532 2654 variam
567 2599 1015 2671 supellectilem,
1050 2617 1184 2655 cum
1219 2599 1351 2655 istis
1385 2601 1650 2672 partibus
1684 2599 1968 2654 Dominus

319 2703 455 2757 pars
487 2686 615 2757 ejus
640 2688 764 2743 fieri
806 2704 922 2743 non
976 2688 1274 2758 dignatur.
1311 2689 1369 2743 Si
1417 2694 1609 2743 autem
1670 2703 1776 2758 ego
1832 2705 1968 2759 pars

317 2775 722 2844 Dominisum,
739 2781 796 2831 et
817 2775 1116 2832 funiculus
1139 2775 1497 2832 hereditatis
1525 2777 1968 2847 ejus(Psal.c1v)

322 2878 427 2917 nec
458 2863 680 2933 accipio
711 2869 937 2935 partem
967 2863 1119 2919 inter
1146 2869 1382 2920 caeteras
1414 2865 1631 2930 tribus,
1665 2866 1764 2920 sed
1798 2865 1967 2935 quasi

317 2950 520 3005 Levita
549 2955 607 3006 et
639 2952 912 3007 sacerdos
940 2951 1066 3007 vivo
1095 2953 1166 3008 de
1189 2953 1457 3018 decimis,
1491 2958 1549 3008 et
1578 2951 1745 3007 altari
1774 2953 1966 3008 deser-

313 3038 495 3103 viens,
528 3039 733 3095 altaris
762 3039 1055 3096 oblatione
1076 3046 1398 3108 sustentor,
1422 3041 1645 3095 habens
1667 3041 1885 3096 victum
1909 3046 1965 3097 et

315 3126 621 3194 vestitum,
641 3125 732 3181 his
750 3132 1059 3182 contentus
1072 3143 1188 3195 ero,
1211 3133 1266 3183 et
1282 3129 1501 3182 nudam
1516 3144 1746 3182 crucem
1764 3130 1960 3185 nudus

314 3229 551 3286 sequar.
577 3214 829 3271 Obsecro
857 3215 1056 3286 itaque
1079 3220 1156 3283 te,
1191 3221 1248 3271 et
1277 3220 1547 3286 repetens
1577 3216 1792 3272 iterum
1852 3219 1960 3273 ite-

319 3320 570 3376 rumque
600 3304 874 3373 moneho,
897 3320 969 3360 ne
985 3304 1245 3360 ofﬁcium
1267 3303 1574 3360 clericatus
1597 3322 1783 3377 genus
1806 3307 1959 3362 anti-

2079 2513 2204 2564 Non
2240 2510 2594 2577 adulterent,
2620 2527 2734 2564 non
2767 2509 2985 2564 faciant
3015 2509 3260 2578 furtum,
3287 2526 3401 2565 non
3428 2511 3747 2584 concupis-

2080 2605 2214 2654 cant
2235 2616 2356 2654 rem
2383 2599 2657 2665 alienam,
2685 2615 2798 2654 non
2825 2598 3037 2654 falsum
3074 2591 3479 2655 testimonium
3518 2601 3747 2666 dicant,

2079 2693 2135 2742 et
2166 2689 2320 2758 quod
2355 2689 2466 2743 sibi
2507 2687 2720 2742 nolunt
2769 2687 2894 2743 ﬁeri
2942 2688 3108 2742 alteri
3157 2705 3272 2743 non
3322 2689 3559 2746 faciant.
3612 2690 3744 2746 Non

2078 2776 2197 2830 sint
2223 2776 2484 2846 superbi,
2507 2779 2607 2830 aut
2628 2776 2861 2842 tumidi,
2879 2793 2994 2830 non
3012 2777 3474 2832 detractionibus
3491 2779 3744 2847 assueti,

2077 2881 2190 2920 non
2224 2865 2493 2919 ebrietati
2526 2865 2870 2930 servientes,
2903 2881 3017 2920 non
3049 2864 3285 2920 luxuria
3307 2867 3584 2935 enervati,
3623 2885 3742 2923 non

2074 2953 2382 3008 iracundia
2411 2953 2654 3020 turbidi,
2693 2970 2804 3008 non
2832 2953 3197 3024 quibuslibet
3225 2953 3356 3010 aliis
3387 2955 3546 3010 vitiis
3590 2957 3743 3012 sub-

2073 3042 2264 3109 strati,
2298 3058 2408 3096 non
2446 3041 2769 3112 vaniloqui,
2802 3058 2918 3096 non
2954 3042 3154 3111 invidi,
3191 3059 3304 3097 non
3350 3044 3740 3112 somnolenti,

2071 3147 2185 3184 non
2206 3130 2378 3200 pigri,
2402 3147 2516 3184 non
2541 3139 3031 3198 murmuratores,
3075 3147 3189 3186 non
3222 3148 3597 3202 susurrones,
3619 3151 3740 3189 non

2070 3218 2372 3286 vinolenti,
2407 3235 2522 3273 non
2556 3217 2812 3273 multum
2846 3219 3078 3274 edaces.
3104 3219 3363 3276 Fraudes
3383 3226 3439 3275 et
3461 3221 3743 3278 dolosita—

2070 3311 2158 3361 tes
2210 3312 2490 3370 caveant,
2547 3307 2742 3362 usuris
2790 3323 3160 3378 nequaquam
3211 3308 3566 3380 inserviant,
3617 3327 3737 3367 non

311 3407 438 3462 quae
473 3392 696 3448 militiae
727 3397 917 3464 putes,
945 3392 1004 3448 id
1027 3399 1138 3462 est,
1165 3409 1236 3448 ne
1258 3393 1424 3450 lucra
1439 3395 1637 3449 saeculi
1661 3395 1719 3450 in
1744 3394 1960 3452 Christi
2062 3398 2285 3466 jurent,
2341 3412 2411 3450 ne
2447 3397 2591 3451 forte
2620 3397 2882 3467 pejerent
2931 3398 3299 3468 [perjurent],
3350 3397 3572 3453 malum
3630 3417 3736 3471 pro

311 3497 544 3551 quaeras
577 3481 805 3548 militia,
840 3498 910 3537 ne
935 3481 1067 3553 plus
1087 3482 1306 3545 habeas
1333 3499 1510 3554 quam
1535 3484 1772 3554 quando
1791 3485 1958 3539 cleri-

311 3585 415 3624 cus
445 3585 574 3625 esse
595 3569 841 3642 coepisti,
872 3576 929 3626 et
959 3571 1190 3628 dicatur
1217 3571 1325 3628 tibi
1350 3592 1365 3642 ;
1415 3571 1736 3629 Clericatus
1756 3588 1956 3630 eorum

311 3674 430 3716 non
461 3658 720 3730 proderit
749 3659 856 3718 eis.

312 3813 445 3865 CAP.
475 3810 529 3866 2.
563 3841 631 3883 έ-
663 3811 816 3879 Quod
836 3811 941 3883 duo
963 3813 1075 3883 sint
1094 3829 1294 3883 genera
1313 3814 1662 3870 clericorum.
1692 3817 1776 3869 Ea:
1796 3815 1958 3870 dictis
1989 3800 2032 3866 C

567 3882 712 3937 beati
739 3882 941 3938 Isidori
969 3882 1034 3938 de
1065 3883 1359 3952 gener-ibus
1387 3885 1715 3940 clericorum

381 4001 396 4070 (
427 3999 569 4054 Eccl.
601 3999 772 4072 ofﬂa,
802 3999 821 4054 ι
847 4017 908 4068 ιι,
943 4016 992 4055 c.
1025 3999 1108 4070 3.)
1140 3999 1265 4054 Duo
1300 4004 1438 4054 sunt
1468 4015 1682 4071 genera
1721 3999 1959 4057 clerico-

307 4105 464 4159 rum,
495 4106 682 4145 unum
715 4088 1250 4146 ecclesiasticorum
1281 4089 1392 4144 sub
1417 4087 1702 4160 regimine
1734 4089 1962 4161 episco-

303 4177 422 4250 pali
445 4179 781 4251 degentium
811 4196 824 4247 ;
850 4181 1099 4234 alterum
1125 4178 1566 4252 acephalorum,
1596 4178 1653 4233 id
1697 4183 1786 4234 est
1834 4179 1959 4234 sine

305 4267 522 4338 capite,
551 4285 725 4338 quem
775 4272 1105 4338 sequantur
1155 4268 1579 4339 ignorantium.
1615 4271 1732 4322 Hos
1775 4284 1959 4338 neque

310 4355 465 4411 inter
497 4354 740 4410 clericos
789 4355 992 4426 religio
1040 4360 1291 4412 retentat
1338 4357 1558 4426 divina,
1587 4356 1688 4412 sed
1732 4355 1958 4412 solutos

307 4441 460 4498 inter
487 4440 668 4498 laicos
699 4441 1073 4498 saccularum
1107 4443 1450 4500 officionum
1484 4444 1702 4513 studia,
1765 4461 1958 4516 neque

306 4535 482 4605 atque
511 4532 873 4603 oberrantes,
908 4531 1031 4587 sola
1064 4535 1256 4605 turpis
1285 4535 1402 4590 vita
1446 4535 1854 4606 complectitur
1900 4538 1958 4590 ct

302 4621 586 4692 vaga.Qui
604 4621 842 4692 quidem
867 4620 1097 4676 nullum
1124 4623 1364 4694 [quique
1384 4625 1529 4678 dum
1560 4622 1953 4690 nullum,etc.,

308 4714 657 4777 metuentes,
681 4709 978 4782 explendae
1008 4709 1328 4783 voluptatis
1353 4728 1473 4767 suae
1497 4710 1796 4766 licentiam
1817 4728 1955 4766 cou-

307 4803 628 4867 sectantur,
647 4799 818 4870 quasi
841 4798 1126 4854 animalia
1147 4800 1322 4856 bruta
1345 4799 1614 4855 libertate
1637 4816 1702 4854 ac
1725 4799 1953 4855 deside-

304 4889 390 4944 rio
422 4905 529 4944 suo
561 4889 852 4958 feruntur,
887 4887 1169 4944 habentes
1199 4888 1436 4960 signum
1479 4887 1782 4961 religionis
1836 4907 1949 4944 non

2069 3484 2222 3539 malo
2255 3501 2370 3539 non
2405 3485 2674 3539 reddant.
2709 3489 2853 3538 Cum
2877 3484 2933 3538 in
2960 3502 3023 3540 se
3047 3484 3269 3556 aliquid
3295 3487 3430 3542 boni
3457 3488 3733 3555 viderint,

2068 3574 2181 3630 Deo
2207 3593 2221 3641 ;
2246 3578 2304 3629 et
2331 3574 2551 3628 malum
2572 3589 2706 3628 cum
2729 3573 3005 3638 viderint,
3030 3574 3140 3628 sibi
3165 3575 3468 3646 deputent.
3494 3576 3734 3632 Discor-

2068 3664 2228 3718 diam
2255 3661 2502 3734 fugiant,
2522 3667 2580 3717 et
2600 3678 2747 3732 quos
2769 3662 3034 3717 noverint
3055 3663 3355 3719 discordes
3381 3664 3736 3735 [invenerint

2071 3752 2522 3821 discordantes],
2543 3752 2612 3806 ad
2639 3751 2942 3808 charitatis
2965 3753 3337 3808 concordiam
3364 3759 3736 3821 revocent,et

2064 3840 2235 3910 juxta
2266 3839 2591 3895 Psalmistie
2625 3856 2843 3909 vocem,
2866 3839 3161 3896 declinent
3182 3858 3216 3895 a
3236 3842 3414 3913 malo,
3438 3851 3489 3898 et
3514 3844 3733 3900 faciant

2073 3929 2293 3983 bonum
2348 3927 2528 3999 (Psal.
2597 3933 2807 3996 xxxvx).
2879 3931 3202 3985 Attendunt
3266 3935 3324 3986 et
3382 3932 3728 4003 Apostolum

2073 4019 2519 4088 prohibentem:
2565 4020 2683 4074 Non
2735 4019 2952 4090 inquit,
3005 4019 3061 4073 in
3132 4021 3619 4077 comessationibus
3677 4033 3731 4078 et

2070 4107 2450 4177 ebrietatibus,
2480 4124 2588 4163 non
2622 4107 2678 4162 in
2711 4107 2991 4163 cubilibus
3009 4119 3061 4164 et
3105 4109 3493 4180 impudicitiis,
3526 4128 3640 4164 non
3668 4113 3729 4166 in

2071 4199 2413 4252 contentione
2442 4205 2492 4251 et
2521 4197 2904 4261 aemulatione,
2927 4197 3021 4252 sed
3071 4197 3382 4252 induimini
3427 4199 3724 4255 Dominum

2072 4290 2263 4342 Jesum
2295 4285 2773 4357 ChristumUlom.
2833 4286 2981 4357 xm),
3015 4286 3499 4341 Animadvertant
3543 4287 3724 4344 etiam

2070 4373 2222 4446 quod
2258 4374 2328 4428 ab
2361 4373 2453 4429 his
2474 4374 2632 4429 vitiis
2662 4374 2735 4428 ab
2779 4373 3061 4445 Apostolo
3105 4374 3415 4446 prohibitis
3456 4377 3724 4433 omnium

2066 4464 2345 4520 vitiorum
2378 4481 2544 4536 seges
2576 4469 2856 4536 emergat,
2890 4469 2946 4520 et
2968 4466 3124 4536 quod
3147 4466 3356 4521 horum
3381 4467 3723 4523 morborum

2069 4560 2258 4609 mater
2290 4553 2566 4624 superbia
2597 4554 2694 4609 sit.
2728 4553 2965 4625 Oportet
3006 4555 3184 4609 etiam
3237 4559 3302 4610 ut
3345 4555 3544 4611 anima
3591 4574 3722 4612 cor-

2067 4659 2295 4714 pusque
2318 4659 2492 4697 suum
2519 4643 2588 4697 ab
2612 4641 2771 4697 omni
2794 4643 3238 4712 inquinamento
3260 4644 3452 4700 carnis
3475 4651 3532 4700 et
3555 4645 3727 4717 spiri-

2065 4736 2161 4786 tus
2193 4731 2547 4798 custodiant,
2581 4740 2659 4797 ut,
2685 4731 2856 4801 juxta
2881 4731 3242 4803 Apostolum,
3263 4733 3472 4804 integer
3491 4735 3726 4806 spiritus

2064 4837 2288 4888 eorum,
2318 4829 2367 4876 et
2397 4823 2588 4876 anima
2621 4825 2671 4874 et
2703 4836 2898 4891 corpus
2952 4820 3074 4876 sine
3118 4825 3341 4892 querela
3372 4825 3431 4878 in
3485 4824 3723 4880 adventu

2062 4910 2282 4965 Domini
2309 4912 2435 4965 .Iesu
2467 4909 2686 4966 Christi
2712 4918 2960 4965 servetur
2992 4911 3036 4981 (l
3068 4911 3245 4968 Thess.
3270 4915 3371 4983 v.).
3403 4913 3640 4982 Sobrie,
3663 4921 3724 4970 et

301 4977 601 5047 religionis
641 4977 925 5041 ofﬁcium,
961 4976 1438 5048 bippocentauris
1485 4977 1730 5045 similes,
1761 4995 1941 5049 neque

2152 5002 2234 5065 .te,
2269 5004 2325 5054 et
2357 5000 2448 5070 pie
2472 5000 2688 5054 vivant.
2721 4997 3027 5052 Saccularia
3045 4999 3276 5071 negotia
3299 5017 3543 5072 prorsus
3567 5003 3719 5074 abji-

301 5067 460 5140 equi,
493 5083 681 5138 neque
710 5064 1000 5132 homines,
1029 5065 1394 5137 mistumque
1417 5067 1506 5137 (ut
1527 5068 1610 5122 ait
1636 5069 1829 5139 poeta)
1848 5084 1946 5139 ge-

2061 5087 2237 5158 ciant,
2271 5088 2429 5158 quia,
2453 5089 2626 5159 juxta
2659 5088 2933 5143 eumdem
2959 5088 3307 5160 Apostolum
3335 5106 3347 5144 :
3377 5092 3541 5147 Nemo
3563 5093 3716 5147 mili-

299 5173 414 5214 nus
445 5156 754 5229 prolesque
803 5153 1072 5209 biformis
1122 5157 1340 5225 (VIBG.,
1391 5157 1515 5211 Αῑη.
1552 5157 1650 5227 v1).
1689 5159 1941 5221 Quorum

2152 5195 2184 5232 :s
2215 5153 2318 5232 Deo
2351 5153 2598 5248 implicat
2627 5193 2685 5232 se
2713 5179 2950 5248 negotiis
2979 5153 3364 5247 siccularibus,
3399 5189 3460 5236 ut
3491 5183 3551 5236 ei
3595 5182 3716 5253 pla-

302 5247 539 5319 quidem
572 5244 812 5303 sordida
855 5249 1032 5314 atque
1082 5243 1290 5298 infami
1345 5245 1766 5301 numerositate
1805 5245 1941 5300 satis

2152 5270 2177 5320 [ι
2206 5265 2298 5320 cui
2317 5282 2374 5320 se
2417 5243 2669 5335 probavit
2706 5243 2801 5336 (Ili
2825 5267 2957 5320 Tim.
3011 5269 3095 5335 ιι).
3146 5243 3446 5338 Jejunium
3495 5243 3714 5337 ament,

304 5351 602 5410 superque
634 5339 836 5391 nostra
867 5349 1003 5405 pars
1037 5332 1282 5388 occidua
1313 5332 1600 5404 polluitur
1631 5333 1874 5404 [pollet].

2058 5353 2318 5422 hospites
2333 5352 2628 5424 colligant,
2645 5370 2929 5425 pauperes
2945 5357 3423 5424 recreent,nudos
3437 5359 3709 5426 vestiant,

308 5465 439 5533 Cap.
467 5463 520 5515 3.
554 5492 622 5502 —
671 5458 831 5533 Quod
878 5455 1099 5533 clericis
1141 5459 1431 5533 praecipue
1478 5457 1728 5533 convenit
1778 5462 1949 5533 Deum
2056 5442 2324 5533 inﬁrmos
2354 5442 2612 5512 visitent,
2632 5449 2898 5533 mortuos
2918 5443 3228 5516 sepeliant,
3252 5445 3313 5533 in
3336 5446 3714 5506 tribulatione

380 5531 614 5602 diligere
642 5529 705 5588 et‘
717 5531 1059 5606 proximum,
1091 5535 1144 5585 et
1302 5529 1718 5588 conversatione
1743 5538 1793 5588 et
1823 5531 1945 5606 ofﬁ-

2054 5529 2262 5608 positis
2295 5547 2461 5606 opem
2492 5533 2702 5603 lerant,
2739 5531 3031 5590 dolentem
3073 5532 3470 5610 consolentur,
3527 5540 3716 5598 amori
