3978 6060
177 277 278 331 441

1224 282 1534 335 DKCRETI
1574 281 1757 336 PARS
1792 281 1885 333 Vl.
1919 308 1989 319 --
2019 282 2116 334 DE
2156 282 2503 335 CLERlClB.

3480 282 3584 337 442

172 400 390 457 Christi
435 400 581 457 nihil
629 406 991 474 praeponant,
1025 402 1370 459 charitatem
1424 422 1537 460 non
1571 404 1821 460 derelin-
1850 406 1903 473 Α
1925 404 2094 475 juxta
2114 405 2265 460 vires
2287 404 2750 475 adimplere,quo
2770 403 2998 460 facilius
3020 408 3076 460 et
3098 404 3338 462 liberius
3356 407 3587 478 majora

173 494 379 562 quant,
412 507 639 563 pacem,
670 489 721 546 si
751 491 876 546 fieri
908 494 1122 562 potest,
1156 509 1287 547 cum
1318 493 1595 547 omnibus
1628 492 1822 548 homi-

170 580 347 635 nibus
378 580 822 635 habeant.Diem
841 581 1051 651 judicii
1074 580 1519 649 timeant,vitam
1543 586 1819 637 aeternam

173 668 559 742 spiritualiter
574 669 1009 741 concupiscant.
1034 671 1210 742 Spem
1228 688 1393 727 suam
1417 672 1531 726 Deo
1553 671 1822 726 commit-

174 764 332 815 tant:
368 759 601 831 proprio
622 759 895 831 episcopo
916 760 976 813 in
999 760 1275 816 omnibus
1300 760 1625 815 secundum
1649 777 1822 815 cano-

172 849 365 904 nicam
398 848 828 904 institutionem
861 849 1283 920 obtemperent,
1318 848 1633 921 magistros
1682 865 1821 905 suos

172 953 284 991 non
305 945 522 992 temere
541 938 1299 1009 reprehendant.Postremo
1320 938 1379 993 in
1403 940 1685 994 doctrinis
1703 938 1821 1010 spi-

172 1026 483 1081 ritualibus
514 1043 751 1098 operam
781 1028 940 1089 dent.
970 1027 1342 1098 lectionibus,
1365 1026 1631 1099 psalmis,
1651 1028 1821 1100 hym-

171 1116 283 1183 nis,
309 1116 554 1171 canticis
586 1115 1020 1188 spiritualibus,
1052 1120 1108 1173 et
1138 1122 1480 1173 ceterorum
1531 1118 1820 1173 bonorum

170 1220 413 1275 operum
435 1204 727 1260 exercitiis
751 1205 975 1277 jugiter
995 1206 1431 1261 incumbant.ln
1455 1206 1819 1275 dormitorio,

168 1293 282 1349 nisi
315 1308 491 1365 quem
527 1294 841 1350 infirmitas
884 1295 1221 1363 detinuerit,
1255 1312 1456 1350 omnes
1503 1296 1818 1352 dormiant.

169 1384 230 1437 In
265 1383 568 1438 refectorio
604 1385 818 1455 pariter
848 1385 1207 1452 reficiantur,
1242 1385 1504 1457 quotidie
1537 1386 1607 1440 ad
1642 1385 1821 1440 colla-

167 1470 387 1526 tionem
417 1473 670 1527 venianl.
704 1473 855 1542 Mox,
890 1478 954 1527 ut
985 1474 1218 1543 signum
1270 1475 1472 1529 datum
1523 1474 1714 1541 fuerit,
1749 1474 1820 1528 ad

169 1561 477 1616 ecclesiam
509 1578 712 1617 omnes
741 1563 1013 1617 festinate
1043 1564 1297 1631 veniant,
1332 1569 1389 1617 et
1436 1563 1611 1617 horas
1645 1580 1821 1618 cano-

167 1651 332 1706 nicas
365 1668 477 1706 non
512 1650 892 1722 negligenter,
927 1653 1028 1707 sed
1060 1670 1193 1707 cum
1223 1655 1381 1707 omni
1410 1651 1689 1723 religione
1719 1669 1821 1724 pa-

164 1740 308 1794 riter
339 1739 988 1796 celebrent.Ecclesiam
1024 1759 1138 1797 non
1172 1742 1522 1813 pompatice,
1539 1743 1639 1796 sed
1668 1759 1821 1796 reve-

162 1834 359 1884 renter
381 1828 877 1901 ingredianturJn
898 1831 1072 1885 choro
1092 1848 1227 1885 cum
1251 1830 1479 1885 baculis
1503 1847 1617 1885 non
1642 1834 1816 1885 stent.

163 1925 527 1996 Vauiloquiis
573 1944 941 1998 nequaquam
993 1928 1296 1998 insistant,
1340 1929 1439 1983 sed
1482 1944 1617 1983 cum
1659 1926 1819 1982 omni

164 2016 473 2072 devotione
520 2021 578 2071 et
626 2017 999 2071 veneratione
1048 2016 1257 2071 divinae
1312 2017 1613 2071 servitutis
1672 2032 1820 2087 opus

162 2110 467 2177 peragant,
499 2105 754 2160 scientes
786 2106 1129 2177 angelorum
1164 2105 1535 2176 praesentiam
1588 2122 1821 2175 semper

164 2193 282 2249 illic
313 2194 590 2249 adesse.E
624 2193 897 2249 claustris
930 2194 1166 2249 nonnisi
1200 2210 1301 2265 per
1333 2194 1629 2249 licentiam
1665 2210 1821 2265 egre-

164 2283 661 2351 diantur.Egressi
688 2282 1281 2354 irreprehensibiliter
1301 2284 1514 2351 vivant,
1541 2286 1605 2337 ut
1632 2283 1701 2337 ab
1726 2282 1819 2337 his

160 2372 259 2443 qui
295 2371 438 2427 foris
469 2376 608 2427 sunt
638 2373 853 2427 bonum
891 2372 1295 2427 testimonium
1327 2372 1667 2437 habeant,et
1690 2370 1819 2426 reli-

158 2461 393 2533 gionem
429 2478 494 2516 ac
526 2462 892 2533 propositum
912 2479 1082 2517 suum
1108 2462 1335 2518 actibus
1361 2461 1579 2517 illicitis
1603 2478 1818 2533 nequa-

158 2566 335 2621 quam
370 2549 687 2605 maculent.
722 2551 825 2604 Sed
856 2550 1051 2622 potius
1085 2568 1289 2605 omnes
1330 2551 1543 2623 quibus
1578 2567 1638 2604 se
1673 2567 1817 2604 con-

149 2639 475 2709 junxerint,
500 2638 621 2695 sale
644 2639 943 2711 sapientia:
967 2644 1021 2695 et
1043 2641 1333 2695 bonorum
1358 2657 1600 2712 operum
1626 2656 1824 2694 exem-

160 2728 273 2800 plis
329 2730 624 2784 condiant.
660 2728 1055 2785 Contubernia
1088 2730 1439 2785 feminarum
1476 2729 1819 2785 nullatenus

159 2823 459 2889 appetant,
485 2836 598 2873 non
624 2819 788 2872 vanis
810 2818 1015 2887 oculis,
1043 2823 1143 2873 aut
1162 2819 1448 2891 petulanti
1473 2820 1816 2890 tumidoque

157 2910 325 2977 gestu
359 2924 423 2962 ac
454 2906 761 2962 dissolutis
794 2908 1031 2963 renibus
1062 2908 1488 2964 incedant.Non
1512 2913 1814 2979 spectacu-

159 2994 254 3065 lis,
288 3012 401 3050 non
455 2995 685 3068 pompis
745 2996 1125 3051 saecularibus
1157 2996 1452 3065 intersint,
1488 3014 1603 3051 non
1654 2997 1810 3063 aleae,

157 3110 273 3147 non
320 3092 678 3162 quibuslibet
722 3094 1134 3149 venationibus
1185 3094 1525 3150 inserviant.
1554 3093 1813 3164 Apostoli

154 3199 412 3253 namque
443 3182 713 3237 instructi
740 3182 1113 3251 documento,
1140 3201 1253 3254 quo
1287 3184 1403 3239 ait:
1436 3188 1558 3240 Non
1590 3184 1647 3237 in
1673 3188 1816 3238 veste

148 3274 395 3345 pretiosa
416 3273 468 3341 (Ι
488 3270 620 3325 Tim.
647 3273 731 3343 η),
760 3289 1134 3344 nequaquam
1161 3272 1431 3343 pretiosis
1455 3273 1815 3329 delectentur

158 3360 441 3416 vestibus.
476 3360 729 3416 Caveant
788 3378 1163 3433 summopere
1213 3380 1285 3417 ne
1336 3366 1495 3417 extra
1553 3362 1816 3417 claustra

160 3467 359 3505 moras
390 3450 626 3519 faciant,
651 3450 765 3505 nisi
790 3455 963 3521 prout
995 3451 1105 3505 sibi
1139 3468 1172 3506 a
1204 3451 1395 3522 priore
1426 3451 1815 3506 constitutum

157 3539 357 3609 fuerit,
388 3544 446 3595 ct
491 3539 900 3610 Opportunitas
949 3540 1234 3610 temporis
1286 3540 1608 3595 dictaverit.
1657 3542 1818 3595 Intra

157 3628 419 3683 claustra
442 3626 617 3699 positi
644 3645 756 3682 non
781 3627 896 3683 otio
923 3632 1149 3696 vacent,
1174 3629 1273 3683 sed
1309 3634 1409 3683 aut
1440 3628 1655 3684 divinis
1687 3628 1815 3683 offi-

152 3718 401 3787 ciis,aut
417 3716 671 3788 propriis
694 3717 1073 3785 utilitatibus,
1092 3721 1193 3772 aut
1217 3722 1372 3772 certe
1396 3716 1817 3788 magistrorum

156 3812 404 3878 pareant
448 3806 847 3877 jussionihus,
902 3824 973 3861 ne
1022 3806 1139 3862 otio
1190 3811 1489 3877 torpentes
1536 3806 1606 3861 ab
1664 3807 1817 3877 Apo-

151 3894 305 3951 8tolc
336 3895 580 3951 audiant
615 3913 627 3951 :
678 3897 789 3965 Qui
816 3912 922 3951 non
956 3897 1067 3950 vult
1098 3897 1338 3967 operari,
1377 3912 1473 3950 nec
1518 3896 1819 3951 manducet

152 3996 225 4065 (Il
256 3994 434 4049 Thess.
469 3995 573 4065 Ill).
609 3994 880 4049 Seniores
928 3994 1318 4065 spiritualiter
1359 3993 1629 4065 juniores
1680 3994 1816 4049 dili-

149 4089 325 4156 gant;
353 4083 621 4153 juniores
646 4082 977 4140 senioribus
1004 4084 1356 4155 obsequium
1389 4084 1631 4155 dignum
1664 4084 1817 4139 exhi-

153 4174 352 4227 beant.
392 4172 685 4228 Doctiores
718 4174 916 4227 minus
948 4173 1136 4228 doctis
1169 4189 1541 4244 nequaquam
1575 4190 1637 4227 se
1670 4190 1817 4243 pra:-

147 4262 364 4327 ferant,
390 4261 489 4315 sed
508 4261 699 4331 magis
716 4277 813 4315 eos
829 4277 962 4315 cum
985 4260 1270 4315 charitate
1290 4262 1599 4316 aedificent.
1619 4262 1817 4332 Neque

144 4350 205 4405 hi
230 4350 333 4421 qui
359 4348 667 4404 nobilitate
694 4350 1062 4420 generis,aut
1084 4350 1370 4405 virtutum
1385 4350 1553 4405 donis
1569 4350 1814 4421 pollent,

146 4439 377 4494 caeteris
408 4455 469 4493 se
500 4438 725 4493 tumide
784 4438 1267 4510 superextollant.
1301 4440 1517 4494 Omnes
1569 4439 1628 4493 in
1679 4456 1815 4495 con-

143 4526 489 4598 gregatione
534 4526 792 4581 vicissim
825 4526 938 4581 sibi
971 4526 1276 4582 charitatis
1307 4527 1500 4581 officio
1532 4527 1811 4583 serviant.
1844 4513 1891 4577 D

143 4626 375 4688 Quibus
418 4624 593 4680 etiam
643 4625 704 4679 in
755 4625 1060 4681 refectorio
1093 4625 1561 4693 comedentibus,
1588 4631 1644 4682 et
1676 4626 1812 4681 reli-

138 4713 479 4786 giosissime
492 4713 793 4769 silentium
810 4714 1563 4779 tenentibus,continuatim
1582 4714 1813 4785 legatur

136 4802 760 4872 lectio.Delinquentes
783 4801 902 4858 zelo
918 4804 1292 4859 rectitudinis
1306 4805 1521 4874 pariter
1535 4821 1758 4875 arguan
1772 4814 1809 4874 ι,

135 4898 194 4947 et
216 4891 528 4962 castigent.
556 4891 773 4947 Pueros
798 4896 852 4946 et
876 4891 1278 4948 adolescentes
1300 4891 1662 4963 negligentes
1685 4909 1809 4947 vero

136 4983 351 5035 borum
376 4980 702 5051 disciplinis
716 4981 1031 5051 corrigunt.
1047 4982 1275 5053 Singuli
1294 4981 1619 5036 secundum
1636 4998 1808 5052 capa-

135 5071 380 5125 citatem
414 5086 584 5124 suam
618 5069 982 5125 diversarum
1015 5070 1233 5125 artium
1266 5069 1616 5125 erudiantur
1638 5070 1810 5124 disci-

135 5158 345 5229 plinis,
375 5163 438 5213 ut
468 5158 667 5213 nullus
688 5158 747 5213 in
772 5156 1017 5230 collegio
1049 5160 1329 5215 canonico
1364 5158 1591 5214 inutilis
1626 5176 1806 5231 appa-

138 5252 404 5313 reat,nec
423 5252 558 5303 vota
581 5246 843 5302 fidelium
866 5248 1090 5303 otiosus
1105 5247 1571 5304 comedat.Tales
1586 5247 1806 5319 quippe

132 5353 287 5403 esse,
310 5337 431 5392 imo
453 5335 649 5391 taliter
669 5337 1001 5392 conversari
1022 5338 1184 5392 decet
1212 5354 1437 5407 omnes,
1464 5337 1564 5409 qui
1589 5337 1804 5393 divinis

132 5426 349 5482 officiis
383 5442 447 5481 se
478 5426 912 5497 manciparunt.
946 5426 1318 5498 Quapropter
1357 5428 1635 5482 studeant
1681 5426 1802 5481 haec

134 5515 396 5571 breviter
426 5514 670 5571 collecta
716 5515 924 5570 sedula
971 5515 1356 5570 meditatione
1402 5515 1697 5588 perlegere
1744 5520 1803 5570 et

135 5604 439 5662 memoria;
471 5604 905 5674 commendare,
937 5606 995 5659 et
1024 5604 1338 5674 adjuvante
1364 5604 1561 5661 divina
1590 5604 1798 5677 gratia,

1931 510 1965 547 a
1995 494 2178 548 sancti
2205 493 2479 548 Patribus
2510 493 2686 558 edita,
2714 494 2953 565 exsequi
2983 493 3234 550 valeant.
3269 495 3582 552 Vocatione

1930 599 2069 653 ergo
2101 598 2217 653 qua
2246 582 2434 637 vocati
2466 586 2629 652 sunt,
2663 598 2769 637 nec
2802 584 2873 637 ad
2907 584 3228 653 dexteram,
3260 601 3365 639 nec
3397 586 3468 639 ad
3502 586 3581 641 si-

1932 671 2183 726 nistram
2228 670 2607 736 declinantes,
2656 671 2980 739 ambulent,
3024 678 3312 743 quatenus
3366 674 3579 729 divinis

1927 760 2300 830 jussionibus
2344 761 2837 831 obtemperantes,
2866 762 2938 815 ad
2969 762 3284 829 Christum,
3321 762 3379 816 in
3412 763 3582 832 cujus

1930 854 2086 903 sorte
2116 866 2244 905 esse
2290 855 2633 918 noscuntur,
2666 850 2767 920 qui
2819 851 2933 915 via,
2965 850 3181 906 veritas
3231 856 3288 906 et
3336 852 3454 906 vita
3496 856 3587 907 est

1930 938 2085 1007 (Joan
2116 939 2253 1009 xxv),
2286 956 2350 995 eo
2382 937 2724 1010 opitulante,
2760 939 3059 1010 pervenire
3088 946 3444 995 mereantur.

1930 1055 2063 1111 ΟΑΡ.
2099 1057 2151 1109 4.
2186 1086 2253 1095 -
2286 1057 2357 1109 De
2396 1059 2623 1109 tonsura
2669 1056 3016 1110 clericorum.
3053 1055 3292 1109 Isidorus
3336 1057 3396 1111 in
3441 1056 3583 1112 libro

2122 1128 2613 1181 ecclesiasticarum
2642 1127 2949 1196 ofﬁciorum
2980 1127 3100 1197 (lib.
3136 1144 3198 1197 ιι,
3228 1142 3276 1181 c.
3310 1128 3384 1198 4).

2000 1244 2279 1299 Tonsurae
2300 1243 2703 1299 ecclesiasticae
2728 1260 2871 1298 usus
2896 1261 2927 1298 a
2948 1244 3233 1298 Nazarzeis
3275 1244 3355 1313 (ni
3390 1242 3585 1317 fallor)

1931 1338 2166 1387 exortus
2189 1338 2296 1399 est,
2324 1333 2419 1403 qui
2444 1332 2606 1403 prius
2630 1332 2789 1388 crine
2811 1336 3060 1399 servato,
3085 1333 3276 1387 denuo
3302 1337 3432 1403 post
3455 1334 3580 1387 vitae

1932 1438 2159 1493 magnae
2192 1422 2610 1476 continentiam
2644 1421 2953 1476 devotione
2986 1420 3278 1492 completa
3304 1422 3582 1489 [devotio-

1931 1527 2064 1564 nem
2124 1510 2483 1565 continentia
2532 1509 2840 1580 completa,
2874 1513 3033 1579 etc.],
3061 1515 3237 1581 caput
3279 1511 3580 1579 radebant,

1931 1603 1988 1653 et
2044 1597 2285 1668 capillos
2329 1598 2387 1652 in
2444 1599 2577 1669 igne
2628 1599 2896 1653 sacrificii
2957 1615 3169 1669 ponere
3217 1599 3585 1669 jubebantur

1931 1688 2115 1757 (Num.
2149 1688 2247 1757 v1),
2282 1686 2503 1742 scilicet
2547 1693 2610 1741 ut
2659 1687 3072 1758 perfectionem
3115 1688 3436 1743 devotionis
3466 1704 3583 1743 suae

1850 1778 1898 1842 B
1928 1773 2176 1829 Domino
2216 1781 2642 1831 consecrarent.
2676 1775 2865 1843 Hujus
2892 1792 3025 1845 ergo
3052 1776 3300 1847 exempli
3334 1793 3479 1831 usus
3508 1777 3581 1831 ab

1931 1865 2215 1935 apostolis
2244 1865 2615 1919 introductus
2639 1870 2827 1933 est,ut
2858 1865 2915 1918 hi
2950 1866 3047 1935 qui
3083 1865 3139 1919 in
3173 1866 3389 1920 divinis
3420 1865 3587 1921 culti-

1929 1953 2041 2007 bus
2066 1953 2661 2024 mancipati,Domino
2686 1955 3584 2025 consecrantur,quasiNazaraei,

1930 2043 1989 2097 id
2039 2049 2145 2109 est,
2189 2044 2377 2097 sancti
2432 2042 2526 2097 Dei
2579 2042 2738 2097 crine
2786 2044 3013 2114 preciso
3061 2042 3434 2098 innoventur.
3469 2044 3586 2098 Hoc

1931 2132 2149 2203 quippe
2178 2136 2235 2185 et
2264 2130 2546 2186 Ezechieli
2581 2131 2878 2202 prophetas
2915 2131 3179 2201 jubetur,
3208 2132 3437 2187 dicente
3467 2132 3581 2187 Do-

1930 2221 2124 2275 mino:
2160 2222 2251 2289 Tu,
2279 2220 2370 2289 ﬁli
2400 2220 2658 2287 hominis,
2690 2237 2847 2275 sume
2891 2220 2992 2275 tibi
3035 2220 3291 2290 gladium
3329 2225 3581 2292 acutum,

1928 2319 1978 2364 et
2008 2311 2175 2364 duces
2204 2326 2301 2381 per
2329 2319 2496 2378 caput
2524 2318 2697 2375 tuum,
2720 2314 2770 2364 et
2802 2310 3031 2365 barbam
3059 2310 3287 2378 (Ezech.
3310 2313 3386 2377 v).
3409 2312 3583 2365 Vide-

1927 2398 2061 2454 licet
2079 2399 2216 2469 quia
2238 2404 2294 2453 et
2316 2399 2439 2469 ipse
2462 2397 2809 2453 sacerdotali
2828 2415 3038 2469 genere
3052 2399 3167 2453 Deo
3183 2399 3239 2453 in
3256 2399 3583 2454 ministerio

1928 2487 2411 2543 sanctificationis
2469 2487 2850 2541 deserviebat.
2883 2488 2994 2541 Hoc
3027 2492 3085 2541 et
3115 2487 3417 2541 Nazarwos
3448 2487 3582 2542 illos

1927 2577 2252 2633 Priscillam
2284 2582 2341 2632 et
2369 2577 2639 2647 Aquilam
2673 2576 2729 2630 in
2762 2578 3005 2633 Actibus
3036 2578 3434 2650 apostolorum
3468 2580 3583 2651 pri-

1928 2685 2090 2723 mum
2126 2667 2333 2722 fecisse
2361 2666 2613 2738 legimus
2654 2668 2791 2737 (Act.
2826 2672 3010 2735 xvm).
3044 2668 3287 2723 Paulum
3342 2684 3579 2740 quoque

1924 2757 2349 2828 apostolum,et
2372 2756 2659 2827 quosdam
2693 2756 3113 2827 discipulorum
3141 2757 3375 2823 Christi,
3394 2757 3493 2829 qui
3517 2758 3575 2812 in

1924 2845 2266 2915 hujusmodi
2299 2845 2457 2899 cultu
2492 2845 2762 2899 imitandi
2794 2845 3143 2901 exstiterunt
3167 2848 3303 2913 (Act.
3333 2847 3581 2918 xxx).Est

1924 2939 2117 2989 autem
2142 2933 2201 2987 in
2226 2932 2455 2988 clericis
2476 2933 2984 3005 tonsura,signum
3010 2935 3488 3005 quoddam,quod
3518 2934 3577 2989 in

1924 3039 2164 3094 corpore
2195 3023 2499 3093 figuratur,
2535 3022 2635 3077 sed
2668 3022 2727 3076 in
2761 3022 2958 3077 animo
3009 3023 3227 3093 agitur,
3261 3023 3485 3079 scilicet
3514 3027 3579 3078 ut

1925 3111 2032 3166 hoc
2064 3113 2228 3181 signo
2259 3112 2317 3167 in
2350 3111 2631 3183 religione
2660 3111 2802 3166 vitia
2832 3118 3301 3177 recensentur,et
3322 3112 3578 3167 crimini-

1924 3203 2036 3257 bus
2067 3201 2261 3256 carnis
2294 3206 2505 3256 nostra:
2557 3200 2723 3271 quasi
2770 3201 3032 3257 crinibus
3064 3218 3370 3269 exuamur,
3405 3206 3580 3273 atque

1924 3292 2061 3345 inde
2086 3289 2381 3344 innovatis
2412 3289 2717 3355 sensibus,
2736 3294 2804 3344 ut
2822 3290 3004 3345 comis
3023 3290 3268 3346 rudibus
3299 3292 3582 3345 enitesca-

1925 3396 2081 3444 mus,
2114 3378 2494 3449 exspoliantes
2548 3395 2666 3445 nos,
2717 3378 2878 3448 juxta
2925 3379 3294 3451 Apostolum,
3343 3384 3579 3435 veterem

1926 3468 2203 3523 hominem
2231 3484 2352 3521 cum
2384 3468 2595 3523 actibus
2644 3470 2783 3537 suis,
2811 3476 2863 3523 et
2907 3468 3194 3524 induentes
3234 3485 3434 3524 novum
3486 3470 3581 3541 qui

1925 3566 2226 3612 renovatur
2255 3559 2312 3611 in
2344 3558 2685 3627 agnitionem
2718 3556 2814 3611 Dei
2836 3557 3031 3627 (Colos.
3064 3560 3361 3626 111).Quam
3398 3576 3577 3613 reno-

1925 3646 2217 3701 vationem
2241 3646 2300 3699 in
2325 3650 2520 3700 mente
2544 3650 2770 3716 oportet
2790 3646 3318 3717 fieri,sedincapite
3343 3649 3583 3703 demon-

1928 3735 2121 3803 strari,
2157 3734 2257 3788 ubi
2286 3732 2415 3805 ipsa
2447 3751 2616 3789 mens
2650 3734 2915 3789 noscitur
2944 3735 3230 3790 habitare.
3251 3735 3415 3797 Quod
3446 3753 3580 3792 vero

1928 3827 1999 3881 de
2030 3831 2198 3881 tonso
2254 3824 2446 3896 capite
2493 3825 2788 3896 superius,
2821 3825 3070 3881 inferius
3113 3825 3316 3881 circuli
3367 3844 3582 3882 corona

1928 3914 2302 3985 relinquitur,
2318 3915 2711 3971 sacerdotium
2740 3930 3107 3987 regnumque
3124 3914 3393 3971 Ecclesia:
3416 3917 3473 3970 in
3496 3917 3580 3971 eis

1928 4004 2198 4059 existimo
2232 4004 2492 4074 figurari.
2526 4003 2699 4058 Tiara
2727 4004 2883 4059 enim
2917 4005 3072 4075 apud
3104 4009 3325 4059 veteres
3358 4006 3580 4059 consti-

1928 4094 2205 4147 tuebatur
2234 4094 2291 4147 in
2326 4096 2514 4165 capite
2545 4094 2935 4148 sacerdotum.
2973 4094 3101 4147 Haec
3133 4110 3202 4147 ex
3233 4094 3406 4163 bysso
3438 4108 3579 4146 con-

1927 4182 2076 4236 fecta
2134 4182 2388 4237 rotunda
2444 4187 2586 4246 erat,
2622 4180 2792 4252 quasi
2842 4180 3071 4249 sphera
3118 4180 3332 4247 media,
3365 4185 3422 4233 et
3470 4180 3579 4235 hoc

1928 4269 2294 4338 significatur
2340 4270 2399 4323 in
2453 4275 2615 4339 parte
2646 4268 2856 4338 capitis
2887 4274 3074 4322 tonsa.
3111 4267 3336 4323 Corona
3382 4273 3577 4324 autem

1927 4356 2175 4412 latitudo
2207 4362 2409 4413 aureat
2439 4356 2644 4428 [aurei]
2664 4355 3138 4429 estcirculi,quaa
3163 4372 3365 4427 regum
3386 4359 3579 4428 capita

1927 4444 2460 4518 cingit.Utrumque
2481 4446 2678 4516 itaque
2701 4446 2934 4516 signum
2956 4446 3375 4516 exprimiturin
3392 4447 3579 4518 capite

1923 4534 2294 4603 clericorum,
2327 4539 2392 4589 ut
2422 4532 2735 4603 impleatur
2782 4534 2958 4589 etiam
3007 4536 3263 4605 quadam
3317 4535 3579 4607 corporis

1922 4623 2494 4695 similitudine,quod
2529 4622 2815 4693 scriptum
2837 4623 3124 4688 est,Petro
3155 4624 3417 4695 apostolo
3449 4641 3578 4695 per-

1922 4714 2201 4768 docente:
2242 4714 2333 4767 Vos
2360 4714 2490 4767 estis
2517 4728 2690 4783 genus
2717 4711 3177 4783 electum,regale
3206 4715 3579 4769 sacerdotium

1922 4803 1967 4873 (ι
1996 4805 2143 4858 Patr.
2179 4802 2563 4873 n).Qua3ritur
2587 4806 2785 4857 autem
2807 4818 2932 4870 cur,
2950 4802 3107 4856 sicut
3129 4804 3284 4872 apud
3308 4804 3578 4874 antiquos

1920 4891 2246 4961 Nazareos,
2271 4908 2386 4945 non
2408 4895 2542 4945 ante
2573 4906 2741 4945 coma
2771 4890 3048 4959 nutritur,
3074 4896 3131 4945 et
3160 4891 3243 4946 sic
3275 4892 3572 4947 tondetur.

1916 4981 2025 5035 Sed
2047 4980 2146 5050 qui
2172 4979 2293 5034 haec
2316 4978 2969 5050 exquirunt,advertant
2991 4980 3131 5050 quid
3157 4978 3233 5033 sit
3252 4979 3405 5035 inter
3428 4981 3573 5036 illud

1918 5068 2324 5139 pr0pheticum
2344 5067 2764 5137 velamentum,
2784 5072 2841 5122 et
2862 5068 3010 5123 hanc
3038 5068 3334 5140 Evangelii
3363 5070 3576 5124 revela-

1915 5158 2159 5222 tionem,
2187 5158 2255 5212 de
2287 5172 2403 5227 qua
2432 5157 2575 5211 dicit
2603 5156 2957 5227 Apostolus:
2994 5158 3127 5211 Cum
3170 5160 3471 5213 transieris
3504 5158 3574 5211 ad

1918 5246 2217 5315 Christum,
2252 5248 2537 5316 auferetur
2594 5246 2840 5300 velamen
2875 5247 2949 5316 (ll
2982 5246 3109 5302 Cor.
3134 5247 3237 5315 ιιι).
3273 5247 3433 5310 Quod
3468 5263 3570 5300 au-

1915 5340 2033 5391 tem
2066 5336 2437 5408 significabat
2466 5336 2730 5390 velamen
2763 5335 3174 5406 interpositum
3196 5336 3345 5390 inter
3360 5334 3567 5389 faciem

1915 5425 2121 5497 Moysi,
2153 5429 2209 5480 et
2240 5428 2541 5495 aspectum
2574 5423 2776 5495 populi
2809 5423 3005 5490 Israel,
3038 5424 3149 5479 hoc
3198 5423 3570 5494 significabat

1912 5512 2031 5568 illis
2058 5513 2424 5584 temporibus
2470 5512 2647 5569 etiam
2698 5528 2867 5567 coma
2914 5516 3279 5568 sanctorum.
3314 5511 3459 5567 Nam
3514 5517 3571 5569 et

1910 5602 2231 5674 Apostolus
2263 5616 2491 5658 comam
2516 5616 2619 5671 pro
2642 5600 2969 5658 velamento
2991 5614 3119 5656 esse
3143 5599 3301 5657 dicit.
3320 5600 3568 5660 Proinde
