3960 6072
380 234 486 289 443

1472 238 1540 287 D.
1579 231 1820 287 lVONIS
1854 226 2353 284 CARNOTENBIS
2390 230 2706 284 EPISCOPI

3704 228 3824 283 444

370 355 496 423 jam
531 369 645 407 non
670 355 999 425 oportet,ut
1021 353 1284 409 velentur
1305 353 1570 408 crinibus
1590 369 1791 408 eorum
1816 350 2028 421 capita,
2058 352 2114 415 Α
2144 365 2322 403 neum
2362 366 2602 417 sonans,
2636 366 2825 421 neque
2855 366 2988 406 cum
3019 354 3177 407 motu
3208 352 3491 422 corporis,
3522 352 3623 406 sed
3671 354 3829 406 tan-

379 442 477 512 qui
515 441 758 497 Domino
789 447 1211 496 consecrantur
1242 443 1288 512 (I
1319 443 1444 497 Cor.
1478 442 1595 513 xi):
1649 442 1749 496 sed
1800 443 2030 493 tantum

379 536 443 587 ut
465 530 1121 601 revelentur,quiaquod
1140 536 1264 585 erat
1280 530 1575 586 occultum
1593 531 1649 584 in
1668 530 2032 585 sacramento

378 620 859 693 prophetim,jam
896 621 953 672 in
986 618 1293 691 Evangelia
1327 619 1685 675 declaratum
1718 623 1826 674 est.

450 731 583 783 CAP.
609 729 660 781 5.
695 758 761 768 —
794 728 837 780 Ι.
870 727 942 781 De
970 727 1233 781 ostiariis.
1264 727 1414 781 Idem
1444 727 1562 796 (lib.
1593 742 1655 789 ιι,
1687 742 1733 779 c.
1772 725 1880 794 11).

450 817 683 873 Ostiarii
740 819 899 881 sunt,
953 815 1051 884 qui
1105 815 1165 869 in
1214 815 1401 869 Veteri
1453 815 1826 870 Testamento
1877 812 2033 880 jani-

378 912 535 961 tores
566 904 769 975 templi
802 904 1162 958 vocabantur
1183 891 1207 971 ;’
1232 904 1326 974 qui
1364 909 1649 975 praerant
1680 903 1862 975 portis
1892 905 2037 956 tem'

382 995 460 1066 pli
517 991 904 1061 Hierusalem,
953 992 1173 1062 quique
1219 992 1498 1058 ordinati,
1548 1008 1650 1064 per
1694 991 1848 1047 vices
1896 1006 2036 1045 suas

376 1082 576 1137 omnia
605 1081 883 1136 interiora
912 1080 1117 1152 templi
1168 1081 1253 1136 vel
1303 1082 1592 1136 exteriora
1622 1080 2037 1136 custodiebant

378 1172 421 1239 (1
464 1173 595 1226 Par.
646 1187 742 1236 ix;
789 1187 963 1237 xxxii;
1014 1171 1204 1240 xxxv).
1254 1171 1323 1225 Hi
1383 1170 1633 1241 denique
1689 1170 1845 1224 inter
1901 1184 2036 1223 san-

377 1265 536 1315 ctum
590 1263 647 1314 et
694 1258 965 1329 iniquum
1009 1258 1428 1328 discernentes,
1460 1276 1558 1315 eos
1589 1264 1820 1315 tantum
1854 1257 1911 1311 in
1943 1272 2037 1312 ec-

377 1350 558 1407 clesia
588 1347 689 1419 qui
722 1353 863 1403 sunt
894 1348 1437 1420 fideles,recipiunt.
1464 1348 1683 1403 Intrare
1704 1346 1857 1403 enim
1885 1350 2036 1401 tem-

380 1438 545 1510 plum
578 1437 688 1494 nisi
722 1454 825 1509 per
855 1454 953 1493 eos
986 1454 1099 1493 non
1134 1454 1452 1509 possumus
1484 1436 2040 1507 [possunt].Habent

380 1528 538 1583 enim
572 1531 923 1599 potestatem
956 1532 1076 1581 tam
1109 1527 1293 1582 bonos
1321 1526 1659 1597 recipiendi,
1694 1542 1870 1598 quam
1905 1524 2036 1593 reji-

382 1615 574 1673 ciendi
606 1616 905 1686 indignos.

454 1725 587 1778 CAP.
619 1722 671 1775 6.
705 1752 775 1762 —
810 1724 878 1777 ll.
914 1726 994 1777 De
1023 1721 1335 1777 lectoribus.
1367 1721 1516 1776 Idem
1546 1720 1665 1791 (lib.
1699 1736 1761 1785 ιι,
1794 1737 1839 1775 c.
1877 1722 1985 1787 11).
2071 1718 2119 1782 Β

456 1812 759 1867 Lectorum
810 1812 950 1866 ordo
999 1811 1247 1865 formam
1292 1815 1349 1865 et
1403 1810 1639 1865 initium
1675 1826 1708 1863 a
1740 1808 2041 1881 prophetis

383 1902 628 1973 accepit.
662 1902 808 1955 Sunt
837 1900 1019 1972 igitur
1046 1899 1680 1970 lectores,quiverbum
1709 1898 1805 1952 Dei
1839 1896 2042 1969 praedi-

390 1994 546 2058 cant,
579 1990 796 2061 quibus
830 1989 1086 2045 dicitur:
1138 1988 1355 2058 Clama,
1387 2006 1457 2045 ne
1501 2004 1692 2055 cesses,
1727 1988 1886 2057 quasi
1913 1986 2044 2041 tuba

384 2079 580 2135 exalia
608 2094 793 2134 vocem
822 2081 975 2134 tuam
1006 2079 1327 2150 (Isa.1.vm).
1351 2076 1449 2133 Isti
1476 2077 1689 2147 quippe
1720 2076 1861 2130 dum
1892 2073 2046 2129 ordi-

390 2170 901 2242 nantur,primum
933 2170 1005 2224 de
1034 2185 1235 2224 eorum
1265 2167 1706 2224 conversatione
1736 2166 2044 2236 episcopus

384 2261 634 2317 verbum
666 2259 805 2314 facit
836 2258 908 2313 ad
942 2257 1475 2330 papulum,dainde
1506 2272 1702 2311 coram
1736 2255 1904 2325 plebe
1932 2258 2045 2308 tra'

392 2352 471 2406 dit
505 2350 588 2406 eis
621 2348 881 2404 codicem
912 2347 1145 2418 apicum
1175 2346 1532 2413 divinorum,
1565 2345 1636 2401 ad
1670 2345 1767 2400 Dei
1801 2344 2044 2399 verbum

386 2436 1213 2503 annuntiandum.Quiautem
1243 2436 1314 2491 ad
1348 2434 1687 2506 bujusmodi
1711 2432 2050 2503 provehitur

384 2529 658 2601 gradum,
697 2528 808 2582 iste
834 2526 947 2581 erit
978 2523 1246 2581 doctrina
1288 2528 1345 2579 et
1392 2522 1561 2578 libris
1592 2522 1877 2586 imbutus,
1910 2537 2048 2576 sen-

390 2634 687 2689 suumque
720 2633 786 2672 ac
816 2615 1132 2671 verborum
1186 2613 1435 2670 scientia
1484 2619 1848 2684 perornatus,
1881 2610 1960 2665 ita
1988 2617 2051 2664 ut

389 2706 875 2763 distinctionibus
907 2705 1334 2760 sententiarum
1358 2701 1647 2773 intelligat
1679 2701 1777 2755 ubi
1812 2700 2052 2754 finiatur

385 2798 695 2867 junctura,
729 2795 829 2849 ubi
866 2794 1055 2849 adhuc
1088 2792 1338 2863 pendeat
1366 2791 1573 2858 oratio,
1610 2790 1707 2844 ubi
1758 2788 2051 2845 sententia

391 2889 653 2939 extrema
676 2881 1226 2951 claudatur.Sicque
1248 2878 1553 2950 expeditus
1574 2880 1689 2932 vim
1713 2880 1832 2945 [al.,
1850 2878 2048 2947 usum]

388 2969 890 3044 pronuntiationis
919 2968 1161 3038 tenebit,
1188 2972 1254 3023 ut
1284 2967 1356 3024 ad
1390 2967 1747 3023 intellectum
1780 2966 2045 3022 omnium

2144 442 2270 493 tum
2303 454 2437 494 cum
2468 440 2771 511 gravitatis
2822 440 3035 512 specie.
3072 441 3330 495 Auribus
3360 442 3516 495 enim
3548 445 3608 495 et
3639 442 3827 495 cordi

2144 527 2448 582 consulere
2500 528 2672 584 debet
2714 528 2917 596 lector,
2952 546 3070 585 non
3124 529 3331 599 oculis,
3366 545 3437 584 ne
3490 530 3691 600 potius
3746 546 3827 583 ex

2146 616 2340 687 seipso
2357 633 2456 673 eos
2475 623 2834 689 spectatores
2847 619 3250 690 magis,qusm
3278 618 3576 674 auditores
3602 618 3823 673 faciat.
3904 638 3911 645 '

2144 706 2325 760 Vetus
2358 707 2556 777 opinio
2585 712 2695 776 est,
2719 707 2964 763 lectores
2997 708 3419 780 pronuntiandi
3452 724 3632 762 causa
3662 725 3827 779 pras-

2146 794 2381 866 cipuam
2414 813 2616 852 curam
2648 797 2805 853 vocis
2840 798 3134 867 habuisse,
3170 802 3235 851 ut
3281 797 3542 853 exaudiri
3595 798 3656 852 in
3714 801 3824 851 tu-

2149 884 2336 939 multu
2359 886 2787 956 possent.Unde
2810 894 2863 941 et
2885 886 3111 941 dudum
3135 885 3381 941 lectores
3404 902 3708 957 praecones
3727 884 3828 940 vel

2148 973 2603 1045 proclamatores
2635 976 3015 1030 vocabantur.

2204 1098 2334 1154 CAP.
2368 1101 2420 1153 7.
2457 1130 2520 1139 —
2546 1101 2644 1155 Ill.
2679 1101 2755 1154 De
2778 1101 3087 1155 exorcistis.
3121 1099 3275 1155 Idem
3306 1099 3427 1170 (lib.
3462 1116 3526 1166 ιι,
3558 1115 3607 1154 c.
3644 1099 3764 1170 13).

2222 1215 2281 1269 Ιιι
2317 1216 2506 1287 primo
2539 1216 2741 1271 ordine
2768 1220 2825 1272 et
2857 1216 3188 1271 ministerio
3220 1215 3477 1271 ecclesia:
3496 1232 3625 1270 esse
3644 1231 3821 1271 exor-

2147 1303 2351 1371 cistas,
2385 1306 2709 1360 secundum
2742 1305 2937 1360 ofﬁcia
2968 1322 3094 1377 quae
3126 1305 3184 1359 in
3218 1304 3439 1376 templo
3474 1304 3827 1361 Salomonis

2147 1386 2316 1447 erant
2345 1394 2654 1465 disposita,
2688 1411 2934 1466 quaeque
2968 1394 3261 1465 posterius
3322 1400 3462 1449 sunt
3505 1395 3577 1449 ab
3626 1395 3829 1449 Esdra

2149 1482 2457 1553 dispertita
2505 1483 2837 1537 invenimus
2889 1484 2935 1554 (I
2967 1484 3123 1538 Esdr.
3159 1501 3221 1547 ιι,
3254 1484 3361 1553 ιιι),
3390 1500 3610 1553 eosque
3661 1499 3825 1554 quos

2147 1573 2361 1625 Esdras
2393 1577 2615 1627 actores
2647 1573 2960 1643 [auctores]
2986 1577 3272 1627 memorat
3291 1571 3627 1644 templi,eos
3651 1588 3823 1625 nunc

2150 1676 2277 1715 esse
2307 1661 2625 1716 exorcistas
2657 1661 2715 1715 in
2748 1661 3001 1715 Ecclesia
3031 1661 3155 1717 Dei.
3192 1662 3451 1716 Fuerunt
3504 1661 3662 1715 enim
3705 1662 3823 1715 sub

2151 1750 2335 1804 Esdra
2365 1756 2588 1805 actores
2620 1749 2848 1821 templi,
2884 1767 3183 1806 servorum
3215 1750 3546 1806 Salomonis
3577 1749 3685 1803 filii
3718 1750 3825 1821 qui

2150 1844 2343 1894 actum
2370 1838 2572 1910 templi
2605 1840 2787 1893 totius
2819 1841 2929 1895 sub
2961 1857 3101 1895 cura
3133 1857 3241 1895 sua
3271 1840 3574 1905 baberent,
3594 1844 3701 1893 aut
3726 1856 3826 1893 sa-

2151 1929 2266 1983 cris
2297 1928 2691 1984 oblationibus
2737 1928 3109 1999 [actionibus]
3163 1928 3542 1984 deservirent.
3577 1928 3650 1983 Et
3681 1944 3825 1982 cum

2153 2019 2403 2072 fuissent
2436 2033 2503 2072 ex
2533 2018 2737 2072 ordine
2764 2025 2820 2072 et
2853 2017 3183 2074 ministerio
3214 2016 3443 2090 templi,
3478 2017 3653 2089 longe
3692 2018 3828 2071 fue-

2153 2111 2290 2161 runt
2320 2107 2390 2161 ab
2423 2105 2615 2161 ofﬁcio
2647 2106 2849 2161 altaris
2883 2107 3016 2175 Dei;
3052 2107 3192 2178 quia
3222 2123 3327 2161 nec
3359 2105 3693 2177 psalmistis
3719 2122 3828 2159 nec

2154 2195 2428 2261 ostiariis,
2475 2212 2580 2250 nec
2637 2212 2939 2251 sacrorum
3001 2195 3206 2261 servis,
3258 2195 3545 2267 attingere
3605 2193 3827 2249 licebat

2155 2301 2400 2339 munera
2429 2283 2791 2350 altaris,nisi
2825 2284 3231 2339 tantummodo
3265 2283 3477 2339 levitis.
3505 2282 3653 2345 Quid
3680 2298 3826 2353 ergo

2155 2374 2283 2429 est?
2304 2372 2536 2427 Nullam
2561 2372 2735 2428 aliam
2768 2389 2971 2428 curam
3008 2373 3303 2427 habebant
3335 2377 3562 2427 actores
3585 2370 3822 2442 templi,

2156 2461 2271 2516 nisi
2304 2463 2371 2516 ad
2406 2466 2564 2517 sarta
2593 2465 2745 2516 tecta
2775 2462 3082 2516 sarcienda
3144 2460 3525 2531 [reﬁcienda],
3561 2464 3627 2515 ut
3658 2477 3819 2531 qum-

2157 2568 2388 2623 cunque
2418 2550 2669 2607 fuissent
2699 2556 2903 2606 vexata
2934 2551 2991 2605 in
3025 2550 3407 2605 aedificatione
3454 2548 3682 2621 templi,
3719 2554 3823 2603 aut

2159 2642 2409 2713 dilapsa,
2444 2658 2546 2713 per
2575 2641 2812 2697 eosdem
2845 2646 3066 2696 actores
3089 2641 3158 2696 de
3178 2640 3473 2695 thesauris
3497 2638 3825 2694 Dominicis

2157 2731 2536 2786 reﬁcerentur
2568 2734 2744 2801 atque
2774 2729 3191 2785 excolerentur.
3224 2729 3373 2800 Ergo
3406 2733 3633 2783 actores
3666 2732 3822 2782 tem-

2158 2819 2234 2891 pli
2268 2818 2563 2875 exorcistze
2592 2824 2731 2874 sunt
2760 2819 2819 2873 in
2852 2817 3069 2890 templo
3090 2817 3355 2889 [populo]
3376 2816 3821 2880 Dei.Quomodo

2155 2909 2310 2964 enim
2345 2913 2504 2963 actor
2534 2909 2792 2979 prudens
2825 2912 2881 2963 et
2914 2908 3101 2962 bonus
3143 2908 3273 2975 scit,
3307 2907 3441 2978 quis
3473 2906 3551 2960 sit
3582 2905 3824 2960 Domini

2156 2998 2247 3055 sui
2281 3014 2514 3063 census,
2547 3001 2601 3053 et
2634 3014 2827 3053 omnis
2859 2996 3205 3051 substantiae
3239 2996 3473 3066 modus,
3504 3000 3562 3050 et
3609 2995 3824 3065 redigit

390 3062 1397 3159 ment°°f°fsumqu°,Pmmvetti
1423 3056 1805 3159 d‘s‘cemend?
1835 3072 2043 3127 genera
2074 3080 2119 3149 C
2159 3088 2311 3159 apud
2337 3102 2398 3141 se
2426 3086 2603 3141 totius
2625 3085 3019 3158 possessionis
3053 3086 3449 3140 instrumenta
3480 3083 3818 3156 originalis,

386 3147 958 3223 pronuntiationum,
982 3150 1158 3217 atque
1189 3145 1570 3217 exprimendo
1602 3144 1869 3216 proprios
1900 3162 2036 3200 sen-

384 3240 704 3295 tentiarum
757 3237 1022 3300 affectus,
1074 3236 1248 3291 modo
1297 3234 1616 3289 indicantis
1662 3250 1823 3300 voce,
1862 3234 2036 3289 modo

385 3328 639 3384 dolentis
671 3324 1192 3397 [jubentis],modo
1224 3324 1603 3395 increpantis,
1635 3324 1807 3379 modo
1837 3323 2039 3379 exhor-

384 3417 591 3486 tantis,
625 3416 747 3471 sive
799 3414 889 3469 his
937 3412 1173 3483 similia,
1207 3413 1527 3468 secundum
1560 3429 1746 3483 genus
1794 3413 2038 3484 propriae

391 3502 917 3579 pronuntiationis,
946 3502 1005 3557 in
1037 3518 1153 3573 quo
1187 3502 1371 3573 magis
1402 3502 1701 3571 [maxime]
1733 3500 1831 3556 illa
1860 3500 2043 3555 ambi-

389 3611 506 3666 gua
556 3591 985 3647 sententiarum
1036 3590 1369 3646 adhibenda
1415 3589 1668 3661 cognitio
1716 3595 1825 3645 est.
1859 3589 2044 3645 Multa

395 3683 551 3739 enim
610 3680 837 3737 suntin
870 3680 1215 3752 Scripturis,
1245 3697 1372 3750 qua:
1423 3678 1536 3734 nisi
1588 3680 1822 3751 proprio
1871 3679 2043 3733 modo

394 3771 871 3846 pronuntientur,
894 3770 952 3825 in
987 3770 1342 3825 contrariam
1374 3769 1642 3823 recidunt
1672 3769 2041 3824 sententiam:

395 3860 568 3918 sicuti
629 3864 767 3916 est:
820 3858 957 3928 Quis
1014 3858 1297 3913 accusabit
1354 3857 1611 3912 adversus
1666 3858 1862 3913 electos
1909 3859 2048 3913 Dei?

398 3953 541 4008 Deus
570 3951 667 4022 qui
686 3950 1003 4021 justi/teat?
1034 3948 1211 4017 (Rom.
1248 3946 1391 4015 vni.)
1425 3947 1590 4011 Quod
1625 3947 1672 4001 si
1706 3946 1874 4017 quasi
1906 3964 2044 4003 con-

400 4039 713 4107 ﬁrmative,
732 4054 847 4093 non
880 4040 1109 4091 servato
1138 4051 1350 4108 genere
1380 4034 1876 4106 pronuntiationis
1905 4053 2047 4105 suae,

400 4130 649 4195 dicatur,
685 4143 901 4199 magna
931 4124 1282 4197 perversitas
1313 4122 1517 4179 oritur.
1536 4124 1626 4179 Sic
1640 4140 1775 4196 ergo
1801 4142 2053 4196 pronun-

398 4218 672 4274 tiandum
704 4222 812 4286 est,
846 4232 910 4272 ac
951 4216 1001 4271 si
1045 4215 1297 4270 diceret:
1330 4214 1560 4269 Deusne
1591 4213 1689 4284 qui
1712 4214 2005 4284 justiﬁcat
2026 4214 2054 4270 ?

400 4306 769 4362 Subauditur
794 4306 882 4375 [ut
912 4301 1767 4373 subaudiatur],non.Necesse
1797 4308 1887 4360 est
1917 4321 2053 4377 ergo

399 4395 461 4449 in
493 4394 675 4448 tantis
708 4393 881 4447 rebus
913 4392 1168 4447 scientia:
1200 4392 1655 4465 ingenium,quo
1687 4395 1917 4465 proprie
1939 4394 2057 4450 siu-

2147 3178 2229 3232 sic
2262 3180 2319 3231 et
2349 3176 2635 3230 exorcista
2664 3175 2879 3247 redigit
2909 3174 2965 3229 in
3002 3192 3109 3230 sua
3138 3174 3447 3246 diligentia
3504 3173 3690 3229 totius
3725 3188 3812 3228 re-

2146 3266 2246 3337 gni
2277 3265 2509 3319 Domini
2543 3268 2786 3334 secreta,
2821 3268 2883 3319 ut
2916 3264 3211 3319 memoria:
3246 3264 3487 3318 mandet
3534 3263 3607 3317 de
3657 3262 3812 3318 Scri-

2149 3359 2455 3425 pturarum
2488 3352 2899 3421 sacramentis,
2933 3353 3087 3408 unde
3119 3356 3402 3421 exerceat,
3434 3350 3657 3406 scilicet
3700 3353 3812 3407 do-

2149 3460 2292 3498 num
2325 3444 2475 3514 quod
2509 3442 2593 3497 illi
2626 3446 2715 3498 est
2744 3459 2778 3497 a
2807 3441 3030 3513 Spiritu
3060 3446 3262 3497 sancto
3303 3457 3673 3506 concessum,
3710 3457 3803 3496 se-

2151 3532 2409 3587 cundum
2446 3530 2709 3602 Apostoli
2744 3530 3123 3602 praeconium.
3151 3530 3473 3585 Exorcistas
3505 3529 3661 3585 enim
3692 3546 3811 3585 me-

2154 3625 2343 3676 morat
2373 3619 2711 3691 Apostolus,
2743 3636 2875 3674 cum
2931 3618 3113 3674 dicit:
3167 3619 3437 3690 Nunquid
3484 3635 3667 3673 omnes
3715 3621 3812 3674 do-

2151 3713 2404 3767 nationes
2453 3709 2650 3764 habent
2696 3710 3052 3765 sanationum
3100 3710 3149 3776 (ι
3197 3710 3325 3764 Cor.
3375 3710 3501 3776 χιι).
3537 3707 3603 3762 Hi
3654 3707 3810 3762 enim

2154 3818 2290 3857 cum
2322 3800 2691 3866 ordinantur,
2726 3796 2877 3853 sicut
2924 3798 3006 3853 ait
3052 3798 3249 3853 Canon
3293 3802 3459 3867 (conc.
3490 3797 3679 3854 Carth.
3717 3798 3815 3868 1v),

2157 3888 2449 3960 accipiant
2474 3888 2543 3942 de
2577 3904 2755 3941 manu
2789 3886 3048 3959 episcopi
3080 3885 3369 3954 libellum,
3399 3887 3459 3941 in
3507 3903 3622 3957 quo
3668 3886 3819 3941 scri-

2158 3980 2241 4053 pti
2274 3981 2413 4033 sunt
2429 3975 2759 4046 exorcismi,
2775 3975 3125 4047 accipientes
3144 3980 3490 4048 potestatem
3511 3975 3588 4029 im
3597 3990 3817 4046 ponen-

2160 4068 2217 4123 di
2252 4082 2459 4123 manus
2490 4081 2669 4137 super
2699 4080 3151 4137 energumenos,
3185 4064 3307 4120 sive
3338 4064 3666 4137 baptizatos
3697 4063 3817 4119 sive

2162 4158 2637 4214 catechumenos.

2375 4284 2511 4338 CAP.
2545 4282 2600 4337 8.
2627 4310 2696 4319 -
2732 4279 2814 4334 IV.
2849 4279 2925 4334 De
2955 4277 3229 4350 acolylhis
3259 4278 3391 4349 (75).
3432 4277 3604 4334 Idem.

2239 4398 2317 4465 (L.
2369 4413 2469 4465 vn,
2499 4413 2547 4451 ο.
2594 4396 2676 4452 12.
2727 4399 2796 4451 Et
2842 4396 2903 4449 in
2950 4410 3099 4450 conc.
3150 4394 3508 4466 Aquisgran.)
3561 4391 3820 4465 Acolythi

400 4481 539 4553 gula
568 4480 1100 4552 convenienterque
1134 4481 1606 4552 pronuntientur.
1642 4482 1953 4554 Propterea
1998 4488 2057 4540 et
2086 4454 2132 4519 D
2166 4485 2383 4555 Graece,
2428 4484 2630 4539 Latine
2676 4482 3011 4540 ceroferarii
3060 4482 3357 4552 dicuntur,
3391 4500 3423 4536 a
3450 4482 3825 4554 deportandis

404 4574 758 4626 accentuum
794 4568 912 4625 vim
944 4575 1173 4641 oportet
1202 4569 1479 4627 lectorem
1527 4571 1696 4641 scire,
1730 4576 1793 4627 ut
1842 4574 2067 4634 noverit
2174 4572 2377 4641 cereis,
2411 4573 2644 4643 quando
2690 4573 3001 4644 legendum
3054 4578 3144 4629 est
3185 4571 3577 4645 evangelium,
3604 4575 3703 4627 aut
3733 4589 3824 4627 sa-

405 4659 465 4715 in
497 4675 613 4730 qua
646 4657 870 4730 syllaba
898 4675 1008 4714 vox
1042 4661 1431 4730 protendatur
1461 4660 2065 4731 pronuntiantis.Ple-

404 4764 657 4820 rumque
688 4746 844 4804 enim
876 4748 1134 4820 imperiti
1165 4748 1410 4805 lectores
1440 4749 1499 4804 in
1529 4749 1837 4805 verborum
1858 4767 2064 4808 accen-

404 4840 566 4894 tibus
596 4841 817 4904 errant,
836 4841 894 4892 et
923 4837 1113 4893 solent
1140 4837 1380 4893 irridere
1412 4854 1517 4893 nos
1550 4838 1856 4909 imperitia:
1878 4840 1937 4894 hi
1962 4825 2062 4911 qui

405 4928 680 4983 videntur
724 4925 940 4981 habere
990 4926 1280 4992 notitiam,
1309 4926 1687 4983 detrahentes
1715 4933 1770 4983 et
1791 4930 2066 4999 jurantes

406 5017 641 5090 penitus
675 5032 783 5072 nos
813 5014 1047 5071 nescire
1078 5015 1233 5086 quod
1264 5014 1730 5073 dicimus.Porro
1760 5018 2065 5075 voxlecto-

405 5108 487 5163 ris
545 5104 795 5177 simplex
846 5106 977 5174 erit,
1011 5104 1188 5171 clara,
1222 5104 1293 5159 ad
1344 5120 1517 5161 omne
1566 5107 2065 5176 pronuntiationis

404 5213 594 5269 genus
626 5195 1093 5260 accommodata,
1126 5192 1296 5265 plena
1340 5193 1494 5248 virili
1543 5210 1737 5263 succo,
1770 5203 2061 5267 agrestem

406 5292 464 5343 et
490 5284 895 5341 subrusticum
928 5281 1214 5355 effugiens
1244 5299 1478 5349 sonum,
1511 5299 1625 5338 non
1660 5283 1925 5351 humilis,
1957 5302 2062 5341 nec

409 5377 551 5433 adeo
582 5372 880 5440 sublimis,
900 5389 1016 5429 non
1048 5372 1233 5428 fracta
1262 5371 1347 5428 vel
1380 5371 1877 5443 tenera,nihilque
1899 5373 2060 5431 femi-

2174 4661 2459 4719 criﬁcium
2474 4661 2858 4716 offerendum.
2874 4661 3035 4716 'l‘unc
3054 4662 3208 4716 enim
3228 4662 3630 4717 accenduntur
3650 4659 3823 4714 lumi-

2178 4750 2341 4808 naria
2382 4751 2456 4806 ab
2504 4750 2608 4814 eis,
2643 4753 2699 4804 et
2741 4750 3144 4822 deportantur,
3197 4767 3312 4805 non
3364 4751 3434 4806 ad
3485 4750 3825 4821 eil‘ugandas

2177 4841 2473 4904 tenebras,
2508 4839 2652 4894 dum
2699 4837 2784 4893 sol
2815 4854 2881 4894 eo
2918 4847 3175 4911 tempore
3218 4839 3439 4903 rutilet,
3473 4840 3572 4893 sed
3625 4840 3696 4893 ad
3745 4840 3823 4893 si-

2175 4946 2357 5001 gnum
2392 4929 2609 4984 laetitiae
2637 4929 3191 4991 demonstrandum,
3210 4933 3275 4984 ut
3293 4929 3402 4985 sub
3421 4933 3555 4999 typo
3588 4927 3825 4983 luminis

2177 5017 2519 5090 corporalis,
2553 5016 2652 5073 illa
2684 5017 2782 5072 lux
2834 5018 3196 5083 ostendatur,
3230 5019 3301 5073 de
3332 5034 3446 5089 qua
3479 5017 3538 5072 in
3570 5017 3825 5088 Evange-

2177 5106 2254 5163 lio
2286 5106 2541 5178 legitur:
2593 5111 2729 5162 Erat
2781 5106 2881 5161 lux
2929 5122 3080 5171 vera,
3113 5122 3239 5178 quae
3285 5108 3568 5162 illuminat
3617 5122 3824 5161 omnem

2178 5196 2457 5252 hominem
2486 5198 2795 5251 venientem
2824 5198 2884 5251 in
2917 5196 3063 5252 hunc
3090 5196 3356 5252 mundum
3387 5198 3583 5268 (Joan.
3615 5196 3675 5266 ι).

2180 5286 2317 5342 CAP.
2347 5286 2402 5339 9.
2435 5314 2503 5324 -
2540 5286 2595 5340 γ.
2632 5285 2703 5339 De
2737 5285 3176 5341 subdiaconibus.
3216 5286 3357 5342 Idem
3398 5285 3518 5353 (lib.
3550 5301 3614 5353 ιι,
3646 5300 3691 5339 c.
3725 5286 3829 5356 t0).

2250 5374 2608 5430 Subdiaconi
2626 5374 2726 5444 qui
2748 5375 2903 5448 apud
2924 5374 3150 5433 Graecos
3173 5374 3563 5447 bypodiaconi
3595 5373 3836 5431 vocitan-

489 5561 607 5631 (75)
638 5562 765 5619 Non
798 5562 1090 5636 reperitur
1118 5561 1230 5621 hoc
1261 5566 1438 5636 caput
1468 5561 1527 5620 in
1558 5560 1990 5634 exemplaribus
2020 5562 2228 5620 Isidori
2259 5560 2524 5631 excusis;
2556 5562 2659 5620 sed
2689 5561 3001 5637 etymolog.
