3994 6052
216 237 328 291 445

1255 242 1563 295 DECRETI
1601 242 1786 294 PARS
1822 241 1917 293 VI.
1953 268 2019 279 —
2044 242 2140 294 DE
2177 241 2522 296 CLERICIS.

3520 243 3624 296 446

204 368 321 435 tur,
358 365 416 419 in
448 361 1029 419 Esdrainvcniuntur
1047 360 1534 432 appellanturque
1564 362 1641 414 ibi
1667 361 1862 416 Natlii-
1892 365 1945 430 Α
1976 360 2554 432 gelitubacanentes.
2577 360 2640 413 Hi
2661 363 3034 430 suntseptem
3055 360 3406 418 candelabra
3429 380 3625 424 aurea:

207 453 317 508 nai
355 457 394 520 (I
425 453 551 507 Esd.
585 468 647 521 ιι,
679 468 778 517 vu,
812 449 963 520 νιιι),
995 450 1050 504 id
1086 456 1194 517 est,
1230 452 1287 505 in
1323 451 1655 505 humilitate
1680 451 1870 505 Domi-

208 559 283 595 no
337 542 680 596 servientes.
734 544 812 592 Ex
863 555 1062 593 eorum
1117 539 1319 594 ordine
1370 540 1481 593 fuit
1528 538 1627 593 ille
1657 539 1871 593 Natha-

207 630 337 684 nael
373 629 728 698 [Nathaneij,
783 628 882 699 qui
931 628 988 681 in
1043 627 1347 698 Evangelia
1395 628 1640 683 Joannis
1680 628 1874 682 divina

207 719 538 791 proditione
563 718 959 772 commonitus
985 718 1162 788 (Joan.
1197 718 1261 788 ι),
1284 717 1637 772 Salvatorem
1663 711 1875 772 meruit

205 807 734 878 conﬁteri.quique
763 806 936 860 etiam
975 807 1045 860 ad
1083 806 1340 877 primum
1374 805 1703 860 Divinitatis
1727 805 1873 860 indi‘

205 898 364 951 cium
399 897 588 951 ﬁdelis
609 895 842 965 enituit,
869 901 1234 966 protestante
1253 895 1494 951 Domino
1516 913 1581 950 ac
1613 896 1868 958 dicente,

204 988 340 1041 Ecce
386 1002 508 1040 vere
555 985 838 1055 Israelita,
889 987 946 1038 in
995 1001 1104 1055 quo
1159 985 1316 1040 dolus
1365 1001 1479 1039 non
1535 994 1614 1040 est
1662 975 1868 1067 (ibid):

203 1074 468 1144 Denique
499 1074 595 1128 isti
615 1074 938 1129 oblationes
963 1073 1019 1128 in
1043 1074 1258 1146 templo
1279 1074 1511 1129 Domini
1540 1075 1871 1145 suscipiunt

205 1180 239 1217 a
273 1162 525 1234 papulis.
554 1162 654 1217 Isti
686 1163 967 1217 obediunt
1000 1163 1211 1218 ofﬁciis
1243 1163 1575 1233 levitarum,
1600 1163 1694 1218 isti
1729 1181 1870 1234 quo-

204 1269 319 1322 que
352 1269 490 1307 vasa
521 1252 782 1322 corporis
829 1256 886 1306 et
937 1252 1248 1322 sanguinis
1280 1253 1492 1308 Christi
1527 1253 1870 1308 diaconibus

202 1341 277 1394 ad
311 1339 522 1395 altaria
554 1339 780 1394 Domini
820 1340 1090 1394 oﬁ‘erunt.
1121 1345 1194 1395 De
1229 1341 1446 1403 quibus
1478 1341 1713 1412 quidem
1745 1340 1868 1412 pla-

201 1428 326 1483 cuit
362 1429 648 1498 Patribus,
699 1433 763 1482 ut
794 1429 892 1500 qui
946 1446 1110 1484 sacra
1164 1430 1443 1500 mysteria
1487 1434 1866 1495 contrectant,

200 1519 352 1573 casti
385 1523 441 1572 et
491 1519 860 1573 continentes
910 1518 1029 1572 sint
1065 1518 1134 1573 ab
1188 1520 1492 1585 uxoribus,
1525 1524 1582 1574 et
1606 1519 1677 1574 ab
1708 1502 1868 1574 omni

200 1606 424 1662 carnali
453 1607 832 1662 immunditia
855 1606 1046 1673 liberi,
1069 1609 1238 1678 juxta
1266 1609 1419 1680 quod
1446 1608 1563 1663 illis
1587 1608 1866 1679 propheta

203 1696 438 1750 dicente
483 1697 730 1767 jubetur
763 1713 775 1751 :
813 1698 1191 1766 Mundamini,
1242 1697 1338 1768 qui
1384 1700 1541 1768 fertis
1591 1715 1722 1752 vasa
1761 1699 1862 1752 Do-

203 1786 352 1839 mini
381 1787 506 1855 (Isa.
536 1785 656 1855 Ln).
693 1785 760 1840 Hi
792 1785 972 1857 igitur
1002 1803 1148 1852 lcum
1181 1787 1549 1857 ordinantur,
1584 1788 1736 1842 sicut
1767 1804 1856 1842 sa-

207 1874 476 1930 cerdotes
503 1877 558 1929 et
587 1874 792 1941 levitas,
847 1892 1055 1930 manus
1105 1875 1540 1947 impositionem
1580 1893 1695 1931 non
1729 1893 1858 1931 sus-

208 1962 458 2032 cipiunt,
493 1964 591 2019 sed
624 1965 909 2034 'patenam
943 1969 1173 2019 tantum
1223 1969 1279 2020 et
1312 1965 1551 2020 calicem
1585 1966 1656 2020 de
1686 1982 1861 2020 manu

207 2053 492 2124 episcopi,
526 2057 582 2108 et
614 2053 684 2107 ab
736 2054 1145 2110 archidiacono
1195 2056 1480 2127 scyphum
1532 2073 1693 2126 aquae
1727 2072 1859 2111 cum

207 2159 384 2214 aqua,
419 2141 636 2198 manile
679 2143 1084 2216 [aquamanili]
1115 2148 1173 2199 ct
1220 2147 1652 2219 manutergium
1707 2146 1861 2200 acci-

207 2231 404 2304 piunt.

241 2341 378 2394 ΟΑΡ.
412 2339 496 2393 l0.
533 2370 602 2379 —
637 2340 716 2395 VI.
760 2341 834 2395 De
864 2341 1132 2397 diaconis.
1180 2342 1384 2397 Ibidem
1416 2343 1540 2413 (lib.
1577 2360 1638 2409 ιι,
1673 2359 1717 2398 c.
1750 2345 1823 2412 8).

284 2445 667 2501 Diaconorum
698 2447 840 2502 ordo
869 2465 902 2502 a
931 2447 1086 2502 tribu
1123 2448 1246 2503 Levi
1280 2449 1503 2520 accepit
1535 2451 1858 2505 exordium.

207 2535 494 2606 Praecepit
522 2535 679 2590 enim
731 2535 1018 2591 Dominus
1052 2537 1229 2608 Moysi
1269 2546 1350 2603 ut,
1383 2542 1516 2609 post
1545 2539 1862 2594 ordinatio-

207 2640 344 2679 nem
379 2629 568 2680 Aaron
604 2626 925 2681 sacerdotis
971 2630 1028 2681 et
1077 2627 1331 2681 ﬁliorum
1365 2628 1513 2697 ejus,
1549 2629 1677 2681 Levi
1714 2629 1863 2699 [rur-

208 2730 314 2769 sus
349 2714 658 2784 Levi,etc.]
691 2714 880 2769 tribus
911 2715 970 2768 in
995 2715 1174 2770 divini
1206 2715 1399 2771 cultus
1431 2716 1755 2772 ministerio
1779 2735 1866 2773 or-

210 2804 576 2872 dinarentur,
604 2809 662 2857 et
691 2809 1177 2859 consecrarentur
1202 2805 1444 2860 Domino
1469 2822 1571 2877 pro
1596 2806 1865 2861 omnibus

210 2891 643 2964 primogenitis,
678 2895 735 2946 et
765 2893 1050 2948 servirent
1100 2909 1202 2964 pro
1245 2894 1420 2949 Israel
1450 2911 1643 2950 coram
1676 2897 1866 2950 Aaron

209 2986 266 3036 et
300 2981 436 3035 ﬁliis
467 2982 593 3050 ejus
618 2981 676 3035 in
709 2981 1088 3038 tabernaculo
1122 2983 1611 3052 Dei,excubantes
1636 2984 1694 3038 in
1723 2988 1866 3038 tem-

209 3068 303 3138 plo
333 3069 435 3123 Dei
489 3062 581 3124 die
626 3087 690 3125 ac
741 3075 928 3140 nocte,
963 3071 1194 3142 ipsique
1241 3078 1539 3143 gestarent
1585 3090 1778 3127 arcam
1813 3076 1868 3127 et

207 3158 752 3224 tabernaculum,et
783 3161 980 3215 omnia
1010 3177 1151 3216 vasa
1182 3162 1329 3231 ejus,
1355 3168 1412 3217 et
1434 3163 1491 3216 in
1516 3164 1763 3217 circuitu
1789 3168 1869 3217 ta-

209 3247 513 3302 bernaculi
537 3253 731 3304 castra
753 3249 864 3321 ipsi
887 3251 1332 3317 constituerent,
1350 3256 1405 3306 et
1437 3251 1492 3305 in
1521 3268 1870 3323 promoven-

208 3338 284 3391 do
321 3337 702 3392 tabernaculo
752 3337 864 3408 ipsi
916 3339 1299 3410 deponerent,
1332 3356 1538 3396 rursus
1570 3342 1681 3412 ipsi
1713 3359 1869 3397 com-

211 3432 518 3496 ponerent.
552 3430 596 3481 A
627 3427 831 3499 viginti
865 3427 1123 3498 quinque
1165 3429 1334 3483 annis
1369 3434 1425 3484 et
1455 3446 1654 3501 supra,
1687 3430 1744 3484 in
1780 3435 1870 3484 ta-

211 3514 528 3569 bernaculo
578 3515 695 3570 illis
747 3516 963 3571 servire
1014 3519 1360 3572 mandatum
1412 3523 1500 3572 est
1547 3520 1727 3586 (Num.
1772 3525 1873 3574 let

212 3608 320 3670 ιιι).
356 3604 541 3666 Quam
574 3605 837 3676 regulam
873 3607 1060 3661 sancti
1112 3609 1330 3672 Patres,
1367 3611 1419 3661 et
1454 3607 1508 3661 in
1545 3607 1700 3662 Novo
1731 3607 1870 3662 Tes-

209 3697 468 3748 tamento
501 3696 936 3750 constituerunt
967 3695 1025 3750 in
1053 3696 1360 3767 Evangelio
1395 3701 1592 3751 autem
1630 3696 1870 3766 primor-

211 3783 309 3836 dia
342 3797 565 3852 eorum,
597 3783 652 3836 in
689 3785 932 3839 Actibus
983 3785 1386 3856 apostolorum
1437 3787 1515 3839 ita
1549 3786 1823 3856 leguntur
1856 3791 1867 3828 ε

212 3869 580 3926 Convocantes
608 3880 793 3927 autem
841 3874 1130 3928 duodecim
1179 3875 1412 3944 apostoli
1440 3875 1868 3930 multitudinem

208 3960 608 4030 discipulorum
659 3964 935 4017 dixerunt
973 3982 992 4018 .·
1032 3964 1152 4018 Νοη
1198 3965 1374 4034 placet
1419 3979 1515 4018 nos
1562 3965 1872 4035 relinquere

208 4050 441 4104 verbum
471 4051 589 4118 Dei,
622 4056 677 4106 et
706 4053 1035 4106 ministrare
1058 4054 1280 4106 mensis.
1307 4053 1452 4117 Quid
1484 4070 1616 4124 ergo
1646 4061 1734 4109 est
1756 4055 1869 4109 tra-

208 4144 328 4194 tres
351 4139 378 4192 ‘i‘
411 4140 758 4195 Considerate
799 4157 867 4195 ex
916 4142 1060 4196 vobis
1108 4145 1252 4196 viros
1284 4142 1412 4197 boni
1461 4143 1760 4198 testimonii
1786 4159 1868 4198 se-

205 4235 356 4298 ptem
405 4229 596 4298 ptenos
626 4231 832 4300 spiritu
884 4231 1176 4300 sapientiae
1225 4231 1457 4300 [Spiritu
1487 4235 1672 4286 sancto
1702 4234 1750 4285 et
1781 4248 1868 4285 sa-

207 4315 473 4386 pientia],
506 4333 636 4386 quos
683 4319 1081 4374 constituamus
1134 4320 1195 4373 in
1240 4319 1380 4374 hanc
1423 4336 1537 4374 rem
1567 4341 1584 4374 :
1618 4336 1713 4375 nos
1745 4337 1869 4374 vero

209 4407 418 4459 erimus
449 4407 690 4461 orationi
720 4415 770 4462 et
817 4407 1124 4465 ministerio
1174 4425 1443 4465 sermonis
1488 4411 1771 4464 instantes.
1808 4412 1872 4464 Et

1982 450 2040 504 hi
2062 466 2228 504 voces
2241 450 2632 504 tonitruorum
2649 449 2836 519 (Apoc.
2852 449 2996 517 νιιι).
3017 449 3130 519 Ipsi
3149 450 3303 504 enim
3324 451 3479 507 clara
3493 470 3628 507 voce

1983 538 2041 592 in
2091 539 2331 592 modum
2384 535 2686 610 prmconis,
2738 537 3058 592 admonent
3109 543 3370 606 cunctos,
3403 541 3520 594 sive
3570 541 3626 594 in

1983 628 2224 694 orando,
2257 628 2375 682 sive
2410 629 2465 681 in
2494 625 2792 681 ﬂectendis
2825 627 3097 696 genibus,
3129 627 3248 681 sive
3281 628 3335 681 in
3371 628 3631 699 psallen-

1983 716 2075 780 do.
2110 716 2229 771 sive
2261 716 2535 772 lectiones
2557 715 2868 770 audiendo.
2903 714 3017 785 Ipsi
3041 716 3214 770 etiam
3243 721 3304 770 ut
3336 734 3506 772 aures
3531 718 3630 772 ha-

1984 806 2228 860 beamus
2259 807 2328 862 ad
2369 806 2682 860 Dominum
2737 803 3012 871 clamant,
3045 804 3156 875 ipsi
3189 822 3424 877 quoque
3455 824 3632 862 evan-

1983 895 2251 967 gelizant.
2286 896 2422 952 Sine
2452 895 2597 967 ipsis
2621 893 2894 949 sacerdos
2919 910 3127 948 nomen
3151 894 3350 962 habet,
3373 896 3630 950 ofﬁcium

1983 1003 2093 1041 non
2127 985 2325 1043 habet.
2357 986 2523 1052 Nam,
2554 985 2707 1041 sicut
2728 984 2785 1038 in
2813 983 3114 1038 sacerdote
3146 985 3527 1051 consecratio,
3552 985 3634 1040 ita

1981 1074 2040 1129 in
2074 1075 2344 1130 ministro
2376 1073 2728 1130 sacramenti
2777 1071 3140 1142 dispensatio
3170 1076 3277 1128 est.
3315 1072 3412 1127 Ille
3444 1089 3632 1140 orare,

1979 1164 2074 1219 hic
2109 1164 2353 1234 psallere
2377 1164 2634 1219 mandat.
2666 1161 2766 1217 Ille
2787 1160 2984 1216 oblata
3013 1161 3358 1229 sanctiﬁcat,
3381 1161 3474 1216 hic
3497 1179 3633 1216 san-

1980 1254 2232 1309 ctiﬁcata
2256 1254 2576 1324 dispensat.
2600 1251 2749 1323 Ipsis
2765 1251 2939 1306 etiam
2971 1249 3374 1305 sacerdotibus
3398 1254 3635 1322 propter

1979 1343 2493 1413 praesumptionem
2529 1358 2642 1395 non
2677 1340 2808 1394 licet
2839 1339 2908 1394 de
2940 1355 3141 1392 mensa
3171 1338 3402 1393 Domini
3436 1338 3635 1394 tollere

1977 1431 2365 1501 calicem,nisi
2399 1433 2483 1486 eis
2509 1429 2759 1484 traditus
2794 1427 2969 1482 fuerit
2992 1445 3024 1482 a
3043 1427 3402 1483 diaconibus.
3426 1428 3632 1482 Levita)

1977 1520 2237 1576 inferunt
2267 1519 2594 1574 oblationes
2638 1518 2696 1572 in
2731 1517 2974 1583 altaria;
3029 1515 3235 1571 Levita?
3270 1521 3632 1587 componunt

1976 1627 2240 1666 mensam
2266 1609 2490 1664 Domini
2518 1633 2531 1674 ;
2566 1607 2772 1662 Levita:
2790 1606 3060 1676 operiunt
3087 1622 3280 1660 arcam
3305 1610 3623 1661 testamen-

1974 1701 2037 1755 ti.
2073 1700 2196 1754 Non
2229 1699 2383 1754 enim
2418 1713 2622 1752 omnes
2671 1697 2869 1751 vident
2902 1696 3017 1749 alta
3049 1695 3461 1766 mysteriorum
3495 1713 3625 1766 quas

1970 1789 2313 1860 operiuntur
2343 1805 2376 1842 a
2410 1787 2638 1856 Levitis,
2666 1803 2734 1841 ne
2763 1784 2998 1839 videant
3020 1784 3117 1854 qui
3150 1784 3344 1840 videre
3376 1801 3489 1840 non
3517 1786 3619 1840 de-

1970 1878 2131 1947 bent,
2164 1883 2221 1933 et
2252 1881 2486 1932 sumant
2517 1875 2614 1946 qui
2651 1889 2880 1929 servare
2912 1890 3027 1928 non
3061 1877 3330 1944 possunt.
3362 1874 3469 1938 Qui
3492 1891 3618 1944 pro-

1969 1973 2168 2040 pterea
2200 1967 2407 2021 altario
2439 1965 2585 2020 albis
2634 1964 2824 2019 induti
2872 1964 3183 2029 assistunt,
3217 1969 3282 2019 ut
3325 1963 3618 2019 caelestem

1968 2059 2146 2112 vitam
2184 2056 2456 2121 habeant,
2490 2054 2843 2124 candidique
2881 2054 2950 2107 ad
2985 2052 3208 2108 hostias
3239 2057 3296 2108 et
3325 2051 3620 2107 immacu-

1969 2146 2072 2201 lati
2105 2146 2402 2210 accedant,
2437 2143 2642 2199 mundi
2679 2142 2901 2198 scilicet
2943 2157 3181 2212 corpore
3213 2147 3267 2197 et
3295 2141 3619 2212 incorrupti

1972 2235 2211 2306 pudore.
2244 2233 2411 2288 Tales
2441 2233 2596 2287 enim
2623 2234 2788 2286 decet
2821 2231 3130 2285 Dominum
3163 2230 3377 2286 habere
3411 2229 3614 2285 minis-

1971 2328 2092 2378 tros
2123 2323 2223 2393 qui
2266 2321 2426 2376 nullo
2459 2322 2651 2376 carnis
2698 2323 3154 2390 corrumpantur
3200 2317 3488 2390 contagio,
3518 2319 3619 2373 sed

1973 2413 2167 2482 potius
2200 2411 2518 2466 eminentia
2539 2409 2825 2464 castitatis
2848 2407 3212 2478 splendeant.
3231 2408 3440 2470 Quales
3464 2406 3619 2462 enim

1974 2499 2202 2556 diaconi
2249 2500 2594 2554 ordinentur
2645 2497 2860 2552 Paulus
2917 2496 3220 2568 apostolus
3276 2496 3623 2568 plenissime

1974 2590 2183 2646 scribit
2212 2591 2282 2644 ad
2314 2588 2688 2642 Timotheum
2717 2588 2762 2656 (ι
2792 2588 2925 2640 Tim.
2968 2587 3077 2656 ιιι).
3111 2586 3280 2650 Nam,
3313 2601 3444 2640 cum
3481 2601 3622 2655 prai-

1975 2679 2236 2735 misisset
2266 2681 2334 2733 de
2365 2678 2734 2734 sacerdotum
2758 2675 3354 2742 electione,continuo
3386 2675 3627 2743 subjun-

1975 2769 2060 2823 xit
2094 2784 2104 2823 :
2140 2767 2376 2822 Diaconi
2409 2765 2683 2821 similiter
2713 2763 3277 2836 irreprehensibiles,
3299 2763 3408 2818 hoc
3439 2766 3528 2817 est
3550 2761 3629 2817 si-

1977 2874 2049 2912 ne
2080 2856 2330 2924 macula,
2363 2855 2517 2910 sicut
2547 2853 2805 2926 episcopi
2833 2878 2846 2920 ;
2878 2853 3076 2907 Pudici
3105 2856 3329 2922 utique,
3359 2851 3417 2905 id
3451 2855 3560 2920 est,
3597 2867 3630 2905 a

1978 2946 2222 3001 libidine
2253 2946 2656 3011 continentes;
2691 2960 2800 2997 non
2828 2943 3129 3010 bilingues,
3154 2940 3376 2996 scilicet
3407 2957 3479 2995 ne
3501 2957 3633 2995 con-

1977 3037 2219 3091 turbent
2261 3036 2542 3090 habentes
2592 3049 2836 3105 pacem;
2885 3047 2996 3086 non
3046 3032 3213 3086 multo
3262 3031 3387 3085 vino
3417 3029 3631 3084 dediti:

1900 3109 1942 3175 C
1983 3127 2120 3198 quia
2150 3125 2248 3180 ubi
2283 3124 2558 3190 ebrietas,
2608 3122 2688 3176 ibi
2737 3121 2917 3176 libido
2967 3120 3306 3176 dominatur
3351 3123 3407 3174 et
3440 3120 3632 3184 furor;

1978 3232 2088 3270 non
2116 3224 2272 3283 turpe
2302 3215 2516 3268 lucrum
2561 3217 2852 3280 sectantes,
2887 3227 2958 3265 ne
2989 3210 3060 3264 de
3091 3209 3310 3264 caelesti
3355 3208 3632 3279 mysterio

1980 3306 2145 3361 lucra
2174 3309 2405 3360 terrena
2431 3306 2743 3358 sectentur.
2778 3301 2878 3355 Est
2909 3315 3143 3370 quoque
3177 3302 3232 3353 et
3261 3298 3452 3368 turpis
3484 3296 3632 3350 lucri

1982 3393 2298 3466 appetitus,
2332 3391 2464 3463 plus
2486 3392 2555 3446 de
2579 3389 2964 3462 praesentibus
2988 3405 3165 3459 quam
3196 3388 3268 3442 de
3303 3385 3513 3440 futuris
3537 3402 3628 3439 co~

1982 3484 2184 3554 gitare.
2220 3482 2354 3536 Post
2385 3481 2503 3535 haec
2535 3479 2786 3548 subjecit
2819 3496 2830 3533 :
2862 3479 2929 3532 Hi
2959 3486 3141 3531 autem
3179 3477 3482 3546 probentur
3507 3471 3632 3543 pri-

1983 3588 2151 3638 mum,
2179 3575 2232 3624 et
2261 3572 2339 3624 sic
2384 3568 2701 3623 ministrent
2744 3568 2960 3621 nullum
2997 3568 3205 3620 crimen
3256 3563 3528 3618 habentes.
3566 3559 3631 3614 lli

1982 3661 2184 3730 utique
2216 3659 2367 3713 sicut
2416 3656 2696 3728 episcopi,
2748 3659 2881 3710 ante
2925 3653 3348 3708 ordinationem
3399 3649 3631 3722 probari

1982 3750 2214 3815 debent,
2249 3748 2295 3803 si
2329 3747 2490 3818 digni
2522 3746 2660 3809 sint,
2693 3749 2749 3800 et
2777 3744 2863 3800 sic
2895 3747 3098 3814 postea
3130 3740 3484 3796 ministrare.

1981 3857 2114 3912 CAP.
2153 3857 2238 3912 11.
2270 3887 2338 3895 -
2376 3856 2478 3910 VII.
2514 3855 2586 3908 De
2614 3851 2977 3924 presbyteris.
3005 3847 3207 3904 Ibidem
3241 3847 3360 3916 (lib.
3385 3863 3445 3913 ιι,
3470 3864 3518 3901 c.
3551 3847 3629 3917 7).

2053 3963 2531 4035 Presbyterorum
2553 3961 2693 4015 ordo
2715 3958 3016 4014 exordium
3037 3957 3390 4026 sumpsit(ut
3408 3953 3629 4007 dictum

1981 4055 2090 4123 est)
2124 4070 2156 4107 a
2186 4052 2326 4106 ﬁliis
2355 4053 2570 4105 Aaron.
2600 4049 2705 4114 Qui
2731 4048 2883 4102 cnim
2918 4046 3251 4100 sacerdotes
3271 4042 3635 4097 vocabantur

1979 4143 2040 4196 in
2061 4141 2253 4196 Veteri
2285 4141 2680 4202 Testamento,
2710 4137 2768 4190 hi
2802 4139 2942 4190 sunt
2963 4133 3061 4204 qui
3083 4148 3238 4186 nunc
3257 4129 3633 4200 appellantur

1983 4229 2325 4304 presbyteri.
2360 4229 2429 4283 Et
2461 4227 2559 4298 qui
2595 4224 3087 4295 nuncupabantur
3117 4220 3411 4292 principes
3439 4234 3630 4273 sacer-

1981 4321 2208 4387 dotum,
2239 4335 2393 4373 nunc
2425 4315 2680 4388 episcopi
2715 4313 3116 4367 nominantur.
3164 4308 3492 4380 Presbyteri
3526 4324 3635 4361 au-

1982 4415 2100 4466 tem
2150 4409 2614 4480 interpretantur
2668 4405 2931 4473 seniores,
2979 4401 3118 4472 quia
3165 4398 3422 4454 seniores
3470 4400 3638 4451 aztate

207 4493 422 4564 placuit
470 4496 560 4550 hic
610 4512 785 4552 sermo
828 4513 1014 4553 coram
1063 4498 1443 4565 multitudine,
1495 4507 1545 4553 et
1594 4501 1876 4568 elegerunt
1904 4479 1950 4544 D
1984 4499 2162 4556 Graeci
2199 4479 2568 4570 presbyteros
2597 4497 2825 4549 vocant.
2861 4492 2962 4546 His
3011 4490 3190 4556 enim,
3225 4489 3378 4543 sicut
3407 4487 3638 4558 episco-

211 4586 402 4638 statim
435 4584 777 4650 Stephanum
807 4586 984 4642 virum
1011 4588 1240 4658 plenum
1271 4589 1376 4657 ﬁde
1406 4597 1456 4644 et
1488 4587 1702 4659 Spiritu
1733 4607 1866 4643 san-

211 4681 316 4740 cto,
351 4674 675 4745 Philippum
727 4681 778 4730 et
825 4678 1179 4745 Prochorum,
1231 4677 1556 4733 Nicanorem
1609 4681 1659 4732 ct
1695 4680 1868 4734 Timo-

210 4777 358 4826 nem,
409 4764 742 4820 Parmenam
791 4774 840 4821 et
888 4767 1175 4824 Nicolaum
1224 4768 1493 4822 advenam
1544 4769 1871 4822 Antiochen-

209 4866 339 4905 sem.
369 4853 478 4908 IIos
510 4856 826 4910 statuerunt
855 4865 984 4912 ante
1021 4857 1289 4928 apostolos
1321 4874 1338 4910 :
1369 4861 1418 4912 et
1447 4873 1570 4910 cum
1601 4866 1866 4927 orassent,

208 4939 593 5010 imposuerunt
622 4943 740 4998 illis
767 4960 984 5013 manus,
1017 4947 1350 5017 uerbumque
1383 4948 1482 5001 Dei
1511 4947 1798 5014 crescebat,
1822 4952 1871 5002 et

207 5030 696 5100 multiplicabatur
751 5050 1018 5088 numerus
1065 5035 1403 5090 credentium
1455 5036 1590 5106 (Act.
1641 5035 1740 5105 v1).
1791 5036 1871 5090 Ex

209 5117 344 5172 hinc
397 5121 523 5188 jam
585 5121 969 5177 decreverunt
1028 5123 1298 5194 apostoli,
1352 5123 1439 5178 vel
1499 5140 1871 5180 successores

209 5208 634 5278 apostolorum,
659 5215 723 5265 ut
754 5227 856 5282 per
885 5228 1090 5268 omnes
1121 5213 1412 5269 Ecclesiae
1439 5218 1661 5285 septem
1685 5212 1872 5269 diaco-

210 5311 334 5360 nes,
370 5299 467 5365 qui
511 5298 845 5354 sublimiori
894 5302 1081 5370 gradu
1133 5303 1377 5368 caeteris,
1426 5303 1688 5374 proxime
1720 5302 1871 5356 circa

213 5401 374 5442 aram
415 5387 630 5443 Christi
660 5390 829 5460 quasi
857 5390 1150 5447 columnae
1183 5393 1384 5448 altaris
1416 5393 1782 5463 assisterent,
1815 5397 1873 5450 et

213 5490 327 5530 non
379 5475 506 5532 sine
556 5478 754 5550 aliquo
799 5481 1118 5552 septenarii
1168 5481 1397 5537 numeri
1449 5482 1748 5555 mysterio.
1801 5482 1870 5537 Hi

215 5565 373 5622 enim
408 5571 568 5635 sunt,
593 5583 740 5638 quos
771 5568 831 5624 in
852 5568 1202 5643 Apocalypsi
1222 5570 1498 5643 legimus,
1522 5577 1743 5644 septem
1767 5588 1872 5627 an-

1980 4590 2092 4662 pis,
2127 4585 2486 4659 dispensatio
2535 4583 2956 4657 mysteriorum
3011 4579 3110 4634 Dei
3160 4578 3477 4633 commissa
3526 4579 3635 4632 est.

1978 4683 2246 4734 Praesunt
2277 4677 2433 4732 enim
2484 4673 2754 4730 Ecclesiae
2806 4670 3045 4734 Christi,
3077 4672 3134 4724 et
3171 4668 3229 4722 in
3280 4667 3641 4723 confectione

1981 4768 2161 4824 divini
2196 4766 2454 4838 corporis
2487 4769 2543 4820 et
2575 4761 2884 4835 sanguinis
2915 4763 3213 4814 consortes
3245 4773 3377 4812 cum
3407 4757 3637 4828 episco-

1980 4858 2068 4930 pis
2102 4861 2259 4913 sunt.
2296 4855 2580 4912 Similiter
2608 4859 2664 4910 et
2697 4853 2754 4907 in
2782 4849 3050 4907 doctrina
3079 4846 3453 4919 populorum,
3485 4851 3541 4901 et
3574 4845 3630 4900 in

1981 4947 2172 5002 ofﬁcio
2205 4945 2582 5018 praedicandi.
2625 4943 2702 4998 Ad
2738 4941 2923 4997 solam
2974 4937 3384 4994 auctoritatem
3418 4936 3637 4990 summi

1980 5035 2287 5091 sacerdotii
2313 5034 2655 5089 clericorum
2678 5029 2966 5086 ordinatio
2988 5033 3043 5083 et
3065 5025 3428 5082 consecratio
3449 5039 3638 5078 reser—

1978 5130 2311 5194 vataest,ne
2326 5123 2574 5179 amultis
2588 5119 2901 5192 disciplina
2915 5117 3181 5173 Ecclesiae
3198 5115 3493 5170 vindicata
3508 5130 3639 5167 con-

1981 5215 2238 5271 cordiam
2263 5213 2596 5279 solveret,et
2613 5207 2890 5266 scandala
2908 5209 3232 5279 generaret.
3249 5205 3395 5259 Nam
3421 5201 3636 5257 Paulus
3681 5269 3686 5272 _

1981 5305 2281 5377 apostolus
2299 5303 2530 5359 eosdem
2549 5301 3012 5374 presbyteros,ut
3027 5310 3159 5352 vere
3174 5294 3506 5350 sacerdotes
3526 5291 3635 5345 sub

1980 5394 2215 5450 nomine
2229 5393 2636 5465 episcoporum
2651 5391 2733 5445 ita
2745 5385 3316 5454 asseverat,loquens
3331 5381 3400 5436 ad
3415 5379 3633 5434 Titum:

1980 5486 2172 5556 Hujus,
2206 5483 2427 5556 inquit,
2454 5481 2541 5538 rei
2569 5480 2759 5554 gratia
2781 5477 2989 5551 reliqui
3018 5483 3066 5532 te
3097 5474 3298 5538 Creta,
3331 5477 3391 5525 ut
3417 5484 3482 5526 ea
3513 5485 3640 5540 quae

1981 5570 2175 5629 desunt
2207 5574 2475 5657 corrigas,
2507 5574 2558 5628 et
2588 5571 2887 5626 constituas
2933 5583 3029 5638 per
3055 5566 3312 5620 civitates
3353 5561 3632 5634 presbyte-
