3960 6072
375 281 483 335 447

1457 283 1524 333 D.
1566 278 1804 336 IVONIS
1839 283 2336 338 CARNOTENBIS
2371 285 2690 340 EPISCOPI

3697 282 3817 336 448

375 419 491 474 ros,
530 399 986 475 quemadmodum
1033 415 1136 468 ego
1182 400 1284 454 tibi
1333 399 1596 472 disposui.
1652 400 1714 456 Si
1758 403 1880 472 quis
1909 420 2032 460 sine
2059 407 2112 472 Α
2143 403 2243 460 sia;
2272 404 2588 461 luminaria
2619 403 2963 476 mancipari.
2988 402 3247 475 Accipiat
3275 406 3332 459 et
3363 403 3664 460 urceolum
3693 421 3820 460 va-

373 493 614 548 crimine
642 495 739 558 est,
783 492 952 545 unius
1003 492 1196 543 uxoris
1240 491 1349 553 vir,
1397 490 1544 558 ﬁlios
1593 490 1797 545 habens
1826 493 2032 562 ﬁdeles,

373 598 486 637 non
515 581 577 636 in
607 579 952 636 accusatione
982 579 1254 643 hixuriae,
1286 583 1386 632 aut
1433 594 1538 633 non
1568 579 1831 635 subditos.
1866 580 2032 652 Opor-

377 676 450 727 tet
479 673 628 726 enim
676 669 985 741 cpiscOpum
1028 669 1151 721 sine
1199 669 1434 721 crimine
1482 683 1597 724 esse
1648 671 1771 738 (Tit.
1806 671 1868 739 ι).
1911 670 2035 733 Qua

375 760 666 816 sententia
699 757 956 813 ostendit
986 757 1163 811 etiam
1190 757 1563 828 presbyteros
1595 760 1705 813 sub
1737 759 2035 830 episcopo-

377 867 508 905 rum
541 847 778 904 nomine
808 845 1014 900 taxari.
1049 845 1214 900 Unde
1243 846 1313 900 ad
1365 847 1737 902 Timotheum
1774 849 1846 902 de
1875 847 2033 902 ordi-

376 938 610 993 natione
639 935 895 1007 episcopi
927 939 984 988 et
1017 934 1251 989 diaconi
1284 935 1552 990 scribens
1584 937 1628 1006 (ι
1659 936 1791 991 Tim.
1826 939 1930 1004 in),
1963 936 2035 991 de

376 1025 724 1098 presbyteris
755 1023 996 1078 omnino
1021 1023 1225 1092 tacuit,
1251 1023 1390 1094 quia
1410 1039 1508 1078 eos
1541 1024 1599 1078 in
1623 1025 2034 1096 episcoporum

375 1113 610 1169 nomine
640 1111 1100 1183 comprehendit.
1126 1113 1433 1167 Secundus
1453 1112 1611 1167 enim
1647 1113 1834 1185 primo
1859 1115 1954 1184 [αι.
1980 1114 2037 1168 et

375 1201 544 1274 pene]
575 1202 932 1272 conjunctus
965 1201 1183 1270 gradus
1202 1205 1312 1266 est,
1332 1201 1493 1256 sicut
1515 1209 1572 1256 et
1604 1202 1676 1256 ad
1709 1201 2038 1274 Philippen-

373 1307 489 1360 ses,
519 1289 814 1361 episcopis
835 1295 893 1344 et
922 1289 1289 1353 diaconibus,
1318 1289 1525 1345 scribit
1557 1290 1786 1361 (Philip.
1819 1292 1880 1362 ι),
1901 1309 2036 1346 cum

373 1396 492 1434 una
516 1379 724 1433 civitas
752 1379 950 1447 plures
981 1377 1286 1448 episcOpos
1335 1377 1548 1434 habere
1581 1396 1695 1433 non
1729 1381 1934 1450 possit.
1968 1381 2038 1434 Et

373 1468 434 1522 in
464 1467 710 1522 Actibus
742 1467 1145 1537 apostolorum
1192 1467 1564 1537 presbyteros
1593 1467 1888 1534 Ecclesiae,
1921 1469 2034 1523 itu-

373 1572 472 1611 rus
500 1554 967 1626 Hierosolymam
987 1554 1384 1624 congregavit,
1404 1555 1624 1624 quibus
1643 1558 2036 1624 intercaatera,

373 1645 499 1700 ait:
533 1644 742 1698 Videte
785 1658 1038 1713 gregem,
1091 1641 1151 1696 in
1183 1658 1298 1713 quo
1348 1659 1450 1698 vos
1497 1643 1748 1714 Spiritus
1796 1650 2035 1700 sanctus

373 1733 678 1804 episcopos
705 1731 999 1786 ordinavit
1039 1732 1178 1802 (Act.
1213 1735 1324 1800 xx).
1380 1733 1546 1787 Unde
1577 1733 1750 1788 etiam
1796 1733 1944 1789 tales
1974 1735 2033 1788 in

372 1821 635 1878 Ecclesia
677 1821 1048 1892 presbyteros
1081 1821 1530 1877 constituendos
1578 1839 1707 1878 esse
1732 1821 1881 1877 sicut
1908 1824 2034 1894 epi-

377 1926 586 1981 scopos
617 1915 676 1964 et
727 1907 1043 1980 Apostolus
1091 1909 1164 1964 ad
1213 1909 1404 1964 Titum
1436 1909 1696 1981 loquitur
1723 1911 1849 1982 (Tit.
1885 1913 1947 1983 ι).
1979 1917 2034 1968 et

379 2015 633 2054 canones
656 1997 768 2068 ipsi
797 2001 1114 2065 testantur;
1142 1997 1509 2070 presbyteros
1531 2004 1727 2054 autem
1751 2001 1957 2056 merito
1979 2005 2036 2054 et

379 2087 674 2158 sapientia
713 2086 848 2154 dici,
881 2102 998 2141 non
1045 2091 1212 2142 aetate
1261 2088 1591 2157 (Anacletus,
1642 2091 1739 2160 Ep.
1789 2091 1844 2158 2,
1875 2106 1922 2144 c.
1954 2090 2031 2160 2).

378 2175 528 2231 Nam
571 2180 628 2230 et
678 2173 860 2246 Moysi
915 2175 1269 2246 praecipitur,
1324 2181 1390 2231 ut
1437 2175 1615 2248 eligat
1664 2179 2034 2249 presbyteros

380 2264 566 2334 (Num.
599 2263 700 2333 xu).
735 2262 898 2318 Unde
943 2263 1001 2317 in
1053 2263 1379 2319 Proverbiis
1429 2264 1685 2320 dicitur:
1719 2264 1914 2321 Gloria
1943 2282 2033 2320 se-

380 2370 523 2408 num
565 2352 808 2408 canities
856 2352 1039 2422 (Prov.
1081 2353 1197 2422 xx).
1249 2353 1382 2416 Quae
1434 2359 1525 2408 est
1573 2353 1693 2409 haec
1743 2353 2033 2409 canities?

378 2442 541 2497 Haud
576 2441 822 2496 dubium
848 2440 989 2512 quin
1021 2441 1330 2512 sapientia,
1357 2442 1428 2496 de
1460 2459 1576 2514 qua
1595 2443 1881 2514 scriptum
1903 2447 2026 2498 est:

377 2529 634 2586 Canities
662 2529 968 2586 hominum
1001 2530 1312 2601 prudentia
1332 2537 1422 2586 est
1451 2531 1602 2602 (Sap.
1637 2536 1734 2599 ιν).
1766 2531 2030 2602 Cumque

377 2623 706 2690 nongentos
736 2623 793 2674 et
841 2618 1098 2690 amplius
1149 2635 1336 2676 annos
1383 2620 1456 2674 ab
1489 2622 1673 2675 Adam
1724 2636 1911 2691 usque
1957 2620 2028 2674 ad

375 2708 672 2764 Abraham
704 2706 917 2764 vixisse
946 2707 1214 2763 homines
1253 2708 1569 2780 legerimus
1601 2709 1757 2779 (Gen.
1789 2714 1864 2776 v),
1899 2708 2029 2763 nul-

376 2796 472 2852 lus
503 2795 656 2851 alius
691 2796 915 2866 primus
942 2795 1268 2867 appellatus
1289 2804 1378 2852 est
1408 2799 1729 2869 presbyter,
1756 2798 1809 2852 id
1835 2802 1924 2853 est
1945 2814 2032 2853 se-

378 2883 528 2950 nior,
561 2883 674 2938 nisi
703 2882 999 2937 Abraham
1040 2885 1198 2954 (Gen.
1231 2888 1411 2954 xuii),
1445 2886 1544 2957 qui
1578 2885 1760 2941 multo
1793 2885 2028 2956 paucio-

379 2971 542 3026 ribus
572 2971 744 3026 annis
787 2970 1001 3026 vixisse
1051 2973 1438 3029 convincitur.
1470 2975 1596 3029 Non
1628 2991 1763 3046 ergo
1797 2979 2032 3046 propter

381 3059 738 3130 decrepitam
799 3065 1181 3130 senectutem,
1241 3063 1342 3118 sed
1392 3069 1628 3135 propter
1675 3063 2024 3134 sapientiam

2143 511 2319 550 cuum
2353 496 2421 548 ad
2441 495 2874 566 suggerendum
2890 492 3094 548 vinum
3127 494 3183 548 in
3215 492 3639 550 eucharistiam
3663 511 3817 550 san-

2143 583 2342 656 guinis
2372 583 2610 640 Christi.

2215 690 2348 744 CAP.
2383 691 2467 745 16.
2496 721 2564 729 —
2584 691 2658 746 De
2687 689 3033 745 ordinatione
3060 690 3493 759 exorcistarum,
3517 706 3640 762 cap.
3673 692 3734 745 7.

2216 780 2374 850 (Dist.
2407 781 2496 848 23,
2551 796 2599 835 c.
2648 781 2974 849 Exorcista).
3026 778 3344 847 Exorcista,
3397 796 3532 834 cum
3564 779 3819 835 ordina-

2144 872 2260 939 tur,
2293 870 2544 940 accipiat
2565 869 2635 923 de
2653 885 2830 924 manu
2862 868 3118 940 episcopi
3146 868 3413 923 libellum
3446 870 3505 923 in
3528 886 3645 940 quo
3667 870 3823 924 scri-

2145 957 2227 1029 pti
2258 963 2398 1012 sunt
2429 958 2757 1024 exorcismi,
2791 958 3020 1013 dicente
3065 957 3178 1012 sibi
3231 956 3505 1029 episcopo
3539 974 3552 1012 :
3593 958 3823 1029 Accipe

2145 1051 2202 1102 et
2231 1048 2577 1102 commenda
2616 1047 2931 1116 memorias,
2965 1050 3024 1102 et
3067 1046 3280 1102 habeto
3313 1051 3666 1117 potestatem
3697 1047 3819 1101 im-

2145 1137 2396 1206 ponendi
2429 1153 2640 1191 manus
2688 1152 2867 1207 super
2915 1151 3402 1207 energumenum,
3437 1136 3560 1192 sive
3608 1136 3822 1206 bapti-

2145 1229 2365 1293 zatum,
2397 1226 2516 1280 sive
2545 1224 3054 1281 catechumenum.

2265 1334 2400 1390 CAP.
2436 1336 2521 1389 17.
2557 1366 2623 1376 --
2657 1340 2733 1390 De
2762 1335 3122 1390 ordinatione
3157 1336 3438 1402 lectorum,
3471 1352 3593 1406 cap.
3627 1336 3682 1390 8.

2218 1424 2378 1494 (Dist.
2409 1423 2498 1493 23,
2529 1441 2576 1478 c.
2612 1425 2842 1492 Lector).
2898 1425 3122 1491 Lector,
3169 1441 3304 1478 curn
3355 1424 3690 1489 ordinatur,
3729 1426 3823 1479 fa-

2147 1512 2263 1566 ciat
2291 1513 2362 1566 de
2394 1513 2492 1567 illo
2524 1514 2764 1567 verbum
2798 1513 3110 1585 episcopus
3138 1515 3207 1567 ad
3246 1511 3496 1584 plebem,
3530 1513 3816 1568 indicans

2146 1601 2274 1670 ejus
2302 1601 2500 1667 fidem,
2525 1617 2590 1655 ac
2621 1602 2800 1655 vitam
2825 1607 3000 1672 atque
3023 1601 3351 1672 ingenium.
3374 1601 3509 1656 Post
3541 1601 3663 1656 hac
3685 1616 3822 1673 spe'

2147 1694 2343 1744 ctante
2375 1689 2540 1760 plebe
2570 1691 2763 1744 tradat
2785 1689 2835 1745 ei
2859 1691 3144 1761 codicem,
3170 1691 3242 1745 de
3273 1707 3387 1760 quo
3412 1690 3675 1745 lecturus
3701 1697 3818 1760 est,

1987 1778 2033 1850 ζ’
2066 1786 2111 1850 Β
2143 1778 2342 1832 dicens
2377 1796 2389 1832 :
2418 1779 2627 1850 Accipe
2654 1785 2711 1834 et
2741 1784 2862 1834 esto
2884 1779 3098 1835 relator
3130 1779 3289 1834 verbi
3317 1779 3438 1848 Dei,
3464 1779 3814 1844 habiturus,

2145 1867 2193 1923 si
2230 1865 2476 1922 fideliter
2505 1872 2563 1922 et
2612 1867 2834 1922 utiliter
2885 1867 3218 1938 impleveris
3253 1867 3536 1937 ofﬁcium,
3571 1873 3812 1940 partem

2144 1972 2275 2011 cum
2305 1955 2388 2011 eis
2420 1956 2521 2026 qui
2551 1957 2792 2011 verbum
2828 1956 2925 2011 Dei
2956 1955 3439 2012 ministraverint.

2215 2061 2349 2116 CAP.
2384 2064 2471 2118 18.
2504 2094 2569 2103 -
2603 2067 2680 2118 De
2718 2062 3072 2118 ordinatione
3111 2064 3490 2128 ostiariorum,
3518 2077 3642 2133 cap.
3673 2061 3734 2116 9.

2214 2152 2374 2222 (Dist.
2405 2152 2496 2218 23,
2527 2167 2574 2205 c.
2608 2153 2928 2223 Ostiarius).
2963 2151 3277 2218 Ostiarius,
3309 2168 3443 2206 cum
3469 2151 3809 2216 ordinatur,

2142 2246 2451 2311 postquam
2485 2240 2557 2295 ab
2573 2241 2982 2296 archidiacono
3000 2241 3328 2295 instructus
3350 2239 3526 2295 fuerit
3551 2239 3816 2312 qualiter

2141 2329 2199 2384 in
2226 2331 2398 2386 domo
2421 2331 2522 2386 Dei
2543 2331 2749 2386 debeat
2766 2333 3118 2396 conversari,
3144 2331 3214 2385 ad
3241 2330 3684 2402 suggestionem
3711 2347 3812 2384 ar-

2142 2419 2470 2474 chidiaconi
2495 2420 2671 2475 tradit
2699 2421 2749 2475 ei
2781 2420 3092 2491 episcopus
3115 2420 3302 2475 claves
3327 2417 3585 2474 ecclesias
3617 2420 3690 2474 de
3717 2419 3808 2474 al-

2141 2508 2525 2575 tario,dicens
2556 2507 2746 2563 ei:Sic
2777 2525 2904 2579 age,
2925 2509 3094 2580 quasi
3120 2508 3461 2562 redditurus
3487 2509 3599 2562 Deo
3624 2509 3810 2562 ratio-

2142 2613 2272 2652 nem
2304 2614 2408 2669 pro
2432 2596 2526 2652 his
2554 2597 2752 2665 rebus,
2778 2613 2907 2668 quae
2938 2597 3070 2652 istis
3098 2595 3358 2652 clavibus
3390 2594 3808 2661 recluduntur,

2175 2701 2305 2758 CAP.
2341 2703 2425 2758 19.
2460 2733 2528 2742 -—
2561 2702 2808 2769 Qualiter
2833 2702 3128 2773 psalmista
3167 2701 3474 2771 ordinetur,
3505 2717 3636 2769 cap.
3673 2702 3764 2756 10.

2211 2791 2366 2863 (Dist.
2397 2792 2488 2856 23,
2519 2808 2565 2846 c.
2599 2792 2941 2861 Psalmista).
2997 2790 3331 2857 Psalmista,
3363 2789 3422 2844 id
3453 2795 3544 2844 est
3574 2794 3808 2862 cantor,

2140 2885 2331 2952 potest
2363 2882 2585 2952 absque
2619 2881 2864 2936 scientia
2903 2879 3182 2951 episcopi,
3219 2879 3633 2950 solajussione
3668 2895 3810 2949 pre-

2137 2967 2354 3038 sbyteri
2403 2967 2660 3022 ofﬁcium
2711 2969 3010 3039 suscipere
3058 2967 3357 3032 cantandi,
3400 2967 3633 3021 dicente
3685 2966 3807 3021 sibi

2139 3057 2673 3128 presbytero:Vide
2703 3062 2769 3112 ut
2799 3057 2954 3129 quod
2988 3073 3085 3112 ore
3117 3057 3535 3123 cantas,corde
3557 3057 3803 3124 credas;

380 3148 702 3220 presbyteri
752 3148 1155 3204 nominantur.
1207 3151 1368 3215 Quod
1415 3152 1466 3206 si
1517 3153 1599 3206 ita
1655 3157 1766 3223 est,
1814 3151 2026 3208 mirum
2061 3163 2105 3229 ρ
2144 3149 2200 3198 et
2229 3146 2384 3216 (μιοά
2417 3147 2586 3201 Corde
2617 3145 2833 3214 crediS.
2865 3146 3141 3217 operibus
3175 3145 3406 3217 probes.

383 3236 608 3308 [miror]
639 3252 744 3291 cur
773 3237 1116 3308 insipientes
1146 3239 1608 3295 constituuntur.

381 3343 515 3399 CAP.
553 3343 1018 3420 12:_—AQualite_r
1043 3343 1274 3420 debeant
1303 3346 1568 3402 ordinari
1592 3349 1920 3420 presbyteri.
1955 3351 2038 3404 Ex

450 3413 692 3497 concilio
723 3415 1153 3486 Curthaginensi
1183 3433 1256 3484 1v,
1287 3433 1406 3489 cap.
1439 3420 1492 3487 3,
1520 3413 1611 3474 cui
1640 3413 1896 3491 inter/uit
1925 3423 2031 3476 Au-

451 3495 728 3554 gustinus.

452 3583 610 3653 (Dist.
643 3583 734 3650 23,
767 3599 896 3655 cap.
925 3586 1262 3658 Presbyter).
1297 3587 1623 3662 Presbyter,
1643 3607 1777 3646 cum
1800 3591 2033 3646 ordina-

378 3674 497 3736 tur,
529 3671 802 3742 episcopo
833 3689 966 3729 eum
990 3675 1370 3732 benedicente
1390 3683 1445 3732 et
1480 3695 1720 3735 manum
1752 3697 1931 3751 super
1949 3692 2035 3735 ca'

381 3764 488 3830 put
516 3761 644 3829 ejus
675 3766 927 3829 tenente,
961 3763 1137 3819 etiam
1170 3781 1375 3822 omnes
1405 3767 1726 3839 presbyteri
1757 3769 1856 3840 qui
1889 3786 2031 3840 pra:-

379 3852 577 3904 sentes
607 3855 768 3916 sunt,
801 3868 1013 3906 manus
1039 3855 1362 3924 suasjuxta
1382 3872 1624 3912 manum
1655 3857 2030 3930 episcopisu-

380 3954 484 4009 per
512 3943 688 4010 caput
717 3938 879 3994 illius
909 3944 1168 3996 teneant.

379 4043 516 4100 CAP.
549 4045 637 4101 13.
673 4078 740 4088 -
773 4047 1022 4115 Qualiter
1048 4048 1349 4175 ονάίηαῖάὶ
1393 4051 1505 4106 sint
1534 4052 1773 4108 diaconi.
1804 4054 2030 4125 Ibidem,

1103 4137 1223 4175 cap.
1297 4164 1309 4175 .

1103 4137 1223 4176 681).
1256 4137 1309 4176 4.

1103 4137 1223 4191 cap.
1256 4137 1309 4176 4.

447 4206 610 4275 (Dist.
640 4207 732 4278 23,
766 4224 892 4279 cap.
926 4209 1250 4282 Diaconus).
1289 4211 1602 4284 Diaconus,
1633 4231 1766 4270 cum
1795 4215 2028 4272 ordina-

376 4297 494 4360 tur,
528 4294 690 4350 solus
710 4295 1022 4368 episcopus
1049 4299 1150 4370 qui
1174 4315 1306 4355 eum
1325 4301 1635 4370 benedicit,
1661 4321 1902 4360 manum
1926 4323 2028 4360 su-

378 4397 484 4453 per
513 4388 690 4454 caput
720 4383 880 4439 illius
928 4394 1126 4457 ponat,
1177 4389 1316 4460 quia
1348 4408 1462 4447 non
1493 4393 1564 4447 ad
1610 4395 2026 4462 sacerdotium,

379 4470 481 4525 sed
513 4470 584 4525 ad
617 4471 1012 4528 ministerium
1045 4485 1440 4536 consecratur.

377 4575 510 4631 CAP.
546 4577 632 4632 14.
664 4609 732 4618 -
761 4579 835 4636 De
883 4581 1236 4708 ordinatcione
1250 4587 1765 4710 5subdiaconorum.
1800 4591 2026 4663 Ibidem,

1129 4672 1219 4710 ao.
1293 4699 1306 4710 .

1099 4670 1219 4712 σαι).
1250 4670 1306 4712 ἶ).

1099 4673 1126 4708 c
1207 4697 1219 4710 .
1293 4699 1306 4712 .

451 4735 610 4805 (Dist.
659 4738 750 4804 23,
802 4755 918 4811 cap.
953 4673 1368 4816 SubdiZfonZs).
1414 4749 1842 4817 Subdiaconus,
1892 4767 2025 4806 cum

375 4823 684 4880 ordinatur
713 4828 873 4899 (quia
915 4847 1128 4887 manus
1178 4833 1616 4906 impositionem
1647 4856 1761 4894 non
1793 4840 2026 4912 accipit)

267 4965 272 4970 .
379 4917 652 4983 patenam
685 4916 755 4972 de
782 4934 958 4973 manu
992 4920 1249 4994 episcopi
1272 4925 1522 4996 accipiat
1544 4945 1784 4983 vacuam
1811 4934 1868 4984 et
1888 4929 2028 4984 cali-

379 5018 502 5056 cem
536 5021 806 5092 vacuum.
845 5011 922 5062 De
953 5025 1132 5064 manu
1164 5028 1296 5068 vero
1346 5014 1742 5073 archidiaconi
1783 5019 2031 5092 accipiat

383 5091 684 5149 urceolum
712 5111 844 5150 cum
880 5114 1052 5169 aqua,
1088 5101 1307 5156 manile
1339 5108 1396 5158 et
1428 5107 1886 5178 manutergium.

449 5211 584 5265 CAP.
619 5213 704 5265 15.
729 5243 800 5254 —-
822 5214 894 5270 De
923 5215 1284 5274 ordinatione
1314 5219 1724 5295 acolythorum,
1756 5242 1874 5296 cap.
1901 5229 1956 5281 6.

447 5315 604 5386 (Dist.
641 5319 730 5384 23,
753 5335 800 5374 c.
821 5321 1158 5393 Acotythus).
1182 5325 1522 5396 Acolythus,
1545 5344 1677 5384 cum
1703 5331 2029 5401 ordinatur,

380 5405 452 5460 ab
484 5405 758 5479 episcopo
779 5411 1014 5480 quidem
1044 5413 1323 5469 doceatur
1343 5415 1594 5486 qualiter
1622 5418 1678 5472 in
1713 5420 1902 5476 ofﬁcio
1925 5439 2031 5478 suo

382 5508 554 5562 agere
585 5497 826 5567 debeat;
859 5501 961 5557 sed
993 5502 1064 5558 ab
1095 5503 1504 5561 archidiacono
1536 5507 1781 5580 accipiat
1811 5512 2034 5567 cerofe-

383 5581 609 5640 rarium
639 5603 774 5645 cum
797 5605 982 5662 aereo,
1003 5597 1067 5648 ut
1094 5592 1240 5651 sciat
1261 5609 1325 5652 se
1353 5595 1425 5651 ad
1457 5598 1829 5692 accendepda
1849 5600 2032 5658 eccle-

2059 4513 2107 4580 D

2144 3253 2278 3308 CAP.
2312 3254 2401 3306 20.
2436 3283 2503 3292 —
2535 3251 2790 3319 Qualiter
2828 3254 3196 3308 ecclesiastica
3227 3252 3412 3322 ofﬁcia
3441 3253 3803 3320 ordinentur,

2214 3329 2267 3378 et
2295 3326 2355 3378 in
2386 3325 2639 3378 omnibus
2667 3324 2929 3395 gradibus
2955 3325 3084 3396 quid
3111 3325 3182 3378 ad
3211 3341 3478 3395 quemque
3503 3326 3805 3394 pertineat.

2213 3396 2456 3465 Epistola
2498 3396 2696 3450 Isidori
2743 3397 3084 3466 Hispalensis
3131 3397 3372 3466 episcopi
3419 3396 3492 3451 ad
3537 3396 3805 3464 Lude/re-

2213 3413 2456 3465 Lptswla
2498 3413 2692 3450 maorz
2743 3413 3084 3466 mspatenszs
3131 3413 3369 3521 eiuscopz

2213 3468 2345 3521 dum
2374 3467 2774 3523 Cordubensem
2801 3469 3115 3539 episcopum
3177 3469 3370 3524 irecta.

2215 3557 2377 3626 (Dist.
2409 3557 2500 3624 25,
2546 3573 2594 3611 c.
2627 3554 2944 3627 Perlectis).
2997 3555 3278 3610 Perlectis
3322 3555 3657 3610 sanctitatis
3687 3559 3805 3610 tua

2141 3643 2351 3700 litteris
2380 3643 2614 3715 gavisus
2644 3661 2778 3699 sum
2832 3645 2989 3715 quod
3038 3649 3298 3716 optatam
3350 3641 3602 3698 salutem
3634 3647 3802 3698 tuam

2140 3749 2342 3788 earum
2373 3732 2560 3788 relatu
2591 3733 2856 3803 cognovi.
2892 3733 2974 3788 De
2999 3733 3092 3788 his
3123 3737 3320 3788 autem
3351 3749 3480 3804 qua).
3511 3731 3568 3785 in
3602 3747 3805 3787 conse-

2141 3822 2458 3892 quentibus
2491 3821 2790 3877 insinuare
2810 3820 3030 3892 eloquii
3060 3820 3146 3875 tui
3169 3836 3363 3876 sermo
3390 3819 3641 3883 studuit,
3667 3835 3801 3890 gra-

2139 3910 2252 3965 tias
2283 3925 2392 3981 ago
2423 3909 2540 3965 Deo
2578 3911 2734 3980 quod
2765 3909 3228 3966 sollicitudinem
3273 3908 3452 3964 ofﬁcii
3483 3907 3801 3979 pastoralis

2137 3997 2452 4068 impendis,
2485 3997 2856 4069 qualiterque
2877 3997 3278 4054 ecclesiastica
3299 3997 3492 4052 ofﬁcia
3520 3997 3800 4052 ordinen-

2137 4092 2234 4142 tur
2264 4087 2578 4158 perquiris.
2630 4088 2693 4142 Et
2725 4086 2861 4142 licet
2904 4087 3105 4142 omnia
3154 4086 3482 4158 prudentiae
3531 4090 3644 4140 tuae
3677 4086 3804 4141 sint

2137 4176 2391 4248 cognita,
2425 4181 2644 4244 tamen,
2678 4176 2816 4247 quia
2851 4177 3058 4232 aﬁ‘ectu
3092 4177 3352 4231 fraterno
3384 4192 3480 4230 me
3509 4175 3799 4242 consulis,

2136 4281 2205 4320 ex
2236 4270 2399 4336 parte
2429 4281 2545 4336 qua
2570 4265 2733 4321 valeo
2765 4265 3172 4337 expediam,et
3202 4265 3273 4319 de
3294 4263 3574 4319 omnibus
3607 4263 3800 4319 Eccle-

2137 4353 2234 4410 siae
2267 4355 2550 4426 gradibus
2580 4355 2720 4426 quid
2757 4355 2828 4410 ad
2868 4370 3163 4427 quemque
3208 4353 3500 4425 pertineat
3531 4351 3798 4425 eloquar.

2135 4443 2219 4497 Ad
2247 4443 2558 4498 ostiarium
2591 4459 2845 4514 namque
2875 4444 3171 4515 pertinent
3195 4442 3386 4498 claves
3419 4440 3697 4507 ecclesias,
3734 4446 3800 4497 ut

2138 4531 2374 4588 claudat
2401 4536 2460 4587 et
2489 4532 2714 4604 aperiat
2740 4531 3026 4604 templum
3048 4531 3170 4600 Dei,
3191 4536 3248 4586 et
3276 4531 3477 4585 omnia
3505 4547 3635 4601 quae
3658 4534 3800 4584 sunt

2136 4622 2298 4676 intus
2318 4626 2595 4693 extraque
2620 4622 2937 4687 custodiat,
2955 4621 3154 4677 fideles
3177 4619 3439 4692 recipiat,
3455 4634 3801 4674 excommu-

2137 4710 2361 4766 nicatos
2392 4716 2449 4766 et
2478 4709 2746 4766 inﬁdeles
2769 4709 3039 4782 excipiat.
3064 4711 3149 4764 Ad
3167 4709 3520 4765 exorcistam
3547 4708 3800 4780 pertinet

2137 4800 2494 4856 exorcismos
2544 4800 2884 4857 memoriter
2932 4798 3198 4866 retinere,
3244 4812 3574 4867 manusque
3623 4813 3799 4869 super

2139 4906 2568 4961 energumenos
2586 4894 2642 4944 et
2655 4888 3107 4944 catechumenos
3131 4887 3187 4942 in
3205 4887 3586 4942 exorcizando
3609 4886 3688 4941 im
3700 4903 3796 4958 po-

2141 4995 2300 5034 nere.
2324 4980 2408 5033 Ad
2435 4978 2776 5050 acolythum
2806 4977 3060 5050 pertinet
3081 4976 3424 5048 praeparatio
3452 4974 3798 5030 luminario-

2140 5085 2272 5123 rum
2304 5067 2364 5122 in
2396 5067 2672 5123 sacrario.
2702 5069 2830 5139 Ipse
2861 5083 3091 5122 cereum
3125 5069 3335 5135 portat,
3363 5064 3489 5135 ipse
3521 5071 3801 5136 suggesta

2141 5153 2244 5225 [αι.
2277 5172 2416 5210 vasa
2447 5154 2602 5226 sug.]
2634 5170 2736 5226 pro
2769 5151 3143 5221 eucharistia,
3167 5149 3366 5206 calicis
3391 5149 3626 5221 [calices
3657 5151 3796 5204 sub-

2141 5244 2424 5313 diaconis]
2444 5243 2850 5314 praeparat.Ad
2872 5241 3238 5314 psalmistam
3259 5239 3513 5311 pertinet
3537 5239 3796 5294 ofﬁcium

2142 5333 2409 5397 canendi,
2443 5332 2636 5386 dicere
2674 5331 3132 5395 benedictiones,
3166 5329 3391 5395 laudes,
3437 5327 3797 5383 sacriﬁcium

2143 5421 2242 5491 [αἱ.
2271 5419 2466 5476 laudis
2497 5421 2740 5490 sacrit],
2775 5419 3169 5493 responsoria,
3201 5422 3258 5473 et
3287 5417 3576 5488 quidquid
3617 5417 3796 5489 perti-

2143 5515 2242 5566 net
2271 5511 2342 5566 ad
2376 5512 2649 5568 cantandi
2681 5512 2972 5584 peritiam.
3003 5509 3088 5566 Ad
3125 5508 3400 5564 lectorem
3432 5509 3688 5581 pertinet
3717 5505 3798 5564 le-

2147 5599 2370 5658 ctiones
2395 5603 2797 5673 pronuntiare,
2828 5605 2886 5658 et
2914 5617 2983 5658 ea
3012 5615 3137 5670 qua:
3185 5597 3480 5670 prophetae
3510 5597 3800 5655 vaticina-
