3960 6072
164 231 279 285 449

1206 241 1517 295 DECRETI
1559 245 1743 298 PARS
1782 247 1875 298 VI.
1907 276 1975 285 ——
2004 251 2101 303 DE
2139 252 2487 311 CLERICIS.

3486 275 3594 330 450

161 359 375 410 verunt
395 354 632 426 populis
653 357 1092 427 prmdicare.Ad
1119 360 1545 418 subdiaconum
1564 366 1816 435 pertinet
1843 370 1898 436 Α
1928 370 2174 440 ctiones,
2208 375 2663 448 benedictiones,
2708 384 3027 454 psalmum,
3080 388 3306 464 laudes,
3347 397 3583 454 oﬁ‘erto-

163 443 409 499 calicem
445 448 501 499 et
532 449 803 514 patenam
838 446 907 501 ad
943 446 1123 502 altare
1141 448 1354 504 Christi
1381 451 1624 519 deferre,
1657 460 1715 509 et
1739 455 1822 510 le-

164 532 302 589 vitis
329 533 558 588 tradere
606 532 810 605 eisque
833 534 1207 604 ministrare;
1254 539 1551 595 urceolum
1587 559 1821 615 quoque

164 638 302 676 cum
335 638 510 692 aqua,
539 620 759 677 manile
790 626 846 677 et
878 626 1313 696 manutergium
1339 632 1560 699 tenere,
1602 631 1823 702 episco-

166 727 358 782 poque
392 711 749 783 presbytero,
782 715 838 766 et
866 711 1057 768 levitis
1089 731 1195 786 pro
1246 717 1516 774 lavandis
1559 724 1693 776 ante
1734 722 1820 776 al-

162 804 289 855 tare
320 799 597 855 manibus
634 816 850 871 aquam
885 803 1161 872 praebere.
1186 805 1269 859 Ad
1296 805 1610 862 diaconum
1643 810 1821 880 perti-

162 892 264 943 net
296 887 570 943 assistere
589 890 1076 959 sacerdotibus,et
1100 892 1435 951 ministrare
1459 896 1517 951 in
1546 899 1819 955 omnibus

162 994 294 1049 quae
327 982 585 1049 aguntur
618 977 675 1031 in
711 979 1097 1035 sacramentis
1141 980 1381 1051 Christi,
1414 983 1474 1040 in
1523 985 1817 1058 baptismo

160 1065 412 1135 scilicet,
446 1066 503 1120 in
551 1066 890 1135 chrismate,
916 1067 973 1122 in
1006 1072 1218 1139 patena
1241 1076 1296 1126 et
1318 1072 1535 1142 calice;
1571 1075 1816 1131 oblatio-

160 1171 269 1211 nes
303 1172 536 1226 quoque
560 1154 771 1210 inferre
812 1160 869 1210 et
910 1156 1224 1229 diSponere
1268 1159 1325 1214 in
1360 1160 1550 1233 altari,
1582 1180 1812 1236 compo-

158 1260 302 1300 nere
334 1244 508 1299 etiam
542 1260 809 1300 mensam
849 1245 1077 1301 Domini
1110 1252 1285 1320 atque
1313 1251 1547 1320 vestire,
1582 1270 1815 1310 crucem

156 1334 329 1399 ferre,
358 1338 416 1388 et
447 1333 762 1405 praedicare
792 1335 1179 1407 evangelium,
1207 1344 1264 1393 et
1292 1340 1622 1410 apostolum
1656 1345 1818 1413 [forte

156 1421 520 1493 epistolam].
546 1422 693 1477 Nam
725 1422 879 1478 sicut
908 1423 1229 1482 lectoribus
1258 1427 1440 1483 Vetus
1469 1430 1812 1487 Testamen-

154 1514 317 1577 tum,
350 1511 434 1565 ita
465 1511 811 1567 diaconibus
843 1516 1066 1569 Novum
1112 1516 1426 1586 praedicare
1456 1524 1811 1591 praeceptum

153 1604 269 1655 est.
302 1600 385 1655 Ad
417 1599 612 1672 ipsum
646 1618 882 1675 quoque
911 1605 1166 1676 pertinet
1195 1607 1455 1662 ofﬁcium
1488 1625 1725 1679 precum
1757 1614 1814 1667 et

1933 459 2110 529 rium,
2141 468 2197 517 et
2238 471 2631 537 responsoria,
2683 472 2816 541 quis
2866 474 3210 534 clericorum
3253 483 3445 541 dicere
3488 489 3584 543 de-

1933 549 2100 647 beat;
2137 554 2276 647 ordo
2309 572 2539 628 quoque
2562 564 2620 613 et
2640 562 2853 617 modus
2878 566 3168 634 psallendi
3193 570 3251 624 in
3275 570 3449 629 choro
3478 594 3579 647 pro

1932 637 2299 697 solemnitate
2324 649 2380 699 et
2402 650 2682 717 tempore,
2707 651 2997 709 ordinatio
3024 672 3254 728 quoque
3278 677 3381 730 pro
3402 637 3585 719 lumi—

1932 728 2175 785 naribus
2197 730 2657 802 deportandis.Si
2683 740 2823 810 quid
2848 742 3027 798 etiam
3052 728 3452 807 necessarium
3471 757 3582 825 est,

1929 833 2033 887 pro
2060 820 2429 890 reparatione
2454 825 2990 901 basilicarum,quae
3013 840 3153 889 sunt
3176 835 3234 890 in
3260 839 3424 905 urbe,
3451 820 3579 912 ipse

1930 906 2237 997 denuntiet
2276 914 2585 968 sacerdoti.
2619 917 2909 987 Epistolas
2943 921 3202 995 episcopi
3237 943 3338 997 pro
3370 906 3578 987 diebus

1921 994 2284 1065 jejuniorum
2319 1002 2694 1072 parochianis
2728 1024 2829 1077 per
2867 994 3305 1083 ostiariosiipse
3335 1017 3575 1090 dirigat.

1929 1082 2179 1141 Clericos
2208 1105 2353 1158 quos
2377 1091 2719 1163 delinquere
2742 1098 3039 1167 cognoscit
3061 1100 3186 1171 ipse
3204 1082 3567 1177 fdistringvat:

1927 1188 2076 1243 quos
2098 1193 2235 1231 vero
2256 1180 2568 1235 emendare
2593 1200 2705 1237 non
2748 1184 2917 1252 valet,
2951 1203 3151 1243 eorum
3193 1205 3469 1248 excessus
3501 1196 3573 1249 ad

1926 1264 2283 1333 agnitionem
2306 1267 2563 1340 episcopi
2591 1272 2831 1327 deferat.
2864 1274 3239 1333 Basilicarios
3282 1281 3407 1350 ipse
3433 1299 3576 1338 con-

1926 1351 2152 1419 stituat,
2205 1358 2262 1409 et
2284 1356 2624 1413 matriculas
2652 1360 2776 1429 ipse
2798 1361 3090 1433 disponat.
3118 1370 3359 1431 Quando
3382 1376 3579 1426 autem

1925 1439 2297 1511 primicerius
2340 1446 2557 1500 absens
2582 1454 2691 1514 est,
2718 1464 2785 1503 ea
2810 1467 2934 1520 quae
2968 1454 3245 1522 praedicta
3287 1464 3427 1512 sunt
3458 1459 3582 1530 ipse

1924 1530 2215 1599 exquirat,
2243 1533 2342 1601 qui
2384 1533 2435 1588 ei
2470 1540 2571 1588 aut
2600 1535 2727 1607 lege
2757 1544 2845 1593 est
2870 1542 3195 1612 proximus,
3241 1550 3343 1600 aut
3380 1548 3581 1603 erudi-

1920 1615 2077 1672 tione
2099 1618 2191 1673 his
2206 1620 2514 1691 explendis
2531 1628 2744 1680 certus.
2769 1628 2850 1681 Ad
2869 1628 2928 1682 th
2939 1632 3305 1687 esaurarium
3330 1636 3586 1705 pertinet

154 1690 426 1745 recitatio
461 1690 788 1748 nominum.
822 1696 951 1764 Ipse
974 1700 1295 1766 praemonet
1316 1714 1486 1753 aures
1512 1698 1811 1755 haberead
1846 1746 1893 1811 Β
1923 1706 2150 1761 ostiarii
2174 1690 2555 1765 basilicarum
2580 1714 2893 1783 ordinatio,
2931 1719 3157 1775 incensi
3209 1690 3576 1794 praeparatio,

154 1789 469 1811 n__:___‘_
532 1791 648 1811 2,___
687 1792 752 1811 ‘L-
800 1798 873 1811 1,1
990 1810 993 1811 ,
1210 1796 1220 1806 ι
1388 1796 1400 1811 ι
1552 1803 1561 1811 .
1670 1803 1679 1811 .
2142 1798 2150 1811 1
2217 1797 2226 1808 -
2375 1800 2411 1811 ,ο
2610 1803 2635 1811 Α
2682 1803 2691 1811 .
2795 1806 2831 1811 --
3062 1808 3072 1811 -
3212 1810 3217 1811 ,

152 1789 499 1858 Dominum,
532 1791 656 1863 ipse
686 1792 955 1848 hortatur
975 1810 1162 1865 orare,
1206 1796 1332 1867 ipse
1355 1796 1591 1869 clamat,
1632 1803 1688 1855 et
1720 1817 1815 1872 pa-

148 1895 283 1934 cem
308 1880 433 1952 ipse
455 1882 786 1936 annuntiat.
808 1883 893 1938 Ad
914 1884 1321 1957 presbyterum
1346 1888 1602 1957 pertinet
1618 1905 1814 1945 sacra-

153 1974 431 2024 mentum
467 1970 729 2040 corporis
786 1975 845 2026 et
902 1973 1207 2044 sanguinis
1248 1974 1482 2030 Domini
1514 1976 1572 2030 in
1606 1976 1812 2033 altario

148 2057 258 2113 Dei
289 2058 595 2127 conﬁcere,
631 2061 927 2116 orationes
967 2062 1178 2128 dicere,
1218 2068 1275 2118 et
1303 2065 1636 2121 benidicere
1659 2067 1816 2122 dona

142 2147 364 2202 Dei.Ad
381 2148 721 2219 episcopum
745 2150 1002 2219 pertinet
1024 2151 1398 2207 basilicarum
1427 2156 1810 2227 consecratio,

148 2236 355 2290 unctio
374 2236 578 2291 altaris
601 2243 657 2291 et
678 2238 963 2294 confectio
990 2239 1345 2296 chrismatis.
1369 2242 1499 2313 Ipse
1537 2246 1815 2315 praedicta

150 2324 351 2380 ofﬁcia
382 2330 439 2379 et
468 2325 703 2381 ordines
734 2326 1163 2383 ecclesiasticos
1203 2329 1529 2401 distribuit,
1563 2333 1689 2404 ipse
1719 2350 1811 2389 sa-

150 2429 288 2468 cras
308 2413 567 2485 virgines
589 2414 975 2470 benedicit.Et
995 2416 1135 2470 dum
1168 2419 1467 2488 praecessit
1498 2422 1816 2492 unusquis-

154 2518 273 2573 que
306 2502 366 2555 in
401 2502 676 2573 singulis,
708 2503 836 2574 ipse
892 2508 1089 2560 tamen
1150 2508 1574 2578 praeordinator
1630 2515 1717 2566 est
1749 2510 1810 2567 in

156 2592 415 2646 cunctis.
451 2591 518 2645 Hi
550 2598 692 2647 sunt
730 2593 964 2649 ordines
994 2598 1050 2649 et
1079 2596 1408 2652 ministeria
1437 2597 1811 2669 clericorum,

157 2697 289 2751 quae
322 2686 519 2735 tamen
548 2682 892 2737 auctoritate
924 2684 1248 2754 pontiﬁcali
1298 2685 1356 2740 in
1411 2686 1812 2743 archidiaconi

152 2786 319 2837 cura,
351 2776 407 2824 et
438 2770 754 2840 primicerii
782 2788 846 2826 ac
869 2772 1222 2827 thesaurarii
1247 2774 1643 2831 sollicitudine
1666 2777 1811 2829 divi-

151 2858 400 2917 duntur.
422 2859 886 2916 Archidiaconus
907 2860 1062 2917 enim
1081 2861 1331 2933 imperat
1354 2863 1733 2920 subdiaconis
1755 2870 1813 2921 et

148 2945 367 3016 levitis,
402 2947 471 3001 ad
499 2963 671 3019 quem
696 2949 990 3019 pertinent
1009 2949 1123 3004 ista
1147 2950 1496 3021 ministeria,
1520 2953 1809 3009 ordinatio

157 3036 448 3091 vestiendi
491 3036 694 3091 altaris
717 3054 749 3092 a
773 3037 983 3106 levitis,
1009 3056 1149 3094 cura
1182 3040 1428 3109 incensi,
1454 3046 1510 3096 et
1532 3043 1805 3097 sacrificii

1924 1812 2064 1851 cura
2104 1797 2447 1854 chrismatis
2488 1803 2857 1874 conﬁciendi,
2891 1823 3031 1862 cura
3061 1808 3394 1880 baptisterii
3425 1814 3582 1869 ordi-

1924 1886 2124 1952 nandi,
2160 1888 2510 1958 praaparatio
2543 1889 2996 1951 luminariorum
3020 1896 3079 1951 in
3096 1899 3386 1956 sacriﬁcio
3407 1907 3465 1957 et
3485 1920 3575 1958 sa-

1923 1973 2125 2029 criﬁcii
2150 1976 2246 2044 [αι.
2273 1978 2528 2033 sacrario
2560 1984 2615 2034 et
2648 1982 3002 2055 sacriﬁciis]

1921 2084 3183 2167 CAP.21_.:Qualiter_ordinandiabepiscmpo
3206 2100 3578 2156 examinandi

2028 2155 2162 2209 sint.
2194 2159 2285 2211 Ex
2313 2158 2552 2214 concilio
2592 2155 3125 2238 Aannetensifcap.‘
3159 2171 3191 2223 3
3220 2171 3366 2241 [cap.
3389 2173 3469 2242 6.]

1992 2243 2151 2313 (Dial.
2183 2246 2273 2312 24,
2306 2262 2353 2299 c.
2385 2247 2610 2314 Quando
2642 2252 2971 2323 episcOpus.)
2997 2257 3321 2330 Episcopus
3347 2262 3577 2331 quando

1922 2332 2321 2389 ordinationes
2345 2335 2533 2392 facere
2554 2337 2834 2409 disponit,
2861 2359 3067 2399 omnes
3101 2347 3201 2417 qui
3233 2348 3305 2402 ad
3338 2366 3575 2406 sacrum

1922 2419 2320 2476 ministerium
2349 2425 2625 2481 accedere
2655 2428 2879 2496 volunt,
2917 2432 3056 2487 feria
3086 2440 3298 2505 quarta
3320 2442 3454 2493 ante
3486 2438 3573 2510 ip-

1921 2525 2047 2565 sam
2080 2509 2506 2567 ordinationem
2536 2517 2815 2571 evocandi
2839 2523 2998 2586 sunt,
3032 2522 3102 2575 ad
3136 2524 3435 2579 civitatem
3460 2509 3574 2582 una

1922 2612 2051 2651 cum
2087 2598 2438 2670 presbyteris
2466 2602 2571 2671 [aL
2598 2604 2986 2676 archipresb.]
3010 2610 3107 2678 qui
3134 2626 3234 2666 eos
3255 2629 3573 2683 reprzesen-

1919 2690 2044 2741 tare
2076 2686 2307 2741 debent.
2336 2689 2403 2742 Et
2426 2694 2563 2745 tunc
2591 2691 2901 2765 episcopus
2928 2712 2961 2750 a
2994 2696 3172 2753 latere
3212 2717 3317 2755 suo
3355 2701 3570 2774 eligere

1922 2776 2093 2831 debet
2124 2778 2477 2845 sacerdotes,
2511 2784 2568 2834 et
2599 2781 2746 2837 alios
2782 2785 3098 2853 prudentes
3147 2787 3301 2844 viros
3353 2807 3568 2862 gnaros

1918 2862 2064 2934 legis
2094 2865 2326 2936 divinae,
2351 2871 2407 2921 et
2429 2869 2773 2925 exercitatos
2801 2872 2859 2925 in
2883 2873 3303 2933 ecclesiasticis
3325 2881 3576 2938 sanctio-

1920 2953 2115 3022 nibus,
2153 2954 2251 3024 qui
2278 2955 2739 3012 ordinandorum
2782 2961 2979 3025 vitam,
3033 2979 3243 3033 genus,
3294 2969 3573 3041 patriam,

1921 3046 2174 3112 atatem,
2206 3043 2658 3116 institutionem,
2708 3047 2902 3104 locum
2934 3050 3032 3106 ubi
3063 3054 3295 3109 educati
3332 3062 3490 3126 sunt,
3527 3059 3576 3114 si

145 3125 515 3180 necesssaria
547 3125 903 3196 sollicitudo,
948 3127 1078 3197 quis
1113 3130 1437 3184 Levitarum
1469 3132 1801 3203 apostolum
1834 3113 1879 3183 (ἶ
1917 3130 2036 3186 sint
2059 3132 2204 3187 bene
2234 3131 2496 3201 litterati,
2528 3136 2577 3190 si
2604 3113 2659 3191 in
2694 3135 2819 3209 lege
2842 3138 3075 3194 Domini
3112 3141 3412 3217 instructi,
3437 3113 3571 3203 dili-

146 3213 494 3283 (Gratianus,
529 3214 862 3286 epistolam)
918 3220 976 3269 et
1031 3218 1398 3288 evangelium
1451 3218 1626 3293 legat,
1677 3222 1811 3292 quis

151 3319 355 3374 preces
389 3304 543 3358 dicat
575 3320 673 3359 seu
712 3305 1152 3375 responsiorum
1179 3307 1236 3361 in
1266 3307 1581 3365 Dominicis
1603 3310 1811 3366 diebus

153 3404 260 3457 aut
291 3401 723 3457 solemnitatem
753 3402 1041 3457 decantet.
1063 3402 1414 3461 Sollicitudo
1445 3424 1679 3479 quoque
1711 3425 1810 3480 pa-

158 3490 495 3546 rochiarum
529 3495 585 3545 et
615 3491 907 3546 ordinatio
938 3496 994 3547 et
1016 3492 1219 3565 jurgia
1252 3495 1321 3549 ad
1360 3497 1488 3567 ejus
1520 3498 1812 3568 pertinent

161 3596 393 3649 curam;
426 3596 530 3650 pro
575 3580 916 3651 reparandis
966 3580 1312 3638 diceeesanis
1368 3584 1648 3657 basilicis,
1689 3588 1812 3658 ipse

159 3669 1188 3741 suggeritsacerdoti.Ipseinquierit
1206 3672 1515 3743 parochias
1539 3692 1670 3729 cum
1688 3678 1814 3746 jus-

161 3756 327 3813 sione
358 3758 638 3828 episcopi,
665 3761 720 3813 et
770 3764 1138 3827 ornamenta,
1190 3760 1277 3815 vel
1310 3777 1401 3817 res
1433 3763 1811 3822 basilicarum

155 3847 245 3902 vel
262 3847 674 3919 parochiarum
698 3851 893 3919 :gesta
915 3848 1254 3904 libertatum
1279 3850 1811 3912 ecclesiasticarum

158 3936 435 4007 episcopo
462 3936 613 3990 idem
643 3936 838 3991 refert.
863 3936 1181 3993 Collectam
1215 3941 1526 4010 pecuniam
1559 3943 1629 3997 de
1650 3960 1811 4000 com-

158 4026 441 4079 munione
464 4025 588 4095 ipse
610 4024 841 4095 accipit,
866 4029 923 4080 et
955 4026 1226 4097 episcopo
1260 4029 1464 4099 defert,
1498 4035 1553 4086 et
1583 4032 1809 4089 clericis

156 4119 352 4185 partes
385 4114 653 4184 preprias
697 4112 849 4168 idem
902 4114 1222 4170 distribuit.
1276 4120 1360 4172 Ab
1400 4119 1807 4178 archidiacono

156 4199 511 4253 nuntiantur
532 4198 805 4271 episcOpo
831 4215 1109 4256 excessus
1131 4201 1533 4261 diaconorum.
1560 4208 1691 4279 Ipse
1715 4209 1808 4264 de-

154 4288 392 4342 nuntiat
412 4289 697 4343 sacerdoti
726 4289 783 4343 in
807 4291 1064 4344 sacrario
1092 4290 1454 4360 jejuniorum
1489 4296 1613 4351 dies
1632 4303 1809 4369 atque

154 4376 685 4444 solemnitatum,et
707 4378 778 4432 ab
805 4378 932 4450 ipso
973 4378 1207 4449 publice
1230 4381 1286 4434 in
1327 4382 1575 4440 ecclesia
1596 4388 1805 4457 praadi-

154 4472 368 4521 cantur
400 4465 823 4539 [praedicatur].
873 4468 1120 4532 Quando
1180 4486 1313 4525 vero
1362 4473 1810 4533 archidiaconus
1839 4476 1886 4540 D

153 4554 371 4609 absens
395 4559 502 4624 est,
529 4555 720 4611 vicem
741 4557 871 4627 ejus
903 4555 1187 4614 diaconus
1212 4575 1465 4630 sequens
1504 4564 1805 4636 adimplet.

150 4653 634 4725 Archipresbyter
665 4671 726 4710 se
757 4671 886 4710 esse
920 4656 1029 4711 sub
1078 4656 1512 4730 archidiacono,
1562 4664 1808 4736 ejusque

150 4743 459 4813 praeceptis
483 4743 921 4815 sicutepiscopi
955 4745 1046 4799 sui
1088 4745 1324 4801 obedire
1366 4748 1532 4816 sciat,
1566 4756 1621 4806 et
1651 4755 1805 4823 quod

149 4830 485 4901 specialiter
511 4833 581 4886 ad
606 4833 732 4903 ejus
756 4832 1152 4888 ministerium
1174 4836 1445 4905 pertinet,
1478 4855 1656 4910 super
1676 4859 1804 4897 om-

150 4935 252 4973 nes
284 4921 657 4990 presbyteros
692 4921 749 4975 in
783 4921 986 4976 ordine
1018 4922 1243 4993 positos
1274 4940 1476 4980 curam
1508 4943 1724 4997 gerere,
1751 4936 1806 4986 et

150 5008 390 5061 assidue
419 5009 477 5061 in
500 5007 754 5063 Ecclesia
775 5014 1022 5074 stare,et
1047 5012 1282 5080 quando
1305 5014 1563 5086 episcopi
1582 5018 1675 5071 sui
1700 5020 1803 5073 ab-

149 5096 343 5151 sentia
372 5096 704 5166 contigerit,
735 5096 861 5167 ipse
883 5098 1005 5153 vice
1019 5101 1148 5170 ejus
1172 5100 1492 5158 missarum
1517 5105 1805 5163 solemnia

154 5183 434 5251 celebret,
468 5190 525 5238 et
546 5184 817 5241 collectas
850 5187 1029 5254 dicat,
1061 5188 1148 5242 vel
1182 5190 1274 5243 cui
1306 5190 1434 5260 ipse
1462 5193 1803 5263 injunxerit.

150 5282 229 5336 Ad
254 5281 659 5352 primicerium
686 5284 980 5355 pertinent
1003 5284 1276 5356 acolythi,
1301 5292 1623 5362 exorcistaa,
1649 5296 1804 5365 psal-

154 5371 342 5425 mistsa
389 5374 566 5441 atque
590 5372 856 5438 lectores,
882 5372 1120 5444 signum
1146 5390 1381 5446 quoque
1405 5380 1664 5437 dandum
1700 5400 1803 5454 pro

151 5458 339 5513 ofﬁcio
373 5458 740 5530 clericorum,
768 5477 869 5532 pro
918 5461 1045 5515 vitai
1089 5462 1420 5531 honestate,
1456 5474 1512 5523 et
1542 5471 1801 5527 officium

152 5546 426 5603 cantandi
443 5548 642 5619 [ofﬁcii
662 5548 1033 5619 meditandi],
1053 5552 1109 5604 et
1126 5554 1439 5623 peragendi
1461 5558 1708 5615 sollicite
1730 5559 1804 5617 le-

1920 3224 2127 3292 genter
2156 3221 2676 3295 investigent.Ante
2700 3227 2898 3281 omnia
2928 3227 2978 3282 si
3011 3229 3182 3285 ﬁdem
3218 3232 3571 3290 catholicam

1920 3309 2170 3365 ﬁrmiter
2225 3316 2479 3377 teneant,
2539 3318 2594 3369 et
2644 3314 2837 3370 verbis
2895 3315 3264 3388 simplicibus
3313 3337 3575 3379 asserere

1921 3403 2158 3469 queant.
2192 3400 2305 3471 ipsi
2341 3405 2558 3468 autem,
2586 3403 2803 3473 quibus
2834 3403 2942 3459 hoc
2958 3406 3574 3474 committitur,cavere

1922 3487 2153 3555 debent,
2190 3504 2260 3542 ne
2315 3494 2415 3543 aut
2466 3491 2680 3547 favoris
2740 3494 2947 3564 gratia,
3009 3500 3109 3549 aut
3167 3497 3575 3569 cujuscunque

1921 3577 2183 3631 muneris
2214 3576 2534 3648 cupiditate
2559 3578 2735 3634 illecti
2760 3598 2792 3634 a
2818 3597 2946 3636 vero
2983 3584 3233 3655 devient,
3275 3590 3339 3642 ut
3378 3587 3435 3642 in
3458 3590 3575 3643 ’di-

1920 3680 2103 3736 gnum
2136 3668 2191 3720 et
2222 3666 2419 3721 minus
2454 3666 2750 3739 idoneum,
2790 3671 2861 3724 ad
2902 3687 3101 3727 sacros
3132 3676 3351 3745 gradus
3384 3679 3573 3733 susei-

1922 3753 2166 3824 piendos
2198 3754 2457 3826 episcopi
2502 3772 2715 3811 manus
2770 3758 3083 3829 applicent.
3119 3762 3280 3825 Quod
3330 3765 3380 3819 si
3425 3768 3570 3823 fece-

1921 3841 2059 3909 rint,
2090 3847 2147 3897 et
2176 3843 2273 3898 ille
2304 3844 2401 3914 qui
2424 3844 2664 3916 indigne
2687 3847 2998 3904 accesserit
3020 3851 3092 3906 ab
3117 3850 3287 3907 altari
3312 3870 3571 3911 remove-

1920 3930 2097 3997 bitur,
2117 3937 2173 3987 et
2203 3931 2286 3987 illi
2312 3934 2411 4003 qui
2434 3934 2653 3988 donum
2676 3936 2867 3991 sancti
2898 3938 3152 4009 Spiritus
3183 3942 3433 3997 vendere
3471 3960 3565 3999 co-

1919 4020 2041 4075 nati
2073 4026 2233 4088 sunt,
2258 4038 2448 4077 coram
2471 4023 2587 4078 Deo
2611 4024 2735 4093 jam
2760 4026 3154 4094 condemnati,
3172 4030 3570 4085 ecclesiastica

1917 4108 2198 4182 dignitate
2228 4112 2529 4167 carebunt.
2572 4113 2760 4183 Igitur
2812 4130 2914 4185 per
2951 4120 3070 4170 tres
3094 4118 3403 4173 continuos
3440 4118 3567 4174 dies

1918 4199 2348 4267 examinentur,
2376 4206 2433 4254 et
2483 4199 2566 4255 sic
2615 4201 2869 4257 Sabbato
2918 4203 3019 4273 qui
3064 4205 3290 4275 probati
3341 4206 3565 4262 inventi

1916 4292 2075 4355 sunt,
2111 4287 2381 4359 episcopo
2410 4294 2922 4359 repraesententur.

1915 4373 2048 4430 CAP.
2076 4377 2166 4430 22.
2200 4407 2267 4418 —
2298 4381 2431 4446 Quae
2461 4377 2769 4445 presbyteri
2800 4382 3105 4434 necessario
3122 4380 3329 4439 discere
3349 4387 3402 4439 et
3423 4386 3563 4441 scire

2297 4447 2546 4501 debeant.
2575 4448 2660 4501 Ea:
2687 4448 2849 4503 dictis
2879 4452 3194 4519 Augustini.

1991 4534 2125 4597 Quae
2150 4533 2293 4605 ipsis
2309 4534 2714 4591 sacerdotibus
2733 4540 3062 4595 necessaria
3078 4546 3219 4596 sunt
3234 4544 3305 4599 ad
3330 4544 3564 4601 discen-

1918 4623 2083 4688 dum,
2104 4622 2161 4676 id
2184 4625 2272 4677 est
2295 4621 2441 4678 liber
2464 4630 2996 4696 sacramentorum,
3035 4629 3435 4699 lectionarius,
3467 4635 3562 4691 ba-

1916 4709 2268 4784 ptisterium,
2303 4718 2637 4784 computus,
2663 4731 2849 4770 canon
2885 4719 3561 4794 prenitentialis,psalte-

1917 4800 2094 4863 rium.
2121 4800 2371 4855 homiliae
2394 4818 2498 4872 per
2514 4801 2799 4858 circulum
2834 4807 2971 4861 anni
2996 4808 3318 4865 Dominicis
3335 4811 3564 4880 diebus,

1915 4894 1971 4945 et
1999 4889 2250 4961 singulis
2285 4889 2701 4947 festivitatibus
2728 4898 2895 4965 aptae.
2934 4898 3256 4969 Erquibus
3288 4902 3564 4956 omnibus

1914 4978 1964 5034 si
1990 4995 2172 5033 unum
2198 4978 2446 5033 defuerit
2482 4982 2802 5038 sacerdotis
2844 5001 3055 5040 nomen
3097 4986 3156 5041 in
3188 5004 3253 5043 eo
3285 4988 3377 5043 vix
3421 5006 3559 5045 con-

1913 5066 2110 5132 stabit,
2133 5066 2268 5136 quia
2297 5066 2465 5122 valde
2500 5070 2836 5140 periculosa:
2859 5079 2998 5129 sunt
3022 5075 3192 5130 minae
3217 5077 3561 5149 evangelicae

1914 5153 2131 5224 quibus
2162 5154 2380 5208 dicitur
2412 5171 2424 5209 :
2457 5155 2529 5209 Si
2552 5171 2726 5213 caecus
2784 5175 2925 5216 meo
2983 5162 3249 5218 ducatum
3305 5170 3559 5235 praestet,

1912 5243 2070 5297 ambo
2103 5244 2162 5298 in
2191 5246 2406 5314 foveam
2437 5245 2644 5299 cadunt
2678 5247 2881 5316 (Matth.
2918 5252 3031 5322 xv).

1912 5332 2041 5387 CAP.
2076 5333 2165 5387 23.
2203 5362 2265 5373 —
2299 5334 2377 5425 2a
2409 5333 2854 5425 ordina'tiornigus
2868 5340 3319 5425 presbyterorum”
3343 5358 3406 5425 ac

1982 5420 2268 5483 canoram.
2300 5406 2383 5458 Ea:
2411 5406 2647 5474 epistola
2678 5410 2711 5459 2
2748 5406 3052 5483 zepherinz‘
3075 5427 3255 5483 papae,
3286 5412 3561 5481 fratribus

1982 5490 2081 5545 per
2108 5476 2402 5546 {Egi/ptum
2430 5492 2619 5542 missa,
2646 5494 2767 5548 cap.
2807 5480 2869 5533 tO
2904 5482 3037 5552 [23].

1985 5561 2169 5629 (Hist,
2228 5561 2318 5627 75,
2371 5576 2419 5614 ε.
2479 5561 2905 5633 ordinationes.)
2960 5566 3370 5623 Ordinationes
3425 5584 3561 5626 vero
