3960 6072
367 246 476 300 455

1450 236 1519 286 D.
1561 231 1804 286 IVONIS
1840 227 2336 283 CARNOTENSIS
2371 227 2694 282 EPISCOPI
2753 293 2756 298 _

3696 228 3811 281 456

368 368 502 424 frui.
536 367 588 421 si
621 366 839 420 bonam
873 361 1152 432 deinceps
1193 359 1372 414 vitam
1407 355 1699 422 duxerint,
1747 357 1803 408 et
1841 367 2016 408 suum
2047 371 2101 438 Α
2132 350 2387 422 [dejecti]
2420 355 2558 406 sunt
2591 349 2852 423 quandiu
2886 350 3132 407 vixerint
3161 349 3349 406 officio
3392 356 3806 422 perseverent,

367 454 763 512 sacerdotium
794 452 1088 522 condigne
1119 444 1527 504 custodierint.
1562 443 1760 514 Etipsi
1787 441 1888 514 qui
1911 441 2020 495 hoc

369 551 728 621 putant,non
761 541 955 598 solum
989 537 1315 605 errant,sed
1349 535 1524 591 etiam
1556 533 1802 588 tsaditas
1829 530 2027 586 Eccle-

375 637 476 694 siae
516 629 1026 702 clavesdespicere
1054 625 1424 691 videntur,de
1458 623 1674 694 quibus
1695 621 1914 675 dictum
1937 623 2028 674 est

367 730 717 796 Quamunque
741 721 1011 776 solveritis
1042 719 1101 770 in
1133 721 1278 770 terra
1310 718 1471 768 erant
1499 713 1676 766 soluta
1705 716 1754 765 et
1776 711 1835 765 in
1873 709 2002 764 caelo

371 816 580 887 (Matth.
613 811 795 880 xvm).
837 806 1106 876 Alioquin
1138 805 1259 859 haec
1307 801 1596 858 sententia
1623 804 1726 855 aut
1774 797 2000 854 Domini

377 921 490 960 non
523 905 634 967 est,
663 903 763 954 aut
793 914 926 952 vera
968 901 1078 950 est.
1115 894 1231 950 Nos
1286 908 1418 946 vero
1473 890 1880 944 indubitanter
1909 891 2028 941 tam

377 989 608 1048 Domini
634 987 990 1054 sacerdotes,
1025 999 1204 1055 quam
1237 980 1497 1052 reliquos
1549 978 1753 1033 fideles
1784 980 1918 1047 post
1943 975 2034 1029 di-

375 1097 550 1153 gnam
582 1075 1042 1133 satisfactionem
1070 1088 1238 1145 posse
1260 1071 1449 1125 redire
1479 1068 1547 1123 ad
1574 1068 1820 1122 honores
1847 1063 2036 1120 credi-

375 1169 788 1233 mus,testante
819 1162 1066 1220 Domino
1089 1177 1193 1233 per
1227 1159 1574 1232 prophetam
1610 1172 1624 1211 :
1658 1153 1916 1225 Nunquid
1932 1165 2033 1224 qui

374 1259 524 1314 cadit
549 1272 659 1311 non
690 1253 912 1322 adiiciet
943 1256 1004 1308 ut
1035 1258 1300 1321 resurgat,
1333 1254 1384 1304 et
1411 1249 1510 1320 qui
1563 1260 1790 1301 aversus
1821 1251 1898 1299 est
1925 1258 2034 1297 non

376 1349 676 1402 revertetur
703 1345 830 1413 (Jer.
864 1344 1014 1409 vm).
1048 1342 1115 1394 Et
1161 1338 1300 1394 alibi
1334 1355 1347 1393 :
1379 1337 1542 1404 Nolo,
1608 1333 1800 1404 inquit
1842 1330 2034 1386 Domi-

376 1453 510 1504 nus,
542 1437 774 1488 mortem
804 1430 1126 1502 peccatoris,
1168 1427 1260 1482 sed
1292 1435 1354 1481 ut
1399 1429 1756 1480 convertatur
1807 1431 1860 1476 et
1889 1421 2038 1475 vivat

377 1519 899 1596 (Ezech.xxxui).El
925 1516 1209 1589 propheta
1233 1513 1407 1569 David
1428 1510 1828 1584 prenitentiam
1855 1525 2033 1580 agens

376 1613 519 1670 dicit
557 1629 570 1666 :
604 1609 784 1666 Redde
809 1607 952 1662 mihi
982 1605 1243 1662 laetitiam
1287 1602 1549 1659 salutaris
1595 1604 1698 1666 tui,
1747 1603 1798 1654 et
1826 1599 2032 1669 spiritu

2138 441 2188 496 si
2221 445 2415 495 tamen
2449 443 2580 511 post
2611 439 2732 494 haec
2766 439 3133 495 continentes
3167 455 3228 495 se
3259 441 3598 496 studuerint
3626 440 3813 496 exhi-

2140 529 2297 584 bere.
2329 529 2397 583 Hi
2430 545 2562 583 vero
2596 529 2698 600 qui
2732 527 2919 583 illiciti
2954 529 3241 602 privilegii
3295 531 3676 586 excusatione
3711 531 3810 586 ni-

2139 621 2434 688 tuntur,et
2467 617 2580 672 sibi
2613 621 2890 673 asserunt
2920 620 3096 674 veteri
3130 619 3238 674 hoc
3270 618 3393 689 lege
3423 634 3814 687 concessum,

2143 707 2410 763 noverint
2439 724 2500 762 se
2532 707 2604 762 ab
2636 707 2794 761 omni
2829 706 3196 763 eclesiastico
3228 707 3471 780 honore,
3502 725 3618 779 quo
3651 709 3816 764 indi-

2141 814 2250 868 gne
2281 796 2374 852 usi
2407 795 2914 874 sunt,apostolicaa
2948 797 3106 852 sedis
3135 797 3486 853 auctoritate
3517 799 3815 869 dejectos,

2143 902 2250 942 nec
2282 903 2540 956 unquam
2573 903 2745 957 posse
2775 887 3108 941 veneranda
3137 891 3448 942 attrectare
3491 888 3810 959 mysteria,

2147 975 2362 1047 quibus
2386 991 2447 1030 se
2471 975 2581 1046 ipsi
2615 976 2756 1029 dum
2791 975 3062 1031 obscenis
3093 976 3522 1048 cupiditatibus
3542 976 3811 1044 inhiant,

2145 1063 2540 1136 privaverunt.
2599 1065 2668 1119 Et
2715 1065 2854 1135 quia
2903 1064 3168 1136 exempla
3228 1065 3540 1137 praesentia
3597 1082 3810 1121 cavere

2147 1170 2254 1208 nos
2283 1157 2644 1225 pramonent
2675 1153 2732 1208 in
2763 1153 3050 1218 futurum,
3083 1153 3130 1208 si
3180 1153 3432 1224 quilibet
3481 1153 3810 1225 episcopus

2147 1243 2451 1314 presbyter
2473 1247 2648 1312 atque
2680 1242 2964 1297 diaconus
2985 1243 3164 1314 (quod
3183 1258 3296 1297 non
3325 1241 3816 1313 optamus)dein-

2147 1348 2282 1402 ceps
2316 1331 2490 1386 fuerit
2519 1330 2652 1386 talis
2677 1331 3098 1401 inventus,jam
3125 1347 3282 1386 nunc
3305 1331 3414 1386 sibi
3438 1347 3674 1386 omnem
3700 1348 3814 1403 per

2147 1437 2255 1476 nos
2285 1420 2663 1492 indulgentiae
2686 1421 2912 1474 aditum
2938 1419 3230 1492 intelligat
3253 1420 3591 1476 obaeratum
3619 1439 3634 1489 ;
3662 1421 3813 1492 quia

2146 1510 2298 1564 ferro
2333 1525 2570 1564 necesse
2592 1513 2681 1564 est
2709 1509 3132 1564 abscindantur
3159 1508 3557 1579 vulnera,quae
3582 1508 3814 1565 fomen-

2149 1603 2342 1656 torum
2374 1615 2488 1654 non
2518 1600 2812 1654 senserint
2842 1598 3218 1654 medicinam.

377 1701 692 1773 principali
720 1697 991 1767 conﬁrma
1019 1711 1103 1750 me
1134 1694 1307 1761 (Psal.
1344 1694 1416 1762 L).
1452 1692 1582 1761 Ipse
1628 1704 1877 1759 namque
1909 1703 2023 1802 poks‘

2226 1724 2286 1763 P.
2318 1708 2484 1762 51.-
2518 1707 2581 1764 Ut
2609 1707 2848 1802 clericus
2865 1707 2961 1802 qui
2987 1705 3283 1802 secundam
3313 1720 3542 1762 uxorem
3568 1706 3804 1762 duxerit

380 1787 786 1860 paenitentiam
822 1790 879 1840 et
910 1786 1056 1838 alios
1086 1781 1371 1850 docuit,et
1399 1778 1753 1835 sacrificium
1790 1781 1901 1831 Deo
1927 1776 2033 1830 ob-

377 1878 687 1943 tulit,dans
719 1873 1056 1944 exemplum
1089 1869 1426 1924 doctoribus
1443 1873 1658 1923 sanctae
1689 1865 1957 1921 Ecclesiae
1985 1867 2035 1919 si

380 1966 532 2038 lapsi
565 1965 868 2030 fuerint,et
899 1960 1252 2031 condignam
1279 1957 1678 2029 pmnitentiam
1708 1958 1818 2010 Deo
1841 1970 2036 2026 gesse-

385 2056 503 2109 rint
533 2058 854 2122 utrumque
886 2051 1071 2104 facere
1105 2063 1295 2119 posse.
1351 2046 1559 2102 Docuit
1606 2044 1762 2099 enim
1795 2043 2029 2114 quando

379 2143 528 2199 dixit
559 2158 573 2196 :
608 2140 808 2195 Docebo
837 2140 1055 2209 iniquos
1085 2139 1202 2191 vias
1232 2141 1382 2202 tuas,
1408 2139 1463 2190 et
1487 2135 1652 2204 impii
1697 2133 1776 2188 ad
1825 2137 1878 2186 te
1908 2147 2037 2185 con-

379 2234 660 2288 vertentur
683 2230 889 2301 (ibid.).
924 2228 992 2281 Et
1025 2225 1382 2281 sacrificium
1426 2224 1542 2278 Deo
1577 2239 1678 2293 pro
1711 2238 1774 2276 se
1803 2219 2036 2286 obtulit,

381 2322 523 2376 dum
557 2319 784 2374 dicebat
820 2333 833 2370 :
866 2315 1218 2384 Sacriﬁcium
1262 2315 1369 2368 Deo
1415 2313 1650 2384 spiritus
1698 2309 2039 2366 contribula-

385 2413 473 2466 tus
503 2408 710 2481 (ibid.).

386 2526 519 2582 CAP.
555 2525 640 2580 49.
690 2554 758 2564 ——
804 2523 922 2578 Non
967 2518 1364 2593 prohibendam
1410 2533 1520 2593 esse
1577 2513 2037 2593 misericordiam.

740 2595 882 2651 Idem
915 2591 1124 2662 (eadem
1153 2592 1315 2663 epist.
1349 2591 1452 2644 sub
1482 2591 1690 2660 ﬁnem).

459 2693 844 2761 Sententiam,
882 2693 1110 2758 fratres,
1163 2706 1290 2762 quae
1343 2687 1810 2744 misericordiam
1859 2688 2040 2754 vetat,

389 2801 504 2840 non
535 2784 724 2839 solum
739 2780 1065 2848 tenere,sed
1082 2783 1139 2833 et
1155 2777 1356 2832 audire
1373 2776 1620 2847 refugite
1647 2794 1660 2844 ;
1695 2775 1832 2846 quia
1855 2773 2043 2844 potior

387 2877 476 2927 est
507 2869 914 2926 misericordia
943 2867 1220 2922 omnibus
1253 2864 1834 2920 holocautomatibus
1870 2866 1927 2918 et
1949 2880 2040 2916 sa-

389 2960 626 3016 crificiis
657 2959 802 3031 (Ose.
834 2957 930 3029 v1).

388 3079 526 3134 CAP.
559 3075 648 3130 5').
673 3103 742 3114 —-
763 3074 836 3127 De
853 3072 1072 3126 clericis
1100 3068 1597 3125 incontinentibus.
1634 3065 1873 3122 Siricius
1891 3081 2040 3138 papa

636 3145 880 3200 Himerio
914 3144 1132 3198 Tarrac.
1167 3143 1332 3212 episc.
1365 3141 1547 3210 (epist.
1574 3140 1622 3207 1,
1655 3154 1702 3193 c.
1732 3140 1807 3204 7.)

465 3245 632 3314 (Dist.
674 3244 767 3308 82,
798 3258 844 3297 c.
897 3241 1182 3296 Plurimos
1229 3238 1574 3306 sacerdotes.)
1623 3235 1922 3292 Plurimos
1956 3252 2050 3290 sa-

392 3334 656 3390 cerdotes
687 3331 902 3388 Christi
935 3334 1114 3401 atque
1145 3328 1352 3384 levitas
1383 3334 1512 3399 post
1542 3327 1717 3398 longa
1747 3341 2053 3381 consecra-

390 3423 571 3481 tionis
602 3439 720 3478 suae
749 3427 1038 3491 tempora,
1095 3423 1216 3473 tam
1265 3418 1334 3472 de
1385 3416 1737 3488 conjugibus
1771 3413 2045 3486 propriis,

391 3529 567 3584 quam
597 3510 773 3565 etiam
802 3509 873 3563 de
903 3507 1061 3579 turpi
1094 3506 1250 3562 coitu
1283 3505 1541 3561 sobolem
1575 3504 1894 3560 didicimus
1916 3519 2044 3574 pro-

391 3603 707 3665 creasse,et
729 3597 951 3653 crimen
972 3613 1148 3652 suum
1167 3595 1276 3650 hac
1290 3594 1751 3666 praesumptione
1768 3592 2056 3666 [praescrL

393 3689 611 3762 ptione]
645 3686 955 3742 defendere
991 3702 1004 3742 :
1037 3684 1173 3756 quia
1206 3685 1263 3738 in
1290 3685 1470 3740 veteri
1499 3683 1626 3755 lege
1649 3681 2054 3737 sacerdotibus

393 3795 459 3834 ac
494 3776 785 3833 ministris
835 3773 1154 3846 generandi
1211 3773 1456 3828 facultas
1505 3772 1725 3843 legitur
1772 3771 2056 3826 attributa

393 3867 590 3940 (Leuit.
624 3863 937 3935 xxx).Dicat
969 3862 1114 3918 mihi
1147 3878 1303 3916 nunc
1325 3861 1600 3932 quisquis
1625 3859 1720 3914 ille
1750 3864 1840 3914 est
1863 3863 2052 3914 secta-

396 3961 485 4012 tor
517 3955 861 4018 libidinum,
896 3955 1336 4024 praaceptorque
1385 3949 1683 4014 vitiorum,
1716 3948 1764 4002 si
1799 3948 2054 4002 aestimat

395 4046 550 4118 quod
583 4045 641 4099 in
674 4043 800 4115 lege
833 4041 1016 4110 Moysi
1053 4039 1275 4111 passim
1319 4038 1504 4092 sacris
1535 4035 1840 4091 ordinibus
1873 4053 1905 4090 a
1939 4038 2050 4091 Deo

397 4140 594 4192 nostro
628 4134 818 4189 laxata
847 4135 988 4186 sunt
1035 4129 1202 4184 frena
1248 4125 1516 4192 luxuriae,
1569 4141 1672 4180 cur
1702 4140 1802 4180 eos
1833 4124 2048 4195 quibus
2105 4177 2109 4181 .

397 4223 917 4279 committebantur
956 4219 1171 4275 Sancta
1212 4220 1555 4272 sanctorum
1607 4218 1922 4287 praemonet
1959 4213 2050 4268 di-

397 4328 536 4366 cens
563 4326 575 4364 :
611 4309 800 4365 Sancti
827 4311 1014 4377 estote,
1046 4309 1178 4379 quia
1209 4322 1303 4377 ego
1342 4311 1574 4361 sanctus
1605 4320 1750 4371 sum,
1783 4305 2048 4358 Dominus

402 4400 541 4454 Deus
562 4396 778 4453 vester?
808 4398 1001 4467 (Levii.
1019 4397 1138 4466 xx.)
1164 4393 1395 4450 Curetis
1416 4410 1473 4448 m
1498 4391 1753 4465 procula
1775 4391 2046 4448 domibus

410 4486 560 4552 suis,
592 4502 744 4542 anno
775 4485 917 4540 vicis
949 4501 1066 4539 suas
1095 4484 1153 4539 in
1187 4485 1402 4553 templo
1435 4481 1701 4538 habitare
1724 4481 1881 4550 jussi
1917 4487 2058 4536 sunt
2088 4463 2134 4528 D

407 4574 784 4630 sacerdotes?
817 4574 860 4644 (Ι
891 4578 1026 4628 Par.
1053 4590 1218 4640 XXIV;
1252 4575 1383 4629 Luc.
1417 4575 1482 4643 ι.)
1514 4571 1633 4627 Hac
1662 4569 1934 4626 videlicet
1963 4587 2053 4626 ra-

400 4663 660 4732 tione,ne
683 4661 775 4717 vel
807 4678 940 4716 cum
974 4662 1253 4717 uxoribus
1273 4664 1517 4732 possent
1532 4658 1766 4715 carnale
1793 4674 2057 4715 exercere

404 4750 848 4818 commercium,
885 4755 948 4804 ut
976 4750 1348 4805 conscientias
1401 4749 1740 4819 integritate
1773 4747 2057 4817 fulgentes

404 4837 762 4910 acceptabile
781 4839 894 4894 Deo
911 4855 1130 4893 munus
1157 4837 1684 4902 ofierrent.Quibus
1706 4835 1931 4908 expleto
1953 4837 2054 4892 deo

404 4927 740 4983 servitionis
771 4943 891 4981 sus:
923 4932 1208 4997 tempore,
1244 4926 1438 4980 uxoris
1483 4927 1561 4997 [at
1617 4924 1878 4996 uxorius]
1913 4942 2057 4981 usus

405 5015 592 5072 solius
624 5014 1018 5071 successionis
1041 5031 1220 5070 causa
1243 5015 1433 5068 fuerat
1460 5013 1920 5084 relaxatus,quia
1941 5031 2055 5069 non

406 5121 475 5161 ex
504 5104 640 5171 alia,
675 5103 789 5158 nisi
822 5119 889 5157 ex
921 5102 1075 5157 tribu
1115 5102 1244 5157 Levi
1278 5102 1592 5173 quisquam
1626 5102 1696 5157 ad
1743 5102 1838 5157 Dei
1873 5103 2054 5158 mini-

407 5194 650 5249 sterium
684 5196 1008 5263 praceptus
1039 5196 1129 5244 est
1176 5190 1430 5245 admitti.
1475 5191 1626 5245 Item.
1678 5191 1853 5244 Paulo
1881 5197 2005 5261 post
2035 5207 2053 5244 :

407 5284 554 5348 Quia
585 5279 868 5352 aliquanti
888 5280 958 5334 de
981 5279 1198 5350 quibus
1220 5277 1523 5349 loquimur
1542 5282 1631 5345 (ut
1649 5282 1752 5333 tua
1773 5278 2057 5335 sanctitas

407 5371 628 5433 retulit)
661 5369 994 5440 ignorantia
1025 5366 1224 5438 lapsos
1269 5382 1331 5420 se
1364 5382 1490 5421 esse
1543 5366 1780 5435 deflent,
1826 5365 1919 5422 his
1949 5367 2056 5424 hac

407 5455 1240 5531 conditione,misericordiam
1274 5455 1528 5512 dicimus
1559 5470 1673 5510 non
1705 5455 2055 5527 negandum,

412 5551 476 5602 ut
507 5547 634 5604 sine
664 5547 783 5605 ullo
814 5545 1057 5606 honoris
1091 5549 1431 5620 augmento,
1465 5545 1523 5601 in
1556 5543 1663 5602 hoc
1693 5561 1813 5619 quo
1844 5547 2059 5604 detecti

2668 1779 2998 1848 deponat-ur,
3029 1794 3147 1849 cap.
3181 1777 3269 1832 41.

2217 1867 2376 1938 (Dist.
2426 1866 2517 1931 84,
2565 1881 2613 1920 c.
2668 1866 2922 1936 Quisquis
2991 1866 3270 1938 clericus.)
3317 1865 3598 1938 Quisquis
3663 1883 3812 1921 sane

2147 1955 2396 2010 clericus
2429 1958 2528 2009 aut
2558 1954 2794 2008 viduam
2829 1957 2931 2009 aut
2951 1959 3105 2009 certe
3129 1955 3451 2010 secundam
3484 1955 3807 2027 conjugem

2147 2041 2565 2107 duxerit,omni
2585 2042 2998 2098 ecclesiasticas
3021 2043 3323 2112 dignitatis
3339 2043 3647 2115 privilegio
3669 2061 3809 2099 mox

2148 2133 2424 2196 nudetur,
2457 2131 2607 2188 laica
2634 2137 2867 2186 tantum
2899 2131 3012 2188 sibi
3046 2133 3461 2188 communione
3491 2149 3800 2188 concessa.

2148 2223 2331 2287 Quam
2363 2220 2444 2275 ita
2475 2221 2712 2276 demum
2746 2220 2956 2292 poterit
2986 2222 3306 2293 possidere,
3337 2222 3382 2278 si
3417 2221 3563 2278 nihil
3597 2227 3809 2293 postea

2148 2315 2384 2382 propter
2411 2309 2564 2381 quod
2600 2311 2749 2366 hanc
2781 2311 3016 2382 perdat,
3045 2312 3114 2366 ad
3127 2311 3342 2366 mittat.

2149 2399 2284 2455 CAP.
2315 2400 2405 2455 52.
2441 2430 2507 2440 —-
2539 2399 2666 2466 Quae
2711 2401 2936 2526 [emiqae
2988 2401 3370 2526 cunizzclericis
3401 2400 3653 2455 habitare
3677 2415 3808 2471 pos-

2773 2487 2858 2526 sin
2889 2515 2901 2526 .
2932 2489 3052 2526 can.
3159 2514 3171 2526 .

2773 2487 2901 2538 sint,
2932 2489 3052 2544 cap.
3087 2487 3171 2527 12.

2225 2559 2542 2629 (Dist.8t,e.
2576 2561 2880 2631 Feminas.)
2914 2560 3185 2615 Feminae
3201 2576 3336 2616 vero
3368 2559 3515 2614 alias
3536 2576 3652 2615 non
3677 2575 3813 2614 esse

2150 2649 2412 2720 patimur
2425 2649 2482 2704 in
2496 2648 2768 2704 domibus
2790 2648 3283 2715 clericorum,nisi
3296 2665 3394 2704 eas
3411 2653 3644 2703 tantum
3657 2665 3813 2719 quas

2149 2743 2386 2809 propter
2417 2737 2574 2792 solas
2607 2737 3112 2792 necessitudinum
3137 2753 3348 2794 causas
3383 2736 3646 2792 habitare
3672 2753 3813 2791 cum

2151 2826 2373 2881 eisdem
2407 2825 2668 2897 synodus
2695 2825 2927 2881 Nicena
2961 2825 3254 2896 permisit.

2195 2934 2327 2988 CAP.
2359 2934 2450 2988 53.
2485 2965 2552 2974 —
2584 2933 2658 2987 De
2688 2932 3085 2987 monachorum
3125 2931 3490 3004 promotione,
3521 2947 3641 3004 cap.
3676 2932 3761 2985 13.

2225 3023 2331 3091 (16,
2366 3039 2418 3092 q.
2454 3023 2478 3074 1
2512 3038 2558 3078 c.
2593 3020 2884 3076 Monachus
2914 3025 3168 3093 quoque.)
3200 3020 3516 3076 Monachos
3548 3035 3814 3092 quoque,

2071 3095 2114 3163 C
2155 3127 2304 3182 quos
2335 3115 2530 3166 tamen
2564 3127 2796 3165 morum
2831 3111 3107 3181 gravitas,
3142 3113 3198 3164 et
3226 3110 3354 3164 vitae
3387 3125 3451 3165 ac
3486 3110 3621 3165 fidei
3645 3109 3818 3165 insti-

2165 3201 2316 3256 tutio
2349 3204 2554 3255 sancta
2585 3198 3340 3264 commendat,clericorum
3371 3198 3580 3255 officiis
3603 3214 3817 3271 aggre-

2163 3289 2287 3362 gari
2319 3294 2375 3344 et
2405 3302 2676 3361 optamus
2705 3294 2760 3343 et
2790 3287 3083 3344 volumus.

2242 3398 2376 3453 CAP.
2426 3397 2517 3451 54.
2552 3427 2618 3437 —-
2650 3397 2724 3451 Ne
2752 3397 3024 3466 paenitens
3054 3396 3152 3466 ﬁat
3182 3395 3442 3458 clericus,
3471 3411 3592 3465 cap.
3629 3394 3720 3450 14.

2235 3487 2391 3553 (Dist.
2420 3486 2510 3549 50,
2543 3501 2589 3540 c.
2625 3483 2772 3538 Illud
2803 3485 3067 3555 quoque,)
3104 3483 3246 3539 illud
3281 3498 3512 3554 quoque
3561 3499 3670 3538 nos
3715 3500 3823 3554 par

2163 3577 2274 3631 fuit
2297 3575 2689 3648 providere,ut
2719 3575 2872 3630 sicut
2903 3575 3309 3646 paenitentiam
3343 3589 3513 3645 agere
3533 3573 3818 3644 cuiquam

2164 3682 2278 3720 non
2304 3663 2644 3720 conceditur
2666 3658 3126 3730 clericorum,ita
3155 3667 3212 3717 et
3235 3667 3367 3734 post
3389 3662 3823 3734 pmnitudinem

2163 3771 2230 3809 ac
2261 3751 2816 3815 reconciliationem,
2853 3752 3001 3806 nulli
3042 3768 3306 3823 unquam
3341 3751 3486 3806 laico
3521 3749 3696 3806 liceat
3715 3750 3824 3806 ho-

2162 3858 2360 3897 norem
2392 3841 2706 3896 olericatus
2740 3840 3012 3911 adipisci.

2161 3935 2290 3986 CAP.
2319 3932 2411 3985 55.
2443 3961 2511 3971 —-
2545 3932 2607 3986 Ut
2635 3932 2685 3985 si
2713 3931 2888 3985 laicus
2908 3929 3134 3985 viduam
3173 3928 3418 3994 duxerit,
3449 3929 3691 3984 clericus
3713 3945 3826 3984 non

2230 4004 2349 4072 ﬁat.
2404 4002 2751 4056 Innocentius
2797 4003 2990 4073 papa!
3022 4003 3316 4056 Victorino
3365 3999 3669 4072 [Victriciol
3701 4003 3824 4072 epi-

2226 4089 2383 4144 scopo
2416 4079 2521 4143 (ep.
2551 4076 2604 4139 2,
2641 4091 2687 4129 c.
2721 4075 2798 4143 5).

2230 4163 2388 4231 (Dist.
2420 4163 2508 4226 34,
2541 4178 2587 4216 c.
2623 4161 2683 4216 Si
2713 4160 2939 4215 viduam
2992 4159 3167 4229 licet.)
3202 4159 3271 4214 Ut
3327 4159 3376 4214 is
3426 4159 3529 4231 qui
3577 4160 3823 4217 viduam

2156 4249 2293 4319 licet
2323 4249 2508 4305 laicus
2541 4267 2782 4306 uxorem
2815 4249 3068 4316 duxerit,
3101 4265 3208 4304 seu
3240 4252 3376 4303 ante
3424 4248 3820 4320 baptismum,

2155 4339 2276 4394 sive
2308 4344 2445 4410 post
2470 4339 2856 4411 baptismum,
2901 4354 3015 4393 non
3065 4337 3422 4392 admittatur
3468 4338 3540 4392 ad
3572 4337 3826 4404 clerum,

2165 4427 2304 4498 quia
2334 4428 2538 4483 eodem
2581 4428 2718 4482 vitio
2766 4426 2998 4481 videtur
3047 4427 3354 4482 exclusus.
3407 4427 3469 4481 In
3523 4425 3826 4498 baptismo

2167 4517 2325 4573 enim
2357 4516 2610 4572 crimina
2639 4515 3164 4584 dimittuntur,non
3189 4519 3438 4586 acceptaa
3468 4516 3668 4572 uxoris
3691 4533 3832 4572 con-

2167 4605 2414 4663 sortium
2448 4605 2760 4660 relaxatur.

2478 4692 2614 4748 CAP.
2646 4694 2736 4748 56.
2771 4721 2839 4733 —
2872 4693 2948 4748 De
2976 4691 3164 4748 eadem
3193 4709 3270 4759 re,
3303 4708 3426 4763 cap.
3457 4692 3512 4748 6.

2236 4783 2353 4839 Nec
2385 4782 2435 4839 is
2475 4782 2575 4854 qui
2623 4781 2946 4837 secundam
3003 4782 3232 4837 duxerit
3283 4796 3524 4836 uxorem
3579 4779 3833 4838 clericus

2167 4872 2292 4940 fiat,
2354 4871 2492 4942 quia
2549 4869 2836 4941 scriptum
2915 4874 3002 4925 est
3065 4887 3078 4925 :
3146 4871 3320 4927 Unius
3399 4871 3594 4926 uxoris
3646 4873 3833 4926 virum

2167 4961 2210 5032 (ι
2242 4963 2375 5015 Tim.
2410 4965 2534 5032 Ill);
2568 4964 2625 5016 et
2655 4959 2870 5014 iterum
2907 4975 2922 5016 :
2960 4959 3305 5016 Sacerdotes
3335 4958 3452 5014 mei
3497 4959 3688 5016 semel
3720 4978 3832 5016 nu-

2167 5051 2330 5106 bant.

2167 5139 2301 5194 CAP.
2334 5140 2426 5194 57.
2457 5169 2527 5180 —
2557 5139 2631 5193 De
2663 5138 3080 5194 incontinentia
3114 5137 3456 5194 sacerdotum
3487 5137 3578 5193 vel
3638 5139 3830 5193 levita-

2237 5227 2384 5264 rum.
2417 5214 2497 5265 Ex
2526 5211 2758 5281 epistola
2789 5209 3039 5281 ejusdem
3089 5209 3159 5264 ad
3204 5211 3554 5280 Exuperium
3609 5212 3832 5266 Tolosa-

2229 5297 2366 5336 num
2395 5284 2705 5352 episcopum
2736 5283 2846 5352 (ep.
2881 5283 2934 5346 3,
2967 5298 3017 5336 c.
3054 5281 3126 5352 4).

2237 5370 2402 5437 (Dist.
2436 5370 2526 5438 82,
2560 5385 2605 5423 e.
2643 5369 3038 5441 Proposuisti.)
3065 5369 3431 5440 Proposuisti
3466 5369 3608 5440 quid
3643 5371 3716 5426 de
3739 5369 3835 5425 his

2168 5457 2463 5515 observari
2497 5457 2728 5530 debeat,
2763 5475 2910 5530 quos
2945 5458 3004 5513 in
3038 5457 3290 5514 diaconii
3345 5457 3705 5526 ministerio,
3734 5465 3839 5515 aut

2171 5548 2230 5603 in
2265 5546 2458 5604 ofﬁcio
2489 5547 2834 5621 presbyterii
2865 5547 3548 5620 positos,incontinentes
3579 5564 3712 5607 esse
3733 5556 3839 5606 aut
