3994 6052
187 292 297 347 457

1246 290 1557 345 DECRETI
1594 288 1776 342 PARS
1812 290 1905 343 VI.
1947 318 2014 329 -—-
2060 295 2156 347 DE
2193 294 2534 349 CLERICIS.

3500 289 3605 347 458

189 421 377 476 fuisse
395 415 656 491 generati
680 412 783 468 filii
808 413 1213 485 prodiderunt.
1238 414 1425 469 Debis
1447 413 1849 470 etdivinarum
1881 428 1935 495 Α
1966 432 2033 471 ex
2064 418 2155 474 his
2185 419 2441 491 aliquem
2474 420 2532 475 in
2565 419 2871 477 clericatus
2900 418 3181 474 honorem
3210 416 3297 473 vel
3328 418 3605 491 exiguum

196 511 391 581 legum
416 510 505 562 est
552 502 884 575 disciplina,
915 507 971 557 et
1018 504 1201 559 beatae
1252 502 1670 560 recordationis
1714 504 1844 573 viri,

190 598 384 654 Siricii
407 593 668 667 episcopi
685 594 909 648 monita
930 592 1659 661 evidentiacommearunt,
1680 594 1849 648 utin-

196 687 567 743 continentes
597 683 657 737 in
689 682 895 737 ofﬁciis
924 682 1143 738 talibus
1177 683 1372 755 positi,
1420 681 1581 737 omni
1632 681 1851 737 honore

196 774 593 832 ecclesiastico
626 772 1014 844 privarentur,
1040 788 1144 826 nec
1158 772 1613 826 admitterentur
1644 772 1713 826 ad
1738 770 1851 826 tale

201 862 629 930 ministerium,
680 860 833 932 quod
896 859 1020 916 sola
1067 860 1429 917 continentia
1470 864 1696 931 oportet
1741 859 1851 914 im-

196 953 371 1026 pleri.

196 1062 331 1118 CAP.
365 1060 454 1115 58.
490 1088 558 1099 -—-
618 1057 778 1125 Quod
834 1058 884 1111 si
932 1058 1117 1112 volens
1174 1064 1385 1127 partem
1442 1056 1549 1111 sibi
1609 1056 1857 1127 corporis

266 1129 568 1187 absciderit
597 1130 831 1184 clericus
878 1145 991 1183 esse
1022 1145 1127 1184 non
1181 1128 1376 1195 possit,
1421 1130 1614 1183 nolens
1674 1136 1857 1182 autem

264 1202 459 1275 possit.
494 1204 584 1275 Ex
628 1201 787 1275 epist.
820 1200 1067 1275 ejusdem
1121 1200 1191 1255 ad
1218 1200 1454 1255 Felicem
1482 1202 1649 1271 episc.
1682 1202 1857 1255 Nuce-

264 1272 459 1329 rinum
489 1274 597 1343 (cp.
635 1273 687 1339 4,
721 1287 770 1326 c.
810 1272 886 1341 1).

267 1361 645 1419 Innocentius
706 1359 877 1415 Felici
928 1360 1201 1430 episcopo
1250 1360 1537 1415 Nucerino
1588 1359 1857 1415 salutem.

199 1452 343 1527 (Dist
371 1452 463 1516 55,
485 1466 532 1505 (τ.
566 1450 671 1517 Qui
696 1448 956 1519 partem.)
991 1448 1098 1514 Qui
1134 1448 1316 1519 igitur
1351 1454 1571 1519 partem
1613 1448 1860 1518 cujusli-

194 1542 295 1595 bet
327 1539 492 1610 digiti
527 1538 638 1593 sibi
673 1537 785 1608 ipsi
814 1536 1013 1591 volens
1037 1537 1306 1606 abscidit,
1340 1536 1496 1591 hunc
1526 1538 1593 1591 ad
1641 1536 1859 1592 clerum

199 1644 457 1684 canones
495 1643 607 1681 non
651 1624 989 1680 admittunt.
1024 1624 1128 1680 Cui
1161 1640 1293 1679 vero
1325 1642 1462 1680 casu
1498 1624 1694 1696 aliquo
1727 1642 1861 1679 con-

196 1717 353 1788 tigit,
380 1717 519 1770 dum
548 1719 649 1768 aut
676 1713 836 1784 operi
870 1712 1090 1767 rustico
1142 1730 1343 1769 curam
1385 1713 1696 1785 impendit,
1761 1722 1863 1775 aut

201 1805 425 1875 aliquid
460 1804 678 1858 faciens
712 1819 775 1857 se
806 1818 921 1856 non
956 1806 1163 1873 sponte
1194 1802 1504 1872 percussit,
1536 1802 1640 1857 hos
1676 1820 1850 1857 cano-
1894 1803 1939 1867 B

200 1909 311 1949 nes
343 1892 687 1965 pracipiunt
719 1896 775 1945 et
803 1890 1048 1946 clericos
1071 1890 1214 1959 ﬁeri,
1240 1895 1293 1945 et
1317 1891 1365 1945 si
1390 1892 1446 1945 in
1473 1891 1622 1946 clero
1643 1892 1857 1945 fuerint

201 1982 441 2054 reperti,
476 1998 588 2035 non
615 1979 808 2047 abjici.
854 1980 915 2033 In
948 1978 1066 2033 illis
1098 1979 1254 2034 enim
1288 1979 1561 2035 voluntas
1583 1980 1853 2049 estjudi-

201 2076 353 2137 cata,
401 2086 527 2141 quae
600 2068 709 2123 sibi
759 2084 904 2122 ausa
955 2068 1065 2122 fuit
1114 2068 1334 2122 ferrum
1386 2067 1647 2139 injicere,
1699 2069 1852 2138 quod

206 2160 453 2225 scilicet,
478 2163 535 2213 et
565 2157 661 2213 alii
696 2158 751 2210 id
777 2158 965 2211 facere
997 2156 1610 2228 dubitarinonpo'ssit.
1646 2157 1855 2213 Inistis

200 2266 337 2304 vero
366 2264 538 2302 casus
569 2246 800 2301 veniam
833 2246 1068 2302 meruit.

206 2355 339 2411 CAP.
371 2355 460 2410 59.
495 2386 561 2395 —
594 2353 744 2422 Quod
773 2369 879 2407 non
902 2353 1268 2408 admittuntur
1293 2352 1363 2408 ad
1393 2355 1600 2409 clerum
1638 2356 1705 2409 ab
1738 2354 1854 2411 hie-

243 2429 429 2483 reticis
467 2426 727 2481 ordinati.
755 2425 885 2479 Item
933 2426 1089 2492 cuius
1119 2442 1287 2495 supra
1318 2427 1500 2495 (epist.
1528 2427 1619 2488 2'3.
1651 2442 1694 2479 c.
1738 2427 1817 2496 3).

281 2514 659 2569 Innocentius
684 2513 856 2578 Rufo,
889 2518 945 2567 et
971 2513 1237 2579 Eusebio,
1279 2518 1336 2568 et
1378 2514 1599 2569 cmteris
1634 2514 1858 2585 cpisco-

211 2604 306 2676 pis
338 2602 773 2658 Macedonibus.
808 2602 883 2673 (t,
916 2619 967 2672 q.
1006 2606 1054 2671 t,
1087 2619 1133 2656 c.
1176 2602 1400 2656 Ventum
1440 2611 1564 2671 est.)
1604 2602 1858 2657 Ventum

210 2697 303 2749 est
334 2693 404 2747 ad
432 2690 665 2747 tertiam
698 2691 1235 2761 quaestionemquze
1267 2707 1368 2761 pro
1392 2691 1482 2745 sui
1516 2690 1861 2745 difﬁcultate

210 2780 538 2852 longiorem
562 2779 743 2850 exigit
772 2779 1232 2849 disputationem
1268 2795 1440 2833 :cum
1465 2796 1571 2834 nos
1593 2779 1860 2834 dicamus

212 2870 289 2926 ab
314 2868 597 2924 baereticis
628 2868 926 2923 ordinatos
948 2867 1319 2923 vulneratum
1344 2885 1447 2940 per
1466 2868 1624 2922 illam
1650 2886 1861 2923 manus

214 2957 655 3030 impositionem
690 2956 901 3011 habere
951 2960 1144 3028 caput.
1199 2956 1304 3011 Ubi
1356 2956 1570 3012 vulnus
1618 2957 1860 3011 inﬁxum

215 3052 329 3115 est,
362 3046 654 3101 medicina
685 3050 773 3100 est
805 3045 1162 3114 adhibenda,
1216 3063 1331 3117 qua
1381 3047 1567 3117 possit
1608 3047 1862 3117 recipere

217 3136 553 3192 sanitatem.
589 3135 725 3198 Quae
756 3134 978 3189 sanitas
1012 3138 1142 3206 post
1165 3134 1379 3189 vulnus
1412 3141 1728 3191 consecuta
1751 3139 1859 3206 est,
1895 3168 1937 3234 ρ

218 3226 351 3281 sine
373 3224 643 3279 cicatrice
676 3240 804 3279 esse
831 3241 945 3278 non
979 3224 1213 3295 poterit,
1238 3229 1413 3294 atque
1445 3225 1541 3279 ubi
1577 3225 1864 3297 poeniten-

218 3312 315 3367 tiae
350 3312 670 3367 remedium
705 3312 1103 3367 necessarium
1154 3317 1261 3379 est,
1315 3312 1433 3367 illic
1478 3314 1868 3369 ordinationis

220 3402 507 3457 honorem
534 3400 725 3456 locum
750 3400 964 3456 habere
988 3418 1094 3456 nos
1110 3418 1282 3473 posse
1305 3403 1697 3458 decernimus.
1721 3407 1865 3457 Nam

225 3490 299 3553 si,
318 3489 624 3559 utlegitur,
646 3490 797 3559 quod
816 3490 1069 3562 tetigerit
1090 3490 1460 3561 immundus,
1492 3491 1866 3545 immundum

223 3579 339 3633 erit
370 3578 565 3648 (Leuit.
598 3578 712 3648 xv),
766 3580 1059 3648 quomodo
1099 3580 1150 3633 ei
1201 3579 1492 3633 tribuetur
1517 3580 1669 3649 quod
1703 3596 1872 3634 mun-

229 3666 378 3721 ditia
409 3682 473 3720 ac
506 3667 730 3737 puritas
774 3667 1079 3721 consuevit
1126 3668 1434 3738 accipere?
1470 3668 1577 3722 Sed
1638 3674 1875 3724 econtra

229 3756 517 3811 asseritur
537 3771 669 3809 eum
695 3754 793 3826 qui
828 3754 1107 3809 honorem
1157 3755 1375 3821 amisit,
1425 3756 1705 3811 honorem
1738 3758 1875 3811 dare

230 3861 347 3899 non
384 3860 575 3915 posse,
610 3860 716 3898 nec
744 3842 909 3896 illum
937 3843 1160 3914 aliquid
1194 3846 1527 3915 accepisse;
1562 3846 1701 3916 quia
1733 3845 1875 3900 nihil

229 3933 291 3986 in
324 3933 501 3987 dante
532 3937 674 3998 erat,
708 3933 861 4003 quod
894 3932 989 3987 ille
1012 3938 1209 4003 posset
1225 3936 1504 4003 accipere.
1536 3935 1876 4004 Acquiesci-

232 4036 393 4085 mus,
425 4026 702 4075 etverum
746 4025 835 4074 est
882 4025 1054 4088 certe,
1106 4021 1245 4091 quia
1302 4022 1456 4091 quod
1509 4039 1623 4077 non
1674 4023 1879 4078 habuit

231 4110 377 4163 dare
400 4125 513 4163 non
541 4110 747 4181 potuit.
787 4110 1231 4163 Damnationem
1274 4111 1497 4181 utique,
1548 4128 1726 4182 quam
1776 4113 1879 4167 ha-

232 4199 367 4252 buit
398 4215 499 4268 per
547 4214 785 4269 pravam
834 4214 1045 4252 manus
1090 4198 1550 4269 impositionem,
1584 4201 1761 4255 dedit.
1813 4202 1882 4255 Et

233 4285 333 4355 qui
371 4285 659 4356 particeps
685 4288 873 4340 factus
905 4292 993 4340 est
1022 4287 1320 4353 damnato,
1350 4290 1643 4357 quomodo
1676 4290 1883 4343 debeat

234 4374 519 4427 honorem
554 4374 836 4443 accipere,
870 4374 1131 4430 invenire
1159 4391 1273 4429 non
1316 4392 1581 4446 possum.
1637 4379 1708 4431 At
1740 4378 1879 4432 dici-

236 4467 338 4517 tur
365 4478 502 4517 vera
542 4478 605 4517 ac
630 4463 797 4532 justo.
822 4462 1069 4533 legitimi
1094 4464 1414 4519 sacerdotis
1434 4464 1757 4522 benedictio
1775 4485 1881 4523 au-

1958 507 2295 579 subrogare.

1959 617 2089 669 CAP.
2122 617 2212 670 61.
2245 647 2303 656 —
2346 618 2491 683 Quod
2524 618 2580 671 in
2613 617 2845 672 ecclesia
2888 622 3169 686 peccatum
3210 613 3404 683 populi
3456 612 3605 667 inul-

2244 695 2357 742 tum
2387 690 2521 743 solet
2546 687 2845 759 prwteriri,
2879 687 3126 757 capitulo
3155 690 3321 739 sexto.

2032 776 2331 831 Pervideat
2350 794 2485 849 ergo
2508 778 2742 832 dilectio
2763 780 2958 832 vestra
2973 772 3611 829 hactenustaliatrans-

1962 864 2101 933 isse,
2134 870 2190 920 et
2220 867 2498 921 advertite
2548 866 2701 937 quod
2754 865 2975 937 utique,
3012 867 3075 917 ut
3131 861 3346 928 dicitis,
3400 877 3603 917 neces-

1966 954 2110 1009 sitas
2141 954 2470 1026 imperavit,
2503 956 2559 1009 in
2595 971 2735 1026 pace
2759 956 2885 1024 jam
2931 951 3209 1008 ecclesias
3253 949 3607 1005 constitutas

1966 1061 2079 1097 non
2116 1060 2284 1111 posse
2317 1061 2688 1115 praasumere.
2723 1045 2795 1113 (1.
2830 1060 2882 1113 q,
2914 1044 3034 1110 7,c.
3058 1039 3275 1109 Quoties
3295 1056 3329 1093 ιι
3349 1039 3612 1110 populis).

1966 1133 2099 1197 Sed,
2134 1138 2198 1187 ut
2232 1151 2381 1204 saepe
2413 1134 2642 1200 accidit,
2680 1132 2910 1204 quoties
2943 1148 2975 1185 a
2999 1128 3231 1201 populis
3256 1131 3357 1183 aut
3382 1145 3414 1183 a
3444 1129 3617 1182 turba

1965 1227 2257 1292 peccatur,
2291 1224 2426 1294 quia
2448 1224 2503 1276 in
2525 1238 2728 1277 omnes
2762 1225 2995 1292 propter
3026 1217 3465 1273 multitudinem
3491 1232 3603 1270 non

1969 1316 2159 1381 potest
2188 1311 2501 1379 vindicari,
2552 1311 2807 1365 inultum
2860 1308 3047 1363 soleat
3099 1306 3370 1361 transire.
3424 1304 3623 1359 Priora

1968 1416 2103 1470 ergo
2158 1401 2285 1455 dico
2336 1400 2691 1454 dimittenda
2740 1396 2841 1452 Dei
2886 1396 3134 1466 judicio,
3168 1398 3224 1449 et
3275 1394 3346 1448 de
3393 1392 3616 1463 reliquo

1971 1488 2227 1543 maxima
2258 1488 2653 1543 sollicitudine
2684 1486 3148 1558 praecavendum.

1972 1598 2103 1649 CAP.
2135 1596 2224 1649 6‘2.
2255 1626 2323 1634 -—
2356 1596 2418 1651 Ut
2474 1596 2784 1666 quicunque
2831 1590 3291 1666 contriti/armas
3338 1603 3622 1666 canonum

2045 1666 2295 1721 ordinati
2322 1660 2551 1731 fuerint,
2586 1660 2709 1719 cum
2740 1662 3157 1720 ordinatoribus
3178 1661 3296 1717 suis
3326 1660 3613 1731 deponan-

2047 1747 2157 1792 tur.
2188 1754 2312 1809 cap.
2346 1740 2378 1792 3
2410 1738 2511 1809 (ep.
2535 1738 2627 1803 23,
2659 1753 2707 1791 c.
2742 1738 2817 1806 3).

2046 1826 2423 1882 Innocentius
2456 1826 2747 1881 universis
2778 1823 3071 1896 episcopis
3104 1822 3162 1877 in
3194 1820 3483 1877 Tolosana
3524 1836 3616 1892 sy-

1967 1917 2118 1971 nodo
2151 1916 2505 1971 constitutis.
2528 1915 2586 1969 Si
2613 1915 2746 1986 quis
2771 1915 3051 1968 adversus
3076 1912 3293 1966 formas
3316 1925 3611 1965 canonum

1965 2005 2034 2058 ad
2069 2004 2532 2060 ecclesiasticum
2581 2003 2869 2071 ordinem,
2893 2000 2980 2055 vel
3015 2002 3083 2056 ad
3118 2002 3311 2072 ipsum
3344 1998 3619 2054 sacerdo-

1965 2094 2114 2148 tium
2147 2095 2344 2149 venire
2376 2094 2991 2161 tentaverit,unacum
3011 2087 3617 2153 ordinatoribussuis,

1964 2181 2093 2253 ipso
2132 2183 2187 2236 in
2221 2200 2335 2253 quo
2367 2182 2591 2237 invenri
2626 2181 2842 2236 fuerint
2872 2180 3074 2235 ordine
3125 2182 3182 2233 et
3231 2177 3449 2233 honore
3501 2174 3618 2247 pri-

1968 2280 2192 2326 veulur.
2225 2275 2293 2325 Et
2325 2271 2593 2342 quamvis
2625 2269 2924 2324 dilectioni
2958 2272 3183 2336 vestris,
3221 2267 3431 2320 fratres
3473 2264 3616 2318 cha-

1967 2360 2211 2423 rissimi,
2264 2358 2473 2428 regulae
2515 2360 2755 2413 Nicaanae
2801 2357 2923 2413 sint
2966 2355 3227 2424 cognitae,
3284 2352 3610 2408 secundum

1968 2464 2117 2519 quas
2138 2447 2372 2502 ordines
2405 2448 2699 2502 faciendos
2725 2463 2851 2501 esse
2883 2462 2985 2516 per
3014 2442 3367 2499 sententiam
3415 2442 3612 2495 decer-

1969 2539 2188 2604 nimus,
2223 2542 2417 2591 tamen
2452 2536 2709 2606 aliquam
2736 2539 2959 2607 partem
3003 2549 3151 2611 quae.
3179 2532 3250 2585 de
3295 2528 3617 2584 ordinatio-

1970 2626 2142 2679 nibus
2175 2631 2261 2680 est
2284 2625 2533 2694 provisa,
2558 2624 2931 2678 inserendam
2957 2620 3153 2691 putavi
3178 2636 3190 2673 :
3216 2622 3279 2673 ut
3292 2633 3423 2673 secu
3436 2617 3507 2672 nd
3520 2632 3618 2671 um

1969 2731 2096 2769 eam
2149 2713 2547 2768 ordinationes
2596 2714 2656 2766 in
2718 2716 3016 2783 posterum
3071 2707 3449 2763 celebrandas
3493 2722 3623 2760 esse

1972 2803 2249 2868 sciamus,
2284 2818 2353 2857 ne
2385 2803 2478 2857 cui
2512 2800 2934 2871 interpretandi
2968 2799 3137 2853 aliter
3178 2796 3430 2851 liberum
3470 2794 3621 2848 arbi-

1972 2893 2152 2947 trium
2186 2891 2570 2962 relinquatur.
2612 2892 2690 2945 Ac
2722 2889 2979 2960 primum
3012 2904 3139 2958 qua:
3164 2889 3299 2941 sunt
3328 2882 3625 2956 prohibita

1973 2981 2333 3053 digerantur.

1972 3090 2104 3144 CAP.
2137 3090 2225 3142 63.
2263 3119 2328 3130 —
2357 3090 2433 3143 De
2463 3088 2682 3142 Niceno
2712 3083 2958 3141 concilio
2991 3086 3046 3139 in
3080 3097 3182 3154 quo
3213 3080 3477 3151 praedicta
3491 3093 3620 3150 pro-

2372 3159 2651 3214 hibentur.
2688 3158 2837 3212 Idem
2867 3156 3052 3227 (ibid,
3082 3172 3128 3210 c.
3165 3155 3241 3225 4).

2049 3248 2482 3304 Prohibendam
2515 3252 2603 3302 est
2628 3247 2699 3301 de
2730 3244 3051 3301 curialibus
3077 3243 3332 3313 aliquem
3357 3240 3428 3295 ad
3451 3238 3632 3296 eccle-

1979 3338 2281 3393 siasticum
2315 3337 2578 3392 ordinem
2610 3335 2813 3390 venire
2846 3350 3037 3404 posse,
3090 3331 3191 3402 qui
3245 3332 3378 3400 post
3426 3327 3624 3399 bapti-

1981 3442 2177 3481 smum
2212 3425 2297 3481 vel
2333 3424 2593 3480 coronati
2624 3423 2861 3488 fuerint,
2894 3421 2983 3476 vel
3024 3418 3416 3475 sacerdotium
3465 3416 3622 3487 quod

1982 3518 2197 3573 dicitur
2226 3516 2640 3583 sustinuerint,
2667 3520 2725 3570 et
2756 3514 3046 3569 editiones
3074 3510 3342 3583 publicas
3373 3506 3631 3563 celebra-

1982 3607 2191 3661 verint.
2229 3606 2371 3663 Nam
2404 3610 2461 3660 et
2491 3605 2599 3659 hoc
2632 3604 2703 3659 de
2728 3602 3054 3659 curialibus
3075 3604 3164 3655 est
3185 3598 3535 3665 cavendum,
3561 3610 3634 3650 ne

1983 3696 2137 3750 idem
2170 3693 2270 3765 qui
2302 3711 2369 3748 ex
2398 3692 2719 3747 curialibus
2765 3690 3002 3754 fuerint,
3056 3687 3371 3758 aliquando
3422 3702 3455 3741 a
3508 3683 3635 3739 suis

1985 3783 2167 3839 curiis
2197 3783 2378 3854 (quod
2433 3782 2767 3851 frequenter
2813 3780 3074 3834 videmus
3121 3775 3410 3841 accidere)
3467 3788 3636 3842 repo-

1988 3877 2249 3940 scantur,
2283 3888 2409 3943 quas
2441 3872 2641 3925 omnia
2670 3867 3098 3925 rationabiliter
3128 3863 3441 3935 prohibita,
3463 3878 3636 3933 opor-

1988 3966 2070 4016 tet
2100 3961 2291 4015 modis
2322 3959 2598 4015 omnibus
2630 3957 2916 4014 custodiri

1989 4071 2121 4121 CAP.
2172 4068 2261 4121 6’1.
2295 4098 2360 4105 —
2396 4068 2458 4121 Ut
2488 4066 2675 4120 nullus
2728 4067 3105 4135 episcoporum
3134 4075 3359 4116 servum
3404 4054 3635 4135 alterius

2062 4138 2135 4193 ad
2164 4137 2463 4192 clericatus
2513 4127 2768 4205 ofﬁcium
2804 4127 3128 4206 promovere
3168 4130 3514 4206 przsumatL
3536 4127 3638 4205 _Leo

2060 4226 2203 4279 papa
2233 4208 2485 4263 omnibus
2514 4197 2913 4279 cpisc0pis'peri
2939 4197 3310 4279 Campaniam
3360 4202 3415 4254 et
3476 4197 3635 4250 Pice-

2062 4277 2197 4334 nam
2227 4282 2350 4349 (Leo
2382 4280 2424 4349 1,
2457 4282 2614 4348 epist.
2654 4283 2703 4344 1,
2733 4294 2859 4347 cap.
2896 4277 2971 4346 1.)

2064 4368 2221 4436 (Dist.
2285 4369 2376 4431 51a,
2443 4383 2488 4421 ο.
2522 4366 2900 4421 Admittuntur
2927 4363 3178 4435 passim.)
3230 4359 3644 4416 Admittuntur

1994 4456 2215 4528 passim
2243 4456 2311 4510 ad
2332 4454 2595 4509 ordinem
2622 4469 2876 4521 sacrum,
2901 4452 3119 4522 quibus
3142 4449 3307 4506 nulla
3334 4446 3644 4512 natalium,

239 4551 393 4604 ferre
426 4566 598 4605 omne
630 4550 839 4606 vitium
877 4552 1030 4623 quod
1060 4569 1093 4606 a
1125 4551 1334 4607 vitioso
1380 4553 1568 4608 fuerat
1606 4555 1885 4625 injectum
1918 4534 1961 4598 D
1995 4545 2160 4601 D0118
2184 4560 2411 4599 morum
2431 4543 2687 4614 dignitas
2713 4541 3091 4611 suffragatur,
3127 4543 3183 4594 et
3205 4537 3307 4609 qui
3339 4554 3372 4591 a
3396 4534 3648 4591 dominis

240 4728 380 4782 CAP.
406 4728 494 4781 60.
529 4759 595 4767 —
628 4728 778 4797 Quod
799 4730 855 4782 in
881 4728 1327 4805 mdinalionibus
1352 4732 1591 4785 crimina
1607 4748 1713 4787 non
1732 4737 1891 4805 aufe-

842 4808 1059 4869 runtur,
1092 4816 1208 4871 cap.
1244 4802 1295 4854 4.

317 4885 523 4942 Ibidem
552 4887 831 4942 continuo.
865 4888 1013 4959 Ergo
1047 4888 1093 4943 si
1128 4888 1207 4942 ita
1252 4893 1360 4953 est,
1408 4890 1777 4961 applicentur
1823 4896 1894 4950 ad

244 4974 678 5030 ordinationem
751 4976 1041 5049 sacrilegi,
1088 4976 1359 5044 adulteri,
1412 4985 1584 5049 atque
1632 4982 1896 5037 omnium

244 5061 569 5119 criminum
596 5063 696 5130 rei,
726 5064 862 5135 quia
883 5081 982 5135 per
1009 5065 1480 5120 benedictionem
1511 5068 1900 5127 ordinationis

247 5151 504 5206 crimina
533 5151 618 5206 vel
652 5152 792 5207 vitia
825 5158 1109 5223 putantur
1131 5154 1381 5209 auferri:
1420 5153 1620 5211 nullus
1652 5157 1729 5211 sit
1780 5175 1898 5229 poe-

250 5239 517 5294 nitentiae
553 5239 737 5308 locus,
770 5241 907 5313 quia
936 5240 992 5295 id
1032 5245 1225 5312 potest
1270 5251 1541 5313 praestare
1587 5245 1901 5318 ordinatio,

250 5329 411 5398 quod
484 5326 659 5399 longa
717 5329 1042 5385 satisfactio
1094 5338 1369 5401 praestare
1419 5335 1738 5389 consuevit.
1794 5337 1902 5391 Sed

251 5420 470 5470 nostrae
506 5415 595 5471 lex
628 5423 717 5472 est
746 5418 1017 5474 Ecclesiae
1067 5418 1435 5475 venientibus
1476 5423 1548 5476 ab
1594 5423 1901 5493 haereticis,

253 5504 353 5575 qui
382 5509 581 5559 tamen
609 5504 727 5560 illic
761 5507 1038 5579 baptizati
1073 5512 1233 5579 sunt,
1262 5524 1363 5580 per
1413 5526 1615 5567 manus
1667 5512 1907 5586 imposi-

255 5594 478 5651 tionem
508 5592 717 5650 laicam
745 5599 973 5652 tantum
996 5597 1252 5654 tribucre
1282 5601 1783 5673 communionem,
1805 5621 1907 5661 nec

584 5723 848 5786 PATROL.
896 5724 1093 5786 CLXI.

2000 4634 2126 4690 suis
2149 4633 2481 4689 libertatem
2516 4630 2793 4700 consequi
2817 4628 3061 4683 minime
3086 4628 3427 4698 potuerunt,
3459 4624 3529 4679 ad
3563 4624 3651 4677 ta-

2002 4722 2240 4793 stigium
2271 4719 2577 4777 sacerdotii
2603 4721 2909 4787 (tanquam
2936 4716 3163 4771 servilis
3176 4714 3370 4770 vilitas
3385 4711 3540 4767 hunc
3554 4710 3653 4765 ho-

2005 4829 2204 4867 norem
2232 4812 2367 4881 jure
2398 4809 2609 4879 capiat)
2643 4806 3071 4878 provehuntur,
3103 4809 3158 4859 et
3190 4802 3424 4875 probari
3479 4814 3650 4871 posse

2006 4902 2121 4955 Deo
2149 4900 2425 4965 creditur,
2454 4897 2554 4968 qui
2587 4896 2831 4951 Domino
2866 4912 2974 4949 suo
3004 4894 3252 4948 necdum
3287 4891 3531 4961 probare
3594 4904 3655 4943 se

2008 4990 2216 5060 potuit.
2254 4986 2471 5057 Duplex
2500 4985 2701 5056 itaque
2732 4985 2789 5038 in
2823 4984 2934 5039 hac
2966 4987 3129 5054 parte
3160 4986 3357 5035 reatus
3389 4983 3478 5034 est
3499 4976 3656 5048 quod

2011 5086 2094 5133 est
2133 5093 2359 5131 sacrum
2394 5074 2790 5129 ministerium
2822 5072 2956 5127 talis
2985 5069 3265 5126 consortii
3288 5068 3509 5124 vilitate
3536 5065 3660 5137 pol-

2014 5166 2213 5231 luitur,
2248 5170 2302 5219 et
2333 5164 2707 5218 dominorum
2742 5170 3027 5233 quantum
3062 5160 3133 5214 ad
3167 5158 3383 5213 illicitis
3417 5169 3661 5224 usurpa-

2012 5254 2188 5309 tionis
2218 5252 2604 5308 temeritatem
2639 5251 2915 5322 pertinet,
2942 5250 3083 5320 jura
3114 5247 3441 5303 solvuntur.
3464 5243 3547 5298 Ab
3570 5240 3665 5295 his

2014 5345 2234 5414 itaque,
2272 5345 2443 5396 fatres
2476 5338 2835 5403 charissimi,
2878 5354 3079 5394 omnes
3106 5339 3309 5391 vestrm
3359 5327 3665 5404 provincize

2018 5434 2349 5487 abstineant
2379 5430 2733 5494 sacerdotes,
2766 5433 2821 5483 et
2844 5445 2959 5483 non
2982 5430 3212 5481 tantum
3235 5424 3305 5479 ab
3329 5421 3443 5489 bis,
3470 5418 3569 5472 sed
3597 5417 3669 5471 ab

2018 5522 2149 5577 aliis
2172 5519 2368 5585 etiam,
2404 5518 2502 5588 qui
2536 5523 2635 5572 aut
2666 5515 2939 5589 originali
2966 5516 3069 5586 (at.
3104 5509 3341 5584 origini]
3367 5511 3469 5565 aut
3497 5505 3675 5563 alicui

2021 5606 2753 5678 conditioniobligatisunt
2776 5622 2840 5661 su
2852 5598 3549 5674 nt,volumustemperari
3563 5594 3679 5654 nisi

3283 5730 3356 5788 15
