3960 6072
352 241 459 295 459

1442 241 1510 292 D.
1551 237 1790 294 IVONIS
1824 239 2320 298 CARNOTBNSIS
2356 240 2681 296 EPiSCOPI

3661 241 3777 296 460

349 363 497 419 forte
523 375 726 419 eorum
755 360 958 435 petitio
988 365 1091 417 aut
1111 359 1385 417 voluntas
1414 359 1747 430 accesserit,
1771 359 1872 432 qui
1895 359 2000 414 ali-
2031 362 2084 429 Α
2112 361 2452 432 pretiosius,
2486 363 2660 418 audet
2697 361 2784 418 vel
2830 361 3064 420 allicere
3090 363 3180 420 vel
3229 367 3448 422 tenere.
3475 367 3679 437 Itaque
3720 365 3777 422 si

354 452 494 524 quid
529 451 642 508 sibi
673 451 732 507 in
765 467 864 506 eos
909 449 1210 505 vindicant
1263 449 1586 521 potestatis.
1614 448 1798 504 Debet
1841 449 1996 504 enim

351 557 482 598 esse
510 540 796 596 immunis
826 539 898 594 ab
949 539 1101 608 aliis,
1154 538 1253 610 qui
1308 537 1515 592 divina
1574 537 1799 592 militias
1826 537 2000 593 fuerit

349 629 782 702 aggregandus,
807 631 923 683 uta
949 627 1159 682 castris
1172 625 1520 693 Dominicis,
1545 625 1758 697 quibus
1783 641 1997 681 nomen

351 720 480 790 ejus
512 716 846 788 ascribitur,
873 715 1054 770 nullis
1085 713 1455 771 necessitatis
1485 713 1740 770 vinculis
1775 715 1998 771 abstra-

351 806 547 862 hatur.

349 903 490 960 CAP.
523 903 612 958 65.
646 933 714 943 —-
746 901 902 971 Quod
925 917 1122 957 usuras
1163 917 1270 957 non
1322 902 1501 957 solum
1548 900 1745 973 clerici
1774 900 2000 973 exigere

577 989 687 1030 non
711 973 960 1040 debeant,
987 973 1080 1029 sed
1109 989 1207 1028 nec
1239 973 1396 1039 laici,
1429 990 1558 1044 cap.
1592 977 1627 1027 2
1660 971 1758 1046 [3].

422 1064 532 1136 (14,
564 1081 616 1135 q.
642 1061 694 1133 4,
726 1079 772 1118 c.
803 1064 910 1118 Nec
940 1062 1080 1134 hoc.)
1113 1062 1228 1117 Nec
1259 1062 1368 1118 hoc
1399 1079 1632 1134 quoque
1655 1067 2000 1134 praetereun-

345 1153 490 1207 dum
507 1166 635 1207 esse
653 1151 952 1219 duximus,
979 1151 1273 1222 quosdam
1293 1149 1444 1206 lucri
1464 1150 1656 1222 turpis
1677 1149 2000 1221 cupiditate

352 1244 555 1312 captos
601 1240 941 1296 usurariam
982 1255 1247 1295 exercere
1291 1239 1627 1310 pecuniam,
1677 1243 1731 1294 et
1803 1240 1999 1294 fenore

352 1329 501 1384 velle
531 1329 868 1385 distescere.
901 1328 1064 1392 Quod
1097 1344 1226 1394 nos,
1251 1333 1317 1382 ut
1345 1345 1458 1383 non
1493 1327 1759 1382 dicamus
1777 1343 1876 1382 eos
1895 1327 1995 1397 qui

349 1421 490 1473 sunt
519 1417 578 1472 in
613 1415 869 1472 clericali
901 1415 1096 1471 officio
1129 1415 1455 1481 constituti,
1487 1417 1588 1471 sed
1620 1421 1677 1471 et
1713 1415 1772 1470 in
1815 1415 1995 1471 laicos

346 1505 1048 1577 caderequiChristianos
1070 1504 1264 1559 sedici
1304 1505 1572 1575 cupiunt,
1612 1502 1994 1559 condolemus

348 1595 504 1666 quod
536 1592 817 1666 vindicari
850 1592 1044 1648 acrius
1073 1591 1134 1647 in
1166 1608 1264 1647 eos
1296 1593 1394 1662 qui
1430 1592 1646 1646 fuerint
1687 1592 1991 1661 confutati,

349 1665 741 1751 decernimus,
776 1686 841 1737 ut
867 1681 1064 1737 omnis
1095 1681 1377 1753 peccandi
1410 1680 1823 1752 opportunitas
1863 1680 1991 1736 adi-

346 1777 564 1828 matur.

341 1864 473 1918 Car.
526 1862 616 1916 66.
658 1891 728 1904 —-
778 1863 842 1918 Ut
888 1859 1126 1915 clericus
1165 1875 1266 1914 nec
1294 1874 1389 1914 suo
1420 1873 1518 1914 nec
1555 1857 1742 1914 alieno
1777 1859 1996 1914 nomine

768 1935 932 2003 fenus
962 1939 1232 2000 exerceat,
1255 1947 1374 2002 cap.
1407 1931 1441 1984 3
1471 1931 1569 2001 [4].

417 2020 551 2076 Dist.
584 2022 672 2086 46,
708 2037 757 2077 ο.
792 2021 942 2076 Sicut
974 2037 1085 2076 non
1115 2024 1261 2088 suo).
1296 2020 1446 2074 Illud
1490 2020 1669 2074 etiam
1717 2018 1996 2073 duximus

348 2109 861 2180 praemonendum,
894 2114 958 2164 ut
990 2109 1144 2164 sicut
1191 2125 1308 2164 non
1363 2125 1492 2176 suo,
1526 2108 1608 2162 ita
1656 2123 1760 2162 nec
1809 2107 1996 2162 alieno

339 2196 579 2253 nomine
612 2197 830 2268 aliquis
852 2196 1199 2254 clericorum
1219 2213 1486 2252 exercere
1525 2196 1696 2251 fenus
1726 2200 1992 2251 attentet.

355 2287 642 2342 lndecens
671 2286 828 2342 enim
860 2290 951 2343 est
975 2286 1197 2342 crimen
1220 2302 1392 2342 suum
1410 2285 1738 2341 commodis
1785 2285 1994 2339 alienis

342 2374 708 2447 impendere.
735 2376 923 2432 Fenus
940 2381 1134 2431 autem
1155 2375 1264 2430 hoc
1277 2375 1468 2430 solum
1489 2375 1752 2445 aspicere
1765 2379 1820 2428 et
1832 2389 1993 2428 exer-

341 2480 469 2520 cere
489 2465 796 2533 debemus,
813 2470 878 2519 ut
895 2465 1050 2537 quod
1071 2464 1165 2519 hic
1181 2463 1635 2519 misericorditer
1649 2462 1991 2528 tribuimus,

346 2569 380 2608 a
411 2553 656 2609 Domino
689 2554 782 2626 [ab
805 2553 960 2624 eod.]
994 2554 1095 2624 qui
1127 2551 1530 2624 multipliciter
1571 2557 1628 2607 et
1674 2551 1732 2605 in
1785 2565 1992 2622 perpe-

341 2646 512 2697 tuum
535 2657 816 2698 mansura
847 2643 1138 2709 retribuit,
1171 2641 1427 2712 recipere
1455 2639 1775 2696 valeamus.

345 2748 482 2804 CAP.
513 2749 604 2802 67.
635 2779 707 2790 —
741 2749 1012 2816 Quomodo
1041 2748 1349 2819 presbyteri
1380 2747 1462 2802 vel
1493 2745 1721 2802 diaconi
1770 2747 1834 2800 in
1859 2745 1990 2819 Acri-

410 2819 564 2874 mine
597 2820 738 2889 lapsi
766 2821 1123 2875 reconciliari
1145 2817 1400 2874 debeant.
1435 2819 1536 2873 Leo
1587 2819 1801 2872 Rustico
1850 2817 1989 2872 Nar-

407 2890 642 2944 bonensi
668 2894 943 2961 episcOpo,
972 2908 1092 2961 cap.
1118 2893 1154 2944 2
1185 2893 1368 2962 (epist.
1402 2891 1514 2959 92).

410 2978 568 3048 (Dist.
599 2979 691 3044 50,
722 2994 772 3034 c.
804 2979 1061 3034 Alienum
1082 2981 1202 3050 est).
1240 2979 1509 3033 Alienum
1540 2981 1630 3032 est
1666 2994 1700 3032 a
1753 2992 1988 3032 consue-

341 3066 546 3120 tudine
577 3065 959 3132 ecclesiatica,
990 3072 1057 3121 ut
1086 3068 1187 3137 qui
1234 3067 1292 3122 in
1347 3065 1725 3138 presbyterali
1768 3065 1987 3121 honore
2015 3098 2057 3166 Ο

339 3158 442 3208 aut
471 3153 723 3209 diaconii
748 3154 965 3210 fuerint
985 3155 1167 3225 gradu
1188 3155 1533 3220 consecrati,
1555 3155 1592 3207 ii
1614 3169 1716 3224 pro
1738 3154 1982 3209 crimine

335 3241 534 3314 aliquo
565 3259 693 3313 suo,
713 3259 817 3314 per
838 3258 1051 3298 manus
1072 3243 1510 3315 impositionem
1535 3242 1860 3297 remedium
1884 3258 1979 3297 ac-

331 3332 878 3405 cipiantpmnitendi
903 3347 916 3386 :
937 3332 1093 3403 quod
1109 3332 1236 3387 sine
1253 3333 1432 3387 dubio
1449 3348 1515 3387 ex
1529 3331 1848 3404 apostolica
1860 3335 1974 3387 tra~

330 3420 554 3476 ditione
585 3419 912 3488 descendit,
946 3421 1270 3476 secundum
1303 3420 1456 3492 quod
1509 3419 1795 3490 scriptum
1845 3425 1971 3476 est:

322 3509 605 3564 Sacerdos
619 3508 669 3563 si
686 3509 1176 3580 peccaverit,quis
1191 3509 1498 3580 orabitpro
1512 3509 1611 3564 illo
1628 3510 1853 3577 P(Levit.
1869 3509 1968 3579 ιν).

321 3597 488 3653 Unde
521 3597 866 3668 hujusmodi
901 3597 1085 3670 lapsis
1115 3599 1186 3654 ad
1239 3598 1689 3670 promerendam
1739 3596 1969 3653 miseri-

313 3685 574 3742 cordiam
608 3687 728 3757 Dei,
753 3687 987 3760 privata
1015 3693 1107 3744 est
1155 3689 1477 3760 expetenda
1526 3687 1772 3744 secessio
1813 3687 1967 3759 [suc-

313 3775 504 3832 cessio
535 3775 623 3832 vel
654 3778 1014 3850 concessio],
1047 3778 1148 3833 ubi
1187 3778 1237 3833 si
1275 3777 1396 3833 illis
1427 3777 1752 3833 satisfactio
1793 3777 1968 3832 fuerit

313 3865 514 3938 digna,
543 3865 621 3920 sit
649 3866 826 3921 etiam
861 3867 1188 3922 fructuosa.

313 3971 441 4028 Cu».
474 3973 564 4027 68.
599 4002 667 4013 —
699 3972 855 4041 Quod
883 3972 1211 4027 diaconibus
1242 3973 1435 4027 eadem
1484 3973 1574 4028 lea:
1617 3973 1964 4028 continentia

529 4047 611 4100 est
633 4061 752 4116 quae
780 4045 1048 4116 episcopis
1078 4048 1130 4100 et
1158 4045 1517 4115 presbyteris,
1547 4059 1673 4114 cap.
1698 4044 1752 4098 3.

383 4133 548 4205 (Dist.
600 4134 690 4203 31,
740 4150 787 4190 c.
842 4135 952 4190 Lex
993 4133 1390 4204 continentia).
1442 4133 1548 4188 Lex
1591 4132 1962 4188 continentia)

311 4225 514 4279 eadem
547 4231 638 4280 est
667 4223 869 4281 altaris
921 4223 1215 4279 ministris
1265 4239 1392 4294 quae
1451 4221 1743 4295 episcopis
1785 4227 1960 4296 atque

308 4313 685 4384 presbyteris.
711 4313 970 4380 Quicum
995 4317 1189 4368 essent
1207 4311 1338 4366 laici
1366 4310 1487 4366 sive
1514 4309 1778 4378 lectores,
1802 4310 1959 4368 licite

306 4403 364 4454 et
397 4415 605 4455 uxores
639 4401 870 4470 ducere,
904 4404 961 4455 et
985 4399 1135 4456 ﬁlios
1164 4414 1467 4472 procreare
1490 4399 1952 4472 potuerunt.Sed

2110 451 2265 506 intra
2295 451 2646 522 provinciam
2676 467 2769 506 res
2791 451 3004 523 agitur,
3055 452 3426 526 transfugam
3482 451 3770 510 clericum

2108 539 2180 594 ad
2204 538 2508 595 ecclesiam
2526 557 2693 596 suam
2717 540 3209 613 metropolitanus
3224 542 3413 597 redire
3426 542 3766 616 compellat.

2107 628 2164 682 Si
2197 629 2648 700 autemlongius
2681 630 2946 701 recessit,
2978 629 3070 686 sui
3105 631 3381 704 pracccpti
3414 633 3769 689 auctoritate

2108 718 2498 785 revocabitur,
2533 723 2593 774 ut
2627 734 2731 774 nec
2763 719 3100 791 cupiditati,
3151 736 3255 776 nec
3313 720 3618 778 ambitioni
3670 738 3766 778 oc-

2107 806 2266 862 casio
2300 807 2687 879 relinquatur.

2107 893 2236 972 Car.
2263 896 2356 972 7‘0.
2389 928 2457 972 :-
2479 897 2640 972 Quod
2660 913 2830 972 (mane
2853 898 3142 972 Dominico
3168 900 3516 972 continuato
3530 901 3766 972 jejunio

2178 967 2401 1040 Sabbati
2428 971 2594 1038 possit
2638 970 3102 1040 ﬁerirordinatio.
3159 971 3398 1040 Epistola
3450 967 3642 1026 Leonis
3691 973 3767 1027 ad

2179 1039 2490 1094 Dioscorum
2527 1039 2976 1095 Alexandrinum
2995 1041 3161 1112 episc.
3192 1039 3296 1112 (ep.
3343 1043 3434 1112 81,
3457 1059 3504 1096 c.
3540 1043 3611 1113 1).

2179 1128 2292 1183 Leo
2324 1128 2601 1183 Dioscoro
2632 1129 2906 1200 episcopo
2936 1129 3354 1186 Alexandrino.
3384 1130 3543 1202 (Dist.
3583 1133 3676 1201 75,
3711 1149 3762 1189 e.

2107 1217 2258 1284 Quod
2285 1217 2670 1289 presbyteris.)
2701 1218 2862 1282 Quod
2895 1235 2928 1273 a
2959 1219 3228 1291 patribus
3260 1219 3479 1274 nostris
3511 1237 3767 1292 propen-

2105 1303 2258 1359 siore
2284 1322 2423 1360 cura
2454 1307 2725 1362 novimus
2755 1324 2885 1364 esse
2917 1313 3239 1372 servatum,
3267 1324 3300 1362 a
3328 1308 3493 1365 vobis
3523 1327 3763 1383 quoque

2103 1393 2400 1449 voluimus
2430 1395 2739 1462 custodiri,
2767 1401 2831 1451 ut
2855 1413 2970 1451 non
3005 1397 3228 1468 passim
3247 1397 3456 1453 diebus
3478 1398 3760 1456 omnibus

2103 1483 2484 1537 sacerdotalis
2513 1483 2601 1539 vel
2645 1484 2874 1540 levitica
2920 1486 3214 1541 ordinatio
3252 1485 3598 1556 celebretur,
3647 1489 3753 1544 sed

2103 1574 2235 1641 post
2263 1571 2416 1626 diem
2442 1571 2676 1627 Sabbati
2701 1571 2948 1644 ejusque
2971 1573 3156 1630 noctis
3171 1591 3299 1646 quas
3322 1575 3380 1628 in
3402 1576 3592 1647 prima
3609 1575 3758 1630 Sab-

2101 1655 2222 1712 bati
2250 1657 2512 1727 lucescit,
2537 1661 2773 1716 exordia
2803 1662 3182 1718 consecrandi
3200 1662 3512 1736 eligantur,
3537 1664 3596 1718 in
3621 1665 3758 1736 qui-

2024 1735 2067 1799 Β
2098 1746 2210 1801 bus
2235 1746 2326 1802 his
2347 1748 2446 1818 qui
2471 1749 2850 1804 consecrandi
2871 1751 3272 1822 suntjejunis,
3292 1735 3357 1806 et
3379 1735 3760 1824 ajejunanti-

2105 1834 2218 1891 bus
2247 1851 2414 1891 sacra
2445 1835 2772 1892 benedictio
2805 1839 3152 1895 conteratur.
3177 1839 3339 1902 Quod
3363 1840 3625 1910 ejusdem
3647 1843 3758 1897 ob-

2105 1923 2412 1978 servantia
2443 1924 2573 1991 erit,
2601 1925 2652 1980 si
2683 1943 2852 1981 mane
2903 1927 3030 1996 ipso
3082 1927 3384 1982 Dominico
3429 1929 3521 1984 die
3570 1932 3765 1985 conti-

2105 2015 2286 2066 nuato
2316 2013 2554 2066 Sabbati
2593 2013 2820 2084 jejunio
2871 2016 3216 2082 celebretur,
3249 2033 3282 2070 a
3333 2033 3448 2088 quo
3494 2022 3767 2090 tempore

2105 2101 2488 2170 praecedentis
2520 2103 2709 2158 noctis
2739 2102 2906 2159 initia
2938 2121 3052 2159 non
3103 2106 3384 2160 recedunt
3411 2123 3422 2160 :
3476 2107 3634 2179 quod
3685 2109 3761 2162 ad

2104 2189 2258 2244 diem
2286 2189 2754 2246 Resurrectionis
2787 2192 2966 2264 (sicut
2995 2192 3169 2248 etiam
3198 2194 3255 2248 in
3277 2195 3497 2251 Pascha
3524 2196 3760 2252 Domini

2105 2277 2455 2348 declaratur)
2491 2280 2783 2350 pertinere
2815 2298 2931 2336 non
2965 2282 3212 2337 dubium
3246 2289 3354 2338 est.

2101 2388 2232 2440 CAP.
2269 2385 2358 2440 71.
2392 2418 2458 2425 -
2485 2388 2546 2444 Ut
2580 2387 2640 2442 in
2679 2387 2766 2443 die
2811 2389 3247 2445 Resurrectionis
3293 2391 3653 2447 sacerdotalis
3706 2402 3762 2450 et

2175 2456 2392 2511 levitica
2420 2458 2518 2526 fiat
2547 2460 2842 2515 ordinatio.
2878 2460 2957 2515 Ad
3004 2462 3255 2517 eumdem
3301 2462 3572 2530 (ibidem)

2173 2545 2330 2616 (Dist.
2361 2547 2452 2613 75,
2482 2563 2528 2602 c.
2558 2547 2712 2615 Quod
2740 2547 2873 2616 die.)
2894 2549 3054 2614 Quod
3102 2549 3196 2605 die
3246 2549 3548 2606 Dominico
3599 2553 3760 2608 ordi-

2103 2633 2368 2689 nationes
2384 2636 2754 2692 sacerdotum
2771 2637 3140 2692 celebrantur
3155 2655 3268 2694 non
3287 2639 3600 2710 tantumfex
3616 2657 3760 2698 con-

2099 2722 2434 2791 suetudine,
2467 2725 2564 2779 sed
2599 2726 2772 2780 etiam
2798 2743 2866 2782 ex
2899 2726 3217 2798 apostolica
3249 2727 3516 2783 novimus
3545 2732 3754 2787 venire

2099 2809 2365 2864 doctrina
2383 2811 2684 2884 Scriptura
2708 2814 3137 2887 manifestante,
3163 2817 3316 2887 quod
3339 2832 3471 2872 cum
3496 2818 3753 2890 apostoli

2098 2897 2346 2954 Paulum
2379 2905 2434 2955 et
2467 2901 2816 2969 Barnabam,
2849 2919 2917 2958 ex
2943 2903 3200 2976 Spiritus
3235 2905 3421 2961 sancti
3453 2914 3748 2980 praecepto

2097 2985 2167 3039 ad
2184 2988 2561 3061 Evangelium
2579 2991 2851 3061 gentibus
2872 2992 3171 3049 mitterent
3186 2995 3337 3067 prsed
3351 2995 3750 3067 icandum,je-

2088 3073 2373 3144 junantes
2403 3083 2458 3132 et
2479 3085 2712 3136 orantes
2759 3080 3166 3152 imposuerunt
3209 3082 3291 3138 eis
3341 3099 3550 3139 manus
3601 3085 3746 3156 (Act.

2091 3165 2237 3235 xm),
2265 3169 2329 3220 ut
2347 3166 2747 3240 intelligamus
2763 3175 2982 3243 quanta
3003 3177 3058 3226 et
3080 3172 3346 3226 dantium
3370 3177 3425 3227 et
3446 3173 3746 3246 accipien-

2087 3253 2239 3309 tium
2269 3255 2570 3312 devotione
2601 3260 2927 3314 curandum
2959 3260 3036 3316 sit
3068 3277 3137 3315 ne
3169 3266 3344 3316 tanta:
3383 3262 3746 3319 benedictio-

2089 3342 2180 3397 nis
2205 3352 2638 3402 sacramentum
2685 3347 3048 3420 negligenter
3096 3349 3362 3406 videatur
3404 3351 3740 3423 impletum.

2086 3431 2154 3486 Et
2185 3432 2312 3487 ideo
2337 3435 2427 3504 pie
2457 3440 2514 3490 et
2534 3435 2914 3493 laudabiliter
2930 3439 3269 3510 apostolicis
3293 3456 3514 3495 morem
3537 3457 3743 3514 gesse-

2083 3521 2164 3575 ris
2197 3521 2506 3595 institutis,
2541 3525 2588 3581 si
2639 3525 2791 3582 hanc
2839 3529 3305 3585 ordinandorum
3361 3531 3736 3587 sacerdotum

2083 3608 2351 3680 formam,
2377 3629 2479 3683 per
2509 3607 2818 3684 Ecclesiae,
2853 3617 3070 3690 quibus
3088 3618 3374 3676 Dominus
3404 3636 3657 3692 praeesse
3677 3626 3739 3679 te

2077 3699 2285 3771 voluit,
2307 3701 2481 3757 etiam
2503 3703 2627 3776 ipse
2650 3706 2993 3776 servaveris,
3023 3713 3086 3764 ut
3108 3709 3201 3764 his
3223 3709 3324 3782 qui
3344 3712 3736 3767 consecrandi

2077 3794 2218 3844 sunt
2239 3807 2540 3863 nunquam
2562 3793 2910 3864 benedictio,
2933 3797 3045 3853 nisi
3071 3797 3129 3853 in
3146 3798 3239 3854 die
3261 3799 3736 3858 Resurrectionis

2078 3878 2391 3936 Dominicw
2423 3881 2739 3939 tribuatur.
2776 3886 2934 3941 Cuia
2961 3903 3203 3960 vespere
3226 3887 3468 3944 Sabbati
3492 3889 3731 3946 initium

2074 3971 2302 4024 constat
2323 3971 2560 4041 ascribi,
2583 3973 2835 4030 ettantis
2872 3975 3202 4032 divinarum
3219 3977 3732 4049 dispensationum

2073 4057 2370 4126 mysteriis
2393 4063 2480 4114 est
2511 4067 2854 4120 consecrata
2892 4068 2957 4120 ut
2989 4065 3280 4138 quidquid
3315 4071 3404 4122 est
3425 4084 3456 4122 a
3484 4068 3739 4126 Domino

2073 4145 2368 4218 insignius
2398 4151 2812 4222 constitutum,
2848 4153 2909 4208 in
2935 4153 3114 4225 hujus
3151 4155 3267 4211 diei
3317 4155 3604 4228 dignitate
3653 4157 3737 4213 sit

2069 4237 2327 4304 gestum.
2363 4240 2423 4290 In
2452 4236 2560 4292 hac
2591 4241 2848 4296 mundus
2881 4242 3137 4314 sumpsit
3162 4243 3490 4299 exordium.
3520 4247 3586 4300 In
3616 4243 3733 4303 hac

2069 4337 2172 4393 per
2186 4325 2673 4382 resurrectionem
2693 4328 2910 4385 Christi
2929 4334 2985 4386 et
3003 4347 3160 4388 mors
3179 4332 3510 4398 interitum,
3529 4337 3588 4388 et
3606 4335 3735 4391 vita

2068 4411 2292 4482 accepit
2321 4413 2699 4486 principium.

304 4503 440 4543 cum
464 4489 538 4543 ad
569 4468 879 4560 praedictos
928 4468 1317 4561 pervenerunt
1363 4468 1605 4562 gradus,
1653 4489 1825 4561 cmpit
1869 4489 1953 4546 eis

2157 4468 2416 4583 9:.72.:—
2772 4506 3008 4583 habeant
3037 4509 3281 4583 episcopi
3311 4526 3474 4583 quam
3522 4511 3722 4568 chore-

305 4593 422 4632 non
452 4575 626 4634 licere
648 4579 803 4649 quod
844 4577 1206 4636 licuit.Unde
1227 4583 1292 4634 ut
1314 4578 1382 4634 de
1403 4578 1623 4634 carnali
1651 4579 1752 4634 fiat
1775 4579 1946 4651 spiri-

301 4663 461 4721 tuale
491 4666 852 4738 conjugium,
885 4671 1112 4739 oportet
1142 4683 1241 4723 eos
1273 4681 1378 4723 nec
1401 4667 1695 4723 dimittere
1718 4683 1947 4733 uxores,

303 4758 362 4810 et
392 4753 563 4825 quasi
595 4771 710 4810 non
742 4755 996 4812 habeant
1021 4757 1104 4812 sic
1127 4757 1342 4811 habere
1363 4757 1409 4827 (ι
1427 4771 1541 4810 cor.
1565 4756 1688 4826 νη),
1716 4757 1870 4826 quod
1891 4759 1948 4810 et

304 4841 466 4899 salva
493 4843 570 4899 sit
598 4843 856 4900 charitas
886 4845 1342 4914 connubiorum,
1387 4850 1444 4901 et
1491 4848 1724 4902 cessent
1773 4860 1950 4916 opera

302 4932 664 5004 nuptiarum.

299 5029 434 5087 CAP.
464 5030 554 5084 69.
605 5060 674 5071 —
725 5032 787 5088 Ut
834 5032 1022 5087 nullus
1071 5033 1324 5088 alienum
1372 5033 1634 5089 clericum
1687 5034 1946 5090 sollicitet

569 5103 745 5158 invito
774 5105 1024 5175 episcopo
1053 5121 1170 5172 suo,
1201 5120 1324 5176 cap.
1357 5106 1392 5159 9
1425 5105 1528 5176 (ep.
1562 5104 1674 5176 84).

295 5191 407 5262 (19,
440 5208 490 5262 q.
523 5191 578 5258 2,
609 5207 659 5248 c.
696 5191 950 5248 Alienum
995 5192 1300 5264 clericum).
1349 5192 1620 5249 Alienum
1664 5193 1942 5250 clericum

294 5279 476 5336 invito
503 5280 775 5354 episcopo
803 5281 990 5354 ipsius
1021 5297 1192 5337 nemo
1217 5281 1521 5354 suscipiat,
1554 5297 1726 5337 nemo
1781 5281 1942 5337 solli-

293 5367 448 5436 citet,
482 5369 597 5426 nisi
620 5369 766 5427 forte
787 5386 856 5426 ex
876 5369 1090 5443 placito
1105 5369 1432 5440 charitatis,
1448 5369 1504 5423 id
1529 5369 1681 5425 inter
1704 5369 1941 5426 dantem

293 5459 350 5511 ct
379 5458 765 5530 accipientem
797 5459 1120 5517 conveniat.
1152 5458 1298 5516 Nam
1321 5457 1515 5532 gravis
1547 5457 1777 5530 injuriis
1808 5475 1943 5518 reus

295 5547 406 5613 est,
439 5545 535 5616 qui
568 5549 638 5604 de
671 5549 864 5607 fratris
890 5549 1157 5618 ecclesia,
1191 5549 1249 5606 id
1282 5549 1438 5623 quod
1468 5551 1558 5606 est
1590 5546 1792 5606 utilius
1842 5554 1943 5606 aut

2125 4571 2342 4642 piscopi
2369 4576 2452 4628 vel
2477 4571 2801 4647 presbyteri.
2835 4581 2971 4636 Item
2999 4571 3245 4651 ejusdem
3295 4571 3481 4652 (epist.
3509 4583 3625 4655 88).

2131 4659 2240 4714 Leo
2273 4660 2543 4717 Romanis
2591 4665 2859 4722 Ecclesiae
2890 4674 2946 4724 et
2998 4670 3332 4741 apostolicae
3379 4672 3538 4727 sedis
3593 4672 3725 4745 epi-

2058 4760 2271 4817 scOpus
2301 4748 2588 4805 universis
2613 4751 3065 4811 Germaniarum
3085 4762 3258 4828 atque
3281 4757 3605 4814 Galliarum
3631 4775 3727 4815 re-

2058 4833 2300 4905 gionum
2333 4837 2646 4912 episcopis.
2682 4843 2959 4907 Quamvis
2991 4862 3124 4900 cum
3145 4847 3442 4920 episcopis
3464 4847 3731 4919 plurima

2057 4923 2487 5000 chorepisc0pis
2502 4929 2958 4989 ministeriorum
2977 4936 3310 4991 communis
3325 4937 3403 4992 sit
3416 4936 3731 5009 dispensa-

2056 5013 2160 5080 tio,
2176 5017 2340 5086 quaad
2351 5033 2442 5072 am
2462 5022 2651 5074 tamen
2676 5023 3019 5078 auctoritate
3035 5025 3242 5079 veteris
3257 5023 3426 5098 legis,
3443 5026 3723 5097 quasdam

2057 5104 2319 5176 novellis,
2353 5108 2842 5166 etecclesiasticis
2862 5113 3081 5184 regulis
3096 5113 3526 5185 sibiprohibita
3545 5132 3726 5171 nove-

2057 5191 2299 5248 ritsicut
2319 5197 2792 5269 presbyterorum
2825 5206 2882 5256 et
2909 5202 3316 5268 diaconorum,
3335 5203 3722 5274 acvirginum

2055 5283 2436 5349 ccnsecratio,
2469 5285 2625 5341 sicut
2655 5289 3001 5345 constitutio
3032 5289 3726 5361 altaris,acbeuedictio,

2052 5369 2138 5424 vel
2168 5371 2387 5426 unctio.
2412 5373 2715 5444 Siquidem
2761 5395 2867 5434 nec
2919 5379 3144 5453 erigere
3187 5380 3274 5436 eis
3322 5379 3556 5448 altaria,
3611 5397 3726 5438 nec

2051 5457 2330 5516 ecclesias
2359 5461 2445 5516 vel
2495 5462 2703 5522 altaria
2751 5484 3094 5526 consecrare
3141 5469 3572 5542 permittimus,
3607 5487 3720 5527 nec

2051 5565 2154 5620 per
2171 5546 2578 5619 impositiones
2601 5570 2884 5613 manuum
2913 5557 3186 5615 fidelibus
3207 5558 3601 5632 baptizandis,
3620 5560 3715 5617 vel
