3960 6072
190 310 291 366 461

1248 315 1557 370 DECRETI
1597 315 1783 368 PARS
1821 316 1915 370 VI.
1956 344 2024 353 —-
2062 319 2157 370 DE
2195 319 2536 376 CLERICIS.

3489 324 3596 381 462

182 436 486 494 conversis
510 438 579 492 de
600 436 806 492 haresi
830 436 1194 493 Paracletum
1228 437 1511 509 Spiritum
1557 441 1828 493 sanctum
1859 440 1912 506 Α
1944 439 2087 509 dire,
2121 445 2178 497 et
2207 447 2408 498 contra
2453 448 2790 501 sanctorum
2840 463 3133 502 canonum
3183 448 3425 505 sancita.
3480 450 3591 507 Ubi

180 527 432 596 tradere,
467 544 571 582 nec
604 526 864 582 chrisma
884 526 1187 593 conﬁcere,
1222 542 1327 583 nec
1378 527 1692 583 chrismate
1730 529 1837 583 ba-

182 617 538 688 ptizatorum
571 616 793 671 frontes
825 618 1079 689 signare,
1120 634 1223 672 nec
1248 616 1480 688 publice
1502 618 1739 687 quidem
1776 617 1835 672 in

183 705 369 761 missa
400 722 759 776 quemquam
776 706 1156 776 pmnitentem
1178 706 1572 775 reconciliare,
1590 722 1693 761 nec
1716 707 1837 761 for-

179 799 365 849 matas
391 793 632 848 cuilibet
652 794 931 864 epistolas
958 794 1211 850 mittere.
1236 795 1367 849 Haec
1388 794 1602 849 etenim
1638 795 1836 849 omnia

176 881 387 938 illicita
417 886 559 938 sunt
580 882 1150 955 chorepiscopis,qui
1173 884 1244 938 ad
1267 882 1601 955 exemplum
1632 888 1685 938 et
1715 884 1834 939 for-

177 989 339 1027 mam
368 989 473 1027 LXX
495 972 919 1042 discipulorum
946 990 1072 1030 esse
1100 978 1445 1042 noscuntur,
1469 972 1555 1028 vel
1591 973 1831 1044 presby-

174 1062 339 1131 teris,
357 1062 458 1133 qui
480 1062 746 1117 eamdem
770 1067 1001 1134 gestant
1024 1063 1296 1134 ﬁguram,
1321 1063 1599 1133 quoniam
1625 1079 1829 1133 quam-

175 1167 356 1222 quam
382 1151 883 1207 consecrationem
924 1152 1173 1207 habeant
1223 1150 1597 1222 pontiﬁcatus
1635 1156 1830 1207 tamen

174 1239 399 1311 apicem
427 1256 541 1295 non
575 1239 813 1295 habent.
840 1241 976 1304 Quae
999 1240 1197 1296 omnia
1238 1239 1381 1296 solis
1418 1240 1614 1295 deberi
1664 1256 1830 1295 sum-

176 1330 296 1385 mis
320 1329 695 1400 pontiﬁcibus
717 1331 1061 1385 auctoritate
1082 1346 1372 1385 canonum
1397 1329 1752 1401 praecipitur,
1768 1333 1831 1383 ut

170 1436 281 1491 per
306 1419 415 1475 hoc
447 1422 503 1474 et
533 1419 806 1475 discretio
849 1420 1163 1491 graduum,
1209 1424 1265 1475 et
1309 1420 1613 1491 dignitatis
1666 1419 1828 1474 fasti-

170 1508 339 1580 gium
373 1508 594 1563 summi
646 1509 943 1579 pontiﬁcis
992 1510 1445 1565 demonstretur.
1479 1510 1588 1563 Sed
1641 1524 1827 1579 neque

167 1614 368 1653 coram
400 1598 674 1669 episcopo
704 1597 878 1653 licere
910 1598 1265 1669 presbyteris
1306 1599 1365 1652 in
1415 1598 1826 1669 baptisterium

166 1686 439 1757 introire,
456 1702 562 1743 nec
586 1692 866 1758 prasente
886 1688 1147 1743 antistite
1169 1688 1445 1743 infantem
1470 1686 1829 1757 tingere,aut

172 1777 436 1846 signare,
470 1793 575 1832 nec
600 1776 973 1848 pcenitentem
1006 1778 1133 1831 sine
1157 1777 1539 1848 praeceptione
1568 1777 1822 1847 episcopi
1856 1813 1902 1878 Β

165 1865 267 1921 sui
301 1866 695 1934 reconciliare,
732 1882 835 1920 nec
864 1882 931 1921 eo
958 1866 1391 1937 praseente,nisi
1425 1866 1522 1920 illo
1552 1866 1820 1934 jubente,

177 1961 553 2010 sacramento
565 1971 620 2009 m
636 1954 895 2025 corporis
910 1954 1502 2025 etsanguinistristi
1517 1955 1820 2020 conﬁcere,

178 2058 289 2096 nec
320 2058 387 2097 eo
407 2058 600 2097 coram
634 2045 821 2114 posito
854 2043 1136 2114 populum
1171 2044 1377 2098 docere
1399 2042 1485 2097 vel
1518 2042 1823 2098 benedice-

177 2148 264 2197 re,
300 2136 402 2186 aut
420 2130 698 2200 salutare;
734 2148 839 2187 nec
864 2133 1087 2203 plebem
1106 2131 1307 2203 utique
1330 2131 1645 2187 exhortari.

173 2238 314 2293 CAP.
344 2238 435 2291 73.
469 2268 537 2278 —-
591 2239 745 2305 Quod
790 2238 1037 2310 priorem
1066 2238 1403 2305 dignitatem
1441 2239 1669 2304 amittit,
1720 2239 1818 2309 qui

246 2310 393 2381 quod
420 2326 534 2365 non
561 2310 770 2380 accepit
792 2320 1037 2380 usurpat.
1068 2312 1149 2365 Ex
1166 2310 1393 2366 decretis
1422 2310 1647 2365 Silverii
1664 2325 1827 2381 papa

248 2382 429 2451 (epist.
456 2383 507 2445 1,
532 2381 601 2436 ad
629 2384 775 2452 Verg.
810 2383 1097 2453 episcop.).

248 2469 359 2540 (25,
385 2486 440 2541 q.
481 2470 534 2537 2,
564 2484 619 2526 c.
650 2470 741 2525 Sic
770 2469 959 2540 decet.)
982 2471 1074 2525 Sic
1106 2471 1271 2524 decet
1294 2470 1465 2525 ﬁdem
1488 2475 1825 2526 sanctorum

169 2557 418 2612 Patrum
448 2557 506 2612 in
538 2557 794 2614 Ecclesia
824 2560 1043 2615 servari
1075 2559 1381 2624 catholica,
1419 2566 1482 2612 ut
1522 2560 1676 2629 quod
1716 2559 1824 2613 ha-

172 2644 310 2700 buit
340 2646 593 2714 amittat,
629 2647 727 2718 qui
760 2646 1133 2719 improbabili
1170 2647 1499 2703 temeritate
1528 2649 1682 2719 quod
1710 2664 1825 2702 non

172 2734 424 2805 accepit,
460 2734 833 2806 usurpaverit
865 2736 1087 2803 [assum
1100 2735 1327 2806 pserit].

171 2842 312 2896 CAP.
345 2841 434 2894 74.
470 2871 535 2881 -
569 2840 974 2898 Ordinationes
1002 2858 1112 2897 non
1143 2857 1258 2895 esse
1287 2840 1590 2910 faciendas,
1622 2840 1737 2895 nisi
1770 2840 1826 2895 in

252 2914 462 2978 ieiunio
520 2917 772 2985 Quatuor
832 2916 1172 2985 ’Iemporum.
1233 2913 1315 2966 Ex
1360 2912 1591 2966 decretis
1625 2912 1829 2968 Gelasii

245 3000 426 3055 papae,
459 3001 504 3038 c.
536 2986 618 3053 13,
652 2985 963 3055 (epist.9ad
984 2987 1148 3055 cpisc.
1176 3001 1274 3055 per
1294 2985 1618 3052 Lucaniam,
1638 3002 1683 3038 ι’.
1720 2987 1825 3052 13).

251 3072 518 3143 (Dist.75,
541 3090 587 3129 c.
605 3073 1035 3145 Ordinationes).
1071 3072 1480 3128 Ordinationes
1510 3073 1684 3127 etiam
1706 3090 1829 3145 pre-

1946 530 2097 585 enim
2114 529 2246 586 talis
2272 532 2445 587 fuerit
2468 536 2959 590 commorantium
2980 536 3589 612 cohabitatio,antiqui

1946 618 2131 673 hostis
2154 620 2375 675 stimuli
2402 639 2512 676 non
2537 623 2769 679 desunt.
2796 625 3049 695 Ideoque
3074 626 3428 682 admonendi
3451 632 3593 683 sunt

1946 711 2011 761 ut
2036 725 2149 763 non
2187 710 2409 779 antiqui
2437 710 2622 766 hostis
2638 713 3016 784 decipiantur
3037 715 3589 786 fraude,quatenus,

1935 797 2103 866 juxta
2134 798 2382 867 apostoli
2421 815 2617 855 vocem
2646 817 2657 854 :
2682 803 2803 856 Non
2848 805 3195 874 vituperetur
3220 805 3592 861 ministerium

1943 889 2184 941 nostrum
2208 889 2282 955 (II
2306 892 2430 943 Cor.
2473 890 2568 958 vn).
2602 890 2812 945 Cavere
2834 892 2991 945 enim
3045 910 3151 947 nos
3192 897 3441 964 oportet,
3475 895 3588 950 fra-

1943 979 2080 1040 tres,
2117 977 2188 1030 ab
2222 976 2463 1044 illicitis,
2498 983 2561 1032 ut
2593 981 2845 1034 mundas
2874 979 3177 1036 valeamus
3205 983 3276 1037 ad
3297 983 3585 1039 Dominun

1942 1064 2129 1119 levare
2163 1082 2373 1121 manus
2397 1068 2442 1137 (l
2468 1066 2612 1122 Tim.
2639 1068 2724 1138 ιι).
2750 1068 3047 1140 Scriptum
3090 1073 3179 1124 est
3222 1070 3377 1125 enim
3405 1089 3417 1127 :
3441 1076 3584 1128 San-

1939 1154 2204 1209 ctiestote
2234 1155 2365 1225 quia
2395 1171 2491 1226 ego
2520 1164 2738 1211 sanctus
2785 1174 2905 1211 sum
2957 1159 3103 1227 (Lev.
3165 1159 3280 1230 xx).
3333 1160 3391 1214 Si
3450 1161 3583 1231 quis

1938 1259 2072 1297 vero
2098 1244 2537 1315 praesumpserit
2562 1244 2732 1299 aliter
2763 1262 2932 1317 agere
2984 1246 3294 1301 sacerdotii
3344 1247 3437 1302 sui
3478 1248 3581 1303 ho-

1939 1348 2078 1386 nore
2102 1332 2561 1402 privetur.Unde
2594 1333 2834 1388 omnino
2866 1336 3188 1390 cavendum
3215 1340 3323 1403 est,
3352 1336 3579 1407 fratres,

1939 1438 2009 1475 ne
2041 1422 2312 1476 fallamus
2350 1423 2630 1493 populum
2672 1428 2727 1478 et
2756 1423 3073 1495 impleatur
3116 1424 3174 1478 in
3228 1425 3395 1480 nobis
3444 1443 3581 1497 pro-

1937 1510 2127 1581 pheta}
2146 1511 2365 1565 dictum
2391 1527 2403 1564 :
2428 1513 2767 1567 Sacerdotes
2791 1512 2905 1566 mei
2927 1514 3332 1569 contaminant
3355 1519 3578 1587 sancta,

1936 1603 1994 1651 et
2025 1599 2335 1669 reprobant
2366 1599 2550 1671 legem
2576 1600 2761 1671 (Soph.
2794 1601 2899 1669 ιιι).
2944 1602 3099 1664 Quos
3131 1606 3218 1657 est
3247 1603 3399 1659 alius
3448 1621 3579 1675 pro-

1936 1684 2110 1755 pheta
2140 1686 2402 1758 increpat
2431 1688 2630 1743 dicens
2655 1706 2667 1742 :
2696 1692 2829 1755 Vos,
2859 1704 2888 1744 o
2916 1689 3221 1745 sacerdotes
3249 1693 3345 1761 qui
3371 1691 3581 1762 fallitis

1933 1789 2126 1829 nomen
2151 1791 2347 1844 meum,
2370 1783 2420 1831 et
2442 1776 2667 1832 dixistis
2691 1796 2708 1833 :
2730 1780 2792 1833 In
2829 1796 2937 1849 qua
2968 1795 3026 1833 re
3071 1780 3333 1851 fallimus
3378 1798 3579 1837 nomen

1929 1866 2131 1917 tuum?
2162 1864 2308 1934 (Mal.
2344 1865 2409 1935 1.)
2449 1866 2669 1928 Quibus
2722 1882 3069 1938 responsum
3120 1872 3207 1923 est
3239 1884 3251 1924 :
3282 1870 3578 1940 Oﬂerentes

1931 1951 2002 2005 ad
2031 1953 2209 2007 altare
2238 1970 2421 2008 meum
2450 1970 2616 2023 panes
2639 1954 2902 2025 pollutos.
2934 1960 3054 2013 Non
3074 1959 3214 2011 mihi
3232 1959 3484 2015 voluntas
3515 1958 3577 2013 in

1931 2040 2106 2107 vobis,
2136 2041 2273 2096 dicit
2295 2042 2560 2097 Dominus
2588 2051 2640 2098 et
2668 2044 3005 2114 sacriﬁcium
3030 2060 3141 2101 non
3188 2046 3461 2117 accipiam
3508 2048 3577 2103 de

1932 2130 2193 2184 manibus
2218 2132 2431 2202 vestris,
2463 2132 2599 2202 quia
2632 2132 2841 2203 polluti
2871 2133 3012 2189 estis
3043 2134 3250 2206 (ibid)

1934 2244 2046 2299 CAP
2090 2246 2181 2301 77.
2214 2277 2281 2285 —
2312 2247 2387 2300 De
2418 2246 2644 2301 vitanda
2672 2248 3062 2317 [amiliaritate
3090 2252 3410 2306 mulierum.
3432 2251 3579 2307 Idem

2175 2320 2233 2371 in
2266 2320 2501 2388 regiser
2534 2320 2650 2389 (lib.
2672 2336 2772 2390 v11,
2806 2320 2996 2375 indict.
3032 2322 3087 2386 2,
3118 2338 3202 2394 ep.
3234 2323 3345 2394 39).

2006 2431 2159 2503 (Dist.
2196 2433 2284 2501 81,
2318 2450 2363 2487 c.
2400 2434 2629 2501 Legitur
2649 2435 2859 2490 Possid.
2894 2436 2953 2490 in
2982 2436 3104 2492 Vita
3136 2441 3199 2491 Β.
3224 2438 3385 2509 Aug.)
3421 2439 3582 2511 Legi-

1936 2524 2035 2574 tur
2065 2522 2218 2592 quod
2254 2526 2315 2576 B.
2354 2523 2717 2593 Augustinus
2744 2540 2845 2578 nec
2892 2540 3024 2578 cum
3050 2541 3249 2580 sorore
3279 2543 3387 2581 sua
3416 2526 3583 2582 habi-

1935 2612 2058 2665 tare
2106 2610 2487 2678 consenserit,
2537 2610 2779 2666 dicens:
2832 2635 2859 2661 ‹‹
2893 2613 3026 2675 Quae
3050 2629 3186 2669 cum
3220 2631 3417 2670 sorore
3452 2631 3584 2671 mea

1936 2703 2096 2765 sunt,
2122 2713 2349 2753 sorores
2381 2715 2521 2753 mese
2558 2716 2671 2754 non
2703 2704 2864 2755 sunt.
2900 2723 2927 2749 »
2960 2700 3125 2757 Docti
3156 2718 3292 2774 ergo
3312 2703 3419 2758 viri
3443 2720 3581 2761 cau-

1935 2787 2071 2857 tela,
2102 2803 2315 2859 magna
2348 2787 2515 2843 nobis
2548 2789 2721 2843 debet
2749 2804 2877 2844 esse
2906 2788 3239 2847 instructio.

1936 2906 2068 2960 CAP.
2102 2905 2289 2976 78η-
2322 2908 2535 2976 Denon
2586 2905 2921 2975 reparandis
2967 2907 3162 2976 lapsis.
3214 2908 3361 2963 Idem
3388 2909 3458 2965 ad
3487 2912 3578 2967 Ja-

2042 2974 2310 3031 nuarium
2328 2975 2634 3047 episcopum
2650 2974 3036 3032 Caralitanum
3052 2976 3474 3052 (lib.m,ep.26).

2007 3091 2169 3162 (Dist.
2197 3092 2287 3158 50,
2347 3107 2393 3146 c.
2446 3090 3050 3162 Pervenit.)Pervenit
3098 3093 3273 3149 etiam
3324 3096 3394 3150 ad
3455 3113 3583 3164 nos,

173 3161 552 3257 εβγξςπρτυω
596 3166 651 3215 et
692 3161 1073 3257 ἀίξλθοηονξλφ
1106 3161 1435 3257 “biferas
1465 3162 1828 3257 temllm‘ibus
1860 3171 1901 3237 C
1942 3161 2229 3249 quosdam
2263 3181 2333 3235 de
2357 3181 2535 3235 sacris
2556 3161 2863 3235 ordinibus
2888 3181 3106 3252 lapsos,
3132 3183 3218 3237 vel
3250 3189 3379 3254 post
3400 3161 3587 3257 pceni;

174 3255 240 3304 et
280 3250 490 3305 diebus
522 3250 774 3305 exerceri
809 3267 923 3305 non
957 3251 1190 3317 debent,
1230 3250 1288 3304 id
1316 3258 1405 3306 est
1437 3251 1625 3321 quarti
1663 3268 1823 3306 men-

181 3337 538 3410 sisjejunio,
563 3338 801 3411 septimi
822 3344 878 3394 et
910 3339 1141 3403 decimi,
1168 3339 1269 3394 sed
1295 3340 1467 3394 etiam
1493 3340 1828 3412 Quadrage-

174 3427 411 3483 simalis
461 3427 635 3494 initii,
670 3446 736 3483 ac
768 3428 1050 3483 medianas
1082 3429 1552 3497 Quadragesimze
1576 3429 1668 3483 die
1686 3429 1825 3483 Sab-

175 3516 322 3583 bati,
358 3516 589 3587 jejunia
635 3517 789 3571 circa
830 3534 1130 3588 vesperam
1182 3516 1451 3573 noverint
1480 3517 1829 3572 celebranda

174 3606 586 3677 [hebdomadas
618 3609 674 3661 et
700 3605 1183 3676 Sabbatijejunio
1206 3606 1359 3659 circa
1382 3621 1699 3676 vesperam,
1736 3606 1827 3677 ip-

183 3712 282 3751 sas
304 3695 711 3750 ordinationes
743 3694 1007 3751 noverint
1027 3694 1426 3763 celebrandas]
1460 3709 1564 3748 nec
1587 3695 1829 3763 cujusli-

176 3785 277 3839 bet
309 3782 581 3837 utilitatis
608 3800 788 3837 causa
822 3798 925 3837 seu
958 3783 1364 3854 presbyterum
1388 3799 1486 3837 seu
1519 3783 1829 3837 diaconum

174 3871 272 3927 his
305 3872 574 3943 praeferre
603 3871 703 3942 qui
726 3876 858 3927 ante
888 3872 1048 3943 ipsos
1080 3872 1315 3927 fuerunt
1343 3870 1615 3926 ordinati.

176 3978 314 4034 CAP.
349 3979 532 4031 75.-
562 3984 640 4034 Ne
688 3979 1030 4045 illitteratus,
1079 3977 1171 4033 vel
1217 3978 1456 4032 membro
1506 3978 1831 4031 imminutus

358 4050 427 4103 ad
457 4050 671 4105 clerum
697 4053 1116 4120 promoveatur.
1144 4051 1226 4103 Ex
1252 4050 1465 4115 eodem,
1499 4064 1545 4103 ε.
1570 4050 1650 4104 18.

251 4137 589 4192 Illitteratos
615 4155 849 4209 quoque
872 4145 929 4192 et
952 4137 1237 4193 nonnulla
1256 4142 1416 4208 parte
1439 4138 1698 4207 corporis
1722 4138 1830 4192 im-

177 4227 467 4292 minutos,
489 4227 617 4282 sine
641 4227 757 4281 ullo
783 4233 1048 4297 respectu
1075 4227 1146 4280 ad
1186 4226 1649 4281 ecclesiasticum
1682 4227 1832 4280 didi-

176 4317 371 4370 cimus
389 4315 587 4369 venire
605 4316 1095 4386 servitium,quod
1122 4314 1299 4370 simul
1316 4315 1830 4386 antiquatraditio,

177 4402 584 4473 etapostolicre
607 4404 762 4459 sedis
802 4410 969 4460 vetus
1012 4404 1200 4459 forma
1246 4419 1363 4456 non
1405 4403 1659 4474 recepit:
1694 4403 1834 4473 quia

179 4510 287 4548 nec
318 4491 532 4547 litteris
563 4508 769 4548 carens
800 4494 983 4548 sacris
1015 4509 1147 4548 esse
1179 4495 1371 4562 potest
1392 4496 1566 4563 aptus
1597 4492 1830 4559 ofﬁciis,

181 4587 240 4637 et
263 4582 540 4636 vitiosum
558 4581 702 4635 nihil
722 4582 831 4637 Deo
848 4597 1088 4653 prorsus
1106 4580 1297 4635 offerri
1320 4579 1528 4649 legalis
1546 4587 1831 4651 praecepta

182 4674 506 4725 sanxerunt
532 4672 679 4739 (Lev.
703 4674 842 4737 xxi).
875 4670 1077 4739 Itaque
1102 4669 1171 4723 de
1193 4672 1399 4723 caetero
1437 4669 1629 4724 modis
1651 4670 1833 4725 omni-

182 4759 297 4813 bus
326 4757 446 4812 haac
468 4759 743 4825 vitentur,
767 4774 872 4812 nec
894 4758 1211 4829 quisquam
1236 4756 1371 4812 talis
1393 4756 1749 4828 suscipiatur
1769 4758 1828 4813 in

182 4848 403 4902 clerum
419 4886 432 4900 .

179 4935 316 4992 CAP.
346 4937 438 4991 76.
475 4966 544 4976 —
576 4937 647 4992 De
674 4936 951 4991 ministris
990 4934 1480 4990 incontinentibus.
1535 4934 1829 5006 Gregorius

777 5009 993 5064 civibus
1036 5009 1232 5062 Romae.

249 5093 419 5164 (Dist.
443 5094 536 5163 81,
562 5111 611 5156 c,
637 5095 901 5165 Oportet.)
933 5094 1173 5164 Oportet
1193 5094 1545 5158 sacerdotes,
1578 5094 1648 5148 ad
1683 5110 1826 5164 quo-

178 5200 309 5237 rum
342 5199 547 5238 curam
566 5183 667 5239 Dei
696 5182 943 5255 populus
957 5183 1313 5238 commissus
1327 5187 1438 5251 est,
1461 5197 1595 5237 cum
1619 5198 1830 5252 magna

179 5272 364 5326 animi
386 5272 720 5328 constantia
750 5271 990 5344 vigilare
1013 5287 1190 5341 super
1221 5271 1555 5326 Dominicas
1586 5288 1741 5339 oves,
1767 5276 1831 5325 ut

180 5358 404 5430 lupinis
447 5362 765 5428 morsibus,
809 5361 865 5414 id
907 5364 1015 5427 est,
1048 5359 1265 5414 diaboli
1301 5359 1559 5415 stimulis
1603 5377 1717 5415 non
1743 5360 1827 5415 la-

182 5448 440 5503 nientur.
476 5449 677 5519 Neque
714 5450 869 5503 enim
901 5448 1011 5502 hoc
1060 5446 1233 5501 silere
1267 5448 1447 5502 debeo
1481 5449 1658 5519 (quod
1693 5465 1827 5503 cum

1934 3268 2201 3333 tentiam,
2234 3267 2317 3322 vel
2345 3273 2478 3323 ante
2508 3269 2911 3340 paenitentiam
2934 3271 3003 3326 ad
3039 3270 3352 3326 ministerii
3384 3274 3475 3328 sui
3507 3275 3588 3329 of-

1936 3356 2133 3410 ﬁcium
2167 3358 2421 3411 revocari
2450 3381 2463 3423 ;
2506 3358 2661 3427 quod
2693 3359 2936 3414 omnino
2968 3359 3372 3430 prohibemus,
3413 3366 3469 3416 et
3525 3362 3585 3417 in

1935 3445 2043 3499 hac
2076 3460 2134 3499 re
2164 3445 2546 3500 sacratissimi
2575 3463 2807 3517 quoque
2853 3463 3105 3503 canones
3148 3448 3584 3505 contradicunt.

1938 3534 2047 3597 Qui
2079 3549 2216 3605 ergo
2252 3539 2382 3604 post
2403 3541 2705 3606 acceptum
2734 3552 2965 3590 sacrum
2989 3537 3254 3591 ordinem
3296 3537 3497 3609 lapsus
3526 3538 3586 3593 in

1937 3627 2239 3693 peccatum
2272 3622 2467 3676 carnis
2492 3622 2665 3676 fuerit
2684 3639 2848 3678 sacro
2871 3623 3073 3678 ordine
3097 3624 3177 3678 ita
3203 3631 3397 3682 careat
3428 3631 3492 3682 ut
3512 3628 3584 3682 ad

1937 3709 2141 3765 altaris
2173 3710 2566 3765 ministerium
2600 3710 2847 3765 ulterius
2879 3727 2994 3765 non
3027 3714 3284 3771 accedat.

1938 3826 2069 3881 CAP.
2103 3828 2191 3879 79.
2229 3857 2295 3866 —
2318 3828 2388 3881 De
2409 3827 2615 3882 eodem.
2639 3826 2787 3882 Idem
2808 3827 3166 3884 Constantino
3186 3830 3588 3891 Mediolanensi

2378 3901 2625 3969 episcopo
2656 3899 2775 3968 (lib.
2804 3914 2878 3953 tv.
2911 3916 2995 3970 ep.
3026 3901 3139 3967 17.)

2009 4003 2605 4075 Jobinum[Jovinum]
2632 4006 2703 4059 de
2725 4009 2892 4075 portu
2916 4006 3159 4062 Veneris
3181 4010 3433 4078 quodam
3456 4012 3584 4066 dia-

1942 4108 2154 4146 conum
2188 4097 2244 4146 et
2276 4093 2545 4147 abbatem
2598 4110 2705 4148 suo
2736 4094 3101 4149 decrevimus
3128 4096 3475 4165 privandum
3500 4100 3587 4153 of-

1941 4180 2095 4247 ﬁcio,
2130 4183 2307 4251 atque
2339 4188 2402 4235 ut
2433 4181 2579 4235 alter
2608 4182 2667 4234 in
2717 4180 2841 4235 loco
2890 4181 3020 4249 ejus
3067 4182 3275 4237 debeat
3329 4186 3587 4242 ordinari

1941 4268 2312 4339 scripsimus.
2339 4269 2621 4324 Similiter
2645 4274 2701 4322 et
2728 4274 2845 4323 tres
2873 4268 3287 4338 subdiaconos,
3307 4289 3454 4344 quos
3479 4275 3593 4330 fra-

1940 4357 2188 4413 ternitas
2218 4362 2411 4413 vestra
2435 4356 2934 4429 lapsosinnotuit,
2994 4374 3027 4413 a
3076 4374 3181 4413 suo
3228 4376 3463 4434 semper
3490 4381 3586 4420 va-

1942 4462 2093 4516 care,
2128 4463 2194 4501 ac
2228 4447 2597 4502 decernimus
2628 4462 2757 4502 esse
2787 4446 3046 4518 privatos
3097 4447 3311 4518 ofﬁcio,
3369 4452 3585 4523 quibus

1859 4536 1905 4601 D
1935 4534 2080 4588 nihil
2112 4534 2269 4590 aliud
2333 4535 2445 4591 nisi
2500 4535 2654 4591 inter
2684 4535 2864 4591 laicos
2915 4552 3081 4592 sacra
3132 4540 3221 4592 est
3273 4541 3584 4610 praebenda

1942 4623 2298 4679 communio.

1942 4737 2073 4794 CAP.
2106 4740 2194 4793 80.
2228 4771 2295 4779 —
2330 4738 2476 4815 Idem
2528 4740 2591 4815 de
2622 4813 2628 4815 Α
2665 4740 2872 4796 eodem.
2905 4739 2983 4815 Ad
3012 4741 3264 4815 eumdem
3312 4745 3547 4815 (ibidem
3564 4766 3583 4809 ,-

2384 4813 2723 4883 principium
2743 4816 2824 4867 est
2849 4812 3129 4884 epistola).

2010 4916 2169 4982 (Dist.
2194 4917 2283 4981 50,
2315 4932 2361 4970 c.
2391 4915 2453 4970 Si
2479 4915 2691 4985 lapsis.)
2715 4915 2772 4971 Si
2804 4915 2987 4988 lapsis
3010 4917 3078 4971 ad
3112 4934 3287 4974 suum
3320 4922 3586 4979 ordinem

1941 5004 2263 5058 revertendi
2284 5003 2518 5059 licentia
2542 5006 2914 5070 concedatur,
2950 5005 3121 5076 vigor
3149 5008 3439 5064 canonicis
3464 5029 3590 5082 pro-

1942 5093 2034 5147 cul
2067 5093 2245 5147 dubio
2278 5093 2570 5163 frangitur
2600 5093 2913 5165 diciplinaa,
2937 5095 3078 5149 dum
3112 5112 3215 5166 pro
3242 5099 3591 5155 reversionis

1940 5197 2260 5251 spe,pravaa
2286 5181 2534 5236 actionis
2554 5182 2846 5238 desideria
2869 5182 3122 5253 quisque
3146 5185 3451 5255 concipere
3473 5204 3589 5243 non

1941 5270 2235 5324 formidat.
2269 5273 2343 5325 Et
2368 5280 2485 5340 post
2512 5288 2705 5342 pauca.
2739 5270 2889 5326 Illud
2932 5270 3112 5341 igitur
3143 5290 3261 5343 pra)
3313 5275 3588 5331 omnibus

1940 5358 2191 5426 studete,
2221 5367 2283 5411 ut
2322 5360 2520 5430 lapsos
2558 5360 2617 5413 in
2652 5376 2856 5415 surum
2882 5360 3147 5413 ordinem
3175 5360 3395 5415 nullius
3420 5362 3586 5419 vobis

1940 5447 2291 5517 supplicatio
2324 5449 2521 5519 aliquo
2553 5449 2725 5503 modo
2760 5462 3025 5503 revocare
3057 5450 3434 5514 suradeat,ne
3468 5450 3586 5507 hu-

184 5537 391 5609 grandi
418 5538 601 5592 animi
624 5537 865 5594 tristitia
884 5537 1031 5604 dico)
1065 5535 1397 5593 sacerdotes
1434 5555 1568 5593 cum
1594 5538 1827 5594 feminis
1930 5536 2196 5606 jusmodi
2222 5552 2335 5591 non
2359 5541 2597 5606 statuta,
2621 5538 2722 5593 sed
2747 5534 3146 5608 temporaliter
3174 5534 3353 5593 dilata
3378 5540 3582 5599 creda-

185 5625 453 5682 habitare
478 5627 795 5699 conspicio,
820 5627 977 5698 quod
1008 5624 1296 5681 nefarium
1320 5631 1407 5682 est
1436 5627 1627 5683 dicere
1654 5632 1712 5683 et
1726 5644 1827 5684 au-

1936 5627 2035 5681 tur
2064 5639 2192 5681 esse
2218 5625 2494 5681 vindicta.
