3960 6072
292 242 400 301 463

292 369 428 424 CAP.
460 366 548 420 81.
582 393 653 405 —-
681 362 817 418 Cum

347 439 622 494 habitare.
647 435 795 491 Idem
813 429 1144 506 Symmacho
1165 432 1438 501 defensori
1456 431 1576 499 (lib.
1599 446 1640 498 ι,
1659 445 1742 500 ep.
1764 429 1876 500 50).

366 545 535 616 (Dist.
569 541 661 609 81,
691 559 738 595 ιε.
776 537 1084 607 Volumus.)
1143 535 1430 591 Volumus
1491 537 1556 588 ut
1611 533 1942 588 sacerdotes

297 631 598 708 prohiberi
625 631 894 693 debeant,
929 644 1001 683 ne
1044 642 1174 681 cum
1209 625 1558 680 mulieribus
1592 638 1942 679 conversan-

301 728 420 789 tur,
452 724 690 792 excepta
721 719 1006 773 duntaxat
1036 720 1221 770 matre
1266 713 1356 768 vel
1386 730 1606 784 sorore,
1629 712 1716 768 vel
1767 727 1947 767 uxore

301 825 431 882 quae
459 811 616 864 caste
644 805 897 878 regenda
925 807 1032 859 est.

302 915 433 970 ΟΑΡ.
483 913 568 968 82.
617 941 690 955 -
719 913 835 967 Νοη
886 911 1016 981 ﬁeri
1070 909 1261 966 debere
1303 906 1949 981 reordinationessldem

370 987 572 1127 .έέίῖηηί
625 980 1216 1055 ερίδσοροᾘαυεηηαιί
1270 981 1432 1052 (1.11,
1485 980 1677 1036 indict.
1738 980 1826 1048 10,
1857 995 1944 1050 ep.

369 1161 518 1219 Illud
550 1162 706 1233 quod
729 1160 1028 1227 dicitis,ut
1049 1159 1146 1215 ille
1169 1159 1267 1230 qui
1290 1159 1597 1215 ordinatus
1619 1161 1707 1213 est
1732 1157 1947 1212 iterum

297 1251 623 1320 ordinetur,
654 1248 822 1305 valde
853 1248 1164 1304 ridiculum
1194 1253 1300 1303 est.
1335 1248 1493 1320 (Dist.
1526 1248 1617 1317 68,
1647 1263 1762 1318 cap.
1797 1246 1950 1301 Sicut

299 1339 514 1412 sanet.)
541 1339 702 1393 Sicut
730 1337 888 1392 enim
941 1336 1275 1408 baptizatus
1335 1335 1515 1391 semel
1575 1337 1787 1390 iterum
1845 1335 1948 1390 ba-

305 1428 514 1500 ptizari
547 1443 663 1482 non
692 1426 883 1494 debet,
909 1425 988 1480 ita
1011 1425 1110 1497 qui
1135 1428 1513 1480 consecratus
1540 1429 1630 1479 est
1658 1423 1859 1489 semel,
1891 1424 1950 1477 in

299 1519 505 1575 eodem
538 1516 742 1572 ordine
771 1531 888 1570 non
919 1514 1092 1569 debet
1121 1514 1336 1568 iterum
1371 1518 1721 1568 consecrari.
1756 1512 1866 1567 Sed
1900 1514 1952 1568 si

301 1607 437 1678 quis
467 1622 602 1662 cum
649 1604 758 1661 levi
790 1603 1038 1660 forsitan
1064 1602 1238 1674 culpa
1260 1603 1328 1657 ad
1353 1603 1744 1658 sacerdotium
1770 1601 1948 1671 venit,

301 1712 411 1768 pro
441 1694 616 1768 culpa
662 1693 841 1748 indici
890 1691 1237 1764 poenitentia
1276 1692 1468 1760 debet,
1494 1696 1551 1747 et
1579 1695 1776 1746 tamen
1810 1691 1950 1746 ordo

309 1784 550 1841 servari.

303 1910 438 1965 CAP.
465 1910 555 1964 83.
587 1938 657 1949 —
687 1913 766 1964 De
792 1907 1104 1978 presbytero
1134 1908 1230 1979 qui
1270 1914 1392 1977 post
1418 1906 1819 1977 depositionem
1870 1921 1952 1979 saf

373 1983 625 2050 crificare
679 1982 1108 2050 praesumpserit.
1149 1978 1315 2034 'Idem
1377 1979 1638 2033 Venantio
1713 1978 1955 2032 Lunensi

373 2055 619 2125 episcopo
649 2051 774 2122 (lib.
809 2068 884 2119 ιν,
917 2067 1001 2122 ep.
1032 2051 1111 2120 5).

369 2159 523 2232 (Dist.
549 2158 639 2228 50,
662 2175 710 2214 c.
737 2157 1360 2227 Accedens.)Accedens
1393 2156 1463 2212 ad
1495 2156 1825 2227 Gorgonem
1859 2154 1954 2208 in-

303 2247 500 2304 sulam
525 2247 860 2303 fraternitas
885 2251 1074 2303 vestra
1095 2245 1456 2317 discutiat,id
1484 2247 1636 2317 quod
1663 2246 1732 2301 ad
1757 2261 1862 2301 nos
1884 2245 1956 2299 de

303 2336 621 2392 Saturnino
642 2336 980 2409 presbytero
1029 2334 1123 2408 [ex
1173 2335 1453 2407 presbyt.]
1495 2339 1583 2390 est
1638 2333 1952 2405 perlatum.

303 2426 576 2488 Pervenit
606 2441 863 2496 namque
894 2425 966 2479 ad
1002 2441 1108 2480 nos
1140 2423 1299 2494 quia,
1331 2428 1647 2495 postquam
1697 2440 1800 2494 pro
1842 2422 1954 2477 cri-

307 2515 465 2570 mine
487 2513 691 2586 lapsus
718 2512 808 2569 sui
831 2530 864 2568 a
885 2511 1196 2569 sacerdotii
1215 2512 1419 2567 ordine
1440 2517 1531 2568 est
1562 2512 1847 2582 dejectus,
1881 2511 1952 2566 ad

307 2603 660 2676 explendum
678 2602 1024 2675 presbyterii
1050 2602 1445 2657 ministerium
1467 2600 1837 2673 praesumpsit
1858 2616 1952 2654 ac-

307 2693 530 2759 cedere,
551 2696 608 2747 et
628 2690 1018 2763 omnipotenti
1048 2693 1158 2746 Deo
1181 2691 1406 2746 hostias
1439 2689 1765 2745 immolare.
1791 2688 1952 2754 Quod

309 2781 357 2836 si
390 2781 473 2835 ita
501 2781 719 2835 factum
749 2779 1089 2835 fraternitas
1110 2785 1304 2835 vestra
1327 2778 1623 2850 repererit,
1645 2794 1777 2833 eum
1803 2776 1952 2832 sacri

308 2868 568 2940 corporis
587 2868 966 2939 etsanguinis
989 2868 1276 2923 Dominici
1293 2867 1742 2939 participatione
1767 2868 1954 2937 priva-

307 2961 436 3011 tum
458 2956 518 3010 in
550 2957 956 3027 paenitentiam
991 2956 1235 3028 redigat,
1267 2957 1345 3011 ila
1375 2961 1440 3011 ut
1472 2971 1662 3026 usque
1695 2956 1767 3008 ad
1797 2955 1951 3008 diem

310 3044 506 3100 obitus
536 3044 627 3100 sui
662 3045 720 3098 in
746 3048 947 3098 eadem
965 3044 1568 3100 excommunicatione
1591 3048 1950 3115 permaneat,

311 3139 368 3187 et
395 3132 670 3189 viaticum
704 3133 1114 3188 tantummodo
1135 3133 1325 3188 exitus
1349 3133 1438 3188 sui
1467 3137 1724 3204 tempore
1764 3132 1955 3203 perci-
1985 3115 2026 3182 C

314 3222 452 3294 piat.
488 3221 586 3278 Sin
612 3225 809 3278 autem
843 3238 977 3277 eum
1009 3222 1184 3276 talem
1217 3221 1617 3292 paenitentiam
1647 3235 1818 3291 agere
1850 3221 1957 3276 fra-

311 3310 560 3368 ternitas
593 3316 694 3367 tua
723 3311 1062 3384 cognoverit
1093 3319 1154 3366 ut
1184 3312 1235 3366 ei
1265 3313 1426 3382 juste
1457 3312 1528 3366 ad
1563 3310 1958 3382 recipiendam

316 3399 792 3457 communionem
827 3401 982 3455 inter
1011 3399 1216 3466 laicos,
1255 3405 1311 3455 et
1342 3405 1478 3456 ante
1501 3401 1722 3456 exitum
1751 3399 1961 3454 debeat

321 3490 606 3554 misereri,
622 3489 730 3545 hoc
746 3490 807 3544 in
825 3494 941 3544 tute
955 3489 1340 3545 fraternitatis
1353 3490 1630 3562 ponimus
1651 3493 1957 3560 potestate.

323 3616 451 3668 CAP.
482 3614 572 3687 84.
605 3643 675 3654 —-
706 3613 856 3682 Quod
875 3629 999 3686 quae
1015 3614 1128 3687 fuit
1159 3631 1304 3670 uxor
1323 3615 1573 3686 legitima
1593 3615 1819 3671 diaconi
1846 3630 1959 3668 non

387 3683 559 3756 possit
584 3687 788 3758 nubere
815 3683 1180 3743 alterifldem
1207 3683 1411 3744 Joanni
1451 3690 1697 3758 episcopo
1746 3693 1961 3742 Panor-

388 3757 742 3829 mitanoUib.
774 3774 836 3825 ιι,
868 3774 952 3830 ep.
993 3759 1107 3827 62).

387 3866 593 3936 Itaque
611 3864 874 3935 pervenit
894 3865 964 3920 ad
981 3881 1086 3920 nos
1105 3864 1413 3920 Fantinum
1435 3864 1752 3937 [Fotinum]
1769 3865 1963 3920 defen-

313 3968 503 4008 sorem
545 3951 828 4028 ultionem
869 3968 1135 4008 exercere
1177 3953 1235 4007 in
1269 3953 1504 4009 Petrum
1536 3954 1778 4009 latorem
1812 3970 1960 4024 pra!-

311 4042 563 4098 sentium
595 4041 873 4110 voluisse,
906 4058 1010 4114 pro
1043 4058 1110 4098 eo
1159 4042 1314 4112 quod
1364 4042 1679 4114 (quantum
1721 4042 1959 4111 dicitur)

308 4131 576 4187 relictam
601 4132 912 4202 cujusdam
937 4131 1193 4195 diaconi,
1217 4136 1481 4203 tempore
1504 4148 1619 4202 quo
1642 4132 1962 4186 conductor

306 4219 517 4288 fuerat,
546 4222 758 4276 marito
781 4219 1110 4276 tradiderit.
1155 4221 1266 4275 Sed
1300 4221 1576 4292 quoniam
1611 4222 1722 4276 iste
1753 4222 1960 4291 conju-

307 4323 439 4377 gem
465 4309 920 4364 diaconiasserit
942 4325 1058 4365 non
1083 4309 1286 4378 fuisse,
1308 4310 1507 4365 dicens
1529 4326 1633 4366 nec
1663 4309 1821 4365 illam
1847 4311 1960 4364 vir-

1368 239 1437 289 D.
1477 234 1716 288 IVONIS
1753 232 2252 289 CARNOTENSIS
2287 221 2610 294 EPISCOPI

867 361 1061 432 quibus
1087 361 1331 434 feminis
1375 357 1679 434 sacerdotes
1720 355 1931 434 pqssint
1960 356 2008 424 Α
2041 364 2376 429 prnsurust,
2410 378 2514 418 nec
2545 362 2694 419 falsa
2721 361 2893 418 illum
2943 361 3242 419 accusatio
3289 363 3444 434 apud
3476 377 3610 419 eum
3645 363 3714 418 in

3596 235 3717 291 464

2054 445 2249 518 aliquo
2282 456 2617 523 praegravat.

2054 588 2186 664 CAP.
2221 592 2409 664 85η-
2440 593 2719 661 Quomodo
2750 595 2895 662 lapsi
2922 594 3132 664 possint
3161 595 3404 649 restitui.
3438 593 3587 649 Idem
3625 594 3714 648 ad

2124 661 2499 806 iscugginum
2526 681 2743 720 servum
2769 661 2872 721 Dei
2902 661 3180 756 inclusum
3209 665 3330 736 (tib.
3359 682 3459 732 vn,
3496 665 3615 720 ind.
3647 669 3710 736 2,

2127 859 2286 927 (Dist.
2339 861 2430 926 50,
2485 877 2531 916 c.
2595 861 2737 930 Quia
2773 862 3038 917 sanctitas
3070 861 3211 932 tua.)
3259 862 3556 918 Sanctitas
3607 865 3720 917 tua

2057 949 2161 1004 hoc
2191 966 2224 1004 a
2255 950 2422 1004 nobis
2454 950 2758 1020 requisivit
2805 955 2868 1005 ut
2914 950 3022 1005 tibi
3070 950 3453 1006 rescriberem
3511 951 3582 1006 de
3627 968 3722 1005 sa-

2057 1037 2335 1093 cerdotali
2366 1038 2559 1093 ofﬁcio
2582 1043 2713 1109 post
2741 1038 2975 1110 lapsum
2999 1039 3368 1110 resurgendi,
3394 1040 3535 1094 dum
3560 1040 3718 1095 dicis

2059 1128 2129 1182 de
2152 1127 2260 1182 hoc
2283 1143 2537 1182 canones
2568 1127 2828 1183 diversos
2849 1131 2907 1183 te
2926 1127 3549 1200 legisse,diversasque
3577 1145 3718 1185 sen-

2057 1215 2445 1283 tentias,alias
2469 1216 2838 1288 resurgendi,
2855 1215 3002 1271 alias
3021 1217 3578 1288 nequaquam.Nam
3602 1234 3720 1274 nos

2060 1304 2408 1376 generaliter
2433 1321 2465 1358 a
2496 1307 2718 1376 synodo
2746 1305 2978 1361 Nicena
3011 1305 3554 1376 incipientes,hanc
3577 1323 3718 1362 cum

2060 1392 2303 1464 reliquis
2341 1397 2596 1465 quatuor
2616 1409 2989 1460 veneramur,
3023 1410 3153 1465 quae
3184 1395 3375 1467 ipsam
3401 1400 3725 1467 sequentes

2060 1483 2118 1537 in
2152 1483 2380 1536 cunctis
2401 1481 2708 1537 sententiis
2731 1482 3042 1538 unanimes
3061 1484 3560 1540 concordant.Nos
3577 1501 3721 1557 ergo

2061 1571 2454 1642 praecedentes
2500 1575 2701 1625 Patres
2751 1571 3080 1642 sequimur,
3114 1572 3216 1644 qui
3267 1577 3504 1628 auctore
3537 1577 3652 1628 Deo
3689 1590 3724 1628 a

2063 1674 2232 1713 sacra
2261 1658 2530 1712 doctrina
2561 1656 2798 1713 illorum
2835 1675 2948 1714 non
2980 1659 3413 1715 discordamus.
3446 1663 3491 1715 A
3523 1661 3724 1733 capite

1985 1752 2030 1816 Β
2062 1747 2261 1817 itaque
2282 1745 2632 1817 incipientes
2662 1762 2851 1818 usque
2882 1747 2939 1801 in
2975 1752 3249 1818 quartum
3283 1747 3486 1805 altaris
3531 1749 3718 1804 mini-

2063 1841 2252 1891 strum
2287 1836 2438 1890 hanc
2493 1835 2738 1890 formam
2780 1838 3125 1892 servandam
3173 1837 3607 1908 cognoscimus,
3660 1847 3730 1895 ut

2063 1938 2239 1994 quem
2266 1924 2555 1978 minorem
2583 1923 2772 1994 major
2803 1924 3077 1994 praecedit
3099 1923 3253 1980 sicut
3284 1931 3374 1980 est
3404 1926 3596 1996 major
3617 1925 3729 1984 ho-

2065 2031 2209 2070 nore
2239 2015 2322 2068 ita
2354 2017 2430 2071 sit
2461 2016 2519 2072 in
2554 2017 2837 2083 crimine;
2875 2022 2932 2070 et
2977 2032 3151 2087 quem
3209 2017 3402 2087 major
3448 2016 3728 2088 sequitur

2065 2102 2258 2174 culpa,
2292 2104 2479 2174 major
2511 2105 2560 2160 ei
2592 2105 2932 2176 implicetur
2976 2105 3266 2170 vindicta,
3314 2110 3372 2160 et
3403 2104 3486 2160 sic
3523 2109 3736 2177 postea

2063 2191 2408 2264 poenitentia
2431 2194 2705 2249 credatur
2733 2209 2861 2249 esse
2889 2193 3364 2257 fructuosa.Quid
3396 2195 3554 2250 enim
3580 2210 3724 2266 pro-

2064 2282 2194 2336 dest
2214 2279 2474 2336 triticum
2503 2282 2828 2352 seminare,
2858 2286 2915 2336 et
2945 2282 3202 2337 fructum
3239 2284 3368 2354 ejus
3389 2299 3504 2339 non
3554 2282 3731 2338 colli-

2064 2370 2236 2441 gere?
2256 2374 2372 2424 Aut
2401 2371 2643 2426 domum
2677 2375 3038 2439 construere,
3066 2375 3257 2426 etnon
3283 2370 3403 2427 illic
3426 2371 3732 2426 habitare?

2062 2458 2201 2514 Post
2217 2457 2452 2531 dignam
2476 2460 2630 2515 enim
2660 2461 3122 2516 satisfactionem
3152 2460 3448 2516 credimus
3480 2461 3725 2533 lapsum

2064 2563 2240 2618 posse
2273 2547 2462 2602 redire
2493 2549 2562 2602 ad
2587 2548 2892 2617 honorem,
2929 2548 3213 2620 Propheta
3254 2548 3482 2604 dicente
3511 2564 3524 2601 :
3558 2554 3727 2606 Nun-

2063 2634 2194 2705 quid
2223 2637 2319 2708 qui
2347 2635 2492 2691 cadit
2536 2653 2645 2691 non.
2703 2637 2931 2706 adiiciet
2962 2642 3023 2690 ut
3071 2636 3360 2708 resurgat?
3391 2634 3571 2708 (Psal.
3611 2637 3733 2706 XL.)

2062 2725 2130 2778 Et
2160 2726 2261 2795 qui
2289 2741 2513 2779 aversus
2545 2728 2644 2796 est,
2691 2742 2802 2781 non
2859 2729 3112 2781 revertur
3133 2729 3157 2778 ?
3203 2725 3341 2797 (Jer.
3383 2725 3532 2795 vm.)
3563 2725 3735 2780 Idem

2064 2814 2348 2884 peccatori
2383 2814 2508 2868 ait:
2546 2814 2606 2868 In
2659 2830 3012 2886 quacunque
3061 2815 3154 2869 die
3197 2829 3516 2870 conversus
3560 2815 3730 2885 inge-

2064 2903 2287 2956 mueris
2319 2906 2458 2956 tunc
2481 2901 2677 2961 salvus
2717 2903 2832 2957 eris
2876 2903 3089 2974 (Ezech.
3123 2902 3304 2974 xvm).
3339 2901 3505 2958 Unde
3550 2902 3724 2958 Psal-

2064 2989 2240 3044 mista
2263 2990 2343 3044 ait
2375 3006 2387 3043 :
2416 2990 2516 3045 Cor
2542 2991 2812 3046 mundum
2841 3007 2968 3046 crea
2999 2992 3060 3045 in
3090 3007 3175 3046 me
3196 2993 3353 3059 Deus,
3378 2999 3430 3046 et
3459 2992 3723 3063 spiritum

2064 3083 2275 3134 rectum
2305 3081 2506 3134 innata
2537 3081 2596 3134 in
2631 3081 2932 3135 visceribus
2965 3082 3125 3136 meis.
3159 3083 3239 3136 Ne
3274 3080 3533 3151 projieias
3563 3096 3657 3136 me
3688 3098 3726 3136 a

2065 3170 2210 3240 facie
2233 3176 2327 3223 tua
2344 3169 2518 3238 (Psal.
2561 3169 2622 3240 1),
2646 3173 2757 3224 etc.
2798 3169 3060 3225 Alienam
3113 3170 3328 3241 quippe
3361 3186 3456 3225 rex
3495 3173 3553 3224 et
3585 3186 3723 3241 pro-

2069 3255 2245 3328 pheta
2276 3257 2544 3328 rapuisse
2585 3273 2646 3312 se
2691 3275 2930 3313 uxorem
2962 3259 3336 3315 tremefactus
3365 3258 3618 3330 expavit.
3654 3260 3727 3314 Et

2069 3343 2356 3414 Propheta
2377 3345 2671 3402 indicante
2689 3345 2984 3418 ﬂagitium
3012 3364 3211 3415 suum,
3235 3352 3293 3402 et
3315 3348 3728 3418 pcenitentiam

2069 3435 2464 3505 agens,addit:
2491 3435 2666 3491 Redde
2685 3436 3102 3493 mihelaetitiam
3116 3437 3495 3492 Salutaristui
3508 3437 3699 3510 (ibid.)
3713 3480 3729 3506 ,

2070 3526 2177 3578 etc.
2202 3524 2258 3577 Si
2279 3523 2436 3578 enim
2462 3523 2588 3596 ipse
2619 3525 2861 3597 dignam
2904 3531 3012 3581 Deo
3047 3527 3450 3598 paenitentiam
3485 3543 3601 3582 non
3633 3527 3726 3583 fe-

2070 3611 2266 3679 cisset,
2301 3629 2672 3685 nequaquam
2717 3614 2849 3670 aliis
2869 3616 3238 3686 praedicaret?
3273 3616 3367 3672 Ait
3407 3617 3596 3673 enim:
3621 3618 3730 3672 Do-

2067 3701 2189 3756 cebo
2220 3702 2439 3772 iniquos
2469 3711 2589 3756 tuus
2613 3703 2957 3775 vias(ibid.).
2976 3703 3124 3759 Dum
3159 3703 3315 3760 enim
3352 3709 3594 3778 peccata
3618 3722 3734 3762 sua

2070 3790 2363 3862 perspexit
2392 3805 2496 3861 per
2519 3792 2923 3862 paenitentiam
2955 3793 3256 3859 mundata,
3283 3810 3400 3849 non
3433 3793 3734 3850 dubitavit

2069 3877 2439 3949 praedicando
2475 3879 2762 3947 castigare
2782 3882 2880 3953 [αἱ.
2919 3886 3141 3951 curare]
3166 3881 3376 3937 aliena.
3413 3883 3477 3937 Et
3511 3883 3595 3938 sic
3626 3900 3728 3937 sa-

2069 3967 2352 4022 criﬁcium
2370 3968 2439 4023 de
2455 3968 2770 4039 semetipso
2790 3970 2996 4026 offerre
3018 3970 3134 4026 Deo
3149 3971 3379 4026 studuit
3398 3988 3533 4027 cum
3553 3971 3727 4027 dixit:

2069 4056 2421 4129 Sacriﬁcium
2450 4058 2555 4112 Deo
2586 4057 2792 4129 (ibid.),
2827 4065 2935 4114 etc.
2961 4061 3045 4114 Ad
3071 4059 3189 4114 haec
3213 4059 3328 4115 ista
3361 4061 3726 4129 sufﬁcerent,

2070 4147 2171 4201 sed
2200 4147 2394 4201 omnis
2418 4147 2710 4202 sententia
2732 4164 2848 4218 quo
2894 4147 3027 4220 plus
3060 4165 3237 4204 sacrm
3263 4147 3575 4220 Scriptura
3607 4156 3731 4204 tes-

2070 4235 2331 4290 timoniis
2382 4235 2788 4300 conﬁrmatur,
2850 4236 3080 4292 facilius
3130 4237 3405 4292 creditur.
3469 4237 3550 4292 De
3611 4237 3726 4294 hoc

2069 4325 2226 4379 enim
2261 4324 2543 4395 propheta
2577 4324 2745 4380 dicit:
2780 4325 2912 4381 Nolo
2943 4335 3170 4381 mortem
3194 4328 3519 4397 peccatoris,
3539 4327 3642 4382 sed
3675 4336 3738 4383 ut

307 4396 502 4467 ginem
527 4397 598 4451 ad
631 4413 766 4451 eum
794 4397 1046 4463 venisse,
1082 4399 1336 4470 denique
1358 4416 1464 4454 nec
1505 4398 1836 4470 religiosam
1862 4417 1947 4456 ve-

2125 4415 2418 4468 ‘nvertatur
2464 4415 2514 4468 et
2560 4414 2709 4468 vivat
2744 4413 2958 4482 (Exech.
2991 4415 3173 4486 xvm).
3197 4396 3287 4471 iDe
3318 4414 3450 4483 hoc,
3478 4432 3730 4487 peccan-

308 4488 458 4539 stem
478 4488 1085 4557 mutasse,postquam
1107 4486 1205 4542 ille
1229 4487 1290 4542 in
1313 4488 1516 4543 ordine
1539 4505 1704 4545 sacro
1727 4506 1947 4561 promo-

2125 4503 2224 4556 bus
2251 4501 2471 4556 dicitur
2498 4517 2509 4556 :
2545 4506 2835 4573 peccator,
2869 4503 2927 4557 in
2959 4484 3310 4574 quacunque
3357 4503 3451 4558 die
3481 4519 3729 4559 conver-

305 4577 403 4626 tus
429 4573 833 4643 est,adjiciens
855 4577 912 4628 et
938 4575 1282 4646 priusquam
1298 4578 1368 4632 ad
1393 4577 1770 4634 diaconatum
1794 4580 1952 4634 veni-

303 4665 413 4728 ret,
447 4665 504 4716 et
547 4665 957 4734 postea,prava
996 4663 1159 4720 illam
1202 4665 1477 4738 opinione
1525 4667 1739 4723 vixisse
1773 4685 1784 4722 :
1823 4669 1950 4723 ideo

303 4750 731 4806 fraternitatem
764 4754 927 4806 tuam
955 4752 1048 4808 his
1066 4752 1375 4809 hortamur
1400 4755 1695 4822 affatibus,
1719 4760 1784 4812 ut
1813 4773 1950 4812 cum

304 4839 405 4893 Dei
427 4839 602 4909 (sicut
624 4839 811 4913 decet)
825 4840 1034 4897 timore
1057 4859 1297 4899 causam
1321 4843 1471 4900 hanc
1488 4845 1688 4900 subtili
1708 4847 1948 4903 omnino

303 4926 753 4999 investigatione
784 4929 1115 5001 perquiras,
1143 4935 1200 4986 et
1230 4931 1280 4987 si
1320 4932 1378 4987 in
1417 4934 1686 5007 conjugio
1719 4935 1947 4991 diaconi

305 5015 612 5072 mulierem
637 5017 708 5073 de
728 5034 845 5089 qua
865 5017 1059 5090 agitur
1080 5019 1262 5076 fuisse
1283 5022 1628 5094 constiterit,
1653 5028 1709 5080 et
1741 5041 1946 5096 supra-

305 5104 564 5177 scriptus
586 5105 737 5161 lator
767 5112 1090 5163 memorato
1113 5109 1404 5165 defensori
1439 5114 1496 5166 et
1527 5113 1732 5167 rectori
1767 5117 1946 5185 patri-

304 5193 490 5250 monii
521 5195 1064 5267 [patrimonasterii]
1091 5198 1162 5252 ad
1195 5198 1509 5254 vindictam
1544 5202 1735 5257 modis
1757 5203 1946 5260 omni-

303 5285 416 5341 bus
443 5285 794 5354 tradatur,et
811 5302 945 5341 cum
978 5287 1751 5359 competentiemendatione
1767 5291 1827 5346 hi
1846 5293 1947 5363 qui

306 5373 457 5430 maie
480 5374 686 5431 sociati
708 5378 850 5432 sunt
871 5375 1390 5449 disjungantur.Si
1416 5394 1547 5434 vero
1568 5379 1621 5434 in
1649 5380 1776 5451 ejus
1809 5398 1946 5437 con-

298 5462 462 5534 jugis
494 5481 612 5520 non
634 5464 828 5535 fuerit,
866 5470 1260 5524 memoratum
1283 5468 1620 5539 Fantinum,
1649 5485 1717 5524 ex
1747 5475 1946 5528 nostro

306 5552 583 5608 mandato
605 5571 976 5612 commonere
1006 5563 1061 5614 te
1092 5556 1382 5627 volumus,
1419 5562 1481 5616 ut
1509 5558 1560 5614 ei
1594 5559 1780 5616 facere
1801 5559 1945 5616 nihil

2061 4607 2164 4645 sus
2195 4589 2575 4662 ingemuerit,
2610 4606 2817 4646 omnes
2878 4591 3229 4662 iniquitates
3261 4593 3391 4662 ejus
3422 4592 3480 4647 in
3507 4591 3730 4648 oblivio

2062 4694 2194 4733 nem
2227 4678 2553 4734 tradentur.
2587 4678 2646 4734 Si
2673 4679 2832 4734 enim
2859 4678 3216 4751 Redemptor
3242 4685 3443 4736 noster
3465 4680 3566 4751 qui
3591 4697 3727 4753 pec-

2061 4771 2287 4822 catores
2317 4783 2430 4821 non
2454 4767 2720 4836 perdere,
2760 4767 2860 4823 sed
2886 4768 3208 4838 iustiﬁcare
3239 4769 3398 4824 venit
3428 4769 3583 4839 (Luc.
3616 4771 3728 4842 ιι),

2059 4853 2118 4909 in
2149 4853 2438 4911 oblivione
2482 4855 2693 4910 delicta
2725 4857 3100 4927 peccantium
3141 4856 3497 4929 derelinquit
3529 4874 3543 4913 :
3571 4859 3716 4929 quis

2056 4943 2367 4999 hominum
2386 4945 2835 5000 condemnanda
2853 4950 3124 5016 reservet,
3141 4962 3277 5001 cum
3301 4946 3444 5000 dicit
3459 4948 3722 5016 Aposto-

2058 5031 2151 5088 lus
2176 5050 2188 5088 :
2212 5032 2270 5088 St
2290 5033 2428 5087 Deus
2451 5033 2752 5105 justiﬁcat,
2779 5036 2902 5103 quis
2933 5037 3014 5088 est
3034 5035 3133 5104 qui
3161 5034 3511 5090 condemnet?
3535 5039 3723 5102 (Rom.
3749 5105 3752 5108 ξ

2058 5121 2202 5192 vm).
2234 5122 2313 5177 Ad
2341 5123 2560 5196 foptem
2585 5121 3007 5176 misericordiae
3036 5128 3404 5179 recurrentes
3425 5123 3728 5196 evangeli-

2059 5225 2185 5264 cam
2212 5209 2571 5280 proferamus
2604 5209 2976 5263 sententiam.
3013 5207 3248 5280 Gaudeo,
3299 5211 3514 5283 inquit,
3557 5227 3729 5282 super

2057 5314 2165 5353 uno
2190 5301 2471 5369 peccatore
2497 5297 2880 5368 paenitentiam
2912 5301 3126 5367 agente,
3156 5299 3336 5370 magis
3360 5316 3526 5370 quam
3555 5317 3729 5372 super

2057 5387 2357 5456 nonaginta
2384 5401 2577 5440 novem
2625 5387 2789 5456 iustis
2818 5386 2915 5457 qui
2945 5403 3059 5442 non
3090 5387 3344 5456 indigent
3390 5389 3726 5459 paenitentia

2057 5476 2207 5547 (Luc.
2267 5477 2406 5546 xv):
2467 5479 2524 5530 et
2571 5490 2736 5532 ovem
2798 5475 3089 5548 perditam
3149 5479 3430 5550 nonagita
3496 5494 3719 5535 novem

2057 5581 2173 5620 non
2221 5563 2556 5620 errantibus
2630 5564 2871 5635 relictis,
2947 5564 3007 5622 in
3092 5565 3337 5623 humero
3394 5569 3724 5639 reportavit
