3994 6052
290 288 403 342 465

1366 295 1676 348 DECRETI
1714 292 1900 345 PARS
1937 288 2030 341 VI.
2066 315 2131 324 —-
2171 288 2267 338 DE
2305 287 2642 340 CLERlClS.

3601 291 3706 344 466

286 415 360 469 ad
397 414 544 471 ovile
571 414 775 487 (ibid).
797 416 853 470 Si
886 416 1011 473 ovis
1042 433 1246 474 errans
1276 422 1410 490 post
1440 418 1835 475 inventionem
1867 414 1938 470 ad
1969 414 2022 481 Α
2055 415 2487 477 tronarum,aut
2511 411 2655 466 forte
2680 426 2781 481 per
2807 410 3049 467 clericos
3082 413 3183 466 aut
3204 412 3555 470 domesticos
3578 417 3708 486 ejus

286 504 435 559 ovile
466 506 710 560 humero
744 510 1096 577 reportatur,
1133 524 1236 562 cur
1268 508 1470 579 lapsus
1504 513 1637 580 post
1669 505 1948 578 paeniten-

286 594 432 648 tiam
448 596 518 649 ad
536 595 929 650 ministerium
948 614 1059 651 non
1076 598 1352 652 vocetur?
1374 597 1518 661 Quid
1544 602 1633 652 est
1653 612 1789 667 ergo
1811 611 1946 665 gra-

284 683 416 737 vius
446 688 548 736 aut
578 683 814 739 carnale
844 685 1122 741 delictum
1143 686 1618 757 admittere(sine
1641 701 1757 756 quo
1776 682 1944 755 pauci

284 771 689 842 inveniuntur)
713 777 816 827 aut
837 774 937 829 Dei
963 774 1173 830 Filium
1191 776 1577 846 jurejurando
1602 773 1852 845 negare?
1882 772 1943 826 ln

285 876 403 931 quo
434 866 669 931 peccato
702 863 804 930 [αι.
832 862 1027 933 verbo]
1061 864 1254 935 ipsum
1288 864 1609 935 principem
1644 861 1943 934 apostolo-

284 966 416 1004 rum
451 950 688 1007 beatum
724 952 957 1007 Petrum
985 953 1079 1023 (ad
1111 955 1283 1023 cujus
1310 950 1941 1025 nunccorpusindigni

282 1039 579 1111 sedemus)
610 1039 843 1111 lapsum
878 1058 1006 1097 esse
1036 1042 1592 1113 cognoscimus.Sed
1621 1045 1750 1112 post
1772 1056 1943 1111 nega-

283 1126 505 1182 tionem
538 1128 882 1199 pcenitentia
910 1134 1106 1184 secuta
1132 1136 1240 1200 est,
1273 1134 1329 1186 et
1370 1136 1502 1202 post
1536 1129 1937 1202 paenitentiam

282 1216 689 1272 misericordia
720 1218 857 1272 data
893 1222 981 1274 est
1012 1219 1150 1290 quia
1175 1219 1339 1274 illum
1373 1220 1443 1275 ab
1466 1219 1795 1291 apostolatu
1821 1234 1936 1271 non

279 1305 511 1373 dejecit,
545 1322 719 1376 quem
753 1314 887 1362 ante
916 1308 1179 1378 seipsum
1241 1314 1596 1380 negaturum
1628 1324 1755 1363 esse
1788 1323 1938 1378 prse-

278 1394 446 1448 dixit.
478 1394 605 1447 Tibi
639 1394 780 1463 haec,
818 1395 899 1449 fili
931 1397 1301 1467 charissima,
1334 1398 1487 1453 dicta
1520 1397 1838 1464 sufﬁciant,
1873 1400 1938 1450 ut

277 1481 443 1537 illum
471 1499 642 1552 quem
676 1484 969 1555 conspicis
997 1485 1209 1540 delicta
1240 1486 1376 1541 fletu
1410 1486 1652 1552 diluere,
1689 1503 1802 1541 non
1831 1485 1939 1539 du-

276 1569 503 1626 bitesin
522 1578 834 1643 conspectu
870 1573 1194 1627 divinitatis
1231 1575 1693 1630 misericordiam
1726 1590 1933 1629 conse-

276 1659 556 1731 qui,quia
588 1660 816 1715 nullum
853 1667 1190 1732 peccantem
1224 1680 1520 1719 reversum
1553 1662 1931 1734 despicit,qui

273 1752 609 1818 peccatores
643 1766 749 1804 suo
777 1750 1067 1821 sanguine
1100 1751 1387 1807 redimere
1415 1752 1589 1807 venit.

271 1845 406 1899 CAP.
438 1845 528 1899 86.
564 1874 631 1885 -—
664 1845 805 1913 Quid
832 1848 1121 1914 agendum
1149 1847 1222 1902 sit
1253 1848 1318 1902 de
1344 1848 1558 1903 clericis
1588 1850 1931 1904 incontinen-

343 1916 508 1969 tibus.
536 1916 713 1991 _ldem
770 1920 1083 1988 Augustino
1140 1918 1390 1990 episcopo
1436 1922 1806 1991 (responsione
1850 1920 1929 1976 ad

344 1987 649 2042 secundum
680 1987 910 2058 August.
944 1987 1473 2061 interrogationem).

342 2076 508 2145 (Dist.
541 2076 632 2145 32,
665 2093 711 2132 c.
744 2077 805 2132 Si
834 2079 929 2148 qui
952 2086 1081 2133 sunt
1108 2079 1344 2150 clerici.)
1377 2080 1433 2133 Si
1478 2079 1579 2151 qui
1627 2084 1766 2136 sunt
1812 2078 1925 2135 cle-

269 2163 371 2218 rici
402 2169 565 2220 extra
595 2182 792 2221 sacros
823 2166 1058 2222 ordines
1084 2168 1528 2240 constituti,qui
1548 2185 1608 2223 se
1628 2169 1927 2224 continere

266 2269 382 2307 non
418 2258 685 2325 possunt,
711 2255 907 2310 sortiri
932 2272 1141 2311 uxores
1164 2257 1396 2323 debent,
1418 2261 1473 2312 et
1504 2258 1795 2328 stipendia
1816 2274 1925 2313 sua

266 2342 522 2398 exterius
575 2344 855 2415 accipere.
889 2344 1035 2407 Quia
1067 2349 1123 2399 et
1154 2346 1224 2399 de
1259 2346 1480 2401 eisdem
1526 2346 1816 2414 Patribus,
1851 2346 1921 2401 de

266 2431 482 2501 quibus
516 2432 741 2503 prmfati
774 2449 1005 2500 sumus,
1028 2433 1299 2489 novimus
1331 2435 1640 2504 scriptum,
1665 2435 1817 2505 quod
1840 2434 1925 2488 di-

262 2520 573 2575 videbatur
603 2521 851 2591 singulis
887 2527 1061 2593 prout
1092 2523 1304 2593 cuique
1335 2540 1484 2595 opus
1516 2530 1637 2579 erat
1670 2524 1801 2593 (Act.
1820 2523 1916 2593 ιν).

262 2608 342 2663 De
372 2625 571 2664 eorum
607 2626 840 2681 quoque
874 2610 1056 2682 [ergo]
1091 2612 1382 2683 stipendio
1414 2612 1793 2681 cogitandum
1832 2616 1919 2666 at-

263 2714 374 2768 que
408 2698 829 2769 providendum
883 2704 993 2765 est,
1028 2708 1077 2754 et
1111 2701 1221 2755 sub
1274 2699 1670 2756 ecclesiastica
1718 2700 1919 2773 regula

260 2791 401 2841 sunt
432 2787 688 2851 tenendi,
714 2791 777 2841 ut
808 2788 978 2843 bonis
1012 2789 1277 2845 moribus
1307 2788 1523 2855 vivant,
1548 2793 1606 2843 et
1638 2790 1915 2846 canendis

262 2874 509 2946 psalmis
543 2875 873 2948 invigilant,
898 2882 956 2932 et
987 2878 1059 2932 ab
1091 2878 1366 2933 omnibus
1397 2877 1617 2932 illicitis
1649 2882 1705 2933 et
1733 2884 1915 2947 cor,et

258 2962 543 3035 linguam,
575 2975 629 3020 et
662 2981 874 3037 corpus
910 2967 1020 3021 Deo
1052 2971 1287 3022 auctore
1318 2970 1680 3023 conservent.

257 3063 387 3116 CAP.
420 3062 510 3117 87.
542 3092 612 3102 —
644 3064 716 3136 Ut,
734 3064 1083 3136 incontinens
1118 3065 1403 3136 presbyter
1448 3081 1558 3121 non
1609 3065 1909 3121 ministret.

686 3135 935 3189 Clemens
967 3137 1027 3191 in
1051 3135 1288 3190 secunda
1316 3137 1476 3207 epist.

328 3222 414 3276 Ad
471 3222 773 3279 Dominica
803 3228 999 3279 autem
1036 3224 1362 3280 ministeria
1408 3225 1553 3281 tales
1593 3226 1907 3299 eligantur,

260 3310 357 3381 qui
390 3314 523 3366 ante
546 3311 974 3367 ordinationem
997 3314 1276 3385 conjuges
1296 3331 1434 3369 suas
1454 3316 1909 3379 noverint.Quod

259 3398 308 3452 si
342 3403 475 3469 post
505 3400 933 3455 ordinationem
970 3401 1240 3456 ministro
1271 3403 1577 3475 contigerit
1610 3405 1911 3475 proprium

254 3486 530 3542 invadere
561 3488 752 3543 cubile
786 3488 1006 3558 uxoris,
1040 3491 1279 3545 sacrarii
1317 3508 1429 3546 non
1463 3491 1635 3546 intret
1683 3492 1912 3558 limina,

258 3592 361 3630 nec
394 3575 667 3630 sacriﬁcii
699 3578 946 3648 portitor
978 3578 1098 3647 fiat,
1135 3595 1238 3633 nec
1271 3579 1452 3634 altare
1479 3580 1913 3652 contingat,nec

256 3665 329 3719 ab
365 3665 744 3720 offerentibus
778 3665 1101 3721 holocausti
1122 3666 1477 3722 oblationem
1497 3669 1913 3740 suscipiat,nec

254 3754 325 3807 ad
374 3753 656 3809 Dominici
724 3755 981 3825 corporis
1040 3756 1427 3827 portationem
1489 3758 1761 3825 accedat;
1815 3760 1913 3813 sed

254 3858 471 3912 aquam
505 3847 733 3897 tantum
770 3844 1138 3899 sacerdotum
1174 3846 1449 3900 manibus
1475 3846 1912 3916 porrigat,ostia

255 3929 353 4000 [aL
386 3946 488 3985 nec
523 3948 738 4002 aquam
772 3932 1177 3988 sacerdotibus
1211 3950 1365 4005 porr.
1398 3935 1469 3988 ad
1519 3952 1750 3989 manus.
1785 3934 1907 4006 0s.)

257 4019 584 4075 forinsecus
617 4018 871 4089 claudat,
906 4020 1134 4076 minora
1184 4026 1369 4093 gestet
1417 4022 1630 4093 ofﬁcia,
1664 4038 1905 4078 urceum

255 4124 398 4163 sane
430 4109 499 4163 ad
537 4108 718 4163 altare
752 4114 1028 4181 suggerat
1059 4110 1153 4180 [al.
1189 4111 1309 4166 sive
1349 4110 1589 4168 calicem
1623 4113 1695 4167 ad
1727 4112 1911 4168 altare

257 4214 372 4251 non
401 4197 687 4268 sufferat].

255 4298 391 4350 CAP.
416 4294 507 4348 88.
533 4324 599 4334 ——
625 4294 697 4350 De
726 4310 833 4349 non
866 4294 1243 4351 distrahendis
1274 4314 1313 4351 a
1342 4297 1651 4368 presbytero
1671 4298 1913 4356 ecclesia:

674 4368 1034 4421 ornamentis.
1064 4368 1197 4422 Item
1227 4370 1491 4438 ejusdem.

326 4455 438 4525 (17,
472 4470 523 4524 q.
554 4454 605 4521 4,
635 4470 684 4510 c.
718 4454 778 4508 Si
805 4456 988 4526 forte.)
1021 4454 1081 4510 Si
1114 4455 1258 4511 forte
1289 4457 1585 4528 quispiam
1610 4458 1913 4530 presbyter

2059 504 2338 555 matrona:
2372 500 2649 554 mandant
2679 499 2885 555 secreti
2916 499 3155 570 aliquid.
3180 499 3236 553 Si
3271 502 3568 572 cognitum
3592 504 3708 560 fue-

2059 589 2155 654 rit,
2191 593 2247 644 et
2300 588 2395 645 ille
2443 590 2789 660 deponatur,
2824 593 2880 643 et
2909 588 3011 643 illa
3041 606 3074 644 a
3104 588 3411 645 liminibus
3443 598 3708 648 arceatur

2058 677 2333 733 ecclesiae.
2368 679 2476 733 Sed
2514 679 2560 732 si
2596 680 2738 733 forte
2770 677 2967 748 aliqua
2997 677 3340 733 intercessio
3373 678 3569 747 fuerit,
3591 682 3709 752 epi-

2056 784 2231 839 scopo
2263 770 2633 839 suggeratur.
2655 768 2720 822 Et
2750 766 2795 822 si
2828 767 2961 822 talis
2978 771 3089 837 est,
3109 768 3180 822 ad
3201 784 3375 838 quam
3400 768 3606 823 debeat
3627 770 3707 825 ire

2055 874 2157 928 pro
2198 857 2547 926 interventu,
2579 857 2704 927 ipse
2753 860 2977 927 pergat.
3009 856 3107 911 Sin
3160 861 3380 927 autem,
3411 858 3481 913 de
3527 857 3709 916 latere

2053 963 2159 1002 suo
2191 946 2407 1018 dirigat
2435 962 2569 1002 cum
2600 946 2832 1002 duobus
2863 950 2963 1001 aut
2992 945 3183 1001 tribus
3214 946 3312 1016 qui
3332 946 3438 1001 hoc
3456 947 3706 1004 debeant

2052 1053 2279 1091 sanare.

2050 1135 2183 1191 CAP.
2216 1134 2574 1189 90.——Nihil
2621 1133 2903 1202 agendum
2950 1132 3166 1187 clericis
3216 1133 3417 1204 absque
3470 1133 3700 1191 licentia

2309 1207 2547 1278 episcopi
2573 1209 2683 1260 sui.
2712 1208 2840 1261 Item
2868 1204 3107 1275 ejusdem
3143 1204 3320 1276 (epist.
3353 1205 3429 1276 3).

2119 1297 2231 1367 (l6,
2264 1313 2314 1367 q.
2351 1297 2401 1365 1,
2432 1313 2480 1351 c.
2517 1295 2734 1350 Cunctis
2781 1294 3073 1364 ﬁdelibus.)
3115 1293 3349 1348 Cunctis
3397 1294 3697 1363 fidelibus,

2049 1390 2106 1439 et
2134 1400 2506 1455 summopere
2536 1384 2812 1439 omnibus
2860 1383 3213 1454 presbyteris
3243 1386 3300 1437 et
3328 1383 3695 1449 diaconibus,

2046 1490 2111 1529 ac
2133 1474 2376 1543 reliquis
2398 1473 2621 1529 clericis
2643 1472 3066 1527 attendendum
3089 1476 3199 1541 est,
3224 1478 3287 1526 ut
3309 1471 3451 1527 nihil
3478 1473 3698 1544 absque

2047 1562 2306 1632 episcoyd
2337 1562 2553 1633 proprii
2586 1561 2821 1615 licentia
2858 1565 3056 1631 agant.
3088 1564 3217 1615 Non
3248 1561 3450 1632 utique
3482 1561 3695 1617 missas

2046 1650 2171 1705 sine
2195 1652 2508 1721 ejusjussu
2532 1649 2782 1721 quisque
2807 1649 3280 1720 presbyterorum
3302 1649 3359 1704 in
3383 1667 3491 1705 sua
3510 1668 3695 1721 parce-

2046 1739 2135 1795 cia
2164 1745 2317 1811 agat,
2353 1757 2467 1795 non
2500 1740 2773 1811 baptizet,
2803 1754 2907 1793 nec
2952 1738 3274 1810 quidquam
3310 1738 3533 1809 absque
3563 1740 3693 1809 ejus

2041 1829 2332 1899 permissu
2352 1828 2547 1883 faciat.
2569 1827 2850 1883 Similiter
2878 1832 2936 1882 et
2962 1826 3172 1899 reliqui
3204 1827 3403 1899 populi
3436 1829 3690 1897 majores

2037 1918 2261 1973 scilicet
2281 1923 2337 1973 et
2359 1918 2618 1973 minores
2633 1933 2734 1988 per
2747 1916 3185 1986 ejuslicentiam
3211 1916 3497 1987 quidquid
3517 1932 3690 1989 agen-

2036 2008 2178 2062 dum
2202 2012 2309 2075 est,
2336 2010 2540 2078 agant;
2566 2021 2672 2061 nec
2695 2005 2821 2061 sine
2843 2006 2972 2076 ejus
3004 2004 3293 2076 permissu
3318 2021 3475 2060 asua
3494 2022 3687 2077 paro:-

2035 2096 2125 2151 cia
2154 2097 2492 2163 abscedant,
2517 2094 2607 2150 vel
2638 2096 2696 2149 in
2727 2111 2793 2150 ea
2810 2095 3191 2150 adventantes
3222 2094 3437 2148 morari
3470 2109 3686 2165 praesu-

2034 2194 2216 2241 mant.
2256 2186 2479 2240 Animis
2532 2184 2689 2240 enim
2738 2200 2940 2239 eorum
2990 2183 3041 2237 ei
3080 2181 3309 2237 creditis
3358 2186 3518 2251 sunt,
3551 2182 3683 2237 ideo

2032 2276 2227 2330 omnia
2255 2276 2384 2345 ejus
2415 2274 2659 2330 consilio
2689 2289 2858 2345 agere
2888 2271 3122 2337 debent,
3154 2275 3213 2326 et
3250 2287 3316 2326 eo
3345 2270 3681 2329 inconsulto

2030 2364 2199 2421 nihil.

2030 2463 2160 2516 ΟΑΡ.
2186 2464 2275 2516 9t.
2300 2492 2368 2502 ——-
2400 2461 2681 2528 Quomodo
2709 2460 2777 2513 ad
2806 2475 2987 2514 sacros
3017 2457 3246 2513 ordines
3272 2458 3677 2513 ascendendum

2097 2536 2191 2588 sit.
2225 2533 2461 2587 Siricius
2509 2548 2650 2602 papa
2705 2533 2941 2586 Himerio
2991 2531 3386 2585 Tarraconensi
3428 2532 3680 2601 episc0p0

2100 2607 2284 2674 (epist.
2318 2605 2371 2673 4,
2402 2621 2450 2659 c.
2483 2604 2563 2673 9).

2098 2694 2256 2764 (Dist.
2286 2695 2378 2759 77,
2411 2710 2457 2747 c.
2493 2693 2813 2761 Quicunque
2863 2688 3092 2761 itaque.)
3120 2688 3461 2759 Quicunque
3493 2703 3553 2744 se
3582 2706 3678 2744 cc-

2025 2782 2214 2838 clesiee
2238 2783 2388 2837 vovit
2407 2781 2707 2851 obsequiis
2729 2797 2762 2833 a
2782 2796 2891 2834 sua
2912 2777 3328 2843 infantia,ante
3350 2778 3675 2848 pubertatis

2024 2888 2207 2926 annos
2241 2870 2550 2943 baptizari,
2582 2874 2641 2925 et
2669 2869 2954 2924 lectorum
2995 2866 3166 2921 debet
3214 2866 3543 2922 ministerio
3575 2884 3672 2923 so-

2022 2961 2185 3016 ciari.
2208 2960 2314 3025 Qui
2338 2960 2409 3015 ab
2435 2975 2672 3014 accessu
2706 2955 3110 3012 adolescentiae
3143 2970 3329 3026 usque
3373 2955 3443 3009 ad
3493 2955 3669 3027 trige-

2020 3050 2239 3105 simum
2273 3050 2394 3118 [al.,
2421 3047 2793 3119 vigesimum]
2826 3045 3012 3101 aetatis
3042 3060 3289 3110 annum,
3313 3043 3362 3097 si
3394 3043 3667 3115 probabi-

1939 3151 1983 3219 ρ
2019 3138 2151 3193 liter
2169 3138 2394 3204 vixerit,
2420 3154 2535 3193 una
2558 3140 2786 3191 tantum
2811 3139 2868 3190 et
2888 3151 2975 3204 ea,
3000 3150 3175 3205 quam
3193 3132 3477 3204 virginem
3507 3148 3665 3188 com-

2021 3226 2185 3281 muni
2218 3244 2320 3299 per
2348 3225 2708 3281 sacerdotem
2738 3222 3143 3278 benedictione
3176 3221 3455 3293 percepit,
3487 3238 3665 3277 uxore

2021 3318 2350 3384 contentus,
2385 3312 2688 3385 acolythus
2717 3316 2773 3365 et
2802 3311 3201 3366 subdiaconus
3231 3326 3360 3365 esse
3398 3310 3632 3365 debebit
3657 3329 3671 3379 ;

2022 3409 2339 3477 posteaque
2371 3404 2442 3457 ad
2475 3400 2726 3457 diaconii
2768 3401 3040 3472 gradum,
3075 3400 3123 3454 si
3151 3416 3209 3455 se
3239 3399 3365 3470 ipse
3396 3398 3672 3469 primitus

2024 3492 2383 3548 continentia
2414 3495 2709 3562 praeeunte
2738 3490 2983 3561 dignum
3032 3487 3381 3559 probaverit,
3415 3488 3673 3543 accedat.

2024 3582 2133 3637 Ubi
2152 3582 2199 3636 si
2223 3581 2377 3636 ultra
2399 3581 2660 3651 quinque
2684 3595 2870 3633 annos
2894 3577 3268 3633 laudabiliter
3297 3576 3678 3646 ministrarit,

1996 3687 2279 3742 congrue
2307 3670 2773 3741 presbyteratum
2807 3671 3223 3737 consequatur.
3273 3667 3495 3721 Exinde
3550 3673 3683 3738 post

2024 3758 2375 3814 decennium
2408 3755 2800 3829 episcOpalem
2824 3754 3161 3811 cathedram
3183 3756 3395 3825 poterit
3413 3756 3683 3827 adipisci,

2002 3840 2072 3902 'si
2106 3851 2299 3902 tamen
2333 3864 2434 3919 per
2464 3845 2586 3901 haec
2619 3853 2881 3917 tempora
2911 3844 3221 3917 integritas
3260 3844 3388 3900 vitae
3440 3849 3497 3900 et
3545 3845 3681 3900 fidei

2024 3937 2153 4007 ejus
2186 3936 2360 3992 fuerit
2389 3936 2732 4009 approbata.

2024 4049 2155 4098 CAP.
2185 4046 2275 4098 92.
2308 4074 2377 4085 —
2428 4042 3051 4185 Quomoczoboéaicusiazit
3089 4038 3486 4112 provehendus.
3534 4038 3680 4094 Idem

2667 4130 2686 4168 ι
2728 4131 2745 4165 ι
2791 4155 2826 4180 .,
2860 4129 2906 4167 c.
3039 4152 3052 4165 .

2667 4129 2826 4180 ιοῑα.,
2860 4129 2906 4167 c.
2946 4129 3052 4180 1U).

2093 4203 2201 4268 Qui
2232 4220 2364 4258 vero
2387 4203 2511 4273 jam
2545 4205 2714 4256 aetate
2744 4200 3089 4271 grandaevus
3112 4197 3369 4254 melioris
3390 4198 3676 4270 propositi

2023 4291 2460 4347 conversatione
2489 4294 2858 4361 provocatus,
2884 4304 2952 4343 ex
2981 4287 3128 4342 laico
3159 4288 3231 4342 ad
3262 4303 3487 4342 sacram
3522 4286 3677 4341 mili-

2021 4381 2163 4434 tiam
2197 4378 2499 4450 pervenire
2533 4378 2791 4442 festinat,
2825 4376 3097 4431 desiderii
3133 4376 3223 4431 sui
3258 4377 3512 4431 fructum
3559 4392 3678 4432 non

2023 4468 2192 4523 aliter
2236 4467 2545 4536 obtinebit,
2578 4466 2690 4521 nisi
2741 4482 2806 4521 eo
2851 4482 2963 4535 quo
3014 4465 3351 4537 baptizatur
3391 4469 3675 4537 tempore,

254 4542 375 4597 sive
396 4542 677 4597 diaconus
700 4542 941 4598 sacrarii
964 4543 1272 4599 sindonem
1290 4544 1375 4599 vel
1396 4546 1586 4601 velum
1606 4547 1908 4602 subtracta
1940 4524 1987 4587 D
2022 4557 2221 4612 statim
2254 4556 2537 4611 lectorum
2562 4560 2663 4609 aut
2680 4555 3103 4610 exorcistarum
3130 4571 3375 4610 numero
3397 4556 3677 4622 societur,

253 4630 601 4695 vendiderit,
621 4630 784 4685 Judaa
816 4630 1030 4686 similis
1060 4631 1450 4688 aastimabitur
1473 4634 1904 4700 lscariotis.Qui

253 4724 491 4791 propter
520 4719 903 4789 cupiditatem
936 4719 1135 4775 fecerit
1156 4720 1263 4775 hoc
1287 4723 1695 4791 opus,noverit
1724 4739 1785 4778 se
1806 4740 1904 4779 su-

251 4808 498 4880 pradicti
528 4807 694 4863 Judm
727 4811 1142 4878 suscepturum
1179 4826 1430 4878 poenam.

252 4903 385 4959 CAP.
429 4904 520 4959 89.
562 4933 630 4944 —-
684 4904 759 4958 De
816 4903 1043 4977 vitanda
1076 4906 1490 4977 familiaritate
1543 4909 1902 4977 feminarum.

859 4976 994 5029 Item
1031 4976 1298 5044 ejusdem.

324 5064 482 5135 (Dist.
514 5064 604 5127 81,
635 5078 682 5117 c.
720 5061 961 5116 Clericus
1017 5064 1209 5135 solus.)
1256 5064 1513 5121 Clericus
1561 5083 1694 5122 vero
1743 5066 1903 5122 solus

249 5154 323 5208 ad
349 5152 575 5208 feminas
608 5150 1051 5206 tabernaculum
1087 5169 1198 5207 non
1219 5156 1478 5221 accedat,
1515 5160 1905 5227 necproperet

254 5242 386 5296 sine
406 5240 647 5311 majoris
671 5244 810 5294 natu
827 5239 1241 5308 jussione.Nec
1263 5243 1564 5313 presbyter
1586 5242 1747 5298 solus
1769 5260 1902 5299 cum

251 5328 378 5385 sola
408 5329 785 5399 adjungatur,
804 5328 906 5382 sed
937 5328 1166 5383 duobus
1198 5331 1468 5385 adductis
1498 5332 1747 5387 testibus
1766 5333 1902 5387 visi-

250 5423 335 5473 tet
367 5417 663 5471 infirmam
691 5434 704 5484 ;
755 5431 863 5471 nec
913 5416 1074 5473 solus
1106 5434 1239 5473 cum
1271 5416 1395 5474 sola
1426 5420 1643 5475 femina
1674 5420 1904 5477 fabulas

252 5508 529 5573 misceat;
556 5522 660 5561 nec
682 5504 1151 5577 archidiaconus,
1172 5523 1278 5563 nec
1308 5508 1592 5565 diaconus
1623 5511 1733 5565 sub
1766 5528 1905 5581 pra;-

250 5600 417 5653 textu
449 5592 799 5651 humilitatis
813 5593 902 5651 vel
918 5594 1094 5651 ofﬁcii
1112 5596 1447 5666 frequenter
1462 5597 1760 5655 domicilia
1776 5615 1903 5655 ma-

2017 4646 2065 4700 si
2099 4651 2293 4700 tamen
2326 4662 2502 4700 unam
2536 4643 2815 4699 habuisse
2846 4643 2932 4699 vel
2967 4644 3199 4711 habere,
3234 4648 3287 4698 et
3318 4643 3470 4699 hanc
3498 4643 3674 4714 virgi-

2016 4749 2147 4788 nem
2208 4734 2503 4804 accepisse
2535 4737 2765 4788 constet
2796 4749 3058 4787 uxorem.
3093 4731 3198 4795 Qui
3233 4733 3374 4787 dum
3407 4731 3676 4787 initiatus

2015 4823 2190 4878 fuerit
2220 4822 2446 4894 expleto
2476 4822 2733 4889 biennio,
2752 4838 2853 4892 per
2870 4821 3342 4893 quinquennium
3363 4821 3522 4876 aliud
3547 4837 3674 4877 aco-

2016 4912 2220 4982 lythus
2247 4916 2304 4967 et
2326 4911 2722 4967 subdiaconus
2747 4911 2866 4980 fiat,
2891 4916 2947 4965 et
2977 4910 3063 4965 sic
3090 4911 3161 4965 ad
3195 4911 3593 4981 diaconatum,
3619 4912 3669 4965 si

2016 5017 2119 5071 per
2148 5001 2262 5054 haec
2297 5004 2559 5071 tempora
2606 5000 2822 5070 dignus
2867 4999 3172 5070 judicatus
3213 5000 3409 5065 fuerit,
3462 5016 3669 5073 prove-

2014 5088 2207 5143 hatur.
2246 5089 2462 5143 Exinde
2486 5090 2611 5159 jam
2644 5105 2880 5144 accessu
2922 5092 3257 5160 temporum
3309 5088 3666 5162 presbyterio

2012 5176 2100 5232 vel
2132 5178 2514 5249 episcopatui,
2549 5178 2597 5233 si
2630 5194 2764 5232 eum
2808 5177 2993 5249 plebis
3040 5194 3107 5233 ac
3155 5177 3293 5233 cleri
3347 5178 3668 5234 evocaverit

2014 5266 2242 5332 electio,
2276 5284 2391 5322 non
2420 5267 2713 5321 immerito
2746 5267 3020 5323 societur.

2014 5373 2149 5429 CAP.
2192 5374 2280 5427 93.
2331 5374 2568 5446 -νΝρη
2619 5372 2913 5428 sedendum
2961 5374 3184 5446 quando
3233 5373 3437 5444 legitur
3482 5372 3668 5446 Evan-

2085 5446 2320 5516 gelium.
2396 5445 2713 5499 Anastasius
2803 5443 2980 5516 papa'
3037 5447 3250 5501 cunctis
3323 5443 3666 5500 Germanicis

2085 5518 2288 5586 (Anast.
2323 5518 2365 5586 l,
2398 5517 2558 5587 epist.
2598 5520 2645 5581 1,
2676 5533 2724 5573 c.
2760 5517 2832 5587 1).

2084 5605 2441 5676 Significatis
2470 5604 2627 5660 enim
2660 5606 2945 5675 quosdam
2963 5604 3291 5661 sacerdotes
3320 5607 3381 5662 in
3410 5606 3659 5663 ecclesia
