3960 6072
356 241 466 298 467

1438 245 1507 296 D.
1547 239 1790 295 IVONIB
1827 235 2332 293 CARNOTENSIS
2370 239 2686 295 EPISCOPI

3663 236 3740 293 46
3751 239 3792 292 8

359 366 599 437 quando
641 365 858 440 legitur
904 368 1284 440 Evangelium
1317 365 1538 434 sedere,
1570 367 1626 419 et
1669 361 1901 419 Domini
1947 365 2004 418 et
2029 359 2086 426 Α
2115 359 2250 416 CAP.
2282 361 2472 440 96.__—
2507 363 2587 440 De
2623 361 2965 440 presbyteris
2998 361 3143 440 filios
3161 363 3589 440 _gencrant§bus.
3622 361 3790 419 Idem

355 453 687 512 Salvatoris
715 458 892 514 verba
924 475 1039 514 non
1069 460 1317 522 stantes,
1352 454 1452 510 sed
1483 453 1752 509 sedentes
1783 451 2008 520 audire,

354 545 412 597 et
441 541 551 598 hoc
582 560 652 600 ex
681 547 974 616 majorum
1007 543 1320 600 traditione
1338 558 1400 597 se
1417 539 1710 612 accepisse
1743 543 2004 596 narrant.

351 631 451 703 (De
496 648 643 689 cons.
697 634 824 692 dist.
879 635 932 704 1,
968 650 1015 688 c.
1049 632 1402 704 Apostotica.)
1451 630 1614 694 Quod
1668 629 2006 684 nullatenus

353 720 480 776 ﬁeri
512 722 787 793 deinceps
811 722 1044 785 sinatis,
1061 720 1385 792 apostolica
1401 720 1746 774 auctoritate
1763 717 2006 772 manda-

355 825 513 879 mus,
543 812 644 865 sed
675 812 816 866 dum
850 815 1054 866 sancta
1096 808 1407 881 Evangelia
1459 810 1520 863 in
1569 807 1809 863 ecclesia
1858 805 2006 860 reci-

351 902 574 967 tantur,
590 901 919 956 sacerdotes
939 903 996 953 et
1017 899 1206 954 cateri
1237 899 1462 969 [omnes
1496 896 1832 970 prasentes]
1865 895 2008 949 fide-

353 987 440 1043 les
474 1004 588 1043 non
622 987 920 1051 sedentes.
950 989 1054 1044 sed
1086 987 1494 1043 venerabiliter
1551 984 1710 1041 curvi
1761 984 1820 1038 in
1868 999 2010 1038 con-

353 1079 556 1146 spectu
589 1075 887 1149 Evangelii
931 1080 1179 1142 stantes,
1211 1073 1514 1130 Dominica
1560 1073 1736 1129 verba
1782 1072 2004 1127 intente

355 1163 618 1236 audiant,
654 1168 712 1221 et
742 1164 992 1222 ﬁdeliter
1021 1165 1285 1221 adorent.

355 1280 485 1336 ΟΑΡ.
530 1281 623 1335 94.
666 1311 736 1323 -
783 1283 856 1337 De
903 1283 1155 1336 castitate
1201 1280 1542 1336 sacerdotum
1586 1283 1637 1335 et
1687 1279 2002 1334 levitarum.

423 1354 777 1408 Innocentius
851 1353 1107 1408 Victricio
1163 1361 1215 1408 et
1268 1353 1695 1421 Rothomagens.
1759 1353 2007 1422 episcopo

427 1425 608 1495 (epist.
639 1424 694 1495 2,
726 1441 776 1480 ο.
806 1425 886 1496 9).

424 1538 590 1609 (Dist.
621 1539 714 1605 31,
742 1556 790 1595 c.
817 1540 1012 1594 Tenere
1030 1537 1229 1610 debet.)
1252 1543 1533 1594 Praterea
1555 1537 1710 1608 quod
1734 1536 2001 1608 dignum,

356 1627 512 1697 quod
547 1626 849 1698 pudicum,
869 1627 1026 1698 quod
1059 1626 1373 1682 honestum
1403 1630 1494 1681 est
1523 1630 1722 1680 tenere
1750 1623 2005 1680 Ecclesia

2367 433 2603 490 Maximo
2624 432 2685 489 et
2713 432 2910 489 Severo
2940 433 3199 505 episcOpis
3231 433 3409 506 (epist.
3439 432 3515 506 5).

2186 520 2319 575 Dist.
2352 522 2441 589 81,
2473 539 2519 576 c.
2571 522 3038 593 Maximilianus.)
3087 522 3197 577 Eos
3245 523 3616 594 presbyteros
3671 521 3783 594 qui

2116 608 2175 662 in
2208 610 2564 681 presbyterio
2596 611 2749 666 ﬁlios
2781 615 3163 683 procrearunt
3185 611 3476 681 jubebitis
3497 614 3552 666 in
3578 611 3783 668 medio

2115 696 2408 768 collocari,
2464 700 2869 771 discussisque
2940 699 3370 771 objectionibus
3437 717 3564 771 qua
3623 699 3785 772 ipsis

2115 787 2470 858 presbyteris
2502 789 2932 860 impinguntur,
2955 789 3004 842 si
3039 787 3289 844 convicti
3341 788 3579 855 fuerint,
3611 805 3644 844 a
3676 805 3786 844 sa-

2117 874 2396 930 cerdotali
2425 882 2836 932 removeantur
2884 876 3096 944 ofﬁcio,
3134 877 3273 947 quia
3307 877 3409 948 qui
3437 877 3625 933 sancti
3657 895 3783 933 non

2117 969 2276 1033 sunt,
2295 970 2499 1020 sancta
2528 970 2782 1022 tractare
2812 983 2924 1022 non
2958 970 3229 1038 possunt,
3250 970 3426 1037 atque
3455 965 3630 1023 alieni
3655 967 3790 1022 efﬁ-

2116 1053 2347 1108 ciantur
2376 1072 2409 1110 a
2435 1055 2764 1112 ministerio
2796 1056 2952 1127 quod
3000 1055 3245 1112 vivendo
3295 1054 3496 1111 illicite
3541 1055 3785 1128 pollue-

2115 1150 2273 1197 runt.
2310 1143 2594 1199 Miramur
2623 1150 2819 1200 autem
2851 1144 2970 1200 hac
2999 1160 3203 1200 eorum
3235 1143 3614 1200 dissimulare
3639 1145 3782 1216 epi-

2114 1247 2344 1302 scopos,
2363 1236 2429 1288 ut
2459 1237 2560 1289 aut
2589 1233 2858 1290 cohibere
2892 1233 2989 1305 [αῑ.
3025 1233 3376 1304 convivere],
3407 1236 3511 1288 aut
3540 1233 3782 1290 nescire

2114 1333 2245 1376 esse
2277 1320 2505 1393 illicita,
2523 1324 2887 1392 judicentur.

2112 1425 2247 1482 CAP.
2306 1427 2394 1482 97.
2456 1459 2526 1470 —-
2581 1430 2655 1484 De
2710 1429 3108 1486 revertentibus
3171 1430 3240 1485 ab
3317 1429 3542 1486 haeresi.
3621 1429 3778 1485 Idem

2181 1499 2446 1641 innisa—io
2479 1499 2577 1570 [aL
2608 1501 2854 1571 Juliano)
2904 1503 3151 1572 episcopo
3199 1503 3540 1571 Aquileiensi
3571 1501 3701 1571 [Leo
3731 1504 3776 1570 Ι,

2209 1587 2266 1640 p.
2362 1612 2374 1625 .

2183 1585 2266 1640 ep.
2301 1585 2374 1640 1).

2186 1661 2261 1731 (1,
2309 1677 2362 1731 q.
2412 1661 2466 1726 7,
2514 1677 2561 1716 c.
2613 1659 3096 1732 Saluberrimum.)
3161 1659 3656 1728 Saluberrimum,
3715 1667 3776 1716 et

356 1715 598 1817 οπξιιίοο
620 1717 810 1818 debet
829 1721 894 1771 ιιι
915 1716 1318 1820 secer-detegat
1341 1713 1525 1820 levita
1557 1731 1691 1814 eam
1724 1713 2005 1820 ngam?
2033 1734 2080 1798 B
2110 1713 2769 1820 .psri'...;n.'m.di.;gs
2789 1713 3676 1819 ’διίιηέιέριεηίεεέηιαωιςί,
3708 1713 3780 1805 .1;

359 1805 485 1860 suis
534 1821 651 1861 non
699 1805 1093 1874 misceantur;
1140 1805 1278 1876 quia
1319 1803 1630 1859 ministerii
1675 1802 2004 1875 quotidiani

361 1893 813 1950 necessitatibus
869 1896 1251 1964 occupantur.
1312 1892 1607 1964 Scriptum
1657 1897 1748 1948 est
1793 1891 1999 1947 enim:

361 1981 560 2038 Sancti
585 1986 775 2052 estote,
802 1983 1073 2054 quoniam
1099 1993 1148 2039 et
1179 1997 1276 2050 ego
1304 1985 1528 2036 sanctus
1573 1997 1695 2036 sum
1737 1983 2004 2036 Dominus

361 2071 501 2126 Deus
539 2076 717 2126 vester
761 2071 952 2141 (Levit.
984 2088 1078 2142 xx,
1103 2070 1242 2141 xxx).
1278 2070 1424 2124 Nam
1470 2069 1679 2141 priscis
1723 2069 2002 2140 tempori-

360 2158 473 2213 bus
504 2159 575 2214 de
603 2159 822 2230 templo
873 2159 971 2215 Dei
1016 2159 1350 2214 sacerdotes
1380 2175 1534 2214 anno
1562 2157 1707 2214 vicis
1735 2174 1853 2212 sua
1885 2174 2000 2212 non

356 2246 755 2318 discedebant,
774 2249 927 2304 sicut
949 2249 1020 2304 de
1038 2248 1314 2304 Zacharia
1337 2246 1608 2320 legimus,
1632 2263 1738 2303 nec
1759 2247 2001 2302 domum

356 2351 520 2392 suam
549 2336 787 2392 omnino
818 2337 1384 2410 tangebant,quibus
1416 2337 1620 2408 utique
1654 2340 1888 2407 propter
1907 2353 2002 2392 so-

351 2425 503 2482 bolis
550 2426 983 2482 successionem
1035 2426 1231 2481 uxoris
1284 2443 1427 2481 usus
1471 2426 1662 2481 fuerat
1708 2425 2000 2480 relaxatus

351 2515 502 2585 (Luc.
555 2515 618 2586 1),
669 2515 807 2587 quia
851 2519 909 2571 et
953 2531 1023 2570 ex
1069 2514 1184 2570 alia
1239 2515 1396 2570 tribu
1446 2519 1503 2569 et
1540 2520 1748 2584 praeter
1794 2531 1863 2570 ex
1908 2531 1998 2570 se-

353 2604 511 2660 mine
537 2607 744 2672 Aaron,
792 2606 863 2660 ad
909 2605 1305 2661 sacerdotium
1337 2603 1536 2659 nullus
1569 2605 1757 2658 fuerat
1789 2620 2000 2674 prace-

351 2697 490 2766 ptus
521 2694 793 2750 accedere
815 2694 1213 2765 (Num.xvm);
1244 2697 1466 2763 quanto
1500 2693 1688 2762 magis
1719 2692 1776 2746 hi
1810 2708 1995 2747 sacer-

354 2783 517 2837 dotes
539 2781 630 2837 vel
663 2782 844 2837 levita
878 2781 1220 2852 pudicitiam
1255 2799 1324 2835 ex
1351 2781 1442 2835 die
1474 2781 1859 2835 ordinationis
1882 2797 1999 2835 sua

351 2885 581 2925 servare
610 2869 843 2938 debent,
871 2870 1088 2940 quibus
1106 2869 1190 2924 vel
1210 2869 1604 2924 sacerdotium
1625 2868 1715 2924 vel
1741 2869 2001 2924 ministe-

349 2957 502 3013 rium
532 2958 659 3014 sine
688 2957 1060 3013 successione
1107 2963 1218 3026 est,
1251 2974 1355 3012 nec
1405 2957 1659 3028 praeterit
1705 2956 1853 3026 dies,
1885 2974 2001 3028 qua

346 3045 497 3102 vela
527 3045 830 3102 sacriﬁciis
873 3045 1109 3117 divinis,
1155 3051 1258 3101 aut
1303 3063 1338 3100 a
1384 3044 1756 3117 baptismatis
1805 3045 1996 3101 ofﬁcio

345 3139 554 3191 vacent
577 3135 606 3190 ‘t

344 3251 478 3308 CAP.
510 3252 602 3308 95.
636 3282 703 3294 -
731 3255 854 3310 Non
881 3250 1219 3322 repellendos
1247 3267 1432 3307 omnes
1462 3251 1630 3306 laico:
1648 3266 1681 3306 a
1710 3250 1994 3306 clericatu.

415 3323 563 3379 Idem
609 3325 888 3396 Exuperio
938 3321 1205 3378 Tolosano
1260 3325 1506 3394 episcopo
1561 3323 1744 3394 (epist.
1777 3322 1829 3393 4,
1861 3337 1910 3377 c.
1941 3323 1995 3392 3,

412 3396 588 3452 Felici
615 3396 926 3451 Nuceriano
956 3396 1246 3466 episcopo).

415 3511 496 3567 De
526 3510 693 3566 laicis
723 3527 856 3566 vero
883 3509 1083 3582 religio
1123 3513 1227 3565 tua
1276 3508 1593 3579 consuluit,
1625 3525 1771 3580 quos
1820 3525 1998 3564 cano-

346 3614 450 3654 nes
500 3598 758 3654 ordinari
814 3597 1146 3670 prohibent.
1179 3599 1415 3654 Certum
1463 3602 1552 3654 est
1599 3597 1835 3670 quidem
1888 3597 1998 3653 hoc

347 3691 405 3743 et
433 3686 666 3760 regulas
695 3687 1126 3745 ecclesiasticas
1157 3688 1594 3759 continere,sed
1626 3704 1740 3743 non
1759 3687 1839 3743 ita
1855 3687 2000 3743 diiﬁ-

348 3775 539 3831 nitum
586 3780 695 3843 est,
729 3781 794 3833 ut
823 3777 895 3833 de
924 3778 1198 3833 omnibus
1245 3777 1323 3832 sit
1373 3775 1537 3831 laicis
1584 3775 1995 3831 constitutum.

345 3864 543 3935 Neque
564 3865 719 3920 enim
743 3865 935 3920 clerici
962 3865 1125 3920 nasci
1146 3869 1203 3919 et
1225 3881 1341 3919 non
1378 3865 1503 3919 ﬁeri
1545 3867 1812 3935 possunt.
1838 3865 1995 3935 (Dist.

339 3952 431 4022 51,
453 3969 501 4010 c.
525 3955 825 4024 Designata
844 3954 1016 4024 sunt.)
1036 3952 1148 4009 Sed
1170 3953 1476 4024 designata
1497 3957 1637 4006 sunt
1657 3968 1891 4024 genera,
1925 3953 1996 4008 de

341 4041 556 4114 quibus
577 4043 650 4098 ad
674 4042 1016 4098 clericatum
1058 4041 1357 4113 pervenire
1389 4057 1502 4094 non
1532 4041 1877 4112 possunt,id
1909 4046 1997 4097 cst

337 4132 388 4187 si
421 4132 553 4203 quis
582 4131 774 4188 ﬁdelis
807 4130 1168 4198 militaverit,
1188 4129 1236 4186 si
1255 4129 1388 4201 quis
1413 4129 1599 4184 ﬁdelis
1630 4146 1840 4185 causas
1862 4145 1994 4203 ege-

338 4219 434 4289 rit,
459 4222 569 4278 hoc
596 4227 685 4277 est
710 4221 1120 4293 postulaverit,
1155 4220 1205 4275 si
1239 4219 1374 4291 quis
1407 4217 1597 4274 ﬁdelis
1626 4218 1994 4274 administrao

338 4309 508 4366 verit.
531 4309 612 4365 De
634 4310 960 4366 curialibus
992 4317 1187 4366 autem
1220 4309 1534 4363 manifesta
1564 4307 1710 4363 ratio
1741 4312 1995 4379 est,quo-

340 4398 499 4453 niam
531 4402 589 4452 et
620 4397 669 4452 si
700 4399 1072 4453 inveniantur
1093 4397 1434 4468 bujusmodi
1465 4397 1592 4465 viri,
1614 4396 1714 4468 qui
1747 4397 1994 4452 debeant

342 4484 536 4542 clerici
552 4485 910 4553 ﬁeri,tamen
929 4485 1204 4558 quoniam
1227 4487 1440 4558 sapius
1472 4486 1543 4540 ad
1576 4486 1800 4542 curiam
1834 4502 1994 4558 repe-
2023 4468 2071 4534 D

344 4577 552 4630 tuntur
583 4575 904 4630 cavendum
937 4575 1009 4630 ab
1038 4575 1129 4630 his
1157 4579 1268 4643 est,
1288 4581 1524 4647 propter
1551 4575 1987 4631 tribulationem

343 4679 477 4734 quae
505 4679 658 4735 saepe
689 4663 760 4719 de
788 4662 880 4719 his
911 4664 1168 4720 ecclesia
1213 4664 1498 4735 provenit.
1537 4663 1694 4719 Laici
1722 4680 1854 4719 vero
1887 4664 1988 4735 qui

342 4751 627 4810 habentes
657 4769 866 4809 uxores
896 4753 1177 4825 baptizati
1220 4757 1381 4824 sunt,
1414 4768 1480 4808 ac
1511 4752 1596 4807 sie
1625 4769 1689 4809 se
1717 4752 1989 4808 institue-

339 4845 500 4911 runt,
535 4846 598 4898 ut
625 4841 821 4914 opinio
851 4858 1056 4898 eorum
1088 4841 1148 4897 in
1181 4841 1342 4897 nullo
1372 4841 1623 4913 vacillet,
1651 4844 1716 4897 ut
1745 4845 1847 4896 aut
1873 4841 1988 4898 cle-

339 4929 476 4986 ricis
498 4929 694 5002 juncti
727 4930 866 5001 sint,
901 4934 1003 4985 aut
1062 4930 1436 4985 monasteriis
1467 4947 1536 4985 ex
1566 4945 1681 5001 quo
1712 4929 1990 5002 baptizati

336 5024 477 5077 sunt
507 5019 882 5084 adhaserint,
908 5020 957 5075 si
989 5036 1104 5074 non
1137 5018 1548 5089 concubinam,
1574 5035 1689 5074 non
1722 5018 1988 5091 pellicem

336 5108 623 5178 noverint,
655 5107 758 5164 sed
790 5107 851 5162 in
878 5107 1156 5162 omnibus
1209 5107 1485 5178 operibus
1516 5106 1686 5162 bonis
1715 5107 1990 5178 vigilave-

275 5191 278 5196 ’
335 5199 474 5266 rint,
499 5214 614 5253 non
643 5196 1032 5270 prohibentur
1061 5193 1405 5264 bujusmodi
1437 5195 1508 5250 ad
1540 5193 1850 5250 clericatus
1872 5212 1990 5250 sor-

336 5291 456 5344 tem
486 5287 758 5359 [partem]
790 5283 1052 5354 assumi;
1089 5285 1173 5338 ita
1200 5299 1339 5338 sane
1371 5287 1437 5338 ut
1467 5283 1523 5336 in
1552 5283 1635 5338 eis
1664 5287 1927 5353 tempora
1959 5299 1992 5338 a

341 5375 663 5448 majoribus
721 5373 1044 5430 constituta
1095 5376 1421 5438 serventur,
1461 5387 1533 5426 ne
1583 5371 1696 5426 cito
1746 5370 1992 5441 quilibet

340 5463 523 5521 lector
550 5466 666 5523 cito
695 5462 1025 5536 acolythus,
1059 5461 1175 5519 cito
1219 5461 1522 5531 diaconus,
1558 5459 1671 5515 cito
1721 5461 1990 5516 sacerdos

340 5551 466 5612 ﬂat.

2112 1837 2232 1893 sive
2279 1837 2627 1909 presbyteri,
2675 1838 2796 1893 sive
2845 1836 3098 1905 diaconi,
3130 1836 3218 1892 vel
3264 1837 3632 1902 subdiaconi,
3668 1843 3777 1893 aut

2113 1926 2428 1997 cujuslibet
2457 1925 2680 1982 ordinis
2711 1925 3042 1998 clerici,qui
3063 1943 3125 1981 se
3143 1930 3436 1981 correctos
3467 1925 3647 1981 videri
3675 1941 3778 1982 νο-

2109 2012 2258 2084 lunt,
2287 2019 2462 2085 atque
2483 2015 2554 2069 ad
2573 2013 2919 2070 catholicam
2955 2014 3127 2069 ﬁdem
3159 2030 3332 2084 quam
3368 2013 3595 2085 pridem
3623 2014 3775 2070 ami-

2110 2107 2326 2168 serant,
2354 2119 2588 2158 rursum
2623 2101 2830 2157 reverti
2862 2101 3152 2169 ambiunt,
3181 2102 3345 2174 prius
3375 2119 3601 2158 errores
3625 2119 3778 2157 suos

2110 2196 2166 2247 et
2186 2191 2342 2263 ipsos
2373 2196 2638 2247 auctores
2669 2192 2883 2246 erroris
2915 2208 2948 2246 a
2978 2208 3040 2247 se
3065 2192 3399 2258 damnatos,
3428 2191 3556 2246 sine
3576 2191 3773 2247 ambi-

2110 2281 2331 2352 guitate
2363 2281 2684 2350 fateantur;
2732 2285 2788 2336 et
2835 2280 3111 2336 sensibus
3161 2281 3354 2353 pravis
3403 2281 3583 2336 etiam
3635 2298 3778 2352 pcr-

2109 2371 2347 2442 emptis,
2382 2369 2546 2426 nulla
2579 2371 2856 2442 sperandi
2888 2371 3147 2441 supersit
3175 2369 3423 2435 occasio,
3443 2385 3545 2426 nec
3579 2368 3776 2426 ullum

2111 2461 2442 2515 membrum
2475 2459 2681 2514 talium
2711 2460 2898 2530 possit
2928 2461 3206 2515 societate
3237 2458 3463 2526 violari,
3498 2476 3633 2514 cum
3669 2476 3779 2530 per

2110 2549 2308 2604 omnia
2329 2548 2448 2604 illis
2469 2548 2755 2619 professio
2790 2548 3023 2620 propria
3054 2547 3293 2619 coeperit
3322 2548 3576 2602 obviare.
3600 2549 3776 2606 Circa

2110 2655 2257 2710 quos
2288 2637 2463 2692 etiam
2495 2637 2659 2692 illam
2693 2653 2987 2692 canonum
3006 2636 3484 2692 constitutionem
3507 2637 3776 2710 pracipi-

2109 2743 2241 2781 mus
2284 2727 2589 2792 custodiri,
2619 2731 2683 2780 ut
2731 2726 2788 2779 in
2838 2742 3049 2797 magno
3082 2725 3338 2781 habeant
3369 2726 3677 2795 beneﬁcio,
3714 2728 3767 2781 si

2110 2818 2383 2887 adempta
2414 2815 2526 2871 sibi
2558 2815 2719 2871 omni
2751 2831 2852 2886 spe
2885 2815 3292 2886 promotionis,
3318 2817 3376 2870 in
3429 2833 3544 2887 quo
3601 2816 3770 2873 inve-

2110 2905 2354 2959 niuntur
2383 2904 2586 2960 ordine
2617 2904 2938 2959 stabilitate
2967 2909 3247 2976 perpetua
3278 2909 3574 2976 maneant,
3594 2905 3643 2961 si
3676 2909 3767 2961 ta-

2111 3011 2243 3049 men
2277 2994 2485 3048 iterata
2514 2993 2798 3048 tinctione
2829 3009 2943 3048 non
2977 2994 3192 3049 fuerint
3220 2994 3520 3049 maculati.

2027 3101 2070 3170 C
2107 3104 2242 3156 CAP.
2275 3100 2362 3155 98.
2396 3131 2464 3139 —
2492 3100 2566 3154 De
2589 3101 2840 3154 castitate
2867 3099 3277 3155 ministrorum.
3307 3101 3444 3156 Item
3474 3102 3768 3157 Anastasio

2358 3173 2602 3242 episcopo
2639 3171 2913 3226 Thessalia
2945 3173 3051 3243 (ep.
3085 3172 3176 3241 84,
3207 3188 3254 3226 c.
3287 3171 3320 3226 3
3351 3176 3400 3228 et
3433 3172 3509 3243 4).

2179 3261 2337 3330 (Dist.
2396 3261 2485 3328 32,
2517 3276 2563 3314 ο.
2605 3259 2875 3315 Omnium
2918 3259 3332 3330 sacerdotium).
3381 3260 3767 3316 Sacerdotum

2106 3350 2263 3406 enim
2293 3355 2411 3404 tam
2443 3347 2732 3404 excellens
2757 3353 2846 3404 est
2875 3347 3098 3416 electio,
3129 3353 3193 3403 ut
3223 3347 3345 3404 hac
3375 3365 3502 3420 qua
3534 3348 3594 3403 in
3628 3349 3769 3405 aliis

2108 3438 2390 3493 membris
2423 3436 2687 3492 Ecclesia
2719 3454 2835 3493 non
2866 3442 3149 3492 vocantur
3179 3437 3251 3491 ad
3283 3437 3611 3508 culpam,in
3642 3439 3769 3495 illis

2107 3532 2306 3583 tamen
2327 3526 2654 3582 habeantur
2674 3525 3050 3581 illicita.Nam
3073 3541 3208 3581 cum
3231 3530 3391 3580 extra
3411 3525 3763 3583 clericorum

2108 3615 2370 3670 ordinem
2396 3614 3102 3685 constitutis,nuptiarum
3126 3615 3392 3670 societati
3412 3619 3469 3670 et
3491 3632 3765 3687 procrea-

2106 3704 2248 3760 tioni
2282 3704 2537 3760 ﬁliorum
2569 3704 2804 3758 studere
2831 3703 2908 3758 sit
2935 3703 3210 3768 liberum,
3245 3704 3315 3758 ad
3365 3703 3766 3762 exhibendum

2106 3797 2304 3850 tamen
2337 3794 2601 3865 perfecta
2635 3791 3002 3846 continentia
3036 3791 3494 3864 puritatem,nec
3515 3793 3764 3850 subdia-

2106 3881 2351 3937 conibus
2383 3881 2618 3952 quidem
2650 3879 2881 3934 carnale
2911 3880 3273 3935 connubium
3308 3881 3672 3951 conceditur;
3698 3886 3768 3937 ut

2105 3975 2161 4026 et
2190 3969 2290 4042 qui
2322 3969 2559 4036 habent,
2592 3969 2712 4024 sint
2768 3973 3051 4038 tanquam
3085 3985 3198 4024 non
3231 3967 3536 4040 habentes,
3568 3975 3626 4025 et
3657 3971 3765 4042 qui

2106 4076 2221 4114 non
2254 4058 2472 4112 habent
2499 4061 2881 4128 permaneant
2911 4056 3262 4127 singulares.
3289 4057 3452 4122 Quod
3476 4056 3526 4112 si
3561 4057 3620 4113 in
3655 4059 3767 4114 hoc

2105 4147 2331 4211 ordine,
2363 4147 2463 4217 qui
2495 4151 2739 4217 quartus
2769 4150 2858 4201 est
2889 4163 2923 4200 a
2952 4146 3163 4216 capite,
3190 4146 3436 4218 dignum
3453 4150 3544 4202 est
3561 4153 3772 4204 custo-

2105 4236 2239 4303 diri,
2271 4240 2489 4306 quanto
2521 4234 2708 4306 magis
2740 4235 2798 4288 in
2832 4234 3021 4306 primo
3060 4235 3145 4290 vel
3196 4235 3477 4303 secundo,
3512 4237 3764 4294 tertiove

2103 4325 2454 4380 servandum
2487 4327 2681 4390 est,ne
2709 4327 2809 4378 aut
2839 4322 3206 4394 levitico,aut
3237 4323 3625 4396 presbyterali
3655 4325 3768 4381 ho-

2103 4430 2264 4481 nore,
2297 4416 2400 4468 aut
2448 4411 2765 4484 episcopali
2797 4411 3136 4467 excellentia
3167 4411 3477 4483 quisquam
3507 4413 3765 4472 idoneus

2103 4503 2447 4570 astimetur,
2480 4501 2582 4572 qui
2613 4517 2675 4556 se
2706 4517 2740 4556 a
2769 4500 3591 4574 voluptateluxuria[uxoria]
3623 4519 3761 4560 nec-

2098 4592 2242 4646 dum
2273 4590 2599 4646 refrenasse
2629 4589 2966 4662 detegitur?

2098 4697 2232 4753 CAP.
2265 4697 2352 4778 99.
2386 4725 2454 4778 _-—
2498 4697 2580 4778 Ne
2618 4696 2841 4778 diaconi
2888 4695 3168 4778 baptinent
3205 4697 3631 4778 _sine.episcop_o
3676 4699 3765 4758 vel

2162 4768 2506 4843 presbytero.
2543 4766 2791 4843 Gelasius
2821 4766 3095 4824 universis
3124 4769 3390 4842 episcopis
3408 4766 3422 4770 ’
3430 4787 3532 4843 per
3559 4766 3759 4829 'Luca-

2168 4838 2537 4911 niam(epist.
2569 4839 2630 4908 9,
2658 4855 2702 4894 c.
2735 4838 2811 4906 9).

2170 4929 2457 4984 Diaconos
2489 4943 2720 4999 quoque
2741 4927 3039 4999 propriam
3074 4928 3497 4986 constituimus
3517 4947 3761 4990 mensu-

2099 5035 2244 5089 ram,
2268 5033 2374 5073 nec
2397 5017 2553 5073 ultra
2581 5021 2839 5073 tenorem
2873 5017 3134 5088 paternis
3166 5018 3492 5076 canonibus
3514 5021 3766 5094 deputa-

2098 5112 2223 5162 tum
2246 5105 2549 5178 quidpiam
2571 5109 2798 5161 tentare
2815 5105 3396 5175 permittimus,nihil
3420 5125 3627 5166 eorum
3653 5128 3762 5168 suo

2100 5195 2427 5251 ministerio
2458 5195 2691 5266 penitus
2723 5194 3036 5266 applicare,
3058 5211 3182 5266 qua
3204 5195 3502 5267 prioribus
3533 5201 3759 5256 ordini-

2099 5284 2210 5340 bus
2258 5282 2491 5355 proprie
2531 5282 2786 5338 decrevit
2817 5282 3163 5354 antiquitas.
3197 5284 3438 5356 Absque
3479 5286 3758 5362 episcopo

2099 5371 2184 5426 vel
2218 5371 2550 5442 presbytero
2580 5369 2874 5441 baptizare
2905 5387 3021 5426 non
3052 5377 3433 5442 prasumant,
3462 5374 3577 5430 nisi
3607 5392 3757 5447 pra-

2100 5458 2273 5514 dictis
2291 5457 2556 5513 fortassis
2573 5458 2782 5514 ofﬁciis
2798 5458 3032 5532 longius
3058 5460 3394 5518 constitutis
3425 5464 3758 5522 necessitas

2101 5549 2358 5628 extrema
2388 5546 2890 5620 compellat,quod
2913 5552 2969 5608 et
2983 5547 3150 5629 laicis
3179 5547 3532 5629 Christianis
3557 5553 3757 5614 facere
