3994 6052
267 261 372 316 469

1326 266 1637 318 DECRETI
1678 264 1863 317 PARS
1901 263 1993 314 VI.
2022 291 2090 301 —
2118 264 2214 315 DE
2251 262 2596 316 CLERICIS.

3575 255 3680 317 7:70

263 383 607 457 plerumque
629 385 1117 441 conceditur.Hos
1148 403 1261 442 non
1294 387 1353 441 in
1387 385 1744 458 presbyterio
1768 385 1908 440 resi-
1941 384 1994 451 Α
2025 383 2370 440 sacrationis
2400 381 2661 449 titulum,
2695 381 2792 437 sed
2824 381 3158 453 ignominiis
3191 381 3388 452 potius
3419 382 3676 454 elogium

260 475 398 529 dere
430 490 561 528 cum
594 474 792 529 divina
814 474 1202 546 celebrantur,
1230 474 1316 530 vel
1350 475 1785 530 ecclesiasticus
1828 490 1917 529 ce-

260 563 523 617 lebratur
552 564 650 634 [al.
689 564 957 634 habetur]
992 564 1331 635 quicunque
1370 567 1677 628 tractatus,
1730 563 1910 617 sacri-

261 667 370 720 que
402 653 666 723 corporis
707 653 1177 724 prorogationem
1198 655 1318 722 [al.,
1349 653 1635 724 praerog],
1656 653 1766 707 sub
1790 669 1921 706 con-

259 746 465 811 spectu
497 742 755 812 episcopi
788 741 873 796 vel
909 743 1253 814 presbyteri,
1290 743 1402 797 nisi
1437 742 1530 797 his
1555 742 1918 812 absentibus,

252 830 355 898 jus
378 847 492 885 non
530 831 784 886 habeant
807 833 1132 886 exercendi.

258 941 390 992 CAP.
419 937 539 993 100.
566 971 634 978 —
659 939 732 993 De
755 954 862 992 non
884 939 1212 1009 recipiendis
1232 941 1404 993 servis
1427 938 1496 993 ad
1516 939 1744 993 clerum.
1774 939 1919 994 Idem

757 1009 1003 1064 Gelasius
1038 1011 1217 1081 (ibid,
1243 1027 1288 1065 c.
1316 1011 1427 1079 16).

333 1106 487 1176 (Dist.
520 1107 679 1171 54,σ.
716 1106 1044 1177 Ceneralis.)
1098 1107 1396 1162 Generalis
1446 1108 1620 1162 etiam
1669 1105 1920 1176 querelas

255 1194 499 1249 vitanda
530 1195 909 1266 praesumptio
941 1200 1050 1262 est,
1085 1212 1202 1266 qua
1224 1197 1648 1267 propemodum
1669 1212 1913 1250 causan-

258 1288 356 1337 tur
387 1285 643 1339 universi
671 1285 888 1355 passim
921 1301 1119 1339 servos
1151 1289 1206 1340 et
1249 1285 1597 1356 originarios
1647 1284 1919 1340 domino-

260 1389 392 1426 rum
421 1374 560 1443 jura
590 1374 1144 1444 possessionemque
1170 1374 1479 1445 fugientes,
1503 1375 1611 1428 sub
1637 1372 1918 1444 religiosas

257 1461 716 1516 conversationis
747 1463 1014 1531 obtentu,
1047 1461 1132 1516 vel
1168 1462 1237 1516 ad
1262 1463 1619 1516 monasteria
1637 1477 1764 1517 sese
1782 1477 1916 1515 con-

259 1549 428 1612 ferre,
461 1549 551 1604 vel
584 1550 653 1603 ad
687 1550 1151 1605 ecclesiasticum
1180 1550 1525 1606 famulatum
1550 1550 1917 1605 conniventi-

259 1637 370 1691 bus
403 1653 640 1708 quoque
676 1637 1031 1708 praesulibus
1062 1639 1466 1694 indifferenter
1497 1638 1748 1692 admitti.
1785 1640 1917 1702 Quae

261 1727 452 1780 modis
485 1726 760 1780 omnibus
779 1731 867 1780 est
887 1728 1208 1780 amovenda
1231 1727 1518 1798 pernicies
1543 1743 1612 1781 ne
1638 1743 1738 1797 per
1757 1725 1919 1781 Chri-
1950 1760 2000 1824 Β

262 1815 435 1869 stiani
471 1815 728 1870 nominis
760 1815 1098 1870 institutum
1131 1820 1232 1870 aut
1280 1816 1466 1871 aliena
1506 1814 1763 1887 pervadi,
1818 1821 1920 1872 aut

264 1904 501 1975 publica
523 1905 788 1959 videatur
819 1904 1131 1976 disciplina
1156 1905 1437 1973 subverti,
1468 1905 1754 1976 prazcipue
1787 1921 1919 1959 cum

263 2010 366 2048 nec
385 1994 573 2065 ipsam
592 1994 900 2049 ministerii
917 1994 1202 2050 clericalis
1219 1995 1322 2049 hac
1336 1994 1689 2065 obligatione
1704 1994 1920 2048 fuscari

263 2081 570 2137 conveniat
591 2082 959 2154 dignitatem,
982 2088 1340 2154 cogaturque
1359 2099 1462 2153 pro
1487 2087 1642 2136 statu
1664 2082 1918 2137 militan-

261 2171 417 2224 tium
455 2170 586 2237 sibi,
624 2172 1470 2242 conditionequejurgari,aut
1515 2171 1692 2225 videri
1736 2171 1914 2242 (quod

261 2260 435 2330 absit)
470 2260 744 2314 obnoxia.
770 2261 994 2326 Quibus
1027 2260 1253 2316 solicita
1293 2264 1689 2331 competenter
1736 2260 1914 2314 inter-

263 2348 515 2403 dictione
548 2348 883 2420 prohibitis,
917 2349 1186 2420 quisquis
1219 2350 1551 2420 episcopus,
1596 2350 1915 2421 presbyter,

264 2436 349 2492 vel
376 2437 684 2507 diaconus,
719 2438 804 2492 vel
856 2456 1056 2493 eorum
1108 2440 1207 2509 qui
1261 2437 1634 2492 monasteriis
1671 2454 1919 2507 praeesse

259 2532 608 2595 noscuntur,
644 2527 984 2596 bujusmodi
1019 2544 1299 2598 personas
1326 2528 1479 2597 apud
1514 2541 1575 2581 se
1626 2530 1914 2590 tenentes,

258 2631 370 2670 non
406 2615 799 2670 restituendas
825 2616 1108 2687 patronis,
1145 2620 1248 2670 aut
1277 2615 1550 2686 deinceps
1593 2613 1678 2668 vel
1734 2612 1915 2668 eccle-

262 2704 510 2759 siasticae
553 2704 842 2772 servituti,
893 2704 982 2758 vel
1025 2703 1316 2774 religiosis
1367 2702 1918 2774 congregationibus

265 2794 559 2863 putaverit
581 2792 981 2864 applicandae,
1009 2792 1118 2846 nisi
1144 2793 1441 2846 voluntate
1465 2791 1708 2846 forsitan
1731 2789 1918 2845 domi-

265 2897 473 2934 norum
491 2880 938 2952 subscriptionis
953 2881 1288 2936 testimonio
1305 2881 1577 2952 primitus
1592 2879 1914 2945 absolutas,

267 2968 357 3023 vel
390 2968 656 3040 legitima
689 2970 1084 3024 transactione
1113 2985 1444 3034 concessas,
1492 2967 1818 3039 periculum
1857 2983 1917 3022 se

264 3057 506 3113 honoris
532 3058 747 3129 prOprii
774 3075 885 3113 non
903 3060 1406 3129 ambigautcomm
1421 3058 1770 3128 unionisque
1785 3058 1917 3111 sub-

261 3146 474 3214 ituros,
500 3147 548 3201 si
582 3164 760 3217 super
789 3147 894 3202 hac
928 3164 987 3202 re
1019 3149 1371 3217 cujusquam
1403 3164 1575 3202 verax
1615 3163 1723 3201 nos
1777 3163 1853 3215 qu

265 3236 384 3290 rela
417 3236 753 3307 pulsaverit.
791 3236 1018 3306 Magnis
1053 3236 1267 3306 quippe
1315 3236 1548 3301 studiis,
1597 3236 1920 3290 secundum

259 3326 497 3380 beatum
524 3325 894 3396 Apostolum,
920 3327 1364 3396 precavendum
1383 3330 1491 3392 est,
1520 3341 1590 3379 ne
1610 3326 1755 3380 tides
1774 3323 1922 3379 etdi-

262 3414 511 3483 sciplina
543 3414 775 3469 Domini
808 3414 1251 3484 blasphematur
1276 3416 1447 3484 (Rom.
1479 3431 1555 3481 II;
1589 3416 1637 3468 II
1656 3416 1806 3467 Petr.
1837 3414 1920 3480 ιι).

264 3520 397 3576 CAP.
440 3521 561 3574 101.
594 3552 663 3562 —
692 3522 766 3574 De
799 3521 1086 3589 baptizatis
1111 3523 1168 3573 in
1191 3519 1544 3590 aegritudine.
1568 3522 1661 3574 Ea:
1689 3519 1919 3573 conc-ilio

716 3591 1168 3657 Neocaesariensi,
1215 3609 1343 3662 cap.
1381 3595 1464 3645 12.

335 3689 473 3761 (Dist
497 3690 589 3755 57,
621 3706 666 3744 c.
705 3689 765 3744 Si
794 3691 917 3760 quis
941 3692 997 3744 in
1019 3689 1404 3759 aegritudine.)
1426 3688 1482 3743 Si
1512 3689 1644 3759 quis
1671 3688 1727 3741 in
1753 3687 1919 3757 aegri-

267 3779 471 3834 tudine
499 3778 855 3833 constitutus
879 3778 1049 3833 fuerit
1073 3779 1424 3848 baptizatus,
1449 3779 1750 3847 presbyter
1771 3776 1921 3830 ordi-

265 3869 390 3924 nari
426 3885 540 3922 non
571 3867 761 3921 debet.
799 3867 921 3921 Non
959 3867 1112 3921 enim
1171 3868 1313 3920 fides
1363 3866 1522 3920 illius
1571 3865 1918 3936 voluntaria,

263 3959 366 4012 sed
398 3973 467 4011 ex
498 3956 845 4011 necessitate
872 3961 982 4022 est,
1019 3956 1131 4010 nisi
1165 3956 1313 4010 forte
1345 3961 1548 4026 postea
1577 3955 1763 4025 ipsius
1795 3959 1920 4009 stu-

254 4046 429 4100 dium
462 4050 516 4099 et
548 4045 693 4099 fides
725 4043 1051 4115 probabilis
1077 4044 1273 4113 fuerit,
1301 4049 1403 4098 aut
1433 4043 1739 4098 hominum
1773 4044 1920 4098 rari-

263 4138 352 4188 tas
386 4139 575 4202 cogat.

265 4243 403 4295 CAP.
444 4241 561 4294 102.
595 4270 658 4279 —
693 4239 768 4295 Ne
787 4242 1071 4310 presbyter
1089 4239 1387 4294 diaconum
1416 4248 1519 4295 aut
1539 4239 1922 4310 presbyterum

521 4312 760 4367 ordinet.
787 4315 876 4366 Eae
901 4313 1134 4367 concilio
1160 4311 1439 4382 Spalensi
1456 4328 1496 4366 ιι
1528 4328 1573 4367 c.
1597 4314 1651 4366 5.

343 4418 504 4488 (Dist.
528 4418 621 4488 23,
654 4435 701 4473 c.
737 4419 1159 4486 Quorumdam.)
1190 4417 1642 4488 Quintojudicio
1666 4418 1735 4472 ad
1761 4417 1923 4488 agni-

262 4507 486 4562 tionem
510 4507 695 4562 nostri
729 4507 1014 4562 examinis
1038 4508 1322 4577 [nostram
1349 4506 1579 4576 Aniani]
1602 4507 1917 4561 Gabrensis
1948 4491 1996 4554 D

265 4596 496 4651 diaconi
528 4596 716 4651 relatu
751 4597 1068 4651 deductum
1102 4599 1209 4665 est,
1245 4596 1313 4650 de
1342 4595 1698 4666 quibusdam
1733 4594 1918 4666 ipsius

268 4684 534 4740 Ecclesia;
567 4685 813 4753 clericis,
846 4700 1092 4755 quorum
1127 4685 1266 4738 dum
1301 4701 1455 4739 unus
1503 4685 1572 4738 ad
1620 4685 1917 4754 presbyte-

265 4774 441 4843 rium,
475 4775 588 4829 duo
612 4774 683 4829 ad
739 4773 1048 4829 levitarum
1087 4773 1479 4827 ministerium
1530 4777 1917 4838 sacrarentur,

263 4862 579 4934 episcopus
609 4879 833 4930 eorum,
867 4861 1168 4918 oculorum
1193 4861 1388 4916 dolore
1412 4862 1704 4928 detentus,
1737 4861 1920 4914 fertur

265 4968 444 5022 super
466 4968 565 5007 eos
593 4968 835 5006 manum
859 4966 1022 5006 suam
1047 4955 1278 5005 tantum
1305 4951 1590 5020 posuisse,
1616 4954 1671 5004 et
1691 4950 1923 5020 presby-

261 5045 352 5095 ter
383 5041 623 5112 quidam
647 5038 788 5106 illis,
812 5047 1014 5094 contra
1036 5038 1494 5094 ecclesiasticum
1517 5039 1803 5104 ordinem,
1832 5038 1925 5092 be-

267 5130 655 5184 nedictionem
690 5128 944 5182 dedisse.
971 5128 1077 5190 Qui
1110 5127 1243 5183 licet
1277 5133 1511 5198 propter
1540 5132 1758 5182 tantam
1778 5144 1922 5197 prae-

267 5217 626 5290 sumptionis
650 5217 954 5273 audaciam
981 5221 1204 5286 poterat
1223 5215 1765 5287 accusatusjudicio
1786 5233 1925 5287 prae-

269 5307 423 5362 senti
453 5306 745 5375 damnari,
781 5307 828 5361 si
865 5305 1054 5360 adhuc
1095 5304 1154 5358 in
1205 5322 1447 5378 corpore
1507 5306 1755 5377 positus,
1807 5321 1922 5360 non

271 5397 483 5451 fuisset
516 5396 719 5450 mortis
749 5395 1051 5449 vocatione
1082 5401 1428 5465 praeventus.
1459 5397 1567 5451 Sed
1618 5395 1757 5466 quia
1798 5396 1921 5466 jam

268 5485 370 5541 ille
392 5485 645 5541 examini
677 5483 874 5540 divino
907 5483 1168 5552 relictus,
1199 5482 1457 5539 humano
1484 5485 1702 5554 judicio
1753 5501 1924 5539 accu-

272 5574 393 5631 sari
416 5591 532 5631 non
564 5577 774 5645 potest,
807 5573 865 5628 hi
897 5572 998 5645 qui
1021 5577 1360 5645 supersunt,
1389 5577 1444 5629 et
1467 5574 1536 5630 ab
1562 5591 1628 5630 eo
1655 5591 1769 5630 non
1794 5591 1925 5630 con-

2028 477 2435 545 perceperunt,
2470 487 2542 526 ne
2573 471 2684 526 sibi
2713 469 3012 526 licentiam
3035 469 3170 525 talis
3193 469 3348 525 ultra
3373 471 3678 543 usurpatio

2029 562 2222 630 faciat,
2257 561 2626 616 decrevimus
2662 563 2725 615 ut
2756 578 2788 614 a
2818 561 3002 631 gradu
3037 559 3383 615 sacerdotali
3413 560 3500 614 vel
3537 558 3681 614 levi-

2027 651 2125 706 tici
2162 651 2411 719 ordinis,
2445 666 2618 722 quem
2656 665 2923 720 perverse
2975 648 3168 719 adepti
3219 652 3360 703 sunt
3408 649 3680 719 depositi,

2028 757 2193 811 aequo
2208 741 2436 809 judicio
2456 739 2829 809 abjiciantur.
2853 737 3022 793 Tales
3041 737 3195 792 enim
3213 737 3685 807 meritojudicati

2029 833 2171 884 sunt
2203 828 2563 895 removendi,
2598 828 2734 898 quia
2758 844 2931 899 prave
2954 827 3174 882 inventi
3199 831 3336 882 sunt
3357 827 3684 882 constituti.

2029 936 2164 990 CAP.
2205 936 2322 989 103.
2355 966 2421 974 —
2457 933 2605 1002 Quod
2632 950 2742 988 non
2797 933 3024 990 debeant
3074 935 3388 1006 presbyteri
3429 934 3682 988 ecclesias

2099 1023 2427 1130 conseprarc
2457 1006 2542 1062 vel
2572 1006 2777 1060 altaria
2802 1008 3034 1076 erigere.
3069 1007 3150 1060 Ea:
3195 1006 3380 1061 eodem
3423 1007 3681 1074 concilio,

2099 1095 2215 1130 can.
2290 1120 2301 1130 .

2097 1095 2215 1149 cap.
2259 1095 2301 1132 ι.

2097 1167 2358 1238 Septimo
2389 1167 2654 1221 examine
2677 1165 2925 1220 relatum
2950 1169 3040 1220 est
3060 1164 3228 1219 nobis
3250 1164 3678 1220 venerandissi-

2028 1271 2189 1310 mum
2215 1255 2512 1326 quondam
2543 1255 2844 1325 Agapium,
2865 1253 3261 1309 Cordubensis
3279 1252 3441 1308 urbis
3463 1254 3682 1322 episco-

2026 1361 2188 1415 pum,
2223 1346 2560 1415 frequenter
2576 1344 2948 1415 presbyteros
2970 1341 3056 1397 vel
3081 1342 3533 1413 chorepiscopos
3554 1342 3678 1412 (qui

2025 1437 2220 1488 tamen
2248 1435 2420 1502 juxta
2449 1448 2703 1487 canones
2740 1447 2919 1485 unum
2973 1431 3133 1502 sunt)
3176 1431 3524 1496 destinasse,
3579 1430 3679 1500 qui

2027 1523 2267 1577 absente
2298 1522 2574 1593 pontifice
2606 1521 2814 1576 altaria
2846 1520 3154 1591 erigerent,
3189 1521 3463 1575 basilicas
3484 1535 3680 1575 conse-

2026 1615 2274 1666 crarent.
2307 1611 2466 1672 Quod
2498 1609 2734 1680 quidem
2762 1626 2874 1663 non
2899 1613 2988 1663 est
3009 1609 3225 1663 mirum
3251 1609 3306 1663 id
3333 1608 3676 1680 prmcepisse

2025 1701 2240 1766 virum,
2262 1700 2668 1754 ecclesiasticas
2687 1699 3008 1770 disciplinae
3027 1700 3321 1771 ignarum,
3344 1705 3400 1753 et
3421 1698 3618 1754 statim
3645 1717 3678 1754 a

2035 1789 2295 1845 smculari
2329 1788 2537 1843 militia
2563 1789 2620 1841 in
2651 1787 3003 1843 sacerdotale
3032 1788 3424 1843 ministerium
3450 1787 3677 1859 delega-

2029 1883 2178 1932 tum.
2213 1878 2360 1949 Ergo
2391 1893 2464 1932 ne
2495 1875 2649 1931 ultra
2679 1875 2812 1931 talis
2844 1893 2877 1931 a
2907 1876 3077 1931 nobis
3105 1875 3341 1932 licentia
3357 1881 3677 1948 usurpetur

2029 1966 2326 2020 communi
2361 1967 2650 2021 sententia
2680 1965 3057 2020 statuendum
3100 1965 3374 2036 oportuit,
3427 1966 3676 2020 scientes

2029 2057 2168 2126 quia
2197 2055 2349 2109 sicut
2379 2055 2681 2125 prebytero
2704 2055 2787 2109 vel
2815 2054 3234 2126 cborepiscopo
3255 2054 3459 2110 illicita
3481 2069 3680 2108 conse-

2029 2144 2208 2199 cratio
2240 2148 2329 2199 est
2358 2143 2584 2211 altaris,
2616 2142 2698 2198 ita
2731 2147 2789 2197 et
2810 2143 3173 2200 constitutio.
3196 2144 3260 2198 In
3286 2143 3500 2198 divinis
3524 2143 3679 2198 enim

2026 2233 2237 2288 litteris
2268 2232 2641 2303 praecipiente
2672 2232 2942 2302 Domino,
2972 2233 3134 2288 solus
3184 2237 3404 2304 Moyses
3445 2231 3681 2301 [Aaron]

2027 2323 2086 2376 in
2106 2321 2488 2376 tabernaculo
2516 2321 2612 2375 Dei
2637 2320 2817 2376 erexit
2838 2321 3041 2388 altare,
3066 2320 3227 2377 solus
3248 2323 3371 2392 ipse
3389 2321 3553 2375 unxit
3578 2318 3687 2373 uti-

2028 2426 2141 2480 que
2173 2411 2370 2477 (Exod.
2404 2411 2517 2480 XL),
2554 2411 2693 2481 quia
2744 2426 3018 2465 summus
3069 2411 3340 2465 sacerdos
3388 2409 3489 2464 Dei
3539 2413 3682 2477 erat,

2029 2500 2182 2554 sicut
2212 2499 2494 2569 scriptum
2528 2502 2618 2552 est
2647 2499 2717 2552 de
2749 2514 2814 2552 eo
2840 2514 2853 2553 :
2883 2502 3102 2568 Moyses
3126 2507 3180 2553 et
3207 2501 3389 2554 Aaron
3418 2500 3479 2552 in
3507 2513 3662 2552 sacer

2026 2589 2240 2643 dotibus
2269 2591 2396 2658 ejus
2426 2588 2599 2656 (Psal.
2635 2587 2852 2656 xcvm).

2028 2696 2162 2751 CAP.
2199 2694 2319 2748 104.
2354 2725 2422 2734 -
2451 2694 2524 2747 De
2551 2692 2721 2747 servis
2750 2707 2919 2760 super
2939 2692 3297 2747 interdictum
3323 2693 3680 2748 dominorum

2135 2765 2432 2832 ordinatis,
2467 2764 2713 2819 Gelasius
2743 2767 2940 2834 Ruﬁno
2983 2769 3034 2819 et
3067 2765 3248 2836 Aprili
3287 2766 3571 2835 episcopis.

2098 2855 2258 2914 (Dist.
2293 2855 2384 2921 54,
2415 2869 2466 2909 c.
2502 2853 2634 2921 Quis
2665 2855 2811 2921 aut.)
2844 2854 2985 2918 Quis
3017 2853 3171 2908 enim
3203 2862 3299 2908 aut
3333 2854 3488 2924 leges
3521 2853 3679 2924 prin-

2028 2944 2250 3014 cipum,
2284 2947 2386 2998 aut
2416 2947 2654 2997 Patrum
2691 2943 2947 3014 regulas,
2981 2947 3081 2998 aut
3099 2942 3529 2998 admonitiones
3565 2960 3683 2998 mo-

2029 3034 2240 3087 dernas
2273 3034 2427 3087 dicat
2457 3033 2669 3087 debere
2697 3032 3013 3100 contemni,
3047 3031 3158 3088 nisi
3191 3031 3290 3104 qui
3323 3032 3682 3104 impunitum

1861 3162 1920 3200 θ,
1954 3123 1996 3189 C
2037 3123 2146 3177 sibi
2179 3127 2409 3176 tantum
2443 3121 2699 3176 aestimet
2729 3121 2981 3176 transire
3010 3123 3373 3177 commissun
3395 3122 3421 3176 ‘I
3450 3123 3686 3176 Actores

2031 3211 2322 3280 siquidem
2348 3209 2477 3263 filias
2500 3215 2735 3275 nostrae,
2757 3210 3006 3264 illustris
3029 3214 3084 3264 et
3114 3211 3437 3280 magnificae
3459 3209 3685 3265 feminae

2029 3300 2293 3353 Maxima:
2318 3299 2570 3369 petitorii
2604 3298 2772 3352 nobis
2797 3297 3195 3352 insinuatione
3213 3299 3518 3369 conquesti
3549 3303 3690 3352 sunt

2029 3389 2326 3459 Sytvestru
2339 3405 2390 3441 m
2411 3393 2585 3457 atque
2599 3387 2927 3443 Candidum
2945 3386 3294 3458 originarios
3309 3403 3467 3455 suos,
3485 3392 3688 3440 contra

2031 3477 2478 3531 constitutiones
2513 3492 2636 3547 quae
2670 3477 3025 3546 supradictas
3057 3479 3212 3544 sunt,
3238 3475 3414 3530 etiam
3447 3479 3684 3531 contra~

2032 3566 2288 3619 dictione
2311 3570 2625 3635 praeeunte,
2646 3582 2679 3618 a
2703 3564 2985 3620 Lucerino
3009 3565 3282 3636 pontifice
3305 3564 3580 3620 diaconos
3597 3580 3684 3618 or-

2034 3654 2286 3707 dinatos.
2324 3659 2387 3707 Et
2419 3654 2570 3715 ideo,
2607 3655 2815 3708 fratres
2839 3653 3192 3723 charissimi,
3217 3659 3391 3708 tantas
3410 3652 3680 3725 praevari-

2032 3743 2277 3797 cationis
2297 3757 2570 3796 excessus
2588 3742 2868 3796 noveritis
2891 3742 3161 3813 sagacius
3179 3742 3579 3813 inquirendos.
3614 3743 3682 3796 Et

2033 3831 2080 3886 si
2099 3830 2428 3884 constiterit
2448 3829 2745 3900 querelam
2769 3829 3011 3884 veritate
3036 3830 3246 3898 fulciri,
3280 3831 3557 3885 continuo
3582 3830 3683 3901 qui

2032 3919 2491 3975 contradictione
2523 3922 2818 3990 przeeunte
2849 3935 2965 3974 non
2988 3918 3248 3992 legitime
3269 3924 3407 3975 sunt
3430 3920 3629 3986 creati,
3653 3936 3687 3973 a

2031 4009 2214 4064 sacris
2245 4009 2455 4064 officiis
2487 4008 2871 4080 repellantur.

2031 4098 2165 4153 CAP.
2202 4099 2322 4153 105.
2336 4129 2408 4140 —
2428 4099 2502 4154 De
2512 4099 2644 4170 jure
2657 4099 2900 4180 jurando
2915 4100 3263 4168 possessoris.
3283 4097 3688 4152 Gelasiuslusto

2719 4185 2996 4239 episcopo.

2107 4258 2344 4314 Dilectio
2373 4263 2493 4324 tua,
2519 4258 2764 4328 quaesita
2795 4257 3057 4312 omnium
3092 4256 3341 4313 fideliter
3367 4274 3559 4312 rerum
3591 4274 3686 4312 ve-

2033 4347 2223 4416 ritate,
2255 4347 2302 4401 si
2335 4348 2405 4401 de
2438 4346 2647 4416 spatiis
2681 4345 2899 4416 Quibus
2923 4351 3287 4402 memoratur
3307 4353 3431 4402 orta
3453 4351 3683 4401 conten-

2031 4436 2135 4504 tio,
2183 4433 2457 4489 diffinitio
2511 4434 2736 4488 dudum
2791 4441 2949 4489 certa
2993 4435 3298 4505 processit,
3339 4435 3684 4490 intemerata

2027 4528 2306 4578 servetur.
2362 4523 2655 4592 Alioquin,
2684 4523 2733 4576 si
2759 4521 2907 4576 nihil
2929 4540 3192 4594 unquam
3221 4523 3553 4578 constiterit
3571 4529 3683 4579 ter-

2027 4612 2338 4680 minatum,
2372 4628 2527 4665 nunc
2560 4612 2631 4666 de
2659 4611 3098 4682 praescriptione
3120 4617 3475 4681 temporum,
3500 4612 3546 4666 si
3567 4629 3682 4682 qua

2028 4717 2161 4769 pars
2185 4701 2331 4767 ﬁdit,
2354 4701 2608 4771 praebeat
2625 4704 3081 4765 sacramentum,
3099 4705 3162 4753 ut
3190 4705 3386 4755 tamen
3410 4701 3682 4771 quaehac-

2028 4794 2200 4843 tenus
2252 4788 2586 4859 possedisse
2633 4789 2931 4859 probatur,
2980 4789 3406 4860 jusjurandum
3456 4789 3684 4844 sinatur

2031 4877 2254 4932 offerre.

2029 4965 2163 5019 CAP.
2205 4967 2322 5020 106.
2355 4999 2424 5007 —
2464 4969 2543 5023 Ne
2592 4969 2798 5022 invitus
2841 4967 3045 5036 aliquis
3091 4967 3391 5024 ordinetur.
3443 4969 3686 5025 Gelasius

2611 5039 2772 5095 Victo:
2793 5039 2814 5093 ἱ
2850 5041 3114 5109 episcopo.

2105 5129 2353 5197 (Dist74,
2385 5145 2432 5182 c.
2473 5127 2813 5198 Consuluit.)
2845 5128 3156 5184 Consuluit
3187 5129 3418 5184 dilectio
3467 5134 3569 5183 tua
3617 5131 3686 5182 de

2033 5233 2274 5270 suorum
2331 5218 2693 5285 promotione
2752 5217 3120 5284 clericorum,
3175 5218 3481 5286 perhibent
3529 5217 3683 5286 quod

2033 5306 2260 5360 diaconi
2281 5307 2351 5361 ad
2379 5306 2726 5377 presbyterii
2747 5306 3018 5378 gradum,
3039 5322 3153 5375 quo
3177 5307 3490 5361 Ecclesiam
3516 5312 3680 5360 tuam

2032 5411 2455 5450 commemoras
2486 5396 2774 5465 indigere,
2803 5395 2998 5449 venire
3029 5395 3368 5449 detrectant.
3414 5397 3679 5466 Quapro-

2035 5492 2160 5553 pter
2189 5485 2325 5554 quia
2356 5485 2566 5538 invitos
2599 5484 2724 5538 ﬁeri
2749 5482 3144 5538 ecclesiastica
3174 5481 3492 5538 moderatio
3541 5499 3678 5556 gra-

2034 5572 2298 5643 vitasque
2320 5589 2434 5628 non
2459 5572 2697 5642 patitur,
2727 5576 2788 5626 ut
2809 5588 2878 5626 ex
2898 5569 3228 5626 nolentibus
3251 5569 3480 5641 sint[al.
3506 5574 3670 5645 fiant}
