3994 6052
352 209 452 264 471
1432 221 1501 269 D.
1541 212 1782 270 IVONIS
1816 211 2312 268 PARNOTENBIS
2348 214 2668 269 EPISCOPI

3641 220 3753 275 472

331 333 615 404 volentes,
635 334 922 392 ordinatio
954 336 1054 394 illa
1068 342 1258 410 potest
1284 338 1578 409 proﬁcere,
1605 336 1982 410 quiascilicet
2007 340 2063 406 Α
2091 337 2894 408 etexsecrabilejudicamus,
2917 337 3106 410 siquis
3131 355 3308 412 quam
3321 339 3410 395 vel
3423 344 3764 412 extraneos,

337 420 388 478 si
420 439 570 493 quos
602 423 781 480 habes
812 426 900 481 vel
927 425 987 481 in
1020 427 1280 497 acolylis,
1305 426 1391 482 vel
1434 426 1494 482 in
1529 427 1990 484 subdiaconibus

338 512 702 580 maturioris,
733 515 944 584 atatis,
968 520 1024 569 et
1053 531 1302 586 quorum
1347 515 1424 571 sit
1473 517 1593 571 vita
1642 517 1993 588 probabilis,

341 599 472 670 hos,
505 600 564 656 in
597 603 1064 674 presbyteratum
1098 603 1338 659 studeas
1371 621 1730 675 promovere.

340 711 475 782 Cas.
511 707 632 782 107.
665 736 738 782 -τί
765 708 929 774 Quod
955 710 1236 764 sauciatus
1266 718 1316 765 et
1343 710 1687 782 debilitatus,
1719 714 1779 766 in
1826 730 1995 768 sacer-

411 777 561 860 dotio
616 778 860 834 ordinem
912 795 1023 834 non
1082 782 1346 837 amittat.
1421 777 1683 839 Gelasius'
1732 784 1995 840 Palladio

410 864 686 920 episcopo.

409 938 567 1008 (Dist.
599 937 688 1007 55,
722 953 840 1008 cap.
869 939 1151 1011 Praecepta
1202 944 1514 1014 canonica.)
1563 945 1855 1016 Praecpta
1899 961 1995 999 ca-

337 1042 558 1081 nonum
583 1025 801 1096 quibus
821 1027 1217 1087 ecclesiastica
1242 1033 1820 1105 regiturqdisciplina,
1846 1033 1998 1088 sicut

337 1115 406 1168 ad
468 1115 862 1172 sacerdotium
925 1118 1148 1174 debiles
1224 1138 1462 1193 corpore
1522 1140 1637 1179 non
1692 1123 1999 1194 patiuntur

334 1202 554 1274 venire,
586 1203 668 1259 ita
698 1208 756 1260 et
787 1206 837 1261 si
869 1207 1004 1278 quis
1037 1207 1094 1262 in
1125 1224 1190 1264 eo
1223 1214 1354 1265 actu
1397 1212 1570 1268 fuerit
1614 1212 1994 1279 constitutus,

335 1308 401 1348 ac
435 1291 610 1348 fuerit
641 1295 961 1362 sauciatus,
997 1298 1266 1354 amittere
1300 1316 1417 1356 non
1451 1306 1640 1373 potest
1671 1303 1823 1374 quod
1858 1308 1995 1356 tem-

337 1398 478 1453 pore
501 1398 619 1438 sua
651 1384 1007 1441 sinceritatis
1039 1388 1278 1457 accepit.
1321 1389 1653 1461 Stephanus
1701 1391 1994 1464 siquidem

339 1471 646 1542 presbyter
668 1472 937 1543 petitorio
969 1475 1138 1530 nobis
1171 1475 1402 1532 deﬂevit
1431 1478 1643 1545 oblato,
1679 1481 1831 1551 quod
1887 1480 1995 1534 ha-

342 1559 505 1615 beret
537 1559 828 1632 [habetur]
860 1561 918 1616 in
953 1563 1230 1633 subditis,
1255 1565 1393 1620 olim
1417 1567 1530 1621 sibi
1556 1573 1688 1623 ante
1710 1568 1995 1641 plurimos

340 1664 527 1703 annos
549 1647 820 1704 collatam
845 1651 1187 1724 presbyterii
1205 1654 1576 1727 dignitatem,
1597 1674 1774 1728 quam
1799 1674 1995 1713 revera

337 1735 700 1793 immaculati
725 1740 1219 1811 corporisjudicio
1242 1745 1522 1816 suscepit,
1547 1747 1646 1800 sed
1662 1763 1992 1817 nuperpro-

339 1829 471 1895 pter
527 1825 836 1896 provincia
897 1830 1252 1899 vastitatem,
1327 1850 1502 1904 quam
1557 1834 1822 1890 Thuscia
1877 1853 1992 1906 pra

347 1913 624 1970 omnibus
653 1915 946 1986 [vastitem
987 1915 1275 1986 Thuscia,
1327 1939 1501 1992 quam
1553 1940 1670 1995 pra
1719 1923 1994 1980 omnibus

348 2001 688 2074 provinciis]
721 2003 1107 2062 barbarorum
1136 2009 1337 2066 feritas
1361 2011 1588 2067 diversa
1611 2013 1991 2082 sectantium,

341 2095 399 2146 et
429 2091 789 2164 ambiguitas
819 2093 1034 2149 invexit
1065 2097 1416 2166 animorum,
1450 2117 1582 2156 cum
1616 2101 1994 2158 imminentes

343 2178 606 2250 gladiose
638 2183 880 2237 evadere
931 2183 1083 2254 luga
1133 2187 1402 2256 prasidio
1453 2188 1755 2260 niteretur,
1805 2193 1992 2246 acutis

339 2269 589 2326 sudibus
607 2272 972 2328 occurrentia
990 2275 1098 2330 sibi
1119 2281 1285 2348 septa
1305 2279 1667 2345 transiliens,
1689 2280 1992 2336 inferiores

341 2359 440 2429 [aL
474 2358 645 2430 inter]
679 2365 874 2431 partes
905 2365 1163 2434 corporis
1185 2365 1502 2423 inseruisse
1520 2371 1681 2440 [forte
1707 2371 1993 2428 insecuis-

343 2447 426 2517 se]
445 2449 905 2522 suggessit,qua
920 2451 1014 2506 vix
1040 2452 1302 2510 adhibita
1325 2459 1624 2514 curatione
1642 2459 1874 2515 biennio
1900 2477 1992 2532 po-

341 2536 556 2592 tuisset
587 2537 864 2609 abstergi.
899 2540 969 2594 Et
995 2539 1145 2609 ideo,
1179 2543 1358 2599 frater
1385 2546 1750 2618 charissime,
1785 2566 1992 2620 supra-

337 2623 491 2680 dicto
518 2624 712 2681 locum
734 2642 928 2694 suum,
953 2629 1420 2705 dignitatemque
1439 2637 1676 2692 restitue
1699 2643 1992 2708 quatenus

342 2718 716 2768 sacrosancta
778 2717 1076 2786 mysteria,
1147 2720 1302 2775 sicut
1345 2725 1666 2794 consuevit,
1705 2731 1988 2782 exerceat.

337 2804 535 2871 Neque
563 2801 720 2856 enim
753 2805 1025 2859 convenit
1041 2807 1114 2861 ob
1137 2807 1245 2864 hoc
1263 2811 1476 2866 auferri
1499 2817 1631 2868 ante
1649 2820 1988 2885 susceptum

339 2888 628 2959 ordinem,
648 2889 706 2944 in
728 2906 843 2961 quo
862 2896 1240 2963 postmodum
1259 2897 1704 2956 invalitudinem
1729 2903 1989 2974 corporis

340 2992 478 3032 casu
509 2978 792 3047 probatur
820 2979 1066 3038 faciente
1096 2984 1409 3056 collapsus.

403 3083 681 3168 CAP‘.10_8..
715 3115 785 3126 —
819 3087 1006 3168 l1t_qui
1029 3090 1332 3168 utiaminis
1360 3097 1477 3150 suis
1495 3099 1824 3152 manumissi
1838 3106 1980 3168 sunt,
2017 3072 2059 3138 C

398 3164 517 3237 post
547 3155 762 3237 ordines
769 3158 855 3237 uti
878 3155 1190 3237 naredibus
1219 3179 1333 3237 non
1357 3171 1695 3237 repetantur.
1740 3155 1986 3225 Gelasqu

397 3226 651 3299 Crispino
681 3231 734 3283 et
761 3228 964 3285 Sabino
992 3235 1273 3304 episcopis.

399 3315 510 3384 (11,
543 3332 596 3386 q.
631 3317 682 3383 1,
721 3333 767 3371 c.
801 3319 1121 3392 Sylvester).
1155 3323 1446 3395 Sylvester
1485 3330 1541 3382 et
1568 3328 1987 3385 Faustinianus

330 3404 579 3459 Eccesia
605 3407 966 3462 Grumentia
1014 3409 1206 3466 clerici
1248 3411 1578 3486 lacrymosa
1630 3417 1798 3472 nobis
1841 3417 1986 3474 insi-

338 3491 616 3547 nuatione
635 3497 940 3565 conquesti
965 3503 1122 3565 sunt,
1147 3499 1470 3558 libertatem
1496 3505 1605 3560 sibi
1630 3506 1862 3562 Domini
1895 3507 1988 3562 sui

335 3579 696 3666 benignitate
725 3598 1087 3656 concessam,
1122 3588 1420 3647 haredum
1453 3595 1579 3664 ejus
1611 3599 1989 3666 oppressione

338 3665 589 3738 pulsari,
621 3669 854 3744 sibique
885 3673 944 3728 in
977 3675 1287 3734 clericatus
1319 3681 1510 3737 ofﬁcio
1543 3665 1791 3754 penieiab
1822 3685 1986 3740 incu-

340 3755 576 3812 nabulis
607 3759 1020 3830 servientibus,
1055 3765 1231 3820 etiam
1265 3769 1700 3826 manumissore
1740 3773 1984 3839 vivente,

333 3843 396 3898 in
420 3845 622 3902 eodem
645 3852 777 3902 actu
801 3849 1187 3909 nihilominus
1210 3858 1569 3926 constitutis,
1586 3860 1799 3916 divinis
1813 3862 1986 3917 mini-

336 3933 531 3990 steriis
560 3934 898 4008 impendere
919 3942 1218 3997 servitium
1244 3961 1358 3999 non
1381 3945 1573 4013 licere,
1598 3965 1730 4004 cum
1755 3951 1823 4022 (si
1850 3951 1989 4022 peti~

335 4019 554 4079 tionem
585 4023 798 4081 veritas
829 4029 1241 4103 subsequatur)
1266 4039 1468 4089 contra
1488 4038 1668 4107 patris
1696 4019 1987 4095 etvauicto-

336 4110 419 4166 ris
454 4111 544 4167 sui
590 4112 808 4171 factum
857 4119 1249 4188 venientibus,
1286 4123 1630 4195 utindignis
1678 4125 1987 4185 hareditas

339 4199 570 4272 legibus
600 4203 920 4276 auferatur,
954 4223 1058 4264 nec
1105 4209 1190 4265 eis
1238 4209 1411 4266 liceat
1457 4212 1854 4272 hareditatem
1891 4234 1986 4272 ca-

344 4287 645 4358 pientibus
684 4297 887 4348 contra
908 4297 1162 4352 auctoris
1186 4299 1276 4353 sui
1301 4300 1895 4371 prosilirejudicium.
1920 4307 1989 4361 Et

333 4374 487 4442 ideo,
505 4376 718 4434 fratres
739 4379 1096 4453 charissimi,
1119 4387 1397 4457 quoniam
1423 4405 1485 4445 se
1505 4391 1680 4446 etiam
1702 4393 1774 4449 ab
1796 4394 1986 4449 archi-

340 4462 587 4553 diacono
619 4468 909 4538 praedicta
958 4439 1222 4530 Ecclesia
1272 4483 1604 4547 queruntur
1657 4497 1987 4553 oppressos,
2022 4439 2068 4504 Β

337 4551 438 4621 qui
459 4569 566 4643 per
585 4569 788 4612 eorum
809 4558 1133 4616 absentiam
1159 4565 1544 4623 moderatoris
1551 4570 1576 4638 j
1586 4551 1842 4626 udicium
1857 4588 1989 4643 pro-

338 4639 504 4695 misit
533 4657 634 4698 eos
663 4659 794 4700 esse
816 4652 1146 4719 secuturos,
1173 4652 1412 4709 calcatis
1434 4657 1711 4713 omnibus
1729 4639 1988 4729 [rati-oni-

338 4727 470 4818 bus]
496 4735 553 4786 et
576 4747 702 4802 qua
725 4739 930 4792 contra
959 4735 1116 4809 leges
1145 4740 1374 4799 divinas
1405 4747 1461 4798 et
1491 4727 1756 4816 publicas
1789 4747 1988 4818 pulsa-

332 4816 429 4888 tis,
463 4818 655 4876 forum
687 4838 860 4878 suum
893 4829 1140 4896 putavit,
1174 4831 1411 4898 auferri,
1454 4832 1511 4887 in
1533 4816 1984 4904 vestrojudicio,

339 4921 562 4995 quaso,
598 4908 694 4965 ille
712 4913 813 4982 qui
846 4913 969 4984 [al.,
1003 4918 1276 4990 quisquis
1300 4919 1396 4976 ille
1427 4926 1516 4976 est
1542 4924 1663 4995 qui]
1707 4923 1984 4982 clericum

334 4992 577 5086 lacessit
607 4998 891 5068 adveniat,
917 5009 982 5059 ut
1013 5005 1427 5078 Ecclesiajura
1450 4992 1574 5082 qua
1596 4992 1807 5070 vetusti
1834 5015 1989 5086 prin-

335 5081 494 5154 cipes
523 5087 763 5145 assidua
783 5095 1085 5149 sanctione
1102 5096 1433 5167 ﬁrmarunt,
1451 5081 1530 5154 im
1539 5101 1736 5172 petitis
1757 5081 1986 5160 clericis

337 5188 456 5228 non
487 5181 795 5247 negentur.

331 5279 461 5333 CAP.
639 5314 724 5360 _-—-
757 5290 834 5341 De
863 5303 922 5342 eo
951 5288 1049 5360 qui
1077 5297 1324 5360 nepotem
1350 5308 1509 5347 suum
1538 5295 1837 5350 tutandum
1871 5313 1986 5352 sus-

404 5353 658 5497 (ἐῗέξέὂῖἐ
679 5361 926 5428 paternis
948 5353 1102 5415 bonis
1117 5353 1384 5432 privavit.
1419 5363 1663 5420 Gela-sius
1691 5369 1985 5425 Fortunato

409 5507 568 5591 (Dist3
601 5515 693 5591 87,
723 5533 773 5582 c.
821 5518 1247 5593 lrreligiosum.)
1294 5521 1694 5597 Irreligiosum
1741 5543 1982 5600 prorsus

2022 1705 2071 1769 B

2101 427 2161 481 in
2189 443 2296 482 sua
2323 427 2571 483 tuitione
2615 431 2941 497 susceptos,
2992 443 3105 483 non
3155 429 3316 483 omni
3365 428 3478 485 ﬁde
3525 436 3582 486 et
3629 436 3758 490 tota

2103 515 2281 570 animi
2309 517 2400 570 sui
2423 515 2754 570 educaverit
2789 516 3118 572 sanctitate.
3156 519 3236 572 Ac
3275 533 3410 572 cum
3445 519 3755 592 Olympius

2105 603 2385 658 diaconus
2408 603 2736 660 dilectionis
2758 608 2893 671 tua,
2917 603 3123 660 Felicis
3146 610 3317 676 atque
3345 605 3596 678 Olympii
3627 626 3764 676 sug-

2105 700 2340 762 geratur
2365 692 2711 763 avunculus,
2730 710 2947 764 eosque
2969 694 3242 765 parvulos
3267 697 3460 752 tutela
3486 698 3605 754 vice
3627 716 3759 755 sus-

2107 781 2326 851 ceperit
2359 782 2721 848 nutriendos,
2747 782 2901 838 ultra
2941 781 3316 840 latrocinium
3365 795 3495 840 sese
3527 787 3763 857 judica-

2105 885 2260 933 mus,
2284 871 2439 940 quod
2463 885 2560 926 eos
2582 871 2906 926 honisculis
2927 877 3233 943 parentum
3251 873 3426 945 (sicut
3449 877 3747 946 asserunt)

2106 957 2348 1029 reliquit
2377 963 2654 1027 extorres,
2687 959 2802 1016 alia
2832 961 3158 1032 retinendo,
3191 962 3305 1018 alia
3353 968 3558 1020 contra
3596 964 3761 1038 leges

2107 1052 2163 1102 et
2183 1049 2322 1118 jura
2352 1049 2676 1105 vendendo.

2107 1153 2242 1208 ΟΑΡ.
2279 1153 2399 1208 HO.
2432 1184 2502 1195 —-
2532 1155 2694 1222 Quod
2720 1153 2792 1209 ad
2820 1157 3225 1211 invocationem
3256 1158 3548 1214 criminosi
3571 1174 3760 1215 sacer-

2176 1224 2322 1303 dotis
2342 1225 2582 1295 Spiritus
2611 1235 2832 1281 sanctus
2862 1245 2975 1281 non
3008 1228 3289 1284 adveniat.
3312 1230 3460 1284 Idem
3507 1231 3764 1303 Helpidio

2177 1297 2441 1368 episc0po.

2176 1403 2252 1474 (Ι,
2279 1421 2328 1473 q.
2363 1403 2415 1470 l,
2449 1420 2495 1459 c.
2522 1403 2928 1476 Sacrosancta.)
2961 1406 3347 1463 Sacrosancta
3379 1406 3602 1480 religio,
3631 1426 3764 1480 qua

2106 1491 2453 1547 catholicam
2486 1495 2747 1549 continet
2775 1494 3177 1565 disciplinam,
3201 1500 3428 1551 tantam
3467 1497 3576 1552 sibi
3603 1514 3764 1554 reve-

2106 1579 2354 1635 rentiam
2387 1581 2642 1636 vindicat
2672 1585 2737 1635 ut
2765 1581 2835 1636 ad
2869 1598 2997 1637 eam
3030 1583 3277 1654 quilibet
3308 1584 3419 1638 nisi
3453 1601 3597 1654 pura
3627 1602 3763 1639 con-

2105 1669 2351 1723 scientia
2381 1685 2495 1724 non
2526 1670 2738 1724 audeat
2770 1671 3094 1740 pervenire.
3144 1672 3288 1726 Nam
3343 1675 3633 1744 quomodo
3683 1675 3757 1729 ad

2103 1756 2280 1810 divini
2315 1757 2574 1828 mysterii
2597 1760 3091 1815 consecrationem
3119 1759 3372 1815 calestis
3393 1762 3648 1832 Spiritus
3673 1762 3760 1816 in-

2102 1851 2340 1901 vocatus
2371 1847 2657 1912 adveniet,
2708 1847 2754 1902 si
2804 1848 3072 1903 sacerdos
3115 1853 3173 1902 et
3219 1849 3320 1919 qui
3368 1865 3500 1905 eum
3545 1851 3754 1906 adesse

2101 1936 2444 2005 deprecatur
2457 1935 2792 1990 criminosis
2807 1935 3014 2007 plenus
3027 1938 3359 1994 actionibus
3374 1939 3751 2010 reprobetur?

2102 2053 2232 2105 CAP.
2270 2051 2389 2125 111.
2423 2081 2491 2125 έ-
2524 2052 2588 2107 Ut
2617 2053 2739 2122 quis
2769 2057 2920 2107 caret
2948 2053 3128 2118 oculo,
3163 2053 3456 2109 sacerdotii
3501 2056 3750 2125 ofﬁcium

2208 2123 2475 2192 adipisci:
2505 2138 2614 2178 non
2631 2126 2826 2194 possit.
2851 2125 3112 2195 Pelagius
3144 2127 3340 2195 Ruﬁno
3371 2123 3638 2197 episcopo.

2174 2230 2334 2300 (Dist.
2356 2231 2447 2296 55,
2479 2247 2526 2286 c.
2560 2231 2622 2286 Si
2651 2231 3011 2304 evangelica.)
3043 2229 3130 2286 Illi
3163 2231 3258 2287 cui
3297 2237 3502 2288 erutus
3549 2234 3759 2290 oculus

2102 2325 2212 2386 est,
2246 2338 2360 2376 non
2395 2325 2643 2392 possunt
2665 2322 2836 2392 juxta
2858 2339 3110 2378 canones
3132 2323 3441 2379 sacerdotii
3457 2324 3596 2395 jura
3617 2339 3761 2380 con-

2102 2410 2248 2465 cedi.
2284 2411 2482 2481 Neque
2507 2411 2662 2466 enim
2697 2410 2918 2482 aliquid
2949 2411 2996 2466 ei
3031 2412 3288 2483 prodest,
3322 2414 3475 2484 quod
3517 2413 3757 2468 oculum

2100 2499 2320 2554 invitus
2353 2499 2572 2567 amisit,
2605 2516 2736 2554 cum
2774 2516 2877 2555 nec
2903 2499 3104 2555 volens
3151 2500 3466 2572 quisquam
3519 2502 3758 2558 oculum

2101 2589 2369 2644 amisisse
2401 2590 2724 2645 credendus
2754 2593 2862 2644 est.
2893 2589 3006 2644 Nec
3039 2591 3470 2646 sacratissimos
3502 2607 3760 2648 canones

2101 2677 2360 2750 aliquem
2394 2695 2597 2734 casum
2628 2679 2686 2733 in
2729 2678 3109 2734 amissionem
3155 2679 3330 2744 oculi,
3363 2680 3413 2735 ei
3465 2680 3606 2752 [hac
3647 2698 3762 2737 vos:

2099 2770 2247 2823 abest
2276 2769 2346 2823 ab
2377 2771 2515 2839 orig,
2548 2777 2599 2824 et
2649 2770 2801 2825 Grat.
2850 2770 2948 2841 qui
2999 2771 3070 2825 ad
3119 2770 3510 2826 sacerdotium
3560 2771 3758 2842 adipi-

2099 2859 2382 2912 scendum
2400 2859 3312 2930 nonimpediret,suisexcepisse
3345 2860 3562 2930 regulis
3597 2859 3759 2915 inve-

2099 2946 2322 3009 nimus,
2356 2947 2453 3001 sed
2489 2946 2597 3001 hoc
2629 2951 2856 3002 tantum
2892 2948 3064 3003 modo
3088 2948 3159 3002 ad
3189 2947 3642 3020 prohibitionem
3678 2949 3758 3003 fe-

2100 3035 2250 3089 cisse
2271 3035 2537 3089 videmus
2563 3036 2852 3106 Patribus,
2886 3039 2948 3091 ut
2979 3037 3074 3105 qui
3105 3041 3326 3092 careret
3355 3036 3543 3100 oculo,
3568 3051 3761 3093 sacer-

2097 3122 2240 3177 dotii
2275 3122 2532 3178 ofﬁcium
2566 3123 2810 3196 adipisci
2846 3141 2957 3179 non
2997 3125 3202 3196 possit.
3237 3126 3343 3181 Sed
3380 3141 3484 3180 nec
3517 3125 3578 3180 ill
3606 3125 3757 3180 ulla-

2095 3215 2267 3266 tenus
2309 3211 2478 3282 quasi
2507 3211 2566 3268 in
2599 3214 3132 3283 compensationem
3181 3213 3431 3284 injuria,
3478 3218 3750 3270 sacratus
3855 3261 3864 3269 .

2095 3301 2238 3355 ordo
2269 3301 2506 3356 concedi
2541 3303 2783 3372 poterit,
2831 3302 2929 3373 qui
2982 3303 3052 3356 ad
3103 3306 3329 3357 tantam
3381 3303 3747 3357 sacerdotem

2096 3387 2398 3460 prOprium
2432 3389 3014 3460 potuitiracundiam
3057 3407 3390 3462 provocare,
3435 3397 3496 3446 ut
3546 3396 3603 3446 et
3649 3390 3753 3446 ille

2096 3477 2356 3532 ofﬁcium
2389 3477 2445 3532 in
2480 3495 2595 3549 quo
2626 3483 2748 3534 erat
2774 3479 3085 3545 amitteret,
3109 3484 3166 3534 et
3199 3480 3305 3535 iste
3328 3484 3635 3551 provectus
3658 3480 3757 3535 sui

2096 3567 2363 3634 perderet
2393 3566 2750 3622 facultatem.

2095 3684 2230 3736 CAP.
2267 3683 2391 3754 112ῗ
2425 3711 2491 3723 -
2527 3685 2588 3739 Ut
2617 3685 2716 3753 qui
2753 3685 3064 3754 episcopum
3107 3685 3479 3739 necessarium
3526 3683 3751 3740 habent.

2167 3753 2504 3827 concorditer
2568 3753 2807 3823 eligant.
2876 3753 3142 3825 Pelagius
3208 3755 3434 3812 Tuliano
3501 3757 3752 3827 episc0po

2170 3824 2546 3880 Grumentino.

2169 3932 2333 4002 (Disi.
2365 3932 2455 3999 63,
2487 3947 2533 3986 c.
2560 3933 2792 3988 Litteras
2809 3932 3144 4005 charitatis.)
3170 3932 3418 3988 Litteras
3442 3931 3750 3988 charitatis

2099 4024 2208 4074 tua
2242 4021 2629 4092 suscepimus,
2663 4022 2879 4092 quibus
2911 4022 3211 4094 signiﬁcas
3243 4021 3516 4077 Latinum
3549 4022 3750 4077 diaco-

2098 4113 2421 4164 numtuum
2437 4111 2508 4165 ad
2533 4110 2935 4182 episcopatum
2960 4111 3228 4166 Ecclesia
3254 4108 3752 4166 Marcellianensis

2099 4215 2132 4252 a
2165 4197 2340 4265 clero,
2371 4204 2427 4253 et
2456 4199 2527 4253 ab
2557 4199 2834 4256 omnibus
2865 4199 2985 4255 illic
3016 4199 3498 4255 convenientibus
3549 4203 3750 4271 postu-

2098 4285 2223 4352 lari,
2257 4287 2327 4342 de
2359 4303 2495 4358 quo,
2518 4289 2643 4358 jam
2669 4294 2802 4344 ante
2825 4289 2931 4344 hoc
2954 4293 3209 4359 tempus,
3230 4287 3554 4343 retinemus
3575 4286 3750 4342 nobis

2099 4391 2132 4428 a
2158 4374 2453 4431 visitatore
2485 4381 2543 4431 et
2572 4377 2930 4447 quibusdam
2961 4375 3070 4432 loci
3104 4375 3536 4432 habitatoribus
3566 4375 3750 4432 fuisse

2100 4461 2370 4518 relatum.
2403 4466 2514 4520 Sed
2545 4481 2652 4521 nos
2683 4466 2987 4521 credentes
3018 4465 3156 4536 quia
3177 4465 3304 4535 jam
3353 4463 3746 4520 dimissoriam

2099 4552 2285 4624 ipsius
2316 4570 2349 4608 a
2379 4557 2480 4609 tua
2509 4553 2792 4610 charitate
2823 4555 3206 4626 perceperint,
3227 4552 3578 4624 scripsimus
3609 4567 3746 4608 eum

2099 4641 2293 4697 venire
2324 4643 2554 4698 debere.
2585 4643 2800 4698 Verum
2844 4643 2982 4714 quia
3027 4660 3180 4698 nunc
3240 4641 3498 4698 consulis
3543 4646 3745 4696 utrum

2099 4730 2267 4787 nobis
2298 4732 2368 4787 de
2398 4749 2646 4804 persona
2674 4734 2802 4803 ejus
2842 4731 3087 4803 placeat,
3135 4735 3192 4786 et
3239 4734 3357 4786 ate
3405 4730 3614 4786 debeat
3663 4746 3744 4785 re-

2097 4819 2298 4890 laxari,
2331 4821 2404 4876 ad
2436 4837 2544 4876 nos
2574 4820 2719 4876 nihil
2752 4821 2980 4891 attinet,
3015 4819 3129 4876 nisi
3162 4823 3226 4874 ut
3255 4819 3355 4892 qui
3381 4818 3748 4874 sacerdotem

2097 4909 2496 4965 necessarium
2526 4909 2762 4976 habent,
2787 4909 3152 4965 concorditer
3174 4923 3481 4980 personam
3503 4905 3750 4977 eligant,

2095 4997 2190 5053 cui
2221 5014 2471 5053 canones
2503 4998 2739 5052 obviare
2767 5013 2880 5052 non
2908 4998 3152 5069 possint.
3190 4998 3296 5052 Sed
3329 5001 3387 5051 et
3435 5010 3592 5050 nunc
3639 4993 3750 5049 hoc

2095 5084 2370 5156 dicimus,
2401 5089 2460 5140 et
2491 5086 2539 5140 si
2569 5101 2704 5140 eum
2735 5101 2940 5140 omnes
2970 5086 3218 5158 eligunt,
3245 5088 3304 5140 et
3331 5083 3420 5140 vis
3448 5098 3583 5139 eum
3605 5097 3751 5138 con-

2093 5175 2319 5245 cedere,
2339 5180 2569 5247 gratum
2593 5175 2763 5231 nobis
2784 5191 2913 5231 esse
2935 5191 3222 5248 cognosce
3241 5179 3300 5230 et
3324 5174 3373 5231 si
3405 5176 3596 5245 potest
3615 5174 3752 5226 ante

2094 5262 2248 5318 diem
2271 5268 2544 5318 sanctum
2577 5263 2811 5320 festinet
2861 5281 3186 5332 occurrere,
3239 5269 3306 5320 ut
3354 5261 3444 5318 vel
3493 5259 3748 5316 Sabbato

2092 5351 2220 5422 ipso
2255 5351 2439 5408 nostis
2469 5368 2693 5425 magna
2719 5358 2851 5426 post
2873 5353 3259 5426 baptismum,
3287 5369 3420 5408 cum
3438 5349 3540 5406 Dei
3555 5348 3752 5421 gratia

2090 5439 2279 5495 valeat
2307 5439 2587 5496 ordinari.
2619 5442 2892 5515 Alioquin
2925 5459 3165 5500 necesse
3198 5447 3289 5501 est
3318 5457 3418 5499 eos
3449 5454 3638 5510 usque
3667 5437 3745 5493 ad

2095 5528 2290 5600 quarti
2321 5529 2542 5590 mensis
2562 5531 2793 5604 jejunis
2821 5532 3134 5592 sustinere.
