3960 6072
405 282 511 337 475

1490 284 1557 334 D.
1602 278 1841 334 IVONIS
1878 273 2370 331 CARNO’I‘ENSIS
2406 276 2724 331 EPISCOPI

3711 274 3825 329 476

469 405 672 477 dulpho
706 402 1042 459 Bituricensi
1086 403 1494 475 archiepiscopo
1532 402 1733 473 (Nicol.
1769 403 1810 472 ι,
1843 418 1925 472 ep.
1964 400 2051 470 19,
2080 399 2136 465 Α
2165 402 2265 453 aut
2294 398 2611 469 nesciente,
2642 398 2915 470 episcOpo
2946 402 3141 453 autem
3175 396 3393 453 sciente
3424 398 3580 469 quod
3611 414 3833 454 servus

469 476 591 549 cap.
624 476 678 531 3.

470 568 628 639 (Dist.
673 564 763 635 23,
813 580 860 620 ε.
911 563 1228 633 Praeterea).
1281 562 1609 619 Sciscitaris
1662 568 1859 618 utrum
1910 560 2053 616 solis

399 654 856 730 presbyteris,an
890 660 946 708 et
963 652 1304 708 diaconibus
1323 654 1596 718 debeant,
1622 668 1752 707 cum
1778 650 2049 706 ordinan-

402 751 521 814 tur,
556 761 767 799 manus
817 742 1155 797 chrismatis
1201 741 1429 813 liquore
1484 741 1747 813 perungi.
1798 739 1959 803 Quod
1992 739 2049 793 in

404 841 608 891 sancta
637 833 744 887 hac
779 832 1057 900 Romana,
1100 832 1191 886 cui
1248 833 1357 887 Deo
1396 836 1632 886 auctore
1663 829 2049 892 deservimus,

403 923 663 979 Ecclesia
693 921 917 976 neutris
939 922 1152 992 agitur.
1171 921 1279 975 Sed
1301 925 1356 976 et
1386 921 1525 991 quia
1554 921 1633 975 sit
1662 937 1695 975 a
1723 936 1880 973 novae
1904 917 2050 989 legis

402 1011 692 1068 ministris
723 1014 943 1076 actum,
986 1026 1275 1080 nusquam
1327 1009 1463 1080 (nisi
1490 1027 1596 1064 nos
1629 1008 1789 1064 fallat
1816 1006 2051 1076 oblivio)

398 1100 673 1173 legimus.
707 1099 856 1168 Ergo
884 1098 969 1165 .ad
1002 1098 1153 1155 beati
1208 1097 1527 1153 Innocentii
1580 1114 1739 1169 papte
1772 1094 2051 1152 canonica

394 1191 627 1245 decreta
661 1189 1035 1243 sanctitatem
1086 1192 1249 1242 tuam
1299 1186 1782 1252 transmittimus,
1814 1189 1871 1240 et
1922 1200 2049 1254 qua).

392 1278 499 1333 tibi
532 1279 652 1333 sint
680 1276 739 1331 in
791 1275 1350 1343 consecrationibus,
1401 1279 1459 1330 et
1508 1274 1815 1330 ordinibus
1846 1274 2047 1329 obser-

392 1366 603 1430 vanda,
638 1364 928 1437 principia
952 1363 1173 1435 paginae
1198 1364 1267 1418 ad
1292 1364 1637 1419 Decentium
1670 1362 2045 1435 Eugubinum

395 1455 736 1527 episcopum
771 1453 987 1516 missae,
1021 1456 1079 1506 te
1106 1451 1328 1507 affatim
1361 1452 1708 1507 edocebunt.

394 1562 530 1618 CAP.
568 1562 689 1616 122.
722 1590 792 1600 —
822 1558 972 1627 Quod
1000 1574 1162 1613 nemo
1207 1558 1548 1612 damnandus
1595 1560 1667 1612 sit
1713 1559 1828 1613 nisi
1863 1560 2051 1629 sponte

465 1635 761 1701 confessus,
795 1631 879 1685 vel
926 1631 1188 1685 canonice
1233 1630 1531 1685 convictus.
1581 1629 1728 1685 Idem
1768 1629 2050 1686 Salomoni

472 1704 881 1759 Constantiensi
910 1704 1175 1773 episcopo.

463 1794 575 1864 (15,
608 1811 658 1864 q.
690 1793 743 1859 5,
778 1808 823 1847 c.
875 1770 1195 1862 Presbyter,
1246 1792 1329 1845 vel
1380 1791 1683 1863 diaconus).
1722 1790 2051 1862 Presbyter,
2084 1770 2131 1836 Β

390 1882 477 1938 vel
513 1883 811 1949 diaconus,
849 1897 1025 1952 quem
1079 1881 1292 1936 asseris
1338 1880 1587 1935 crimina
1635 1880 1791 1936 nolle
1821 1880 2052 1952 publice

396 1971 684 2041 confiteri,
710 1971 809 2025 sed
843 1969 987 2025 velle
1018 1986 1153 2025 cum
1173 1974 1541 2025 sacramento
1562 1970 1869 2025 defendere
1892 1985 1975 2035 se,
1997 1973 2054 2023 et

402 2066 601 2117 tamen
634 2065 837 2115 notum
870 2064 959 2115 est
980 2059 1253 2131 episcOpo
1275 2074 1403 2115 esse
1433 2059 1628 2114 scelus
1660 2060 1731 2114 ab
1761 2058 1890 2131 ipso
1923 2073 2051 2129 per-

404 2154 717 2222 petratum,
750 2166 866 2204 non
899 2152 1088 2218 potest
1118 2165 1221 2219 per
1252 2147 1510 2219 aliquam
1535 2148 1933 2220 paenitentiam
1960 2164 2052 2202 sa-

405 2237 682 2295 cerdotali
708 2238 793 2293 vel
819 2237 1107 2293 dieconali
1129 2236 1319 2292 officio
1338 2237 1534 2309 potiri.
1558 2237 1666 2292 Sed
1694 2235 2050 2305 mirandum,

408 2328 459 2383 sl
490 2327 617 2399 ipse
647 2328 954 2383 confessus
978 2343 1093 2381 non
1121 2326 1314 2393 tuerit,
1331 2327 1618 2397 quomodo
1641 2330 1845 2382 notum
1869 2326 2056 2397 possit

406 2433 537 2473 esse
566 2416 837 2488 episcopo
868 2416 1061 2472 scelus
1094 2416 1165 2470 ab
1197 2416 1327 2488 ipso
1362 2421 1783 2488 perpetratum,
1815 2414 1928 2470 nisi
1960 2432 2052 2470 ac-

407 2510 677 2561 cusatore
703 2506 1067 2561 forteidoneo
1091 2522 1193 2578 per
1213 2508 1392 2561 testes
1412 2505 1653 2561 idoneos
1674 2504 2051 2576 approbante.

404 2593 570 2650 Unde
618 2595 667 2650 si
717 2595 1086 2651 examinante
1134 2596 1406 2667 episcopo
1455 2611 1693 2650 causam
1735 2592 2054 2665 presbyteri

401 2684 488 2740 vel
520 2684 771 2751 diaconi,
806 2702 921 2740 non
966 2685 1143 2739 fuerit
1174 2702 1274 2755 per
1302 2684 1538 2741 testium
1574 2683 2052 2754 approbationem

401 2771 499 2827 ille
532 2774 835 2845 presbyter
864 2773 952 2827 vel
986 2774 1270 2829 diaconus
1301 2774 1447 2828 forte
1478 2772 1796 2839 convictus,
1831 2788 1944 2825 non
1967 2773 2057 2825 est

402 2861 595 2916 scelus
618 2861 893 2932 episcopo
912 2860 1169 2932 legitime
1186 2860 1648 2926 manifestatum,
1674 2860 1787 2915 nisi
1811 2858 2053 2930 presby-

403 2953 493 3003 ter
521 2948 608 3003 vel
638 2950 922 3005 diaconus
953 2967 1059 3005 sua
1086 2955 1293 3021 sponte
1324 2950 1516 3005 scelus
1550 2950 1739 3021 ipsum
1775 2948 2052 3003 confitea-

370 3042 520 3093 ‘tur.
553 3039 715 3101 Quod
777 3038 885 3093 nisi
939 3039 1161 3107 fecerit,
1192 3039 1429 3094 interim
1481 3056 1593 3094 non
1644 3038 1910 3092 videmus
1945 3052 2053 3092 suo

404 3127 615 3181 debere
646 3128 1051 3198 presbyterum
1097 3126 1185 3182 vel
1233 3127 1545 3183 diaconum
1590 3126 1781 3182 officio
1814 3126 2047 3197 privari.
2083 3137 2125 3204 α

399 3215 531 3271 Sola
563 3231 699 3287 ergo
729 3220 1053 3287 spontanea
1082 3215 1393 3283 confessio,
1427 3220 1481 3271 et
1502 3216 1818 3271 canonicos
1852 3232 2052 3271 nume-

402 3322 503 3361 rus
532 3304 621 3361 vel
655 3304 911 3377 qualitas
944 3305 1206 3371 testium,
1255 3304 1707 3360 decernentibus
1737 3304 2049 3377 episcopis,

400 3401 458 3450 et
487 3398 828 3450 accusatore
868 3393 1022 3463 quod
1074 3393 1367 3463 objecerat
1413 3394 1851 3465 comprobante,
1884 3393 2050 3449 cleri-

398 3500 533 3539 cum
562 3483 750 3554 privat
779 3481 1014 3554 proprio
1046 3483 1255 3553 gradu.

398 3584 531 3636 CAP.
572 3581 689 3635 123.
724 3610 793 3621 —-
822 3581 897 3653 Ne
924 3580 1192 3636 diaconus
1236 3589 1364 3636 ante
1410 3583 1795 3653 presbyterum
1843 3583 2048 3639 sedeat.

850 3651 1130 3707 Canonum
1160 3670 1217 3708 γι
1247 3653 1447 3725 synodi
1472 3670 1519 3709 ο.
1549 3651 1601 3708 7.

473 3740 633 3811 (Dist.
664 3741 753 3811 93,
783 3757 829 3796 c.
864 3742 1276 3813 Praecipimus).
1312 3741 1691 3814 Praecipimus
1739 3758 1811 3799 ne
1856 3744 2052 3799 diaco-

402 3845 513 3883 nus
542 3829 836 3901 (quamvis
866 3829 924 3884 in
959 3830 1262 3898 dignitate,
1286 3830 1395 3885 hoc
1427 3835 1515 3885 est
1544 3830 1603 3886 in
1636 3831 1826 3886 officio
1858 3832 2053 3903 quoli-

402 3917 500 3973 bet
528 3916 927 3973 ecclesiastico
959 3918 1059 3989 sit)
1084 3921 1217 3974 ante
1248 3919 1655 3990 presbyterum
1687 3921 1905 3991 sedeat,
1938 3920 2053 3976 nisi

400 4020 534 4060 cum
570 4004 722 4060 vices
757 4003 1029 4060 habuerit
1061 4005 1281 4077 proprii
1330 4006 1673 4076 patriarchae
1704 4012 1807 4063 aut
1838 4014 2053 4065 metro-

399 4092 645 4164 politani
676 4110 780 4166 pro
811 4093 1002 4166 aliquo
1035 4094 1313 4165 capitulo.
1340 4095 1503 4150 Tunc
1522 4095 1679 4150 enim
1710 4096 1863 4151 sicut
1891 4097 2053 4154 illius

401 4180 595 4239 locum
625 4186 833 4239 tenens
863 4183 1266 4239 honorabitur.
1313 4182 1371 4238 Si
1405 4184 1536 4255 quis
1566 4200 1699 4240 vero
1729 4202 2052 4259 praesump-

396 4272 538 4326 serit
566 4271 679 4327 hoc
711 4272 1012 4345 tyrannice
1043 4273 1252 4341 facere,
1289 4290 1323 4328 a
1354 4273 1589 4346 proprio
1636 4275 1820 4346 gradu
1857 4275 2052 4349 repul-

395 4374 521 4427 sus,
555 4359 802 4416 ultimus
834 4359 1100 4415 omnium
1136 4361 1237 4417 fiat
1265 4361 1324 4417 in
1356 4361 1558 4418 ordine
1589 4380 1716 4420 suo.

445 4467 581 4523 CAP.
618 4467 738 4521 124.
772 4497 841 4507 -
872 4468 947 4523 De
975 4468 1431 4612 irricupaléi‘liter
1458 4468 1747 4543 depositis,
1778 4488 1898 4544 cap.
1933 4474 1999 4527 10

1099 4556 1217 4611 cap.
1349 4582 1361 4595 .

1099 4556 1217 4611 cap.
1249 4556 1361 4611 21].

464 4624 698 4719 Quipro
719 4625 907 4719 culpis
926 4626 1052 4683 suis
1071 4627 1601 4719 irrecuperabiliter
1617 4632 1866 4703 depositi
1889 4637 2049 4719 sunt,

392 4716 448 4769 et
479 4713 535 4769 in
571 4713 763 4770 locum
796 4714 1085 4772 laicorum
1106 4718 1413 4789 redacti,si
1447 4724 1654 4791 sponte
1676 4738 1783 4776 sua
1814 4713 2050 4779 conver;

390 4804 595 4857 tantur
624 4803 697 4858 ad
730 4803 938 4874 Deum,
968 4810 1205 4876 peccato
1240 4808 1649 4864 renuntiantes
1680 4826 1782 4881 pro
1813 4826 1927 4881 quo
1948 4812 2051 4868 de-

392 4890 567 4960 positi
598 4896 763 4963 sunt,
794 4896 853 4948 et
896 4893 1137 4949 omnino
1187 4911 1247 4949 se
1279 4895 1538 4952 alienant
1590 4899 1659 4954 ab
1693 4915 1780 4969 eo,
1815 4899 2049 4956 clerica-

386 4977 504 5035 lem
537 4984 848 5039 tonsuram
881 5000 998 5039 non
1031 4985 1298 5056 perdant.
1334 4986 1392 5042 Si
1423 5004 1557 5045 vero
1587 4996 1822 5061 peccato
1852 4992 2050 5048 adhae-

385 5069 596 5137 serint,
630 5074 1131 5142 quemadmodum
1165 5073 1298 5129 laici
1331 5092 1530 5133 comas
1564 5079 1879 5151 dimittant,
1912 5083 2052 5154 quia

393 5159 755 5215 mundanam
787 5161 1291 5218 conversationem
1314 5163 1533 5222 ccelesti
1555 5167 1683 5223 vitae
1715 5185 2047 5241 praeposue-

390 5252 553 5305 runt.

386 5345 520 5401 Car.
554 5346 680 5401 125.
712 5378 779 5388 —
817 5348 880 5405 Ut
907 5364 1094 5403 servus
1123 5350 1407 5406 nesciente
1436 5351 1658 5410 domino
1686 5371 1783 5410 suo
1812 5372 1923 5412 non
1956 5375 2047 5413 or-

459 5418 830 5560 dinelu‘rbfx
858 5420 1097 5477 concilio
1129 5423 1537 5495 Aurelianensi,
1568 5441 1614 5480 c.
1644 5426 1681 5479 5
1710 5427 1879 5498 (conc.
1910 5429 2045 5486 Aur.

469 5505 535 5557 ιι,
568 5507 615 5545 c.
750 5532 763 5546 .
894 5524 909 5539 ι

469 5505 535 5557 ιι,
568 5507 615 5545 c.
652 5505 763 5557 ω).

462 5576 627 5646 (Dist.
658 5579 747 5651 54,
772 5595 823 5636 c.
856 5578 918 5636 Si
943 5582 1177 5656 servus).
1202 5582 1415 5641 Servus
1444 5584 1516 5656 si,
1544 5584 1784 5645 absente
1806 5587 2045 5650 domino

2162 488 2257 553 sit,
2288 488 2571 543 diaconus
2620 492 2721 543 aut
2770 486 3074 560 presbyter
3108 486 3283 542 fuerit
3328 487 3655 553 ordinatus,
3690 487 3834 560 ipso

2159 575 2218 631 in
2250 576 2555 632 clericatus
2576 576 2767 632 ofﬁcio
2787 580 3185 648 permanente,
3215 576 3525 648 episcopus
3546 594 3682 633 eum
3710 578 3831 632 do-

2162 666 2324 720 mino
2354 664 2574 737 duplici
2608 666 3009 721 satisfactione
3054 670 3411 736 compenset.
3443 666 3499 719 Si
3525 682 3659 720 vero
3693 666 3830 737 epi-

2161 771 2374 825 scopus
2396 770 2526 809 eum
2553 770 2783 809 servum
2805 754 3096 821 nescierit,
3127 755 3221 824 qui
3255 754 3658 809 testimonium
3686 771 3829 826 per-

2161 842 2339 909 bibet,
2372 848 2474 898 aut
2505 860 2638 898 eum
2673 843 3130 915 supplicaverint
3155 843 3437 911 ordinari,
3468 843 3647 900 simili
3683 844 3830 899 red-

2160 931 2447 988 hibitione
2477 938 2787 987 teneantur
2817 932 3072 987 obnoxii.

2161 1035 2295 1091 CAP.
2333 1037 2455 1092 126.
2488 1068 2555 1078 —
2588 1038 2659 1092 De
2688 1037 2773 1092 his
2805 1039 2903 1107 qui
2951 1037 3266 1091 libertatm
3304 1036 3384 1090 ita
3412 1045 3834 1107 consequuntur

2229 1113 2289 1162 ut
2334 1109 2554 1163 nullum
2598 1110 2710 1163 sibi
2756 1108 2975 1164 domini
3020 1108 3351 1178 obsequium
3400 1111 3690 1163 retentent.
3743 1114 3833 1165 Ex

2230 1181 2464 1235 concilio
2498 1180 2771 1247 Toletano,
2803 1196 2924 1251 cap.
2955 1179 3027 1233 74
3057 1182 3228 1249 (conc.
3264 1179 3370 1234 Tol.
3406 1196 3480 1246 1v,
3512 1195 3559 1234 c.
3592 1180 3713 1249 73).

2229 1286 2388 1356 (Dist.
2418 1287 2510 1355 54,
2542 1303 2589 1341 c.
2634 1288 2995 1358 Quicunque).
3049 1286 3396 1358 Quicunque
3424 1285 3760 1342 libertatem
3793 1304 3830 1342 a

2158 1374 2415 1431 dominis
2445 1376 2572 1432 suis
2603 1376 2682 1431 ita
2732 1375 3067 1448 percipiunt
3116 1380 3180 1430 ut
3210 1375 3438 1430 nullum
3491 1376 3735 1431 sibimet
3764 1376 3826 1431 in

2158 1464 2241 1519 eis
2292 1465 2638 1535 obsequium
2703 1468 2985 1535 patronus
3038 1468 3306 1530 retentet,
3358 1464 3479 1531 isti,
3529 1465 3661 1520 sine
3710 1466 3828 1519 cri-

2159 1553 2317 1608 mine
2367 1553 2600 1624 capitali
2650 1558 2806 1621 sunt,
2845 1554 2912 1608 ad
2968 1552 3278 1609 clericatus
3327 1555 3592 1609 ordinem
3636 1553 3826 1609 libere

2157 1642 2574 1712 suscipiantur,
2609 1643 2749 1714 quia
2798 1642 3018 1697 directa
3058 1643 3526 1698 manumissione
3556 1641 3823 1698 absoluti

2161 1746 2289 1786 esse
2320 1736 2663 1786 noscuntur.
2696 1731 2803 1795 Qui
2836 1734 2984 1801 {vero
3016 1735 3240 1786 retento
3290 1732 3571 1803 obsequio
3605 1748 3814 1786 manu-

2163 1819 2329 1874 missi
2362 1825 2519 1885 sunt,
2554 1836 2656 1890 pro
2701 1836 2767 1875 eo
2820 1820 2975 1889 quod
3028 1820 3222 1875 adhuc
3275 1818 3505 1891 patroni
3537 1819 3831 1875 servitute

2161 1912 2440 1963 tenentur
2463 1909 2720 1973 obnoxii,
2754 1908 3093 1963 nullatenus
3123 1909 3192 1963 ad
3228 1908 3693 1964 ecclesiasticum
3734 1924 3831 1962 or-

2161 1997 2357 2051 dinem
2390 1998 2768 2069 promovendi
2820 2003 2979 2063 sunt,
3032 1998 3343 2068 nequando
3387 1997 3684 2052 voluerint
3728 2013 3828 2052 eo-

2163 2104 2294 2142 rum
2332 2087 2579 2154 domini,
2613 2087 2757 2142 fiaut
2786 2103 2854 2141 ex
2888 2086 3118 2142 clericis
3148 2086 3318 2141 servi.

2162 2194 2294 2249 CAP.
2329 2194 2450 2247 127.
2481 2225 2549 2233 —
2582 2194 2654 2247 De
2680 2194 2852 2248 servis
2900 2193 3237 2248 ordinandis
3286 2192 3551 2264 quomodo
3582 2194 3828 2261 ingenui

2332 2266 2460 2334 ﬁeri
2482 2265 2726 2321 debeant.
2760 2268 2849 2319 Eo:
2879 2266 3110 2320 concilio
3140 2266 3416 2333 Remensi,
3448 2280 3567 2335 cap.
3605 2266 3656 2320 1.

2234 2372 2565 2427 Auctoritas
2595 2370 2989 2427 ecclesiastica
3024 2375 3290 2442 patenter
3321 2373 3617 2436 admonet,
3651 2370 3824 2426 insu-

2164 2476 2266 2531 per
2294 2465 2352 2515 et
2382 2460 2660 2531 majestas
2690 2459 2848 2531 regia
2877 2459 3173 2514 canonica:
3203 2458 3469 2531 religioni
3502 2475 3823 2514 assensum

2164 2548 2401 2620 praebet,
2434 2554 2500 2604 ut
2531 2564 2942 2619 quemcunque
2973 2548 3044 2602 ad
3071 2564 3269 2603 sacros
3291 2548 3529 2603 ordines
3557 2564 3627 2602 ex
3659 2548 3827 2603 fami-

2162 2637 2241 2692 lia
2275 2638 2509 2709 propria
2550 2653 2888 2709 promovere
2936 2636 3195 2692 Ecclesia
3243 2653 3489 2708 quasque
3521 2635 3826 2708 delegave-

2165 2727 2261 2792 rit,
2294 2727 2353 2781 in
2386 2726 2697 2798 praesentia
2744 2726 3115 2781 sacerdotum
3170 2726 3605 2791 canonicorum,
3641 2724 3826 2779 simul

2164 2820 2222 2870 et
2249 2815 2533 2870 nobilium
2579 2814 2885 2883 laicorum,
2918 2814 3043 2884 ejus
3077 2813 3169 2869 cui
3221 2814 3525 2884 subjectus
3559 2818 3651 2868 est
3682 2814 3828 2869 sub-

2162 2903 2479 2975 scriptione
2508 2902 2595 2959 vel
2638 2903 3127 2973 manumissione,
3160 2903 3271 2958 sub
3318 2901 3610 2958 libertatis
3640 2908 3829 2958 testa-

2166 3001 2381 3060 mento,
2419 2991 2763 3047 solemniter
2789 2991 3114 3046 roboretur.

2164 3099 2297 3155 CAP.
2336 3100 2456 3154 128.
2489 3129 2558 3139 ——
2584 3100 2658 3153 De
2684 3098 2887 3154 eodem.
2923 3099 3004 3153 Ea:
3030 3099 3265 3155 concilio
3310 3099 3560 3153 Talelano
3592 3101 3673 3171 (in
3699 3100 3826 3169 fra-

2632 3171 2868 3241 gmentis
2898 3186 3045 3225 conc.
3083 3170 3244 3225 Tolet.
3279 3172 3342 3239 1).

2234 3277 2452 3331 Debent
2484 3279 2682 3331 autem
2732 3275 3146 3347 suprascripta
3194 3274 3574 3346 ingenuitatis
3611 3276 3826 3331 chartas

2160 3382 2276 3420 non
2308 3363 2499 3419 solum
2549 3381 2762 3419 nomen
2810 3363 2970 3418 illius
3018 3364 3118 3435 qui
3170 3363 3277 3418 has
3331 3363 3455 3419 fieri
3488 3369 3681 3434 rogat,
3715 3368 3818 3420 sed

2158 3454 2334 3508 etiam
2367 3452 2607 3508 nomina
2629 3453 2999 3508 sacerdotum
3022 3456 3078 3507 et
3097 3451 3381 3507 nobilium
3403 3452 3691 3509 laicorum
3714 3454 3819 3525 qui

2161 3543 2238 3597 ibi
2274 3542 2507 3612 fuerint,
2540 3542 2600 3596 in
2640 3541 2845 3597 ordine
2895 3541 3143 3613 digesta,
3195 3558 3329 3596 cum
3363 3542 3549 3613 signis
3582 3542 3824 3613 propria

2160 3648 2340 3686 manu
2372 3630 2677 3702 impressis
2699 3628 3015 3685 continere.
3046 3629 3191 3687 Nam
3209 3630 3337 3685 sine
3357 3630 3563 3686 horum
3587 3631 3824 3702 astipu-

2158 3719 2374 3775 latione
2404 3720 2618 3792 pagina
2634 3719 2980 3774 auctoritate
3002 3719 3242 3774 testium
3263 3719 3485 3775 nudata
3506 3736 3607 3788 pro
3632 3719 3821 3776 nihilo

2159 3809 2492 3880 deputatur.
2511 3807 2752 3879 Oportet
2780 3807 2954 3862 etiam
2982 3807 3407 3876 utlocus,dies,
3432 3808 3826 3879 annus,prin-

2160 3913 2316 3968 ceps,
2344 3900 2400 3951 et
2429 3896 2781 3952 indictiones
2806 3895 2864 3950 in
2898 3896 3013 3950 fine
3044 3894 3131 3950 vel
3154 3896 3213 3950 in
3242 3896 3506 3967 margine
3539 3897 3821 3953 adnotata

2161 3986 2491 4042 habeantur
2521 3985 2579 4040 in
2615 3984 2769 4039 hunc
2800 3985 3064 4040 modum.
3090 3988 3299 4039 Actum
3332 3985 3390 4039 in
3422 3985 3523 4040 illa
3555 3985 3817 4053 civitate,

2160 4075 2218 4131 in
2243 4076 2416 4131 domo
2437 4073 2635 4129 Sancti
2660 4071 2835 4141 Petri,
2860 4071 3138 4128 Kalendis
3162 4072 3299 4142 illis,
3324 4090 3478 4129 anno
3504 4074 3821 4130 Dominice

2162 4162 2589 4221 Incarnationis
2620 4160 2743 4227 illo,
2772 4165 3051 4233 regnante
3078 4160 3179 4216 illo
3212 4178 3365 4233 rege,
3390 4166 3447 4217 et
3469 4162 3821 4234 praesidente

2158 4254 2216 4309 in
2250 4252 2527 4309 cathedra
2550 4250 2901 4323 supradictae
2927 4250 3186 4305 civitatis
3207 4250 3482 4323 episcopo
3511 4250 3612 4308 illo
3644 4252 3735 4307 vel
3761 4253 3821 4307 in

2160 4340 2513 4399 monasterio
2544 4340 2645 4395 illo
2668 4342 2923 4412 (quatuor
2939 4338 3059 4396 haec
3089 4339 3248 4395 verba
3270 4356 3377 4395 non
3393 4345 3522 4395 sunt
3552 4343 3613 4397 in
3638 4344 3822 4414 origi-

2160 4430 2331 4501 nali),
2364 4430 2684 4485 indictione
2716 4427 2837 4495 illa,
2857 4427 2918 4483 in
2939 4428 3035 4484 Dei
3059 4428 3293 4484 nomine
3315 4428 3579 4484 feliciter.
3608 4432 3821 4488 Amen.

2075 4508 2123 4574 D
2154 4521 2249 4577 Ait
2268 4519 2424 4576 enim
2447 4519 2709 4574 Romana
2730 4517 3050 4573 auctoritas
3076 4536 3088 4573 :
3116 4516 3483 4588 Quaecunque
3504 4518 3663 4590 leges
3685 4519 3818 4575 sine

2162 4611 2256 4667 die
2285 4613 2339 4666 et
2368 4607 2609 4665 consule
2640 4606 2860 4663 fuerint
2889 4606 3149 4678 prolatae,
3182 4623 3299 4663 non
3330 4606 3581 4663 valeant.

2232 4718 2368 4774 CAP.
2403 4716 2525 4772 129.
2556 4746 2627 4757 —-
2658 4717 2792 4771 Item
2834 4713 2929 4856 rich
2945 4713 3156 4855 godegn.
3189 4714 3273 4769 Ea:
3298 4713 3483 4770 eodem
3512 4714 3749 4771 concilio

2875 4803 2893 4839 ι
2936 4802 2951 4839 ι
2995 4801 3124 4840 em.

2875 4801 3124 4840 zozaem).

2233 4875 2568 4935 Instruendi
2602 4879 2741 4932 sunt
2761 4877 3038 4946 praeterea
3058 4872 3190 4929 laici
3223 4876 3287 4928 ut
3305 4873 3493 4929 sciant
3515 4876 3673 4945 quod
3696 4876 3823 4931 nul-

2158 4968 2394 5024 latenus
2420 4966 2531 5023 alio
2549 4965 2672 5021 loco
2692 4962 3107 5020 manumittere
3128 4962 3397 5035 proprios
3430 4969 3678 5034 possunt
3698 4982 3820 5021 ser-

2159 5073 2284 5123 vos,
2320 5073 2467 5129 quos
2499 5053 2811 5111 dominicis
2840 5051 3051 5107 castris
3077 5051 3380 5123 aggregari
3414 5051 3819 5120 decreverunt,

2161 5144 2277 5201 nisi
2309 5148 2364 5202 in
2423 5146 2797 5201 sacrosancta
2854 5139 3110 5196 Ecclesia
3157 5140 3362 5196 ordine
3410 5146 3817 5213 supranotato.

2160 5236 2460 5300 Quomodo
2492 5231 2649 5288 enim
2682 5230 2876 5286 clerici
2908 5233 3071 5286 extra
3102 5234 3368 5285 sanctam
3402 5228 3722 5285 Ecclesiam
3753 5229 3821 5285 li-

2156 5324 2442 5379 bertatem
2487 5320 2764 5391 consequi
2819 5323 3087 5391 possunt,
3124 5318 3221 5390 qui
3274 5335 3307 5373 a
3338 5316 3465 5389 lege
3520 5319 3822 5374 mundana

2156 5410 2415 5467 extranei
2446 5408 2633 5465 sunt?
2666 5410 2734 5463 Et
2764 5408 2981 5479 quibus
3029 5407 3402 5461 interdicitur
3434 5422 3505 5461 ne
3536 5408 3607 5462 ad
3643 5424 3826 5463 saecu-

2154 5499 2276 5555 lare
2301 5498 2592 5570 judicium
2618 5497 2960 5570 procedant,
2984 5495 3281 5569 quomodo
3303 5494 3571 5552 saeculari
3595 5495 3825 5568 judicio

2157 5589 2355 5662 ajugo
2400 5586 2703 5647 servitutis
2750 5582 3187 5644 absolvuntur?
3236 5583 3341 5641 Sed
3392 5583 3645 5643 fortasse
3683 5584 3830 5643 dicit
