3994 6052
264 258 336 310 77
1284 262 1595 316 DECRETI
1634 261 1820 316 PARS

1994 288 2063 299 -ο
2099 265 2196 315 ΒΕ
2234 263 2580 318 CLERICIS.

3535 271 3639 324 478

225 381 438 453 aliquis
471 397 486 436 :
520 381 780 437 Clericus
825 382 946 436 fieri
998 399 1111 438 non
1163 385 1542 453 permittitur,
1596 383 1708 439 nisi
1743 387 1874 438 ante
1905 385 1958 451 Α
1990 399 2230 440 munere
2262 387 2566 441 conductis
2592 386 2678 441 vel
2712 389 3023 461 corruptis,
3051 395 3152 445 aut
3183 391 3441 463 qualibet
3470 392 3636 448 calli-

225 475 565 542 susceptum
587 469 894 525 clericatus
911 470 1194 535 officium,
1210 471 1568 541 ingenuitate
1600 473 1876 544 potiatur.

225 561 444 615 Revera
493 577 693 614 verum
744 560 928 614 dicit:
967 565 1032 614 Et
1085 561 1210 616 ideo
1262 562 1414 632 quod
1467 562 1753 616 inﬁrmari
1792 562 1877 616 vel

223 649 538 720 vituperari
577 653 787 720 potest,
823 649 1128 720 praecaveri
1163 650 1350 704 debet.

293 787 427 841 CAP.
468 785 589 840 130.
622 816 689 825 ——-
720 787 860 839 Item
891 786 954 839 de
1001 785 1208 841 eodem.
1250 787 1331 840 Ea:
1359 785 1542 840 eodem
1573 787 1802 842 concilio

911 857 1183 928 (ibidem).

292 973 415 1027 Non
450 972 640 1027 solum
673 976 864 1026 autem
892 972 989 1041 qui
1016 972 1085 1026 ad
1115 971 1422 1027 clericatus
1446 973 1707 1027 ordinem
1738 990 1870 1043 pro-

217 1061 489 1117 movendi
519 1066 658 1116 sunt
689 1061 747 1114 in
783 1061 1037 1115 Ecclesia
1087 1061 1542 1115 manumittendi
1579 1067 1739 1126 sunt,
1771 1079 1867 1117 ve-

213 1168 348 1205 rum
378 1151 553 1205 etiam
608 1151 689 1216 hi,
729 1165 872 1220 quos
925 1149 1179 1220 quisque
1225 1167 1327 1221 pro
1363 1149 1616 1205 remedio
1664 1151 1871 1205 animas

213 1256 334 1294 sua:
367 1239 721 1309 emancipari
755 1240 900 1307 vult,
929 1238 1068 1309 quia
1099 1239 1182 1292 sic
1215 1239 1500 1308 scriptum
1536 1239 1750 1310 quippe
1783 1245 1872 1294 est

206 1328 269 1383 in
300 1333 470 1400 pacto
513 1332 892 1382 Francorum.

209 1452 351 1508 CAP.
387 1453 508 1509 131.
541 1483 612 1493 —-
654 1452 955 1519 Exemplar
1003 1452 1276 1507 libertatis
1324 1453 1386 1507 de
1427 1455 1651 1524 proprio
1689 1469 1866 1511 servo.

613 1527 706 1578 Ex
729 1524 912 1578 eodem
937 1525 1169 1579 concilio
1199 1525 1466 1594 (ibidem).

285 1632 392 1694 Qui
421 1630 684 1686 debitum
704 1631 815 1687 sibi
838 1647 1070 1699 nexum,
1096 1637 1272 1703 atque
1294 1636 1626 1703 competens
1649 1632 1868 1689 relaxat

208 1721 536 1786 servitium,
568 1721 872 1792 prazmium
909 1721 964 1775 in
1001 1722 1196 1775 futuro
1224 1722 1378 1792 apud
1416 1721 1727 1776 Dominum
1752 1723 1863 1778 sibi

205 1810 518 1880 provenire
550 1827 664 1865 non
699 1811 948 1865 dubitet.
982 1813 1345 1881 Quapropter
1375 1827 1502 1882 ego,
1538 1811 1592 1864 in
1632 1811 1726 1866 Dei
1763 1828 1864 1866 no-

202 1900 384 1966 mine,
418 1898 590 1954 illum
627 1916 728 1969 pro
778 1900 1036 1954 remedio
1084 1900 1291 1954 anima:
1339 1917 1501 1966 meae,
1530 1899 1616 1954 vel
1652 1905 1866 1955 (eterna

202 1988 591 2043 retributione
625 1989 682 2042 in
716 1988 960 2044 ecclesia
989 1990 1184 2043 Sancti
1220 1990 1394 2056 Petri,
1421 1990 1506 2043 vel
1540 1989 1697 2044 illius
1730 2007 1862 2044 san-

202 2079 303 2142 cti,
341 2079 450 2133 sub
482 2077 791 2150 praesentia
822 2078 1079 2149 episcopi
1112 2077 1197 2133 vel
1222 2079 1594 2133 sacerdotum
1628 2078 1704 2132 ibi
1731 2095 1866 2133 con-

203 2167 568 2232 sistentium,
595 2184 658 2221 ac
678 2166 961 2222 nobilium
982 2166 1428 2237 laicorum,ante
1456 2185 1633 2222 cornu
1662 2167 1862 2222 altaris

202 2256 383 2312 istius
428 2255 709 2321 ecclesiae,
744 2254 981 2310 absolvo
1031 2272 1260 2310 servum
1309 2273 1505 2311 meum
1540 2256 1728 2324 illum,
1763 2273 1864 2326 per

200 2345 358 2399 hanc
390 2345 650 2400 chartam
673 2344 1080 2413 absolutionis,
1099 2350 1154 2399 et
1180 2344 1581 2415 ingenuitatis,
1607 2347 1677 2400 ab
1702 2345 1860 2399 omni

199 2435 441 2489 vinculo
475 2434 798 2502 servitutis,
832 2436 913 2487 ita
961 2438 1025 2488 ut
1077 2435 1148 2488 ab
1197 2434 1306 2488 hac
1354 2435 1467 2499 die,
1501 2439 1555 2488 et
1587 2435 1861 2504 deinceps

197 2523 499 2594 ingenuus
523 2523 620 2586 sit,
644 2529 699 2577 et
721 2524 1008 2593 ingenuus
1031 2528 1391 2594 permaneat,
1409 2527 1688 2594 tanquam
1716 2525 1763 2577 si
1789 2523 1858 2576 ab

196 2611 478 2683 ingenuis
510 2613 854 2683 parentibus
890 2613 1097 2667 fuisset
1132 2617 1325 2678 natus,
1364 2617 1465 2666 aut
1497 2616 1856 2682 procreatus.

195 2702 341 2755 Eam
367 2706 569 2772 pergat
595 2705 816 2772 partem
843 2717 1021 2771 quam
1049 2701 1340 2767 maluerit,
1369 2701 1450 2754 vel
1481 2717 1653 2772 quam
1679 2702 1726 2754 ei
1752 2717 1856 2754 au-

195 2790 440 2844 ctoritas
456 2791 736 2843 canonica
753 2789 1122 2860 permittit,et
1138 2789 1290 2844 sicut
1309 2789 1403 2843 alii
1429 2789 1664 2859 ingenui
1682 2789 1857 2843 vitam

193 2879 373 2933 ducat
398 2880 728 2949 ingenuam.
755 2878 906 2931 Nulli
938 2883 1134 2933 autem
1156 2878 1451 2932 haredum
1481 2894 1768 2942 meorum,
1792 2895 1857 2932 ac

194 2968 624 3038 prohaeredum,
659 2983 763 3022 nec
796 2968 1068 3036 cuiquam
1103 2983 1362 3038 personae
1397 2967 1493 3021 alii
1528 2967 1854 3037 quidquam

192 3057 404 3111 debeat
435 3055 853 3125 servitutis,vel
888 3055 1174 3110 libertatis
1207 3056 1579 3127 obsequium,
1609 3056 1717 3111 nisi
1746 3055 1853 3110 soli

189 3151 330 3211 Deo,
366 3145 457 3200 cui
493 3145 690 3201 omnia
722 3145 988 3214 subjecta
1019 3150 1180 3214 sunt,
1212 3145 1299 3200 vel
1335 3163 1438 3216 pro
1465 3147 1634 3214 cujus
1657 3162 1854 3200 amore

185 3235 389 3306 ipsum
423 3234 668 3289 devotus
695 3235 767 3289 ad
798 3235 926 3302 ejus
977 3233 1281 3288 servitium
1314 3234 1521 3288 obtuli.
1558 3233 1857 3288 Peculiare

185 3339 327 3377 vero
362 3339 536 3377 suum
569 3323 722 3393 quod
760 3323 1042 3376 Dominus
1073 3322 1122 3376 ei
1157 3322 1402 3390 dederit,
1435 3321 1521 3375 vel
1556 3322 1855 3392 deinceps,

184 3412 310 3467 Deo
346 3411 688 3480 auxiliante,
712 3410 948 3480 assequi
972 3409 1074 3482 [αι.
1107 3410 1390 3475 laborare]
1427 3410 1855 3480 potuerit,con-

191 3516 435 3554 cessum
471 3500 527 3554 in
563 3503 909 3570 perpetuum
943 3499 1177 3567 habeat,
1216 3504 1278 3552 ut
1308 3498 1443 3552 inde
1477 3499 1652 3553 faciat
1684 3500 1853 3569 quid-

194 3589 299 3659 qui
335 3588 418 3641 illi
449 3587 753 3658 placuerit,
778 3588 1103 3641 secundum
1141 3585 1571 3640 ecclesiasticas
1605 3587 1855 3642 sanctio-

193 3692 321 3732 nes.
351 3675 407 3729 Si
441 3676 574 3746 quis
603 3693 734 3731 vero
767 3677 943 3747 (quod
980 3675 1240 3730 futurum
1275 3691 1403 3730 esse
1436 3692 1551 3729 non
1586 3677 1780 3746 credo)
1807 3677 1854 3731 si

186 3783 297 3836 ego
328 3766 474 3836 ipse,
510 3771 609 3819 aut
640 3764 857 3836 aliquis
889 3765 958 3819 de
992 3765 1328 3819 hznredibus
1376 3764 1545 3830 meis,
1578 3764 1664 3819 vel
1697 3781 1854 3835 quaa-

187 3854 338 3909 libet
385 3854 652 3925 opposita
703 3870 975 3925 persona,
1021 3858 1224 3908 contra
1271 3853 1420 3907 hanc
1473 3853 1854 3922 ingenuitatis

193 3944 461 3998 chartam
489 3943 688 3998 venire
721 3942 1050 4010 tentaverit,
1088 3948 1187 3996 aut
1228 3959 1354 3996 eam
1391 3941 1649 4012 quolibet
1681 3944 1853 3998 modo

192 4033 516 4105 infringere
549 4033 818 4098 voluerit,
850 4033 1145 4104 imprimis
1178 4033 1324 4086 iram
1357 4032 1450 4087 Dei
1485 4033 1763 4100 incurrat,
1797 4037 1854 4088 et

192 4139 227 4178 a
259 4122 565 4177 liminibus
597 4126 810 4176 sanctze
831 4121 1086 4176 ecclesia:
1109 4126 1419 4176 cxtraneus
1442 4121 1768 4176 efficiatur:
1796 4127 1854 4176 et

190 4211 440 4282 insuper
468 4212 566 4281 qui
617 4210 778 4264 litem
831 4211 1032 4265 intulit
1075 4211 1464 4281 quadraginta
1504 4210 1852 4282 [sexaginta]

191 4300 416 4356 solidos
466 4299 778 4370 persolvat,
834 4304 893 4353 et
943 4300 1100 4369 quod
1135 4300 1341 4370 repetit
1391 4299 1692 4354 vindicare
1737 4317 1852 4354 non

189 4389 418 4456 valeat;
468 4389 568 4443 sed
604 4403 862 4458 praesens
915 4387 1252 4458 ingenuitas
1302 4403 1434 4442 mea
1478 4387 1568 4442 vel
1600 4387 1851 4443 aliorum

1991 472 2172 527 ditate
2203 472 2288 528 vel
2320 474 2524 529 fraude
2552 477 2622 530 ad
2651 478 2870 547 gradus
2897 478 3322 535 ecclesiasticos
3356 497 3632 551 pervene-

1990 561 2084 626 rit,
2119 563 2413 618 decretum
2448 569 2537 619 est
2586 570 2650 619 ut
2697 567 3045 636 deponatur,
3080 573 3134 623 et
3181 570 3456 625 dominus
3505 573 3633 642 ejus

1987 667 2119 706 eum
2155 653 2416 724 recipiat.
2453 655 2510 708 Si
2543 671 2672 709 vero
2705 673 2846 710 avus
2877 661 2976 710 aut
3009 661 3169 727 pater
3200 659 3271 712 ab
3305 658 3418 713 alia
3449 662 3637 730 patria

1987 741 2044 794 in
2079 741 2252 795 aliam
2287 742 2546 813 migrans
2579 744 2634 797 in
2662 746 2862 799 eadem
2886 747 3183 816 provincia
3208 748 3394 801 filium
3428 765 3638 820 genue-

1986 829 2079 895 rit,
2112 835 2168 885 et
2201 832 2324 902 ipse
2358 832 2512 887 filius
2543 833 2759 888 ibidem
2791 835 3074 889 educatus
3097 837 3166 890 ad
3201 838 3418 907 gradus
3451 839 3634 894 eccle-

1985 920 2256 975 siasticos
2287 927 2588 992 promotus
2621 923 2888 990 fuerit,et
2917 927 3113 978 utrum
3137 941 3340 979 servus
3368 927 3445 980 sit
3476 928 3636 999 igno-

1984 1012 2110 1064 tum
2143 1009 2237 1078 sit,
2272 1015 2327 1065 et
2361 1015 2559 1081 postea
2599 1013 2837 1066 veniens
2888 1013 3165 1069 dominus
3211 1013 3370 1070 illius
3403 1016 3634 1087 legibus

1982 1115 2114 1154 cum
2163 1100 2516 1168 acquisierit,
2574 1100 2864 1155 sancitum
2917 1107 3005 1156 est
3053 1106 3117 1156 ut
3165 1103 3214 1157 si
3267 1105 3543 1160 dominus
3583 1108 3634 1161 ei

1982 1187 2155 1258 [ejus]
2187 1188 2514 1244 libertatem
2546 1191 2685 1244 dare
2733 1190 3004 1256 voluerit,
3056 1191 3112 1244 in
3147 1193 3327 1262 gradu
3363 1209 3467 1248 suo
3501 1211 3634 1264 per-

1983 1284 2235 1332 maneat.
2269 1278 2326 1331 Si
2358 1295 2490 1332 vero
2519 1295 2651 1332 eum
2671 1284 2874 1334 catena
2900 1279 3203 1336 servitutis
3233 1298 3266 1335 a
3297 1282 3508 1336 castris
3535 1285 3635 1337 Do-

1982 1366 2215 1420 minicis
2247 1367 2586 1422 abstrahere
2617 1367 2882 1436 voluerit,
2915 1370 3162 1438 gradum
3191 1370 3460 1437 amittat;
3494 1371 3634 1440 quia

1973 1453 2140 1522 juxta
2172 1471 2369 1508 sacros
2401 1471 2653 1510 canones
2683 1455 2816 1510 vilis
2844 1471 3094 1526 persona
3135 1474 3406 1529 manens,
3439 1475 3631 1516 sacer-

1979 1543 2119 1597 dotii
2155 1543 2438 1614 dignitate
2468 1543 2634 1615 fungi
2667 1561 2781 1598 non
2815 1548 3024 1614 potest.

1977 1653 2112 1704 CAP.
2149 1650 2270 1705 133.
2305 1681 2372 1689 —
2402 1651 2476 1704 De
2505 1652 2861 1704 ecclesiarum
2888 1653 3075 1707 servis.
3113 1657 3196 1708 Ex
3223 1655 3412 1710 eodem
3442 1657 3629 1712 conci-

2477 1721 2571 1788 lio,
2604 1740 2723 1793 cap.
2755 1725 2823 1776 33
2853 1724 3124 1792 (ibidem).

2048 1818 2128 1872 De
2158 1817 2534 1873 ecclesiarum
2568 1835 2698 1873 vero
2750 1820 2934 1874 servis
2985 1822 3283 1876 communi
3339 1825 3631 1879 sententia

1975 1912 2064 1962 est
2095 1908 2415 1974 decretum,
2441 1913 2502 1961 ut
2525 1907 2946 1980 archiepiscopi
2976 1926 3077 1979 per
3105 1910 3368 1980 singulas
3393 1915 3625 1983 provin-

1976 1996 2095 2050 cias
2143 1997 2442 2050 constituti
2495 2002 2759 2051 nostram
2820 2001 3227 2053 auctoritatem
3278 2007 3622 2071 sequantur.

1973 2086 2326 2154 Sufl‘raganei
2361 2088 2556 2139 autem
2582 2085 2816 2140 illorum
2841 2087 3318 2158 exemplarillius
3351 2106 3528 2160 penes
3561 2108 3624 2146 se

1974 2172 2247 2240 habeant,
2281 2178 2337 2228 et
2366 2175 2834 2244 quandocunque
2866 2176 2934 2229 de
2969 2175 3188 2230 familia
3220 2178 3476 2233 ecclesias
3508 2179 3620 2232 uti-

1972 2261 2045 2317 lis
2077 2262 2352 2317 inventus
2384 2262 2597 2333 aliquis
2629 2265 2990 2318 ordinandus
3022 2270 3132 2330 est,
3166 2265 3224 2320 in
3256 2267 3506 2322 ambone
3540 2269 3626 2339 ip-

1971 2368 2038 2405 sa
2068 2352 2385 2404 auctoritas
2421 2367 2613 2404 coram
2663 2350 2879 2422 populo
2927 2351 3174 2422 legatur,
3211 2359 3267 2407 et
3297 2371 3492 2409 coram
3529 2372 3627 2410 sa-

1972 2440 2306 2494 cerdotibus
2338 2444 2395 2493 et
2421 2440 2580 2492 omni
2613 2438 2765 2494 clero
2815 2447 2948 2494 ante
2997 2457 3175 2495 cornu
3209 2441 3412 2496 altaris
3445 2443 3624 2512 (sicut

1970 2527 2027 2580 in
2064 2537 2260 2582 nostra
2309 2527 2652 2582 auctoritate
2704 2528 3061 2596 continetur)
3112 2536 3334 2584 remota
3364 2531 3628 2601 qualibet

1971 2616 2310 2683 calliditate,
2335 2615 2661 2670 libertatem
2687 2623 3106 2686 consequatur,
3129 2624 3186 2672 et
3216 2623 3354 2672 tunc
3386 2620 3625 2675 demum

1972 2707 2044 2761 ad
2077 2705 2296 2777 gradus
2328 2704 2752 2760 ecclesiasticos
2787 2712 3214 2775 promoveatur.

1968 2813 2239 2867 CAP.13"1.
2265 2841 2333 2850 -
2358 2811 2418 2867 Ut
2445 2813 2763 2880 ptenitentes
2793 2812 2876 2864 vel
2897 2813 3105 2876 bigami
3125 2828 3234 2866 ann.
3257 2829 3613 2882 promovean-

2209 2893 2316 2938 tur.
2352 2885 2435 2936 Ea:
2461 2884 2696 2938 concilio
2729 2883 3032 2937 Arelatensi
3064 2901 3147 2951 ιιι,
3181 2901 3301 2954 cap.
3334 2886 3387 2939 3.

2037 2982 2200 3051 (Dist.
2231 2982 2321 3045 55,
2362 2997 2408 3034 ε.
2458 2978 2663 3034 Nullus
2707 2980 3102 3051 pwnitentem).
3157 2981 3230 3036 Ut
3281 2982 3499 3053 bigami
3533 2995 3622 3048 vel

1968 3071 2334 3143 posnitentes,
2368 3067 2454 3122 vel
2492 3069 2937 3138 repudiatarum
2991 3071 3206 3138 mariti,
3242 3071 3312 3126 ad
3349 3071 3624 3126 sacerdo-

1967 3161 2114 3213 tium
2148 3175 2260 3213 non
2299 3162 2772 3227 promoveantur.

1966 3265 2098 3320 CAP.
2135 3265 2255 3319 135.
2288 3297 2352 3305 —
2381 3265 2453 3318 De
2483 3264 2886 3334 energumenis.
2941 3267 3024 3319 Ex
3063 3265 3301 3322 concilio
3332 3267 3620 3336 Arausico,

2520 3352 2646 3407 cap.
2674 3337 2708 3389 6
2738 3339 2960 3403 (Araus.
2998 3341 3057 3405 ι).

2037 3423 2424 3495 Energumeni
2459 3440 2573 3478 non
2606 3422 2798 3477 solum
2840 3424 3183 3478 assumendi
3216 3441 3330 3479 non
3378 3428 3516 3479 sunt
3546 3425 3617 3478 ad

1966 3513 2151 3568 ullum
2187 3513 2448 3568 ordinem
2499 3512 2834 3576 clericatus,
2871 3513 2969 3568 sed
3021 3513 3199 3568 etiam
3232 3513 3331 3584 qui
3364 3512 3619 3568 ordinati

1965 3607 2127 3668 sunt,
2159 3604 2232 3656 ab
2265 3601 2536 3672 imposito
2568 3600 2760 3654 officio
2794 3601 3112 3672 repellendi
3145 3607 3302 3658 sunt.

1963 3712 2094 3766 CAP.
2134 3710 2254 3763 136.
2287 3739 2354 3747 -
2388 3710 2516 3762 Item
2546 3724 2617 3762 ne
2646 3709 2972 3774 paenitenter
3001 3710 3350 3765 ordinentur.
3381 3711 3464 3763 Ea:
3492 3724 3622 3764 con-

2085 3781 2216 3836 cilio
2251 3780 2702 3850 Carthaginensi,
2732 3796 2850 3850 cap.
2882 3781 2950 3831 77
2983 3779 3156 3848 (Cari.
3193 3798 3266 3846 IV,
3298 3798 3345 3835 c.
3379 3783 3490 3852 68).

2037 3880 2192 3950 (Dist.
2225 3879 2315 3944 50,
2349 3895 2399 3934 c.
2453 3879 2534 3932 Ex
2579 3880 3015 3949 pwnitentibus).
3067 3880 3148 3933 Ex
3180 3879 3622 3950 penitentibus,

1964 3968 2234 4040 quamvis
2265 3967 2342 4021 sit
2372 3967 2583 4036 bonus,
2620 3967 2866 4022 clericus
2900 3984 3014 4022 non
3068 3969 3390 4023 ordinetur.
3425 3969 3481 4023 Si
3517 3985 3618 4039 per

1965 4057 2354 4130 ignorantiam
2400 4057 2657 4128 episcopi
2709 4058 2921 4111 factum
2975 4057 3170 4125 fuerit,
3221 4059 3548 4128 deponatur
3580 4073 3614 4110 a

1964 4147 2156 4215 clero;
2203 4147 2342 4216 quia
2373 4163 2434 4200 se
2467 4145 2852 4199 ordinationis
2904 4151 3163 4215 tempore
3209 4163 3322 4200 non
3360 4145 3613 4215 prodidit

1965 4236 2147 4291 fuisse
2178 4235 2236 4290 in
2271 4233 2630 4306 pcenitentia.
2656 4233 2710 4286 Si
2743 4238 2938 4287 autem
2963 4234 3154 4288 sciens
3180 4234 3489 4304 episcopus
3516 4249 3610 4287 or-

1965 4324 2250 4380 dinaverit
2295 4322 2495 4391 talem,
2527 4321 2702 4376 etiam
2756 4321 2826 4374 ab
2878 4321 3251 4393 episcopatus
3300 4321 3412 4392 sui,
3457 4322 3613 4377 ordi-

1966 4413 2144 4468 nandi
2173 4413 2472 4478 duntaxat,
2507 4413 2791 4481 potestate
2825 4411 3104 4482 privetur.

189 4477 1852 4590 ξῗῖῗῗῖῗίῖἶῗῗῗῗὲῗδῖ’..ἷ¹³ῗῗῗίῗῖῗ,ἴθῗῗῗῗξ⁰;,ῗ.⁰ξ,ῗῗίὶ¹ῗ¹ἰ’
1881 4493 1928 4557 D
1961 4520 2095 4576 CAP.
2133 4520 2253 4573 137-
2289 4548 2351 4590 -τ
2386 4518 2462 4590 De
2491 4517 2772 4590 ueteribus
2790 4522 2852 4590 -et
2897 4519 3348 4590 ρνοειιναιονιδαε
3386 4521 3434 4574 si
3462 4519 3610 4574 ordi-

193 4565 410 4620 latione
427 4566 757 4635 aubjuncta
789 4565 885 4634 [αι.
921 4564 1192 4634 subnixa]
1238 4565 1397 4620 omni
1428 4569 1690 4637 tempore
1722 4582 1846 4620 ma-

193 4659 331 4708 neat
362 4653 726 4709 inconvulsa.

189 4783 320 4834 CAP.
366 4780 485 4833 132.
539 4810 607 4818 -
659 4779 731 4832 Dc
781 4794 1063 4834 servorum
1115 4779 1485 4834 ordinatione.
1533 4780 1614 4832 Ex
1661 4779 1848 4834 eodem

753 4849 1014 4917 concilio,
1044 4866 1164 4920 cap.
1197 4851 1286 4905 32.

261 4956 419 5026 (Dist.
451 4957 541 5024 54,
573 4973 621 5012 c.
674 4957 746 5010 De
775 4957 1099 5028 servorum).
1151 4961 1226 5011 De
1277 4973 1576 5012 servorum
1610 4957 1846 5012 ordina-

187 5045 346 5102 tione
365 5047 459 5117 qui
485 5046 703 5117 passim
731 5046 799 5100 ad
821 5048 1040 5116 gradus
1064 5045 1493 5102 ecclesiasticos
1536 5045 1845 5102 indiscrete

190 5135 859 5207 promoventur,placuit
880 5135 1156 5191 omnibus
1171 5151 1302 5191 cum
1320 5135 1502 5190 sacris
1523 5135 1844 5190 canonibus

186 5226 540 5281 concordare
570 5225 780 5280 debere
811 5241 823 5278 :
859 5230 916 5280 et
947 5230 1231 5281 statutum
1283 5229 1372 5281 est
1403 5229 1465 5279 ut
1496 5224 1692 5279 nullus
1723 5224 1844 5295 epi-

184 5330 498 5385 scoporum
521 5315 922 5385 deinceps,eos
946 5315 1015 5370 ad
1035 5315 1485 5386 sacrosordines
1507 5329 1844 5384 promovere

181 5407 524 5477 praesumat,
558 5403 669 5458 nisi
703 5404 866 5474 prius
899 5421 930 5459 a
963 5404 1222 5458 dominis
1258 5404 1511 5476 propriis
1542 5406 1841 5459 consecuti

178 5496 404 5552 fuerint
431 5495 786 5550 libertatem.
821 5495 888 5549 Et
922 5495 971 5550 si
1003 5495 1252 5566 quilibet
1301 5511 1501 5551 servus
1533 5494 1840 5551 dominum

178 5599 358 5642 suum
389 5582 620 5656 fugiens
672 5586 773 5640 aut
820 5582 1085 5654 latitans,
1119 5587 1219 5640 aut
1269 5584 1549 5642 adhibitis
1592 5583 1841 5641 testibus

2156 4592 2286 4645 nari
2313 4589 2558 4644 debeant.
2592 4589 2678 4642 Ex
2704 4588 3170 4659 eodem'concilio,
3201 4608 3324 4662 cap.
3355 4592 3408 4644 9.

2032 4690 2281 4761 Magnus
2311 4687 2623 4759 episcopus
2652 4689 3036 4760 Astuagensis
3068 4689 3211 4745 dixit
3243 4707 3256 4746 :
3291 4689 3438 4753 Quid
3472 4690 3610 4744 dile-

1960 4779 2135 4835 ctioni
2157 4783 2360 4833 vestrae
2381 4776 2626 4845 videtur,
2656 4784 3062 4848 procuratores
3092 4784 3147 4834 et
3169 4784 3414 4843 actores,
3434 4779 3609 4835 etiam

1957 4872 2329 4923 exsecutores
2347 4864 2727 4937 pupillorum,
2743 4866 2790 4920 si
2815 4866 3065 4923 debeant
3079 4868 3373 4924 ordinari?
3396 4867 3608 4924 Gratus

1959 4959 2268 5029 episcopus
2303 4955 2450 5009 dixit
2481 4972 2493 5010 :
2527 4954 2583 5009 Si
2617 4959 2751 5026 post
2771 4955 3058 5027 disposita
3089 4957 3360 5014 universa
3388 4963 3446 5013 et
3477 4957 3605 5012 red-

1959 5047 2081 5101 dita
2125 5043 2452 5110 ratiocinia,
2484 5047 2650 5098 actus
2693 5044 2821 5099 vitea
2873 5044 3137 5115 ipsorum
3189 5047 3406 5102 fuerint
3443 5062 3603 5101 com-

1957 5133 2186 5208 probati
2216 5134 2273 5186 in
2306 5133 2837 5201 omnibus,debent
2857 5140 2911 5190 et
2932 5150 3066 5190 cum
3100 5135 3272 5191 laude
3297 5135 3606 5190 clericatus

1957 5226 2005 5280 si
2042 5222 2402 5296 postulatum
2422 5221 2846 5288 fuerit,honore
2869 5225 3184 5279 munerari.
3210 5225 3269 5279 Si
3293 5224 3446 5278 enim
3473 5229 3605 5277 ante

1951 5313 2281 5370 libertatem
2317 5311 2680 5382 negotiorum
2705 5312 2790 5367 vel
2814 5312 3138 5368 officiorum
3164 5314 3236 5368 ab
3259 5313 3456 5383 aliquo
3479 5311 3604 5365 sine

1955 5400 2421 5459 consideratione
2451 5401 2670 5455 fuerint
2701 5401 2974 5470 ordinati,
2997 5403 3241 5457 ecclesia
3265 5402 3600 5456 infamatur.

1955 5491 2216 5548 Universi
2260 5491 2534 5545 dixerunt
2569 5507 2582 5543 :
2617 5489 2790 5545 Recte
2838 5491 3036 5546 omnia
3083 5489 3290 5545 statuit
3319 5489 3606 5548 sanctitas

1953 5586 2077 5654 tua,
2109 5581 2356 5651 ideoque
2387 5580 2467 5635 ita
2504 5582 2704 5635 nostra
2734 5582 2822 5634 est
2851 5594 3082 5650 quoque
3113 5577 3421 5638 sententia.
