3960 6072
427 219 534 273 479

1502 230 1569 280 D.
1609 229 1852 282 IVONIS
1891 229 2390 290 CARNO’I‘ENSIS
2429 239 2744 294 EPISCOPI

3639 239 3867 293 "480

498 342 634 399 CAP.
665 343 785 400 138.
819 377 885 388 —
916 346 1052 400 Item
1093 347 1597 434 dgpwnitentibus.
1632 351 1724 406 Ea:
1754 351 2010 408 Toletano
2105 355 2162 423 Α
2192 373 2390 428 suum,
2410 364 2467 416 et
2486 378 2616 416 cum
2647 361 3045 418 satisfactione
3067 362 3339 417 eumdem
3363 361 3642 418 clericum
3667 379 3864 434 quem

984 419 1216 474 concilio
1248 436 1286 488 ι,
1316 435 1438 487 cap.
1471 423 1525 474 2.

500 513 664 583 (Dist.
697 514 790 583 50,
819 531 865 569 c.
900 516 1156 586 Placuit).
1197 519 1334 571 Item
1370 517 1590 588 placuit
1637 524 1702 573 ut
1733 521 2080 591 pmnitentes

429 617 545 656 non
560 603 631 658 ad
643 603 952 657 mittantur
967 605 1036 658 ad
1053 603 1271 658 clerum
1284 605 1417 669 ,nisi
1432 609 1740 674 tantum,si
1763 611 2079 667 necessitas

429 696 532 746 aut
564 709 706 748 usus
729 691 980 763 exegerit
1002 692 1151 747 inter
1175 695 1446 750 ostiarios
1465 697 1819 768 deputentur
1837 701 1919 771 [et
1937 705 2078 758 tunc

429 781 802 851 deputentur]
828 800 840 848 ;
870 782 957 837 vel
1004 782 1154 838 inter
1185 784 1452 854 lectores,
1483 787 1564 842 ita
1594 794 1659 842 ut
1688 790 1992 860 Evangelia
2022 796 2079 847 et

427 869 767 941 Apostolum
801 888 914 925 non
950 869 1166 941 legant.
1209 874 1266 927 Si
1299 875 1399 945 qui
1433 881 1628 932 autem
1662 883 1795 933 ante
1824 880 2076 936 ordinati

427 963 585 1025 sunt,
617 959 770 1014 inter
799 959 1192 1017 subdiaconos
1242 962 1591 1033 habeantur,
1623 966 1706 1021 ita
1738 972 1802 1021 ut
1833 985 2073 1025 manum

425 1063 541 1101 non
575 1047 900 1118 imponant,
925 1053 1026 1104 aut
1057 1066 1224 1106 sacra
1248 1052 1611 1124 contingant.
1642 1055 1785 1110 Eum
1806 1073 1940 1113 vero
1961 1075 2076 1129 p03-

424 1135 707 1190 nitentem
739 1135 1014 1204 dicimus,
1047 1139 1146 1209 qui
1181 1144 1313 1210 post
1344 1141 1705 1213 baptismum
1752 1161 1853 1216 pro
1884 1145 2073 1202 homi-

422 1222 598 1294 cidio,
631 1229 734 1280 aut
765 1241 867 1296 pro
899 1226 1147 1283 diversis
1196 1228 1543 1286 criminibus
1589 1232 2073 1306 gravissimisque

417 1315 672 1387 peccatis
707 1317 1004 1388 publicam
1038 1320 1438 1391 pmnitentiam
1484 1339 1713 1394 gerens,
1745 1327 1853 1381 sub
1883 1327 2071 1384 cilicio

417 1403 612 1460 divino
647 1406 1061 1463 reconciliatus
1092 1409 1319 1466 altario.

423 1513 555 1590 CAP_.
587 1511 708 1590 139.
741 1543 811 1553 —
858 1516 1181 1590 Laicususi
1215 1519 1510 1574 secundam
1555 1537 1782 1576 uxorem
1823 1522 2070 1590 duxerit,

493 1583 731 1666 clericus
760 1600 870 1639 non
916 1587 1052 1666 ﬁat“.
1088 1589 1169 1642 Ea:
1213 1590 1452 1646 concilio
1506 1592 1837 1663 Aureliensi,
1886 1611 2005 1666 cap.
2035 1583 2068 1648 8

494 1654 702 1724 (Aurel.
736 1673 820 1719 nx,
853 1654 974 1728 cap.
1007 1659 1082 1727 9).

493 1749 553 1802 Si
584 1749 718 1819 quis
749 1751 820 1806 de
852 1750 1018 1807 laicis
1051 1759 1177 1824 post
1200 1772 1435 1812 uxorem
1459 1757 1632 1815 aliam
1662 1761 2069 1834 cujuscunque

420 1837 776 1894 conditionis
808 1842 1144 1912 cognoverit
1175 1844 1505 1916 mulierem,
1539 1849 1594 1901 in
1626 1849 1844 1906 clerum
1879 1852 2067 1908 nulla-

417 1929 592 1983 tenus
621 1929 988 1987 admittatur.

419 2031 555 2088 CAP.
586 2035 706 2090 140.
742 2064 812 2076 -
845 2038 909 2114 Ut
937 2039 1128 2114 nullus
1156 2042 1391 2114 alterius
1417 2045 1799 2114 parwcianum
1829 2050 2067 2105 retinere

489 2116 812 2192 praesumat.
845 2111 928 2164 Ex
955 2109 1189 2166 decretis
1212 2109 1452 2192 _A{trian'i
1475 2132 1658 2186 papae,
1689 2133 1810 2189 cap.
1858 2121 1925 2175 15
1953 2121 2065 2192 (in-

491 2180 572 2231 ter
600 2179 670 2320 8)O
699 2195 932 2236 canones
959 2192 1148 2239 contra
1193 2184 1366 2256 falsos
1415 2179 1764 2244 accusatores
1788 2179 2064 2263 episcopo-

491 2264 614 2304 rum
643 2293 656 2306 .

490 2264 656 2306 rum).

485 2337 694 2394 Nullus
721 2341 1031 2413 episcopus
1053 2343 1294 2401 alterius
1319 2349 1713 2419 part‘ecianum
1748 2359 2066 2424 praesumat

413 2427 664 2482 retinere
709 2435 812 2484 aut
859 2432 1130 2488 ordinare
1177 2435 1403 2508 absque
1450 2440 1579 2508 ejus
1626 2439 1944 2510 voluntate,
1976 2441 2063 2498 vel

404 2514 672 2585 judicare
699 2535 712 2584 ;
744 2519 881 2590 quia
911 2521 1248 2579 sicutirrita
1273 2525 1382 2580 erit
1403 2527 1532 2597 ejus
1561 2529 1872 2595 ordinatio,
1906 2530 1986 2585 ita
2008 2536 2064 2586 et

397 2602 738 2672 judicium:
774 2609 1052 2678 quoniam
1087 2627 1397 2669 censemus
1427 2614 1659 2670 nullum
1695 2616 1933 2672 alterius
1955 2619 2059 2689 ju-

409 2691 577 2759 dicis,
612 2695 726 2749 nisi
759 2697 850 2750 sui
904 2701 1198 2756 sententia
1229 2702 1430 2759 teneri.
1482 2704 1626 2759 Nam
1659 2705 1755 2776 qui
1789 2722 1921 2760 eum
1967 2724 2059 2761 or-

405 2779 609 2835 dinare
650 2799 763 2838 non
816 2787 1023 2855 potuit,
1059 2791 1455 2859 necjudicare
1500 2793 1795 2850 ullatenus
1826 2796 2056 2866 poterit.

406 2885 542 2941 CAP.
572 2886 691 2939 141.
725 2919 794 2928 —-
827 2891 890 2946 Ut
917 2892 986 2966 a_b
1029 2894 1139 2948 alio
1186 2898 1435 2966 episcopo
1484 2898 1772 2954 ordinatus
1820 2904 1880 2956 in
1908 2901 2056 2960 clero

523 2971 631 3010 non
662 2966 903 3016 maneat.
931 2963 1016 3016 Ex
1043 2963 1277 3022 concilio
1307 2963 1693 3039 Maguntiensi,
1722 2987 1840 3042 cap.
1874 2974 1928 3026 4.

474 3052 791 3111 Ordinatus
821 3057 1067 3115 clericus
1108 3063 1179 3117 ab
1213 3063 1325 3119 alio
1372 3067 1669 3139 episcopo,
1701 3086 1814 3124 non
1847 3071 2048 3142 depre-

401 3147 570 3198 cante
602 3144 686 3198 vel
721 3148 1119 3205 consentiente
1140 3167 1264 3218 suo,
1295 3152 1354 3207 in
1387 3153 1541 3210 clero
1575 3173 1688 3212 non
1723 3164 1975 3216 maneat.

404 3248 536 3304 CAP.
572 3251 702 3338 142..
725 3283 795 3334 —.
825 3254 898 3309 De
926 3256 1160 3338 quadarn
1209 3262 1477 3338 episcopo,
1526 3265 1620 3336 qui
1665 3269 1897 3323 alterius
1927 3271 2052 3338 epi-

471 3325 625 3396 scopi
651 3324 916 3380 clericum
935 3324 1014 3382 ‘eo
1044 3324 1260 3387 nolente
1297 3324 1676 3392 ordinaverat.
1711 3341 1794 3393 Ex
1821 3324 2053 3396 concilio

473 3395 754 3465 Africano,
786 3414 916 3468 cap.
951 3400 1019 3452 42
1049 3404 1259 3468 (Carth.
1291 3421 1377 3471 III,
1408 3421 1452 3460 c.
1490 3408 1600 3479 44).

478 3491 797 3563 Epigonius
827 3495 1138 3570 episcopus
1157 3501 1304 3557 dixit
1323 3519 1336 3556 :
1355 3503 1416 3558 In
1443 3505 1646 3562 multis
1662 3508 1924 3564 conciliis
1947 3510 2056 3566 hoc

405 3583 696 3634 statutum
728 3588 838 3648 est,
877 3590 935 3640 et
985 3603 1140 3644 nunc
1169 3592 1635 3651 confirmandum
1669 3602 1760 3652 est
1790 3615 1823 3653 a
1864 3605 2058 3655 vestra

406 3669 952 3740 prudentia,fratres
967 3677 1298 3734 charissimi
1313 3682 1683 3756 [beatissimi]
1701 3686 2055 3744 utclericum

405 3756 660 3847 alienum
680 3759 880 3818 nullus
897 3764 1009 3819 sibi
1031 3768 1325 3838 praeripiat
1343 3771 1681 3844 episcopus,
1703 3780 1913 3846 praeter
1932 3778 2060 3847 ejus

373 3863 376 3866 '
405 3845 710 3903 arbitrium
745 3851 914 3920 cujus
946 3852 1122 3908 fuerit
1169 3855 1439 3914 clericus.
1473 3859 1612 3916 Dico
1643 3845 1837 3918 autem
1869 3845 2060 3920 Jul—ia-

409 3951 574 4003 num,
609 3937 708 4007 qui
757 3939 1024 4011 ingratus
1073 3947 1162 3998 est
1211 3944 1312 3999 Dei
1363 3947 1686 4016 beneficiis,
1736 3968 1837 4022 per
1869 3970 2060 4010 meam

407 4024 754 4096 parvitatem
775 4029 832 4083 in
857 4046 919 4085 se
940 4030 1278 4101 collatis,ita
1299 4038 1677 4094 temerarium
1703 4049 1755 4096 et
1777 4044 2059 4101 audacem

408 4116 800 4188 exstitisse,ut
831 4134 963 4175 eum
998 4122 1149 4193 quia
1167 4139 1261 4178 me
1279 4124 1604 4197 baptizatus
1626 4134 1728 4199 est,
1753 4147 1886 4187 cum
1910 4142 2064 4190 esset

408 4218 557 4274 puer
611 4207 1033 4277 egentissimus
1066 4211 1210 4267 mihi
1238 4215 1310 4269 ab
1350 4216 1555 4272 eodem
1588 4221 2058 4287 commendatus,

408 4309 658 4362 cumque
691 4296 895 4353 multis
925 4300 1096 4356 annis
1128 4318 1162 4356 a
1192 4318 1284 4358 me
1315 4303 1590 4376 aleretur,
1623 4314 1799 4380 atque
1838 4310 2057 4367 incres-

406 4386 582 4447 ceret,
598 4381 754 4438 hunc
775 4387 861 4453 (ut
880 4386 1018 4457 dixi)
1035 4389 1388 4460 baptizatum
1411 4410 1539 4451 esse
1559 4394 1618 4451 in
1640 4397 1881 4454 ecclesia
1906 4416 2054 4469 mea,

408 4483 511 4538 per
532 4484 771 4528 manum
790 4474 1095 4544 parvitatis
1117 4495 1253 4534 mete
1271 4487 1502 4539 constat
1523 4501 1536 4540 :
1563 4485 1717 4540 idem
1740 4486 1798 4542 in
1821 4488 2055 4545 dimcesi

408 4556 750 4628 Mapaliensi
784 4561 964 4618 lector
1009 4580 1132 4621 esse
1180 4576 1451 4640 coeperat,
1485 4573 1604 4629 imo
1653 4576 1824 4632 annis
1875 4578 2054 4634 ferme

408 4643 636 4701 duobus
659 4648 898 4718 legerat,
923 4654 1120 4710 nescio
1142 4672 1258 4727 quo
1279 4663 1616 4733 contemptu
1639 4664 1736 4733 [αἱ.
1756 4665 2055 4722 humilita-

409 4733 487 4787 tis
518 4735 682 4808 meaa]
701 4737 1133 4798 immanissima
1151 4745 1304 4800 idem
1323 4748 1595 4804 Julianus
1613 4767 1745 4806 eum
1769 4753 2047 4824 arripuit:

407 4837 580 4891 quem
607 4823 748 4880 dicit
766 4829 932 4897 quasi
953 4832 1256 4902 proprium
1277 4835 1456 4891 civem
1478 4839 1566 4893 sui
1589 4839 1697 4895 loci
1721 4823 2051 4899 Vazaritani

407 4925 498 4964 me
528 4911 860 4971 inconsulto
910 4933 1216 4990 usurpare.
1263 4926 1405 4979 Nam
1450 4929 1504 4981 et
1548 4926 1853 4986 diaconem
1883 4930 2050 4989 illum

406 4999 719 5056 ordinavit.
742 5003 862 5059 Hoc
892 5006 940 5060 si
973 5007 1164 5072 liceat,
1185 5014 1377 5080 pateat
1398 5012 1518 5069 haec
1551 5015 1786 5073 licentia
1809 5037 1842 5074 a
1861 5021 2048 5088 vobis,

406 5087 731 5145 beatissimi
764 5093 992 5149 fratres.
1025 5097 1128 5152 Sin
1161 5099 1378 5166 minus,
1401 5105 1520 5157 tam
1545 5103 1857 5176 impudens
1887 5087 2048 5165 cohis

402 5177 607 5233 beatur
636 5195 706 5234 ne
735 5197 798 5236 se
833 5182 1078 5240 misceat
1107 5188 1504 5245 communioni
1536 5194 1908 5266 cujusquam.
1932 5203 2050 5254 Nu-

404 5266 624 5324 midius
645 5269 954 5343 episcopus
976 5273 1153 5330 dixit:
1179 5275 1235 5329 Si
1261 5293 1375 5332 non
1394 5279 1688 5349 postulata
1709 5300 1894 5355 neque
1917 5303 2048 5343 con-

401 5355 557 5412 sulta
578 5361 680 5414 tua
700 5359 1058 5432 dignatione,
1075 5365 1131 5418 id
1154 5365 1387 5420 videtur
1408 5367 1615 5424 fecisse
1633 5371 1926 5444 Julianus,
1946 5377 2042 5447 ju-

400 5444 666 5504 dicamus
697 5465 902 5507 omnes
930 5450 1131 5523 inique
1155 5453 1373 5510 factum
1404 5459 1580 5528 atque
1611 5458 1869 5533 indigne.
1893 5444 2042 5528 Qua-

397 5538 636 5605 propter
662 5537 815 5595 idem
865 5538 1138 5599 Julianus
1187 5541 1238 5598 si
1269 5559 1384 5600 non
1433 5549 1748 5606 correxerit
1787 5567 2040 5612 errorem

2189 446 2299 502 fuit
2329 465 2510 504 ausus
2554 451 2848 519 ordinare,
2884 451 3237 506 revocaverit
3285 455 3399 506 tum
3432 450 3609 523 plebi,
3642 455 3864 506 contra

2188 539 2410 592 statuta
2438 539 2667 594 concilii
2700 539 2942 607 faciens,
2974 541 3355 596 contumaciae
3388 557 3504 596 sua:
3535 545 3862 612 separatus

2190 640 2222 678 a
2268 626 2437 682 nobis
2475 628 2723 700 excipiet
2773 629 3090 700 judicium.
3150 630 3470 702 Epigonius
3528 630 3861 701 episcopus

2186 713 2332 768 dixit
2363 734 2376 770 :
2409 720 2596 772 zEtate
2628 723 2814 789 pater,
2847 724 2905 774 et
2950 720 3075 791 ipse
3125 719 3493 791 promotione
3542 719 3856 790 antiquis-

2185 803 2370 860 simus
2411 806 2500 860 vir
2545 805 2860 862 laudabilis
2915 809 3094 864 frater
3141 814 3198 864 et
3228 807 3450 880 collega
3500 814 3704 864 noster
3747 808 3856 862 Vi-

2184 896 2325 959 ctor,
2383 894 2506 949 vult
2555 895 2706 951 hanc
2764 898 3105 968 petitionem
3167 897 3500 970 generalem
3561 897 3857 953 omnibus

2183 981 2353 1038 efﬁci.

2183 1079 2316 1134 CAP.
2350 1080 2574 1156 443.—
2603 1084 2680 1138 Ne
2723 1084 2970 1139 alienum
3009 1085 3271 1140 clericum
3301 1086 3422 1156 quis
3462 1086 3724 1140 retineat.
3765 1085 3854 1139 Ex

2287 1154 2516 1209 concilio
2546 1157 2998 1226 Carthaginensi,
3029 1173 3076 1211 c.
3107 1157 3178 1210 20
3210 1154 3420 1226 (Curtii.
3454 1174 3538 1222 ιιι,
3570 1173 3618 1211 c.
3649 1157 3732 1226 2).

2251 1241 2404 1309 (Dist.
2435 1242 2526 1309 72,
2558 1259 2603 1298 c.
2641 1244 2915 1300 Clericum
2943 1247 3242 1314 alienum).
3278 1245 3350 1301 Ut
3380 1245 3658 1303 clericum
3694 1245 3851 1301 alie-

2180 1345 2322 1384 num
2355 1347 2469 1386 non
2502 1334 2852 1389 concedente
2870 1336 3104 1406 pr0prio
3128 1335 3399 1407 episcopo
3419 1351 3591 1390 nemo
3623 1335 3851 1390 audeat

2177 1418 2268 1472 vel
2300 1419 2567 1487 retinere,
2598 1421 2688 1476 vel
2721 1440 3056 1492 promovere
3079 1424 3136 1478 in
3169 1423 3415 1480 ecclesia
3445 1424 3558 1478 sibi
3587 1424 3847 1479 credita.

2179 1505 2528 1564 Clericorum
2574 1516 2770 1565 autem
2822 1529 3034 1568 nomen
3067 1513 3242 1568 etiam
3292 1512 3557 1579 lectores,
3589 1517 3648 1567 et
3679 1512 3846 1584 psal-

2180 1595 2366 1650 mistaa
2398 1602 2453 1651 et
2484 1598 2706 1654 ostiarii
2732 1601 3042 1656 retineant.

2099 1724 2149 1790 Β
2179 1693 2315 1778 CAP.
2351 1695 2584 1790 14,4;‘—.
2607 1699 2672 1753 Ut
2710 1697 2906 1781 nullus
2953 1700 3236 1782 episcopus
3280 1699 3844 1790 aligauinJc-lericurn

2248 1768 2370 1842 sine
2403 1766 2609 1842 litteris
2637 1771 2882 1842 episcopi
2908 1766 2997 1825 sui
3023 1766 3316 1842 suscipiat.
3359 1773 3442 1824 Ex
3483 1769 3670 1825 eodem
3701 1785 3843 1825 con-

2248 1837 2378 1892 cilio
2406 1854 2454 1892 c.
2486 1839 2520 1892 6
2552 1837 2756 1907 (Carth.
2790 1837 2831 1906 ιζ
2862 1857 2910 1896 c.
2941 1842 3018 1912 5).

2248 1925 2407 1995 (Dist.
2439 1928 2530 1996 71,
2561 1943 2609 1982 c.
2644 1931 2942 2000 Privatus).
2976 1930 3274 1986 Primatus
3305 1929 3621 2002 episcOpus
3649 1928 3841 2002 Vege-

2177 2011 2451 2070 silitanus
2499 2017 2645 2072 dixit
2678 2034 2691 2072 :
2723 2018 2986 2089 Suggero
3036 2019 3333 2074 sanctitati
3364 2023 3568 2074 vestrae
3617 2022 3682 2072 ut
3715 2023 3840 2074 sta-

2176 2101 2355 2156 tuatis
2387 2120 2502 2158 non
2535 2103 2709 2161 licere
2747 2106 3024 2162 clericum
3075 2107 3332 2164 alienum
3363 2107 3437 2161 ab
3467 2105 3664 2178 aliquo
3698 2124 3838 2162 sus-

2174 2190 2284 2261 cipi
2319 2192 2445 2247 sine
2474 2191 2686 2249 litteris
2736 2194 2993 2266 episcopi
3044 2195 3156 2264 sui,
3184 2209 3374 2266 neque
3406 2195 3564 2267 apud
3597 2211 3659 2249 se
3691 2195 3837 2251 reti-

2174 2295 2331 2348 nere,
2364 2298 2467 2336 nec
2497 2281 2714 2338 laicum
2748 2300 3030 2355 usurpare
3071 2284 3183 2339 sibi
3214 2285 3285 2339 de
3318 2283 3485 2355 plebe
3516 2283 3731 2351 aliena,
3767 2288 3837 2339 ut

2171 2383 2305 2422 eum
2337 2369 2564 2425 ordinet
2591 2371 2717 2427 sine
2746 2372 3104 2446 conscientia
3145 2372 3402 2444 episcopi
3438 2372 3588 2442 ejus,
3619 2372 3694 2426 de
3726 2389 3832 2427 cu-

2163 2457 2264 2528 jus
2297 2457 2464 2529 plebe
2494 2464 2600 2514 est.
2633 2464 2846 2516 Gratus
2874 2462 3187 2534 episcopus
3232 2461 3382 2516 dixit
3416 2477 3428 2516 :
3463 2460 3591 2515 Haec
3622 2462 3828 2517 obser-

2168 2547 2365 2602 vantia
2395 2564 2595 2606 pacem
2627 2550 2903 2606 custodit.
2943 2551 3087 2606 Nam
3119 2555 3177 2605 et
3209 2550 3452 2605 memini
3484 2550 3542 2604 in
3575 2553 3828 2606 sanctis-

2168 2635 2320 2690 simo
2352 2637 2595 2693 concilio
2637 2638 2968 2694 Sardicensi
3020 2643 3308 2694 statutum
3361 2639 3429 2709 (c.
3463 2638 3551 2706 l6,
3586 2639 3676 2706 l8,
3714 2639 3828 2710 19),

2169 2728 2233 2778 ut
2263 2741 2432 2780 nemo
2462 2725 2700 2782 alterius
2742 2727 2929 2798 plebis
2973 2727 3273 2783 hominem
3305 2732 3567 2799 usurpet.
3602 2727 3742 2790 Sed,
3774 2729 3828 2783 si

2165 2812 2313 2869 forte
2341 2813 2453 2869 erit
2483 2817 2875 2886 necessarius,
2910 2821 3068 2888 petat
3116 2833 3150 2872 a
3197 2815 3420 2888 collega
3469 2833 3599 2882 suo,
3631 2820 3690 2871 et
3723 2834 3830 2889 per

2165 2919 2520 2958 consensum
2553 2904 2784 2960 habeat.

2161 3004 2298 3075 CAP.
2335 3003 2455 3057 145.
2489 3034 2556 3043 -
2608 3004 2682 3058 De
2727 3003 3058 3075 presbyteris
3105 3013 3157 3059 et
3207 3005 3528 3059 diaconibus
3576 3005 3675 3074 qui
3702 3006 3829 3060 sine

2236 3074 2434 3148 litteris
2490 3075 2730 3148 episcopi
2780 3074 3226 3131 sui'ambutant.
3280 3077 3362 3130 Ea:
3407 3077 3639 3132 concilio
3681 3076 3824 3148 Aga-

2233 3145 2430 3214 thensi,
2463 3161 2512 3201 c.
2543 3146 2578 3199 5
2609 3145 2749 3217 (cap.
2781 3149 2896 3219 52).

2229 3234 2539 3306 Presbyter
2567 3239 2625 3290 et
2673 3235 2976 3304 diaconus,
3012 3239 3113 3291 aut
3160 3235 3409 3292 clericus
3453 3235 3502 3290 si
3553 3236 3680 3292 sine
3711 3254 3819 3292 an-

2158 3321 2364 3377 titistis
2395 3323 2486 3379 sui
2536 3325 2802 3395 epistolis
2849 3325 3179 3393 ambulant,
3220 3325 3696 3381 communionem
3731 3326 3818 3382 eis

2161 3410 2360 3466 nullus
2389 3412 2712 3484 impendat.

2233 3513 2363 3564 CAP.
2399 3511 2521 3564 146.
2555 3542 2623 3552 —-
2652 3511 2725 3567 De
2753 3511 2961 3568 eodem.
2982 3515 3103 3638 ᾖε
3129 3511 3373 3568 concilio
3405 3511 3746 3578 Laodicensi,

2497 3628 2506 3638 .
2899 3600 2946 3638 c.
3058 3623 3070 3636 .

2899 3600 2946 3639 C.
2982 3600 3070 3638 41.

2236 3669 2333 3741 (De
2359 3686 2529 3738 cons.,
2561 3670 2694 3726 dist.
2724 3672 2780 3742 5,
2803 3689 2851 3728 c.
2884 3679 3005 3730 Non
3034 3673 3289 3744 oportet).
3325 3672 3484 3738 Quod
3509 3689 3625 3728 non
3647 3688 3820 3743 opor-

2166 3760 2286 3812 teat
2318 3760 2678 3816 sacerdotem
2704 3759 2793 3816 vel
2826 3761 3107 3818 clericum
3138 3761 3261 3817 sine
3293 3761 3502 3817 litteris
3525 3760 3818 3833 proﬁcisci

2167 3864 2483 3904 οεηοῐιιοιε.

2168 3944 2302 4000 CAP.
2339 3946 2460 3999 147.
2503 3976 2563 3986 —
2597 3948 2661 4003 Ut
2690 3949 3068 4074 unusguisque
3108 3949 3388 4020 presbyter
3434 3962 3560 4030 cum
3589 3945 3820 4001 ordina-

2239 4025 2355 4074 tur.
2401 4017 2613 4072 litteras
2645 4019 2714 4073 ab
2759 4035 2821 4074 or
2862 4029 3077 4074 mutare
3125 4037 3225 4074 suo
3268 4021 3526 4074 accipiat.
3573 4018 3660 4073 Ea:
3695 4033 3820 4074 coa-

2239 4025 2355 4090 tur,
2401 4017 2613 4072 litteras
2645 4019 2714 4073 ab
2759 4017 3077 4075 ordinat—ore
3108 4017 3225 4075 suo
3268 4017 3526 4090 accipiat.
3573 4018 3660 4073 Ea:
3695 4033 3822 4074 coa-

2239 4089 2373 4144 cilio
2399 4091 2741 4155 Milevitana,
2771 4107 2817 4146 c.
2855 4092 2941 4146 14.

2240 4176 2458 4233 Deinde
2476 4177 2698 4249 placuit
2713 4183 2778 4235 ut
2793 4180 3132 4252 quicunque
3148 4180 3421 4251 deinceps
3433 4179 3507 4234 ab
3522 4178 3820 4250 episcopis

2166 4265 2534 4336 ordinantur,
2566 4266 2792 4323 litteras
2811 4267 3101 4340 accipiant
3127 4269 3201 4324 ab
3231 4267 3669 4324 ordinatoribus
3691 4269 3817 4322 suis

2168 4367 2348 4408 manu
2366 4371 2569 4410 eorum
2593 4356 3355 4429 subscriptas,continentes
3376 4371 3598 4412 annum
3620 4356 3817 4411 Domi-

2087 4466 2132 4532 D
2167 4442 2228 4497 ni
2253 4447 2310 4498 et
2336 4444 2491 4499 diem
2525 4445 2845 4516 [consulem
2875 4451 2934 4501 et
2959 4446 3158 4516 diem],
3211 4451 3275 4502 ut
3303 4443 3468 4501 nulla
3507 4444 3814 4500 altercatio

2162 4531 2234 4586 de
2265 4533 2686 4602 posterioribus
2716 4534 2804 4590 vel
2837 4535 3233 4591 anterioribus
3262 4535 3504 4590 oriatur.
3525 4568 3556 4597 .

2161 4631 2295 4688 CAP.
2335 4632 2452 4686 148.
2487 4664 2552 4674 —
2587 4634 2650 4690 Ut
2678 4634 2964 4690 ordinatus
2993 4637 3055 4690 in
3083 4634 3219 4690 locis
3247 4635 3320 4689 ad
3365 4648 3491 4705 quae
3519 4633 3814 4689 ordinatus

2301 4711 2399 4772 est,
2429 4710 2772 4775 permaneat.
2804 4708 2887 4761 Ea:
2926 4707 3158 4763 concilio
3186 4705 3503 4777 Agathensi,
3530 4721 3577 4760 c.
3611 4706 3666 4761 2.

2234 4801 2310 4856 De
2341 4800 2434 4857 his
2466 4803 2564 4874 qui
2597 4803 2656 4859 in
2701 4803 3059 4875 quibusdam
3093 4803 3235 4860 locis
3283 4802 3536 4859 ordinati
3567 4803 3810 4868 fuerint,

2161 4889 2414 4946 ministri
2445 4891 2504 4946 in
2537 4891 2683 4963 ipsis
2715 4892 2856 4947 locis
2889 4900 3274 4964 perseverent.

2156 4991 2290 5044 CAP.
2312 4989 2548 5074 _l_49.--—
2578 4991 2651 5046 De
2678 4991 3014 5061 presbytero,
3047 4992 3146 5074 qui
3173 4992 3657 5074 confessusnfuerit
3681 5001 3810 5074 ante

2226 5060 2715 5144 ortt‘iyationem-se
2739 5060 3001 5144 peccasse.
3037 5060 3118 5117 Ex
3158 5060 3394 5144 concilio
3436 5062 3806 5144 Cabilonfnsi,

2227 5147 2273 5186 c.
2298 5133 2375 5205 A25
2404 5135 2548 5203 (cap.
2583 5134 2671 5203 25,
2708 5135 2899 5205 synod.
2933 5133 3124 5191 Graeca
3151 5151 3190 5188 a
3230 5135 3412 5189 Marti.
3445 5135 3613 5204 episc.
3645 5135 3807 5190 Brac.

2226 5203 2624 5275 collectarum).

2228 5290 2338 5361 (25,
2370 5308 2421 5362 q.
2449 5293 2503 5360 8,
2532 5309 2580 5346 c.
2613 5292 2676 5348 Si
2703 5295 2827 5366 quis
2865 5295 3192 5367 presbyter).
3240 5295 3293 5350 Si
3341 5294 3476 5366 quis
3507 5293 3810 5366 presbyter

2154 5383 2287 5434 ante
2319 5379 2744 5438 ordinationem
2769 5384 3186 5456 peccaverit,et
3216 5389 3345 5456 post
3375 5383 3804 5440 ordinationem

2153 5470 2391 5538 peccata
2421 5470 2724 5528 confessus
2768 5472 2944 5529 fuerit
2973 5474 3127 5546 quod
3175 5476 3308 5529 ante
3353 5473 3658 5541 erraverit,
3689 5490 3806 5537 non

2151 5554 2373 5626 offerat,
2431 5560 2533 5617 sed
2584 5565 2779 5618 tamen
2837 5566 3071 5621 tantum
3109 5579 3214 5635 pro
3253 5559 3536 5634 religione
3589 5577 3802 5619 nomen
