  <div class='ocr_page' id='page_1' title='image "/cluster/home/n/w/nwhite01/storage/ocr_20150623/161/hvd.32044054760194/286.png"; bbox 0 0 3994 6052; ppageno 0'>
   <div class='ocr_carea' id='block_1_1' title="bbox 139 299 3564 365">
    <p class='ocr_par' dir='ltr' id='par_1_1' title="bbox 139 299 3564 365">
     <span class='ocr_line' id='line_1_1' title="bbox 139 299 3564 365; baseline -0.003 -7"><span class='ocrx_word' id='word_1_1' title='bbox 139 305 249 359; x_wconf 74' lang='grc'>481</span> <span class='ocrx_word' id='word_1_2' title='bbox 1210 304 1523 357; x_wconf 78' lang='lat' dir='ltr'>nscan&#39;rr</span> <span class='ocrx_word' id='word_1_3' title='bbox 1560 301 1749 356; x_wconf 67' lang='lat' dir='ltr'>mas</span> <span class='ocrx_word' id='word_1_4' title='bbox 1787 299 1886 352; x_wconf 84' lang='lat' dir='ltr'>VI.</span> <span class='ocrx_word' id='word_1_5' title='bbox 1924 326 1993 337; x_wconf 93' lang='grc'><strong><em>-</em></strong></span> <span class='ocrx_word' id='word_1_6' title='bbox 2024 300 2122 352; x_wconf 78' lang='lat' dir='ltr'>DE</span> <span class='ocrx_word' id='word_1_7' title='bbox 2159 299 2503 356; x_wconf 78' lang='lat' dir='ltr'>CLERICIS.</span> <span class='ocrx_word' id='word_1_8' title='bbox 3458 311 3564 365; x_wconf 63' lang='lat'>482</span> 
     </span>
    </p>
   </div>
   <div class='ocr_carea' id='block_1_2' title="bbox 137 420 3561 505">
    <p class='ocr_par' dir='ltr' id='par_1_2' title="bbox 137 420 3561 505">
     <span class='ocr_line' id='line_1_2' title="bbox 137 420 3561 505; baseline 0.002 -22"><span class='ocrx_word' id='word_1_9' title='bbox 137 426 473 501; x_wconf 80' lang='lat' dir='ltr'>presbyteri</span> <span class='ocrx_word' id='word_1_10' title='bbox 505 428 712 498; x_wconf 79' lang='lat' dir='ltr'>portet.</span> <span class='ocrx_word' id='word_1_11' title='bbox 744 426 802 480; x_wconf 87' lang='lat' dir='ltr'>Si</span> <span class='ocrx_word' id='word_1_12' title='bbox 836 431 1032 483; x_wconf 86' lang='lat' dir='ltr'>autem</span> <span class='ocrx_word' id='word_1_13' title='bbox 1051 442 1165 481; x_wconf 93' lang='lat' dir='ltr'>non</span> <span class='ocrx_word' id='word_1_14' title='bbox 1188 442 1314 496; x_wconf 80' lang='lat' dir='ltr'>ipse</span> <span class='ocrx_word' id='word_1_15' title='bbox 1334 425 1664 492; x_wconf 84' lang='lat' dir='ltr'>confessus,</span> <span class='ocrx_word' id='word_1_16' title='bbox 1689 424 1791 479; x_wconf 89' lang='lat' dir='ltr'>sed</span> <span class='ocrx_word' id='word_1_17' title='bbox 1822 428 1874 495; x_wconf 77' lang='grc' dir='ltr'>Α</span> <span class='ocrx_word' id='word_1_18' title='bbox 1904 420 2051 476; x_wconf 82' lang='lat' dir='ltr'><em>mini</em></span> <span class='ocrx_word' id='word_1_19' title='bbox 2078 438 2247 495; x_wconf 84' lang='lat' dir='ltr'><em>super</em></span> <span class='ocrx_word' id='word_1_20' title='bbox 2266 422 2469 493; x_wconf 85' lang='lat' dir='ltr'><em>justas,</em></span> <span class='ocrx_word' id='word_1_21' title='bbox 2501 428 2556 478; x_wconf 88' lang='lat' dir='ltr'>et</span> <span class='ocrx_word' id='word_1_22' title='bbox 2575 441 2737 481; x_wconf 88' lang='lat' dir='ltr'><em>aures</em></span> <span class='ocrx_word' id='word_1_23' title='bbox 2759 428 2875 498; x_wconf 85' lang='lat' dir='ltr'><em>ejus</em></span> <span class='ocrx_word' id='word_1_24' title='bbox 2907 427 2967 481; x_wconf 83' lang='lat' dir='ltr'><em>in</em></span> <span class='ocrx_word' id='word_1_25' title='bbox 2989 444 3174 499; x_wconf 77' lang='lat' dir='ltr'>preces</span> <span class='ocrx_word' id='word_1_26' title='bbox 3193 433 3561 505; x_wconf 86' lang='lat' dir='ltr'><em>eorum(Psal.</em></span> 
     </span>
    </p>
   </div>
   <div class='ocr_carea' id='block_1_3' title="bbox 144 512 3561 609">
    <p class='ocr_par' dir='ltr' id='par_1_3' title="bbox 144 512 3561 609">
     <span class='ocr_line' id='line_1_3' title="bbox 144 512 3561 609; baseline 0.001 -35"><span class='ocrx_word' id='word_1_27' title='bbox 144 520 220 574; x_wconf 86' lang='lat' dir='ltr'>ab</span> <span class='ocrx_word' id='word_1_28' title='bbox 248 516 366 572; x_wconf 89' lang='lat' dir='ltr'>alio</span> <span class='ocrx_word' id='word_1_29' title='bbox 392 516 625 587; x_wconf 86' lang='lat' dir='ltr'>publice</span> <span class='ocrx_word' id='word_1_30' title='bbox 655 515 956 572; x_wconf 89' lang='lat' dir='ltr'>convictus</span> <span class='ocrx_word' id='word_1_31' title='bbox 981 557 994 583; x_wconf 88' lang='lat'><em>,</em></span> <span class='ocrx_word' id='word_1_32' title='bbox 1029 530 1134 571; x_wconf 92' lang='lat' dir='ltr'>nec</span> <span class='ocrx_word' id='word_1_33' title='bbox 1164 514 1272 570; x_wconf 89' lang='lat' dir='ltr'>hoc</span> <span class='ocrx_word' id='word_1_34' title='bbox 1326 516 1523 585; x_wconf 90' lang='lat' dir='ltr'>ipsum</span> <span class='ocrx_word' id='word_1_35' title='bbox 1562 513 1793 579; x_wconf 86' lang='lat' dir='ltr'>habeat,</span> <span class='ocrx_word' id='word_1_36' title='bbox 1906 514 2120 579; x_wconf 78' lang='lat' dir='ltr'>xxxvr).</span> <span class='ocrx_word' id='word_1_37' title='bbox 2161 512 2348 567; x_wconf 82' lang='lat' dir='ltr'><em>Vultus</em></span> <span class='ocrx_word' id='word_1_38' title='bbox 2395 517 2574 568; x_wconf 89' lang='lat' dir='ltr'><em>autem</em></span> <span class='ocrx_word' id='word_1_39' title='bbox 2603 515 2825 571; x_wconf 83' lang='lat' dir='ltr'><em>Domini</em></span> <span class='ocrx_word' id='word_1_40' title='bbox 2853 533 3020 587; x_wconf 82' lang='lat' dir='ltr'><em>super</em></span> <span class='ocrx_word' id='word_1_41' title='bbox 3057 521 3332 589; x_wconf 77' lang='lat' dir='ltr'>facientes</span> <span class='ocrx_word' id='word_1_42' title='bbox 3377 525 3561 609; x_wconf 60' lang='lat' dir='ltr'><em>mala,</em></span> 
     </span>
    </p>
   </div>
   <div class='ocr_carea' id='block_1_4' title="bbox 147 601 3558 683">
    <p class='ocr_par' dir='ltr' id='par_1_4' title="bbox 147 601 3558 683">
     <span class='ocr_line' id='line_1_4' title="bbox 147 601 3558 683; baseline 0.001 -20"><span class='ocrx_word' id='word_1_43' title='bbox 147 613 213 663; x_wconf 90' lang='lat' dir='ltr'>ut</span> <span class='ocrx_word' id='word_1_44' title='bbox 242 622 461 662; x_wconf 84' lang='lat' dir='ltr'><strong>nomen</strong></span> <span class='ocrx_word' id='word_1_45' title='bbox 494 605 817 677; x_wconf 77' lang='lat' dir='ltr'>presbyteri</span> <span class='ocrx_word' id='word_1_46' title='bbox 847 608 1056 676; x_wconf 83' lang='lat' dir='ltr'>portet.</span> <span class='ocrx_word' id='word_1_47' title='bbox 1087 603 1369 660; x_wconf 80' lang='lat' dir='ltr'>Similiter</span> <span class='ocrx_word' id='word_1_48' title='bbox 1383 603 1521 659; x_wconf 89' lang='lat' dir='ltr'>etde</span> <span class='ocrx_word' id='word_1_49' title='bbox 1539 602 1797 657; x_wconf 84' lang='lat' dir='ltr'>diaconi-</span> <span class='ocrx_word' id='word_1_50' title='bbox 1907 609 1968 655; x_wconf 88' lang='lat' dir='ltr'>ut</span> <span class='ocrx_word' id='word_1_51' title='bbox 1994 601 2193 671; x_wconf 80' lang='lat' dir='ltr'><strong><em>perdat</em></strong></span> <span class='ocrx_word' id='word_1_52' title='bbox 2238 601 2302 655; x_wconf 86' lang='lat' dir='ltr'>de</span> <span class='ocrx_word' id='word_1_53' title='bbox 2350 606 2502 657; x_wconf 84' lang='lat' dir='ltr'><em>terra</em></span> <span class='ocrx_word' id='word_1_54' title='bbox 2529 606 2852 660; x_wconf 79' lang='lat' dir='ltr'>memoriam</span> <span class='ocrx_word' id='word_1_55' title='bbox 2884 621 3075 661; x_wconf 86' lang='lat' dir='ltr'><em>eorum</em></span> <span class='ocrx_word' id='word_1_56' title='bbox 3119 608 3294 679; x_wconf 90' lang='lat' dir='ltr'><em>(Psal.</em></span> <span class='ocrx_word' id='word_1_57' title='bbox 3338 601 3558 683; x_wconf 63' lang='lat' dir='ltr'>XXXIII):</span> 
     </span>
    </p>
   </div>
   <div class='ocr_carea' id='block_1_5' title="bbox 148 690 3565 767">
    <p class='ocr_par' dir='ltr' id='par_1_5' title="bbox 148 690 3565 767">
     <span class='ocr_line' id='line_1_5' title="bbox 148 690 3565 767; baseline 0.002 -16"><span class='ocrx_word' id='word_1_58' title='bbox 148 698 261 752; x_wconf 89' lang='lat' dir='ltr'>bus</span> <span class='ocrx_word' id='word_1_59' title='bbox 284 695 717 751; x_wconf 89' lang='lat' dir='ltr'>observandum</span> <span class='ocrx_word' id='word_1_60' title='bbox 747 698 874 749; x_wconf 87' lang='lat' dir='ltr'>est:</span> <span class='ocrx_word' id='word_1_61' title='bbox 909 699 973 748; x_wconf 91' lang='lat' dir='ltr'>ut</span> <span class='ocrx_word' id='word_1_62' title='bbox 993 694 1041 749; x_wconf 88' lang='lat' dir='ltr'><em>si</em></span> <span class='ocrx_word' id='word_1_63' title='bbox 1072 693 1199 765; x_wconf 89' lang='lat' dir='ltr'>ipse</span> <span class='ocrx_word' id='word_1_64' title='bbox 1246 692 1548 747; x_wconf 88' lang='lat' dir='ltr'>confessus</span> <span class='ocrx_word' id='word_1_65' title='bbox 1599 690 1799 759; x_wconf 84' lang='lat' dir='ltr'>fuerit,</span> <span class='ocrx_word' id='word_1_66' title='bbox 1909 691 2123 747; x_wconf 88' lang='lat' dir='ltr'>Nullus</span> <span class='ocrx_word' id='word_1_67' title='bbox 2150 708 2287 764; x_wconf 84' lang='lat' dir='ltr'>ergo</span> <span class='ocrx_word' id='word_1_68' title='bbox 2333 709 2611 749; x_wconf 82' lang='lat' dir='ltr'>excusare</span> <span class='ocrx_word' id='word_1_69' title='bbox 2642 710 2705 750; x_wconf 88' lang='lat' dir='ltr'>se</span> <span class='ocrx_word' id='word_1_70' title='bbox 2736 695 2972 766; x_wconf 89' lang='lat' dir='ltr'>poterit,</span> <span class='ocrx_word' id='word_1_71' title='bbox 3004 699 3160 767; x_wconf 90' lang='lat' dir='ltr'>quod</span> <span class='ocrx_word' id='word_1_72' title='bbox 3204 716 3319 754; x_wconf 91' lang='lat' dir='ltr'>non</span> <span class='ocrx_word' id='word_1_73' title='bbox 3352 700 3565 757; x_wconf 82' lang='lat' dir='ltr'>habeat</span> 
     </span>
    </p>
   </div>
   <div class='ocr_carea' id='block_1_6' title="bbox 148 782 1095 841">
    <p class='ocr_par' dir='ltr' id='par_1_6' title="bbox 148 782 1095 841">
     <span class='ocr_line' id='line_1_6' title="bbox 148 782 1095 841; baseline -0.003 -1"><span class='ocrx_word' id='word_1_74' title='bbox 148 785 419 841; x_wconf 84' lang='lat' dir='ltr'>ordinem</span> <span class='ocrx_word' id='word_1_75' title='bbox 452 782 801 839; x_wconf 88' lang='lat' dir='ltr'>subdiaconi</span> <span class='ocrx_word' id='word_1_76' title='bbox 827 782 1095 838; x_wconf 78' lang='lat' dir='ltr'>retineat.</span> 
     </span>
    </p>
   </div>
   <div class='ocr_carea' id='block_1_7' title="bbox 151 866 1801 933">
    <p class='ocr_par' dir='ltr' id='par_1_7' title="bbox 151 866 1801 933">
     <span class='ocr_line' id='line_1_7' title="bbox 151 866 1801 933; baseline -0.005 -4"><span class='ocrx_word' id='word_1_77' title='bbox 151 878 283 929; x_wconf 69' lang='lat' dir='ltr'>Cm.</span> <span class='ocrx_word' id='word_1_78' title='bbox 318 874 438 929; x_wconf 87' lang='grc'>150.</span> <span class='ocrx_word' id='word_1_79' title='bbox 469 901 539 914; x_wconf 89' lang='lat'>——</span> <span class='ocrx_word' id='word_1_80' title='bbox 570 876 653 927; x_wconf 89' lang='lat' dir='ltr'><em>De</em></span> <span class='ocrx_word' id='word_1_81' title='bbox 677 872 867 927; x_wconf 85' lang='lat' dir='ltr'><em>eadem</em></span> <span class='ocrx_word' id='word_1_82' title='bbox 888 888 965 927; x_wconf 90' lang='lat' dir='ltr'>re.</span> <span class='ocrx_word' id='word_1_83' title='bbox 999 874 1079 925; x_wconf 76' lang='lat' dir='ltr'>Ea:</span> <span class='ocrx_word' id='word_1_84' title='bbox 1098 871 1331 927; x_wconf 85' lang='lat' dir='ltr'><em>concilio</em></span> <span class='ocrx_word' id='word_1_85' title='bbox 1353 866 1801 933; x_wconf 59' lang='lat' dir='ltr'><em>Neocwsariensi,</em></span> 
     </span>
    </p>
   </div>
   <div class='ocr_carea' id='block_1_8' title="bbox 713 943 1215 1014">
    <p class='ocr_par' dir='ltr' id='par_1_8' title="bbox 713 943 1215 1014">
     <span class='ocr_line' id='line_1_8' title="bbox 713 943 1215 1014; baseline -0.002 -17"><span class='ocrx_word' id='word_1_86' title='bbox 713 959 831 1014; x_wconf 88' lang='lat' dir='ltr'><em>cap.</em></span> <span class='ocrx_word' id='word_1_87' title='bbox 874 944 935 997; x_wconf 92' lang='lat' dir='ltr'>l3</span> <span class='ocrx_word' id='word_1_88' title='bbox 974 944 1116 1014; x_wconf 88' lang='lat' dir='ltr'><em>[cap.</em></span> <span class='ocrx_word' id='word_1_89' title='bbox 1139 943 1215 1013; x_wconf 88' lang='lat'>9].</span> 
     </span>
    </p>
   </div>
   <div class='ocr_carea' id='block_1_9' title="bbox 223 1029 1804 1105">
    <p class='ocr_par' dir='ltr' id='par_1_9' title="bbox 223 1029 1804 1105">
     <span class='ocr_line' id='line_1_9' title="bbox 223 1029 1804 1105; baseline -0.004 -16"><span class='ocrx_word' id='word_1_90' title='bbox 223 1034 335 1105; x_wconf 84' lang='lat' dir='ltr'><em>(l5,</em></span> <span class='ocrx_word' id='word_1_91' title='bbox 370 1050 422 1104; x_wconf 87' lang='lat' dir='ltr'>q.</span> <span class='ocrx_word' id='word_1_92' title='bbox 445 1033 502 1101; x_wconf 91' lang='lat'>8,</span> <span class='ocrx_word' id='word_1_93' title='bbox 532 1049 578 1087; x_wconf 91' lang='lat' dir='ltr'><em>c.</em></span> <span class='ocrx_word' id='word_1_94' title='bbox 614 1033 721 1101; x_wconf 90' lang='lat' dir='ltr'>Qui</span> <span class='ocrx_word' id='word_1_95' title='bbox 750 1032 1023 1103; x_wconf 78' lang='lat' dir='ltr'>admisit.)</span> <span class='ocrx_word' id='word_1_96' title='bbox 1056 1031 1380 1103; x_wconf 82' lang='lat' dir='ltr'>Presbyter,</span> <span class='ocrx_word' id='word_1_97' title='bbox 1412 1029 1462 1085; x_wconf 90' lang='lat' dir='ltr'>si</span> <span class='ocrx_word' id='word_1_98' title='bbox 1507 1044 1804 1101; x_wconf 71' lang='lat' dir='ltr'>praeoccu—</span> 
     </span>
    </p>
   </div>
   <div class='ocr_carea' id='block_1_10' title="bbox 154 1118 1803 1195">
    <p class='ocr_par' dir='ltr' id='par_1_10' title="bbox 154 1118 1803 1195">
     <span class='ocr_line' id='line_1_10' title="bbox 154 1118 1803 1195; baseline -0.002 -18"><span class='ocrx_word' id='word_1_99' title='bbox 154 1129 331 1195; x_wconf 88' lang='lat' dir='ltr'>patus</span> <span class='ocrx_word' id='word_1_100' title='bbox 355 1120 647 1193; x_wconf 85' lang='lat' dir='ltr'>corporali</span> <span class='ocrx_word' id='word_1_101' title='bbox 679 1124 913 1193; x_wconf 90' lang='lat' dir='ltr'>peccato</span> <span class='ocrx_word' id='word_1_102' title='bbox 945 1125 1375 1193; x_wconf 79' lang='lat' dir='ltr'>promoventur,</span> <span class='ocrx_word' id='word_1_103' title='bbox 1406 1123 1463 1174; x_wconf 87' lang='lat' dir='ltr'>et</span> <span class='ocrx_word' id='word_1_104' title='bbox 1500 1118 1803 1175; x_wconf 88' lang='lat' dir='ltr'>confessus</span> 
     </span>
    </p>
   </div>
   <div class='ocr_carea' id='block_1_11' title="bbox 156 1207 1805 1281">
    <p class='ocr_par' dir='ltr' id='par_1_11' title="bbox 156 1207 1805 1281">
     <span class='ocr_line' id='line_1_11' title="bbox 156 1207 1805 1281; baseline -0.003 -15"><span class='ocrx_word' id='word_1_105' title='bbox 156 1212 338 1267; x_wconf 87' lang='lat' dir='ltr'>fuerit</span> <span class='ocrx_word' id='word_1_106' title='bbox 373 1212 446 1266; x_wconf 87' lang='lat' dir='ltr'>de</span> <span class='ocrx_word' id='word_1_107' title='bbox 494 1226 557 1265; x_wconf 90' lang='lat' dir='ltr'>se</span> <span class='ocrx_word' id='word_1_108' title='bbox 606 1210 760 1281; x_wconf 91' lang='lat' dir='ltr'>quod</span> <span class='ocrx_word' id='word_1_109' title='bbox 814 1213 948 1264; x_wconf 83' lang='lat' dir='ltr'>ante</span> <span class='ocrx_word' id='word_1_110' title='bbox 992 1208 1421 1264; x_wconf 80' lang='lat' dir='ltr'>ordinationem</span> <span class='ocrx_word' id='word_1_111' title='bbox 1473 1207 1805 1279; x_wconf 90' lang='lat' dir='ltr'>deliquerit,</span> 
     </span>
    </p>
   </div>
   <div class='ocr_carea' id='block_1_12' title="bbox 157 1295 1808 1369">
    <p class='ocr_par' dir='ltr' id='par_1_12' title="bbox 157 1295 1808 1369">
     <span class='ocr_line' id='line_1_12' title="bbox 157 1295 1808 1369; baseline -0.004 -12"><span class='ocrx_word' id='word_1_112' title='bbox 157 1300 358 1357; x_wconf 79' lang='lat' dir='ltr'>oblata</span> <span class='ocrx_word' id='word_1_113' title='bbox 422 1316 538 1355; x_wconf 88' lang='lat' dir='ltr'>non</span> <span class='ocrx_word' id='word_1_114' title='bbox 578 1302 867 1365; x_wconf 81' lang='lat' dir='ltr'>conserat,</span> <span class='ocrx_word' id='word_1_115' title='bbox 920 1313 1167 1353; x_wconf 87' lang='lat' dir='ltr'>manens</span> <span class='ocrx_word' id='word_1_116' title='bbox 1203 1297 1263 1351; x_wconf 90' lang='lat' dir='ltr'>in</span> <span class='ocrx_word' id='word_1_117' title='bbox 1315 1295 1560 1369; x_wconf 89' lang='lat' dir='ltr'>reliquis</span> <span class='ocrx_word' id='word_1_118' title='bbox 1600 1295 1808 1352; x_wconf 82' lang='lat' dir='ltr'>ofﬁciis</span> 
     </span>
    </p>
   </div>
   <div class='ocr_carea' id='block_1_13' title="bbox 159 1385 1809 1463">
    <p class='ocr_par' dir='ltr' id='par_1_13' title="bbox 159 1385 1809 1463">
     <span class='ocr_line' id='line_1_13' title="bbox 159 1385 1809 1463; baseline -0.003 -17"><span class='ocrx_word' id='word_1_119' title='bbox 159 1395 398 1463; x_wconf 88' lang='lat' dir='ltr'>propter</span> <span class='ocrx_word' id='word_1_120' title='bbox 426 1388 689 1445; x_wconf 85' lang='lat' dir='ltr'>studium</span> <span class='ocrx_word' id='word_1_121' title='bbox 706 1388 944 1443; x_wconf 90' lang='lat' dir='ltr'>bonum.</span> <span class='ocrx_word' id='word_1_122' title='bbox 962 1387 1125 1453; x_wconf 91' lang='lat' dir='ltr'>Quod</span> <span class='ocrx_word' id='word_1_123' title='bbox 1139 1387 1273 1443; x_wconf 89' lang='lat' dir='ltr'>side</span> <span class='ocrx_word' id='word_1_124' title='bbox 1286 1385 1482 1459; x_wconf 91' lang='lat' dir='ltr'>seipso</span> <span class='ocrx_word' id='word_1_125' title='bbox 1505 1386 1809 1442; x_wconf 84' lang='lat' dir='ltr'>confessus</span> 
     </span>
    </p>
   </div>
   <div class='ocr_carea' id='block_1_14' title="bbox 160 1474 1811 1549">
    <p class='ocr_par' dir='ltr' id='par_1_14' title="bbox 160 1474 1811 1549">
     <span class='ocr_line' id='line_1_14' title="bbox 160 1474 1811 1549; baseline -0.002 -15"><span class='ocrx_word' id='word_1_126' title='bbox 160 1496 274 1534; x_wconf 89' lang='lat' dir='ltr'>non</span> <span class='ocrx_word' id='word_1_127' title='bbox 298 1478 496 1542; x_wconf 86' lang='lat' dir='ltr'>fuerit,</span> <span class='ocrx_word' id='word_1_128' title='bbox 520 1481 576 1532; x_wconf 88' lang='lat' dir='ltr'>et</span> <span class='ocrx_word' id='word_1_129' title='bbox 604 1476 772 1549; x_wconf 82' lang='lat' dir='ltr'>argui</span> <span class='ocrx_word' id='word_1_130' title='bbox 806 1476 1115 1531; x_wconf 80' lang='lat' dir='ltr'>manifeste</span> <span class='ocrx_word' id='word_1_131' title='bbox 1138 1474 1485 1547; x_wconf 87' lang='lat' dir='ltr'>nequiverit,</span> <span class='ocrx_word' id='word_1_132' title='bbox 1504 1475 1811 1547; x_wconf 86' lang='lat' dir='ltr'>potestatis</span> 
     </span>
    </p>
   </div>
   <div class='ocr_carea' id='block_1_15' title="bbox 160 1564 951 1637">
    <p class='ocr_par' dir='ltr' id='par_1_15' title="bbox 160 1564 951 1637">
     <span class='ocr_line' id='line_1_15' title="bbox 160 1564 951 1637; baseline -0.004 -13"><span class='ocrx_word' id='word_1_133' title='bbox 160 1584 280 1624; x_wconf 65' lang='lat' dir='ltr'>sum</span> <span class='ocrx_word' id='word_1_134' title='bbox 304 1566 533 1637; x_wconf 91' lang='lat' dir='ltr'>judicio</span> <span class='ocrx_word' id='word_1_135' title='bbox 565 1564 951 1637; x_wconf 89' lang='lat' dir='ltr'>relinquatur.</span> 
     </span>
    </p>
   </div>
   <div class='ocr_carea' id='block_1_16' title="bbox 169 1672 1814 1745">
    <p class='ocr_par' dir='ltr' id='par_1_16' title="bbox 169 1672 1814 1745">
     <span class='ocr_line' id='line_1_16' title="bbox 169 1672 1814 1745; baseline -0.001 -16"><span class='ocrx_word' id='word_1_136' title='bbox 169 1678 303 1729; x_wconf 79' lang='lat' dir='ltr'>CAP.</span> <span class='ocrx_word' id='word_1_137' title='bbox 340 1675 461 1728; x_wconf 91' lang='grc'>151.</span> <span class='ocrx_word' id='word_1_138' title='bbox 494 1703 565 1714; x_wconf 90' lang='grc'><strong><em>-</em></strong></span> <span class='ocrx_word' id='word_1_139' title='bbox 595 1678 674 1728; x_wconf 89' lang='lat' dir='ltr'><em>De</em></span> <span class='ocrx_word' id='word_1_140' title='bbox 703 1672 1034 1728; x_wconf 76' lang='lat' dir='ltr'>ministeriis</span> <span class='ocrx_word' id='word_1_141' title='bbox 1082 1672 1549 1745; x_wconf 67' lang='lat' dir='ltr'><em>presbyterorum,</em></span> <span class='ocrx_word' id='word_1_142' title='bbox 1570 1744 1575 1745; x_wconf 14' lang='grc' dir='ltr'>ί</span> <span class='ocrx_word' id='word_1_143' title='bbox 1598 1676 1648 1728; x_wconf 88' lang='lat' dir='ltr'>et</span> <span class='ocrx_word' id='word_1_144' title='bbox 1677 1673 1814 1745; x_wconf 85' lang='lat' dir='ltr'><em>quid</em></span> 
     </span>
    </p>
   </div>
   <div class='ocr_carea' id='block_1_17' title="bbox 373 1744 1598 1813">
    <p class='ocr_par' dir='ltr' id='par_1_17' title="bbox 373 1744 1598 1813">
     <span class='ocr_line' id='line_1_17' title="bbox 373 1744 1598 1813; baseline 0 -14"><span class='ocrx_word' id='word_1_145' title='bbox 373 1747 454 1800; x_wconf 86' lang='lat' dir='ltr'>eis</span> <span class='ocrx_word' id='word_1_146' title='bbox 484 1746 837 1800; x_wconf 89' lang='lat' dir='ltr'><em>commissum</em></span> <span class='ocrx_word' id='word_1_147' title='bbox 866 1747 958 1800; x_wconf 90' lang='lat' dir='ltr'><em>sit.</em></span> <span class='ocrx_word' id='word_1_148' title='bbox 988 1748 1071 1799; x_wconf 76' lang='lat' dir='ltr'>Ea:</span> <span class='ocrx_word' id='word_1_149' title='bbox 1092 1744 1255 1799; x_wconf 89' lang='lat' dir='ltr'><em>dictis</em></span> <span class='ocrx_word' id='word_1_150' title='bbox 1277 1744 1598 1813; x_wconf 75' lang='lat' dir='ltr'>Augustini.</span> 
     </span>
    </p>
   </div>
   <div class='ocr_carea' id='block_1_18' title="bbox 238 1832 1817 1905">
    <p class='ocr_par' dir='ltr' id='par_1_18' title="bbox 238 1832 1817 1905">
     <span class='ocr_line' id='line_1_18' title="bbox 238 1832 1817 1905; baseline 0.001 -19"><span class='ocrx_word' id='word_1_151' title='bbox 238 1834 360 1890; x_wconf 88' lang='lat' dir='ltr'>Vos</span> <span class='ocrx_word' id='word_1_152' title='bbox 392 1833 715 1905; x_wconf 80' lang='lat' dir='ltr'>presbyteri</span> <span class='ocrx_word' id='word_1_153' title='bbox 747 1848 921 1889; x_wconf 90' lang='lat' dir='ltr'>nosse</span> <span class='ocrx_word' id='word_1_154' title='bbox 944 1832 1191 1900; x_wconf 83' lang='lat' dir='ltr'>debetis,</span> <span class='ocrx_word' id='word_1_155' title='bbox 1226 1838 1284 1887; x_wconf 90' lang='lat' dir='ltr'>et</span> <span class='ocrx_word' id='word_1_156' title='bbox 1326 1849 1559 1905; x_wconf 87' lang='lat' dir='ltr'>semper</span> <span class='ocrx_word' id='word_1_157' title='bbox 1607 1832 1817 1888; x_wconf 89' lang='lat' dir='ltr'>memi-</span> 
     </span>
    </p>
   </div>
   <div class='ocr_carea' id='block_1_19' title="bbox 164 1922 1819 1993">
    <p class='ocr_par' dir='ltr' id='par_1_19' title="bbox 164 1922 1819 1993">
     <span class='ocr_line' id='line_1_19' title="bbox 164 1922 1819 1993; baseline -0.001 -15"><span class='ocrx_word' id='word_1_158' title='bbox 164 1923 347 1991; x_wconf 88' lang='lat' dir='ltr'>nisse,</span> <span class='ocrx_word' id='word_1_159' title='bbox 372 1923 513 1993; x_wconf 83' lang='lat' dir='ltr'>quia</span> <span class='ocrx_word' id='word_1_160' title='bbox 528 1940 632 1978; x_wconf 91' lang='lat' dir='ltr'>nos</span> <span class='ocrx_word' id='word_1_161' title='bbox 667 1922 882 1993; x_wconf 88' lang='lat' dir='ltr'>quibus</span> <span class='ocrx_word' id='word_1_162' title='bbox 906 1922 1299 1993; x_wconf 89' lang='lat' dir='ltr'>regendarum</span> <span class='ocrx_word' id='word_1_163' title='bbox 1320 1922 1653 1977; x_wconf 86' lang='lat' dir='ltr'>animarum</span> <span class='ocrx_word' id='word_1_164' title='bbox 1677 1938 1819 1977; x_wconf 84' lang='lat' dir='ltr'>cura</span> 
     </span>
    </p>
   </div>
   <div class='ocr_carea' id='block_1_20' title="bbox 162 2010 1821 2083">
    <p class='ocr_par' dir='ltr' id='par_1_20' title="bbox 162 2010 1821 2083">
     <span class='ocr_line' id='line_1_20' title="bbox 162 2010 1821 2083; baseline -0.001 -16"><span class='ocrx_word' id='word_1_165' title='bbox 162 2012 483 2069; x_wconf 88' lang='lat' dir='ltr'>commissa</span> <span class='ocrx_word' id='word_1_166' title='bbox 506 2016 613 2081; x_wconf 90' lang='lat' dir='ltr'>est,</span> <span class='ocrx_word' id='word_1_167' title='bbox 631 2028 734 2083; x_wconf 92' lang='lat' dir='ltr'>pro</span> <span class='ocrx_word' id='word_1_168' title='bbox 760 2011 853 2066; x_wconf 89' lang='lat' dir='ltr'>his</span> <span class='ocrx_word' id='word_1_169' title='bbox 867 2011 967 2083; x_wconf 92' lang='lat' dir='ltr'>qui</span> <span class='ocrx_word' id='word_1_170' title='bbox 992 2017 1194 2067; x_wconf 89' lang='lat' dir='ltr'>nostra</span> <span class='ocrx_word' id='word_1_171' title='bbox 1210 2010 1563 2082; x_wconf 90' lang='lat' dir='ltr'>negligentia</span> <span class='ocrx_word' id='word_1_172' title='bbox 1578 2015 1821 2082; x_wconf 90' lang='lat' dir='ltr'>pereunt</span> 
     </span>
    </p>
   </div>
   <div class='ocr_carea' id='block_1_21' title="bbox 167 2099 1820 2172">
    <p class='ocr_par' dir='ltr' id='par_1_21' title="bbox 167 2099 1820 2172">
     <span class='ocr_line' id='line_1_21' title="bbox 167 2099 1820 2172; baseline -0.001 -16"><span class='ocrx_word' id='word_1_173' title='bbox 167 2102 455 2157; x_wconf 87' lang='lat' dir='ltr'>rationem</span> <span class='ocrx_word' id='word_1_174' title='bbox 489 2100 775 2156; x_wconf 88' lang='lat' dir='ltr'>reddituri</span> <span class='ocrx_word' id='word_1_175' title='bbox 809 2116 1056 2167; x_wconf 90' lang='lat' dir='ltr'>sumus;</span> <span class='ocrx_word' id='word_1_176' title='bbox 1091 2116 1194 2172; x_wconf 92' lang='lat' dir='ltr'>pro</span> <span class='ocrx_word' id='word_1_177' title='bbox 1226 2099 1319 2155; x_wconf 91' lang='lat' dir='ltr'>his</span> <span class='ocrx_word' id='word_1_178' title='bbox 1350 2116 1481 2155; x_wconf 91' lang='lat' dir='ltr'>vero</span> <span class='ocrx_word' id='word_1_179' title='bbox 1511 2116 1660 2171; x_wconf 92' lang='lat' dir='ltr'>quos</span> <span class='ocrx_word' id='word_1_180' title='bbox 1689 2115 1820 2155; x_wconf 91' lang='lat' dir='ltr'>ver-</span> 
     </span>
    </p>
   </div>
   <div class='ocr_carea' id='block_1_22' title="bbox 169 2188 1823 2261">
    <p class='ocr_par' dir='ltr' id='par_1_22' title="bbox 169 2188 1823 2261">
     <span class='ocr_line' id='line_1_22' title="bbox 169 2188 1823 2261; baseline -0.003 -15"><span class='ocrx_word' id='word_1_181' title='bbox 169 2191 264 2246; x_wconf 86' lang='lat' dir='ltr'>bis</span> <span class='ocrx_word' id='word_1_182' title='bbox 296 2189 592 2261; x_wconf 81' lang='lat' dir='ltr'>exemplis</span> <span class='ocrx_word' id='word_1_183' title='bbox 644 2188 857 2244; x_wconf 91' lang='lat' dir='ltr'>lucrati</span> <span class='ocrx_word' id='word_1_184' title='bbox 906 2190 1215 2256; x_wconf 84' lang='lat' dir='ltr'>fuerimus,</span> <span class='ocrx_word' id='word_1_185' title='bbox 1249 2189 1549 2260; x_wconf 68' lang='lat' dir='ltr'>praemium</span> <span class='ocrx_word' id='word_1_186' title='bbox 1598 2193 1823 2243; x_wconf 59' lang='lat' dir='ltr'>aeternae</span> 
     </span>
    </p>
   </div>
   <div class='ocr_carea' id='block_1_23' title="bbox 174 2277 1823 2351">
    <p class='ocr_par' dir='ltr' id='par_1_23' title="bbox 174 2277 1823 2351">
     <span class='ocr_line' id='line_1_23' title="bbox 174 2277 1823 2351; baseline -0.002 -18"><span class='ocrx_word' id='word_1_187' title='bbox 174 2280 301 2335; x_wconf 64' lang='lat' dir='ltr'>vita</span> <span class='ocrx_word' id='word_1_188' title='bbox 335 2278 751 2351; x_wconf 90' lang='lat' dir='ltr'>percipiemus.</span> <span class='ocrx_word' id='word_1_189' title='bbox 774 2278 955 2333; x_wconf 90' lang='lat' dir='ltr'>Nobis</span> <span class='ocrx_word' id='word_1_190' title='bbox 978 2278 1133 2333; x_wconf 90' lang='lat' dir='ltr'>enim</span> <span class='ocrx_word' id='word_1_191' title='bbox 1160 2295 1193 2333; x_wconf 91' lang='lat' dir='ltr'>a</span> <span class='ocrx_word' id='word_1_192' title='bbox 1218 2278 1461 2333; x_wconf 89' lang='lat' dir='ltr'>Domino</span> <span class='ocrx_word' id='word_1_193' title='bbox 1487 2278 1708 2333; x_wconf 87' lang='lat' dir='ltr'>dictum</span> <span class='ocrx_word' id='word_1_194' title='bbox 1733 2277 1823 2332; x_wconf 85' lang='lat' dir='ltr'>est</span> 
     </span>
    </p>
   </div>
   <div class='ocr_carea' id='block_1_24' title="bbox 172 2365 1821 2437">
    <p class='ocr_par' dir='ltr' id='par_1_24' title="bbox 172 2365 1821 2437">
     <span class='ocr_line' id='line_1_24' title="bbox 172 2365 1821 2437; baseline -0.001 -16"><span class='ocrx_word' id='word_1_195' title='bbox 172 2369 267 2422; x_wconf 81' lang='lat' dir='ltr'><em>Vos</em></span> <span class='ocrx_word' id='word_1_196' title='bbox 333 2368 465 2422; x_wconf 84' lang='lat' dir='ltr'><em>estis</em></span> <span class='ocrx_word' id='word_1_197' title='bbox 526 2367 611 2422; x_wconf 88' lang='lat' dir='ltr'>sal</span> <span class='ocrx_word' id='word_1_198' title='bbox 680 2377 849 2423; x_wconf 73' lang='lat' dir='ltr'><em>terrae</em></span> <span class='ocrx_word' id='word_1_199' title='bbox 909 2366 1094 2436; x_wconf 81' lang='lat' dir='ltr'><em>(Matth</em></span> <span class='ocrx_word' id='word_1_200' title='bbox 1126 2369 1203 2435; x_wconf 90' lang='lat' dir='ltr'>v).</span> <span class='ocrx_word' id='word_1_201' title='bbox 1253 2367 1417 2430; x_wconf 87' lang='lat' dir='ltr'>Quod</span> <span class='ocrx_word' id='word_1_202' title='bbox 1470 2366 1518 2421; x_wconf 90' lang='lat' dir='ltr'>si</span> <span class='ocrx_word' id='word_1_203' title='bbox 1566 2365 1821 2437; x_wconf 91' lang='lat' dir='ltr'>populus</span> 
     </span>
    </p>
   </div>
   <div class='ocr_carea' id='block_1_25' title="bbox 170 2454 1822 2525">
    <p class='ocr_par' dir='ltr' id='par_1_25' title="bbox 170 2454 1822 2525">
     <span class='ocr_line' id='line_1_25' title="bbox 170 2454 1822 2525; baseline 0.001 -15"><span class='ocrx_word' id='word_1_204' title='bbox 170 2455 363 2511; x_wconf 83' lang='lat' dir='ltr'>ﬁdelis</span> <span class='ocrx_word' id='word_1_205' title='bbox 386 2456 554 2511; x_wconf 88' lang='lat' dir='ltr'>cibus</span> <span class='ocrx_word' id='word_1_206' title='bbox 576 2460 666 2511; x_wconf 84' lang='lat' dir='ltr'>est</span> <span class='ocrx_word' id='word_1_207' title='bbox 690 2455 811 2524; x_wconf 92' lang='lat' dir='ltr'>Dei,</span> <span class='ocrx_word' id='word_1_208' title='bbox 834 2456 1101 2525; x_wconf 88' lang='lat' dir='ltr'>ejusdem</span> <span class='ocrx_word' id='word_1_209' title='bbox 1122 2455 1236 2510; x_wconf 90' lang='lat' dir='ltr'>cibi</span> <span class='ocrx_word' id='word_1_210' title='bbox 1264 2454 1699 2511; x_wconf 86' lang='lat' dir='ltr'>condimentum</span> <span class='ocrx_word' id='word_1_211' title='bbox 1714 2472 1822 2511; x_wconf 88' lang='lat' dir='ltr'>nos</span> 
     </span>
    </p>
   </div>
   <div class='ocr_carea' id='block_1_26' title="bbox 175 2544 1824 2616">
    <p class='ocr_par' dir='ltr' id='par_1_26' title="bbox 175 2544 1824 2616">
     <span class='ocr_line' id='line_1_26' title="bbox 175 2544 1824 2616; baseline 0 -16"><span class='ocrx_word' id='word_1_212' title='bbox 175 2561 406 2600; x_wconf 85' lang='lat' dir='ltr'>sumus.</span> <span class='ocrx_word' id='word_1_213' title='bbox 438 2544 648 2600; x_wconf 90' lang='lat' dir='ltr'>Scilote</span> <span class='ocrx_word' id='word_1_214' title='bbox 680 2548 940 2599; x_wconf 91' lang='lat' dir='ltr'>vestrum</span> <span class='ocrx_word' id='word_1_215' title='bbox 973 2544 1227 2615; x_wconf 87' lang='lat' dir='ltr'>gradum</span> <span class='ocrx_word' id='word_1_216' title='bbox 1262 2548 1464 2599; x_wconf 89' lang='lat' dir='ltr'>nostro</span> <span class='ocrx_word' id='word_1_217' title='bbox 1495 2544 1704 2616; x_wconf 84' lang='lat' dir='ltr'>gradui</span> <span class='ocrx_word' id='word_1_218' title='bbox 1732 2561 1824 2600; x_wconf 85' lang='lat' dir='ltr'>se-</span> 
     </span>
    </p>
   </div>
   <div class='ocr_carea' id='block_1_27' title="bbox 176 2632 1827 2704">
    <p class='ocr_par' dir='ltr' id='par_1_27' title="bbox 176 2632 1827 2704">
     <span class='ocr_line' id='line_1_27' title="bbox 176 2632 1827 2704; baseline -0.001 -16"><span class='ocrx_word' id='word_1_219' title='bbox 176 2634 456 2698; x_wconf 89' lang='lat' dir='ltr'>cundum,</span> <span class='ocrx_word' id='word_1_220' title='bbox 492 2637 548 2688; x_wconf 92' lang='lat' dir='ltr'>et</span> <span class='ocrx_word' id='word_1_221' title='bbox 581 2649 723 2702; x_wconf 90' lang='lat' dir='ltr'>pene</span> <span class='ocrx_word' id='word_1_222' title='bbox 751 2633 1132 2702; x_wconf 84' lang='lat' dir='ltr'>conjunctum</span> <span class='ocrx_word' id='word_1_223' title='bbox 1164 2648 1314 2688; x_wconf 85' lang='lat' dir='ltr'>esse.</span> <span class='ocrx_word' id='word_1_224' title='bbox 1346 2632 1509 2688; x_wconf 87' lang='lat' dir='ltr'>Sicut</span> <span class='ocrx_word' id='word_1_225' title='bbox 1529 2632 1684 2688; x_wconf 91' lang='lat' dir='ltr'>enim</span> <span class='ocrx_word' id='word_1_226' title='bbox 1710 2632 1827 2704; x_wconf 90' lang='lat' dir='ltr'>epi-</span> 
     </span>
    </p>
   </div>
   <div class='ocr_carea' id='block_1_28' title="bbox 174 2721 1823 2794">
    <p class='ocr_par' dir='ltr' id='par_1_28' title="bbox 174 2721 1823 2794">
     <span class='ocr_line' id='line_1_28' title="bbox 174 2721 1823 2794; baseline -0.001 -17"><span class='ocrx_word' id='word_1_227' title='bbox 174 2722 335 2794; x_wconf 86' lang='lat' dir='ltr'>scopi</span> <span class='ocrx_word' id='word_1_228' title='bbox 363 2722 762 2793; x_wconf 84' lang='lat' dir='ltr'>apostolorum</span> <span class='ocrx_word' id='word_1_229' title='bbox 788 2723 845 2775; x_wconf 91' lang='lat' dir='ltr'>in</span> <span class='ocrx_word' id='word_1_230' title='bbox 870 2721 1147 2789; x_wconf 85' lang='lat' dir='ltr'>Ecclesia,</span> <span class='ocrx_word' id='word_1_231' title='bbox 1176 2721 1258 2776; x_wconf 86' lang='lat' dir='ltr'>ita</span> <span class='ocrx_word' id='word_1_232' title='bbox 1281 2722 1562 2776; x_wconf 87' lang='lat' dir='ltr'>nimirum</span> <span class='ocrx_word' id='word_1_233' title='bbox 1584 2723 1823 2794; x_wconf 87' lang='lat' dir='ltr'>presby-</span> 
     </span>
    </p>
   </div>
   <div class='ocr_carea' id='block_1_29' title="bbox 172 2809 1822 2880">
    <p class='ocr_par' dir='ltr' id='par_1_29' title="bbox 172 2809 1822 2880">
     <span class='ocr_line' id='line_1_29' title="bbox 172 2809 1822 2880; baseline -0.002 -13"><span class='ocrx_word' id='word_1_234' title='bbox 172 2810 278 2867; x_wconf 84' lang='lat' dir='ltr'>teri</span> <span class='ocrx_word' id='word_1_235' title='bbox 311 2817 654 2866; x_wconf 77' lang='lat' dir='ltr'>czeterorum</span> <span class='ocrx_word' id='word_1_236' title='bbox 691 2809 1114 2880; x_wconf 90' lang='lat' dir='ltr'>discipulorum</span> <span class='ocrx_word' id='word_1_237' title='bbox 1139 2810 1373 2865; x_wconf 89' lang='lat' dir='ltr'>Domini</span> <span class='ocrx_word' id='word_1_238' title='bbox 1399 2810 1579 2865; x_wconf 90' lang='lat' dir='ltr'>vicem</span> <span class='ocrx_word' id='word_1_239' title='bbox 1602 2814 1822 2864; x_wconf 88' lang='lat' dir='ltr'>tenent.</span> 
     </span>
    </p>
   </div>
   <div class='ocr_carea' id='block_1_30' title="bbox 173 2898 1824 2971">
    <p class='ocr_par' dir='ltr' id='par_1_30' title="bbox 173 2898 1824 2971">
     <span class='ocr_line' id='line_1_30' title="bbox 173 2898 1824 2971; baseline -0.001 -16"><span class='ocrx_word' id='word_1_240' title='bbox 173 2901 239 2955; x_wconf 89' lang='lat' dir='ltr'>Et</span> <span class='ocrx_word' id='word_1_241' title='bbox 270 2898 356 2955; x_wconf 87' lang='lat' dir='ltr'>illi</span> <span class='ocrx_word' id='word_1_242' title='bbox 387 2904 587 2954; x_wconf 89' lang='lat' dir='ltr'>tenent</span> <span class='ocrx_word' id='word_1_243' title='bbox 616 2900 864 2970; x_wconf 89' lang='lat' dir='ltr'>gradum</span> <span class='ocrx_word' id='word_1_244' title='bbox 899 2900 1128 2956; x_wconf 89' lang='lat' dir='ltr'>summi</span> <span class='ocrx_word' id='word_1_245' title='bbox 1158 2899 1454 2971; x_wconf 79' lang='lat' dir='ltr'>pontificis</span> <span class='ocrx_word' id='word_1_246' title='bbox 1482 2900 1697 2970; x_wconf 83' lang='lat' dir='ltr'>Araon)</span> <span class='ocrx_word' id='word_1_247' title='bbox 1723 2898 1824 2953; x_wconf 87' lang='lat' dir='ltr'>isti</span> 
     </span>
    </p>
   </div>
   <div class='ocr_carea' id='block_1_31' title="bbox 173 2986 1823 3059">
    <p class='ocr_par' dir='ltr' id='par_1_31' title="bbox 173 2986 1823 3059">
     <span class='ocr_line' id='line_1_31' title="bbox 173 2986 1823 3059; baseline -0.001 -17"><span class='ocrx_word' id='word_1_248' title='bbox 173 3005 305 3044; x_wconf 90' lang='lat' dir='ltr'>vero</span> <span class='ocrx_word' id='word_1_249' title='bbox 338 2987 594 3043; x_wconf 82' lang='lat' dir='ltr'>filiorum</span> <span class='ocrx_word' id='word_1_250' title='bbox 611 2988 760 3057; x_wconf 89' lang='lat' dir='ltr'>ejus.</span> <span class='ocrx_word' id='word_1_251' title='bbox 788 2986 953 3043; x_wconf 93' lang='lat' dir='ltr'>Unde</span> <span class='ocrx_word' id='word_1_252' title='bbox 976 2991 1202 3059; x_wconf 92' lang='lat' dir='ltr'>oportet</span> <span class='ocrx_word' id='word_1_253' title='bbox 1221 3004 1321 3043; x_wconf 90' lang='lat' dir='ltr'>vos</span> <span class='ocrx_word' id='word_1_254' title='bbox 1347 3003 1579 3059; x_wconf 89' lang='lat' dir='ltr'>semper</span> <span class='ocrx_word' id='word_1_255' title='bbox 1602 3002 1823 3041; x_wconf 90' lang='lat' dir='ltr'>memo-</span> 
     </span>
    </p>
   </div>
   <div class='ocr_carea' id='block_1_32' title="bbox 170 3077 1823 3148">
    <p class='ocr_par' dir='ltr' id='par_1_32' title="bbox 170 3077 1823 3148">
     <span class='ocr_line' id='line_1_32' title="bbox 170 3077 1823 3148; baseline -0.002 -16"><span class='ocrx_word' id='word_1_256' title='bbox 170 3094 262 3133; x_wconf 88' lang='lat' dir='ltr'>res</span> <span class='ocrx_word' id='word_1_257' title='bbox 283 3094 411 3133; x_wconf 89' lang='lat' dir='ltr'>esse</span> <span class='ocrx_word' id='word_1_258' title='bbox 429 3081 600 3132; x_wconf 73' lang='lat' dir='ltr'>tantae</span> <span class='ocrx_word' id='word_1_259' title='bbox 621 3077 944 3148; x_wconf 88' lang='lat' dir='ltr'>dignitatis,</span> <span class='ocrx_word' id='word_1_260' title='bbox 972 3093 1263 3132; x_wconf 86' lang='lat' dir='ltr'>memores</span> <span class='ocrx_word' id='word_1_261' title='bbox 1285 3082 1494 3132; x_wconf 66' lang='lat' dir='ltr'>vestra:</span> <span class='ocrx_word' id='word_1_262' title='bbox 1514 3092 1823 3131; x_wconf 89' lang='lat' dir='ltr'>consecra-</span> 
     </span>
    </p>
   </div>
   <div class='ocr_carea' id='block_1_33' title="bbox 170 3157 1890 3237">
    <p class='ocr_par' dir='ltr' id='par_1_33' title="bbox 170 3157 1890 3237">
     <span class='ocr_line' id='line_1_33' title="bbox 170 3157 1890 3237; baseline 0.002 -16"><span class='ocrx_word' id='word_1_263' title='bbox 170 3166 368 3236; x_wconf 80' lang='lat' dir='ltr'>tionis,</span> <span class='ocrx_word' id='word_1_264' title='bbox 404 3182 690 3222; x_wconf 91' lang='lat' dir='ltr'>memores</span> <span class='ocrx_word' id='word_1_265' title='bbox 722 3183 918 3234; x_wconf 73' lang='lat' dir='ltr'>sacraa,</span> <span class='ocrx_word' id='word_1_266' title='bbox 946 3182 1123 3237; x_wconf 88' lang='lat' dir='ltr'>quam</span> <span class='ocrx_word' id='word_1_267' title='bbox 1147 3165 1204 3219; x_wconf 90' lang='lat' dir='ltr'>in</span> <span class='ocrx_word' id='word_1_268' title='bbox 1232 3165 1507 3220; x_wconf 89' lang='lat' dir='ltr'>manibus</span> <span class='ocrx_word' id='word_1_269' title='bbox 1525 3164 1814 3235; x_wconf 84' lang='lat' dir='ltr'>suscepis-</span> <span class='ocrx_word' id='word_1_270' title='bbox 1848 3157 1890 3224; x_wconf 88' lang='lat' dir='ltr'>C</span> 
     </span>
    </p>
   </div>
   <div class='ocr_carea' id='block_1_34' title="bbox 174 3254 1825 3327">
    <p class='ocr_par' dir='ltr' id='par_1_34' title="bbox 174 3254 1825 3327">
     <span class='ocr_line' id='line_1_34' title="bbox 174 3254 1825 3327; baseline -0.001 -16"><span class='ocrx_word' id='word_1_271' title='bbox 174 3256 273 3322; x_wconf 90' lang='lat' dir='ltr'>tis,</span> <span class='ocrx_word' id='word_1_272' title='bbox 311 3256 609 3311; x_wconf 88' lang='lat' dir='ltr'>unctionis</span> <span class='ocrx_word' id='word_1_273' title='bbox 641 3260 705 3310; x_wconf 92' lang='lat' dir='ltr'>ut</span> <span class='ocrx_word' id='word_1_274' title='bbox 735 3272 839 3310; x_wconf 91' lang='lat' dir='ltr'>nec</span> <span class='ocrx_word' id='word_1_275' title='bbox 869 3255 942 3310; x_wconf 92' lang='lat' dir='ltr'>ab</span> <span class='ocrx_word' id='word_1_276' title='bbox 974 3255 1175 3310; x_wconf 88' lang='lat' dir='ltr'>eadem</span> <span class='ocrx_word' id='word_1_277' title='bbox 1198 3254 1484 3326; x_wconf 87' lang='lat' dir='ltr'>dignitate</span> <span class='ocrx_word' id='word_1_278' title='bbox 1516 3254 1825 3327; x_wconf 89' lang='lat' dir='ltr'>degenere-</span> 
     </span>
    </p>
   </div>
   <div class='ocr_carea' id='block_1_35' title="bbox 180 3342 1820 3412">
    <p class='ocr_par' dir='ltr' id='par_1_35' title="bbox 180 3342 1820 3412">
     <span class='ocr_line' id='line_1_35' title="bbox 180 3342 1820 3412; baseline -0.002 -12"><span class='ocrx_word' id='word_1_279' title='bbox 180 3347 276 3410; x_wconf 90' lang='lat' dir='ltr'>tis,</span> <span class='ocrx_word' id='word_1_280' title='bbox 313 3360 419 3399; x_wconf 82' lang='lat' dir='ltr'>nec</span> <span class='ocrx_word' id='word_1_281' title='bbox 452 3349 703 3400; x_wconf 80' lang='lat' dir='ltr'>vestram</span> <span class='ocrx_word' id='word_1_282' title='bbox 737 3344 1235 3399; x_wconf 86' lang='lat' dir='ltr'>consecrationem</span> <span class='ocrx_word' id='word_1_283' title='bbox 1290 3343 1515 3397; x_wconf 90' lang='lat' dir='ltr'>irritam</span> <span class='ocrx_word' id='word_1_284' title='bbox 1570 3342 1820 3412; x_wconf 82' lang='lat' dir='ltr'>faciatis,</span> 
     </span>
    </p>
   </div>
   <div class='ocr_carea' id='block_1_36' title="bbox 178 3431 1821 3504">
    <p class='ocr_par' dir='ltr' id='par_1_36' title="bbox 178 3431 1821 3504">
     <span class='ocr_line' id='line_1_36' title="bbox 178 3431 1821 3504; baseline -0.002 -15"><span class='ocrx_word' id='word_1_285' title='bbox 178 3450 283 3489; x_wconf 90' lang='lat' dir='ltr'>nec</span> <span class='ocrx_word' id='word_1_286' title='bbox 318 3451 530 3489; x_wconf 88' lang='lat' dir='ltr'>manus</span> <span class='ocrx_word' id='word_1_287' title='bbox 562 3450 725 3488; x_wconf 85' lang='lat' dir='ltr'>sacro</span> <span class='ocrx_word' id='word_1_288' title='bbox 759 3433 1019 3504; x_wconf 88' lang='lat' dir='ltr'>unguine</span> <span class='ocrx_word' id='word_1_289' title='bbox 1048 3432 1343 3488; x_wconf 89' lang='lat' dir='ltr'>delibutas</span> <span class='ocrx_word' id='word_1_290' title='bbox 1374 3432 1666 3503; x_wconf 88' lang='lat' dir='ltr'>peccando</span> <span class='ocrx_word' id='word_1_291' title='bbox 1698 3431 1821 3503; x_wconf 91' lang='lat' dir='ltr'>pol-</span> 
     </span>
    </p>
   </div>
   <div class='ocr_carea' id='block_1_37' title="bbox 173 3522 1825 3593">
    <p class='ocr_par' dir='ltr' id='par_1_37' title="bbox 173 3522 1825 3593">
     <span class='ocr_line' id='line_1_37' title="bbox 173 3522 1825 3593; baseline -0.002 -14"><span class='ocrx_word' id='word_1_292' title='bbox 173 3523 378 3589; x_wconf 87' lang='lat' dir='ltr'>Iuatis,</span> <span class='ocrx_word' id='word_1_293' title='bbox 410 3524 509 3579; x_wconf 89' lang='lat' dir='ltr'>sed</span> <span class='ocrx_word' id='word_1_294' title='bbox 534 3523 728 3578; x_wconf 89' lang='lat' dir='ltr'>cordis</span> <span class='ocrx_word' id='word_1_295' title='bbox 746 3527 803 3578; x_wconf 90' lang='lat' dir='ltr'>et</span> <span class='ocrx_word' id='word_1_296' title='bbox 824 3522 1084 3593; x_wconf 86' lang='lat' dir='ltr'>corporis</span> <span class='ocrx_word' id='word_1_297' title='bbox 1104 3522 1458 3577; x_wconf 88' lang='lat' dir='ltr'>munditiam</span> <span class='ocrx_word' id='word_1_298' title='bbox 1481 3536 1825 3576; x_wconf 83' lang='lat' dir='ltr'>conservan-</span> 
     </span>
    </p>
   </div>
   <div class='ocr_carea' id='block_1_38' title="bbox 172 3609 1824 3684">
    <p class='ocr_par' dir='ltr' id='par_1_38' title="bbox 172 3609 1824 3684">
     <span class='ocr_line' id='line_1_38' title="bbox 172 3609 1824 3684; baseline -0.002 -16"><span class='ocrx_word' id='word_1_299' title='bbox 172 3618 260 3668; x_wconf 85' lang='lat' dir='ltr'>tes</span> <span class='ocrx_word' id='word_1_300' title='bbox 285 3612 556 3684; x_wconf 88' lang='lat' dir='ltr'>plebibus</span> <span class='ocrx_word' id='word_1_301' title='bbox 588 3610 914 3680; x_wconf 82' lang='lat' dir='ltr'>exemplum</span> <span class='ocrx_word' id='word_1_302' title='bbox 952 3611 1093 3666; x_wconf 88' lang='lat' dir='ltr'>bene</span> <span class='ocrx_word' id='word_1_303' title='bbox 1124 3611 1351 3666; x_wconf 88' lang='lat' dir='ltr'>vivendi</span> <span class='ocrx_word' id='word_1_304' title='bbox 1376 3609 1824 3682; x_wconf 57' lang='lat' dir='ltr'>praebentes,his</span> 
     </span>
    </p>
   </div>
   <div class='ocr_carea' id='block_1_39' title="bbox 173 3698 1827 3774">
    <p class='ocr_par' dir='ltr' id='par_1_39' title="bbox 173 3698 1827 3774">
     <span class='ocr_line' id='line_1_39' title="bbox 173 3698 1827 3774; baseline -0.001 -18"><span class='ocrx_word' id='word_1_305' title='bbox 173 3702 389 3774; x_wconf 90' lang='lat' dir='ltr'>quibus</span> <span class='ocrx_word' id='word_1_306' title='bbox 420 3700 686 3773; x_wconf 85' lang='lat' dir='ltr'>praeestis</span> <span class='ocrx_word' id='word_1_307' title='bbox 708 3700 989 3755; x_wconf 88' lang='lat' dir='ltr'>ducatum</span> <span class='ocrx_word' id='word_1_308' title='bbox 1022 3700 1093 3755; x_wconf 88' lang='lat' dir='ltr'>ad</span> <span class='ocrx_word' id='word_1_309' title='bbox 1147 3698 1408 3755; x_wconf 72' lang='lat' dir='ltr'>coalestia</span> <span class='ocrx_word' id='word_1_310' title='bbox 1459 3714 1641 3770; x_wconf 86' lang='lat' dir='ltr'>regna</span> <span class='ocrx_word' id='word_1_311' title='bbox 1692 3715 1827 3770; x_wconf 91' lang='lat' dir='ltr'>pre-</span> 
     </span>
    </p>
   </div>
   <div class='ocr_carea' id='block_1_40' title="bbox 173 3790 385 3846">
    <p class='ocr_par' dir='ltr' id='par_1_40' title="bbox 173 3790 385 3846">
     <span class='ocr_line' id='line_1_40' title="bbox 173 3790 385 3846; baseline -0.009 0"><span class='ocrx_word' id='word_1_312' title='bbox 173 3790 385 3846; x_wconf 85' lang='lat' dir='ltr'>beatis.</span> 
     </span>
    </p>
   </div>
   <div class='ocr_carea' id='block_1_41' title="bbox 169 3876 1826 3949">
    <p class='ocr_par' dir='ltr' id='par_1_41' title="bbox 169 3876 1826 3949">
     <span class='ocr_line' id='line_1_41' title="bbox 169 3876 1826 3949; baseline -0.002 -15"><span class='ocrx_word' id='word_1_313' title='bbox 169 3882 304 3936; x_wconf 72' lang='lat' dir='ltr'>CAP.</span> <span class='ocrx_word' id='word_1_314' title='bbox 344 3879 465 3933; x_wconf 80' lang='grc'>152.</span> <span class='ocrx_word' id='word_1_315' title='bbox 498 3907 568 3917; x_wconf 57' lang='grc' dir='ltr'>ον-</span> <span class='ocrx_word' id='word_1_316' title='bbox 602 3879 664 3933; x_wconf 88' lang='lat' dir='ltr'><em>Ut</em></span> <span class='ocrx_word' id='word_1_317' title='bbox 696 3878 911 3947; x_wconf 80' lang='lat' dir='ltr'>singuli</span> <span class='ocrx_word' id='word_1_318' title='bbox 961 3878 1272 3949; x_wconf 80' lang='lat' dir='ltr'><em>presbyteri</em></span> <span class='ocrx_word' id='word_1_319' title='bbox 1294 3876 1826 3949; x_wconf 17' lang='lat' dir='ltr'><em>singulosiclerioos</em></span> 
     </span>
    </p>
   </div>
   <div class='ocr_carea' id='block_1_42' title="bbox 385 3948 1608 4019">
    <p class='ocr_par' dir='ltr' id='par_1_42' title="bbox 385 3948 1608 4019">
     <span class='ocr_line' id='line_1_42' title="bbox 385 3948 1608 4019; baseline 0 -16"><span class='ocrx_word' id='word_1_320' title='bbox 385 3950 640 4005; x_wconf 83' lang='lat' dir='ltr'><em>habeant.</em></span> <span class='ocrx_word' id='word_1_321' title='bbox 674 3951 759 4004; x_wconf 65' lang='lat' dir='ltr'>Eae</span> <span class='ocrx_word' id='word_1_322' title='bbox 786 3948 983 4005; x_wconf 81' lang='lat' dir='ltr'><em>concil.</em></span> <span class='ocrx_word' id='word_1_323' title='bbox 1017 3948 1521 4019; x_wconf 38' lang='lat' dir='ltr'><em>Nannetensi,’cap.</em></span> <span class='ocrx_word' id='word_1_324' title='bbox 1555 3948 1608 4003; x_wconf 93' lang='lat'><em>8.</em></span> 
     </span>
    </p>
   </div>
   <div class='ocr_carea' id='block_1_43' title="bbox 243 4035 1823 4109">
    <p class='ocr_par' dir='ltr' id='par_1_43' title="bbox 243 4035 1823 4109">
     <span class='ocr_line' id='line_1_43' title="bbox 243 4035 1823 4109; baseline -0.001 -16"><span class='ocrx_word' id='word_1_325' title='bbox 243 4038 321 4093; x_wconf 87' lang='lat' dir='ltr'>Ut</span> <span class='ocrx_word' id='word_1_326' title='bbox 352 4038 604 4109; x_wconf 88' lang='lat' dir='ltr'>quisque</span> <span class='ocrx_word' id='word_1_327' title='bbox 636 4037 944 4109; x_wconf 78' lang='lat' dir='ltr'>presbyter</span> <span class='ocrx_word' id='word_1_328' title='bbox 968 4036 1069 4107; x_wconf 89' lang='lat' dir='ltr'>qui</span> <span class='ocrx_word' id='word_1_329' title='bbox 1101 4037 1328 4108; x_wconf 90' lang='lat' dir='ltr'>plebem</span> <span class='ocrx_word' id='word_1_330' title='bbox 1361 4036 1512 4107; x_wconf 87' lang='lat' dir='ltr'>regit</span> <span class='ocrx_word' id='word_1_331' title='bbox 1543 4035 1823 4091; x_wconf 87' lang='lat' dir='ltr'>clericum</span> 
     </span>
    </p>
   </div>
   <div class='ocr_carea' id='block_1_44' title="bbox 172 4123 1824 4199">
    <p class='ocr_par' dir='ltr' id='par_1_44' title="bbox 172 4123 1824 4199">
     <span class='ocr_line' id='line_1_44' title="bbox 172 4123 1824 4199; baseline -0.001 -17"><span class='ocrx_word' id='word_1_332' title='bbox 172 4126 391 4182; x_wconf 89' lang='lat' dir='ltr'>habeat</span> <span class='ocrx_word' id='word_1_333' title='bbox 420 4127 520 4199; x_wconf 89' lang='lat' dir='ltr'>qui</span> <span class='ocrx_word' id='word_1_334' title='bbox 554 4143 755 4182; x_wconf 89' lang='lat' dir='ltr'>secum</span> <span class='ocrx_word' id='word_1_335' title='bbox 787 4130 1007 4195; x_wconf 89' lang='lat' dir='ltr'>cantet,</span> <span class='ocrx_word' id='word_1_336' title='bbox 1035 4131 1092 4180; x_wconf 86' lang='lat' dir='ltr'>et</span> <span class='ocrx_word' id='word_1_337' title='bbox 1123 4125 1438 4197; x_wconf 87' lang='lat' dir='ltr'>Epistolam</span> <span class='ocrx_word' id='word_1_338' title='bbox 1463 4129 1519 4179; x_wconf 83' lang='lat' dir='ltr'>et</span> <span class='ocrx_word' id='word_1_339' title='bbox 1539 4123 1824 4180; x_wconf 85' lang='lat' dir='ltr'>lectionen</span> 
     </span>
    </p>
   </div>
   <div class='ocr_carea' id='block_1_45' title="bbox 173 4214 1827 4288">
    <p class='ocr_par' dir='ltr' id='par_1_45' title="bbox 173 4214 1827 4288">
     <span class='ocr_line' id='line_1_45' title="bbox 173 4214 1827 4288; baseline -0.002 -18"><span class='ocrx_word' id='word_1_340' title='bbox 173 4216 354 4288; x_wconf 88' lang='lat' dir='ltr'>legat,</span> <span class='ocrx_word' id='word_1_341' title='bbox 388 4222 441 4270; x_wconf 91' lang='lat' dir='ltr'>et</span> <span class='ocrx_word' id='word_1_342' title='bbox 474 4215 575 4287; x_wconf 92' lang='lat' dir='ltr'>qui</span> <span class='ocrx_word' id='word_1_343' title='bbox 604 4216 866 4271; x_wconf 85' lang='lat' dir='ltr'>scholam</span> <span class='ocrx_word' id='word_1_344' title='bbox 919 4214 1107 4286; x_wconf 84' lang='lat' dir='ltr'>possit</span> <span class='ocrx_word' id='word_1_345' title='bbox 1148 4218 1377 4268; x_wconf 90' lang='lat' dir='ltr'>tenere:</span> <span class='ocrx_word' id='word_1_346' title='bbox 1423 4216 1479 4268; x_wconf 92' lang='lat' dir='ltr'>et</span> <span class='ocrx_word' id='word_1_347' title='bbox 1511 4214 1827 4267; x_wconf 81' lang='lat' dir='ltr'>admoneat</span> 
     </span>
    </p>
   </div>
   <div class='ocr_carea' id='block_1_46' title="bbox 174 4302 1824 4376">
    <p class='ocr_par' dir='ltr' id='par_1_46' title="bbox 174 4302 1824 4376">
     <span class='ocr_line' id='line_1_46' title="bbox 174 4302 1824 4376; baseline -0.003 -16"><span class='ocrx_word' id='word_1_348' title='bbox 174 4322 316 4360; x_wconf 89' lang='lat' dir='ltr'>suos</span> <span class='ocrx_word' id='word_1_349' title='bbox 348 4305 732 4376; x_wconf 88' lang='lat' dir='ltr'>paroecianos,</span> <span class='ocrx_word' id='word_1_350' title='bbox 768 4309 832 4359; x_wconf 88' lang='lat' dir='ltr'>ut</span> <span class='ocrx_word' id='word_1_351' title='bbox 863 4304 1016 4359; x_wconf 87' lang='lat' dir='ltr'>ﬁlios</span> <span class='ocrx_word' id='word_1_352' title='bbox 1050 4320 1189 4358; x_wconf 90' lang='lat' dir='ltr'>suos</span> <span class='ocrx_word' id='word_1_353' title='bbox 1243 4303 1312 4357; x_wconf 90' lang='lat' dir='ltr'>ad</span> <span class='ocrx_word' id='word_1_354' title='bbox 1372 4302 1543 4357; x_wconf 82' lang='lat' dir='ltr'>fidem</span> <span class='ocrx_word' id='word_1_355' title='bbox 1596 4302 1824 4357; x_wconf 90' lang='lat' dir='ltr'>discen-</span> 
     </span>
    </p>
   </div>
   <div class='ocr_carea' id='block_1_47' title="bbox 173 4391 1826 4464">
    <p class='ocr_par' dir='ltr' id='par_1_47' title="bbox 173 4391 1826 4464">
     <span class='ocr_line' id='line_1_47' title="bbox 173 4391 1826 4464; baseline -0.002 -15"><span class='ocrx_word' id='word_1_356' title='bbox 173 4395 310 4449; x_wconf 88' lang='lat' dir='ltr'>dam</span> <span class='ocrx_word' id='word_1_357' title='bbox 342 4394 582 4449; x_wconf 84' lang='lat' dir='ltr'>mittant</span> <span class='ocrx_word' id='word_1_358' title='bbox 610 4394 682 4449; x_wconf 92' lang='lat' dir='ltr'>ad</span> <span class='ocrx_word' id='word_1_359' title='bbox 736 4393 1065 4461; x_wconf 88' lang='lat' dir='ltr'>ecclesiam,</span> <span class='ocrx_word' id='word_1_360' title='bbox 1101 4409 1247 4464; x_wconf 90' lang='lat' dir='ltr'>quos</span> <span class='ocrx_word' id='word_1_361' title='bbox 1295 4391 1422 4463; x_wconf 87' lang='lat' dir='ltr'>ipse</span> <span class='ocrx_word' id='word_1_362' title='bbox 1473 4408 1605 4445; x_wconf 91' lang='lat' dir='ltr'>cum</span> <span class='ocrx_word' id='word_1_363' title='bbox 1665 4391 1826 4446; x_wconf 90' lang='lat' dir='ltr'>omni</span> 
     </span>
    </p>
   </div>
   <div class='ocr_carea' id='block_1_48' title="bbox 176 4483 730 4538">
    <p class='ocr_par' dir='ltr' id='par_1_48' title="bbox 176 4483 730 4538">
     <span class='ocr_line' id='line_1_48' title="bbox 176 4483 730 4538; baseline 0 -1"><span class='ocrx_word' id='word_1_364' title='bbox 176 4483 446 4538; x_wconf 84' lang='lat' dir='ltr'>castitate</span> <span class='ocrx_word' id='word_1_365' title='bbox 478 4483 730 4538; x_wconf 83' lang='lat' dir='ltr'>erudiat.</span> 
     </span>
    </p>
   </div>
   <div class='ocr_carea' id='block_1_49' title="bbox 174 4570 1827 4642">
    <p class='ocr_par' dir='ltr' id='par_1_49' title="bbox 174 4570 1827 4642">
     <span class='ocr_line' id='line_1_49' title="bbox 174 4570 1827 4642; baseline 0 -16"><span class='ocrx_word' id='word_1_366' title='bbox 174 4572 310 4626; x_wconf 78' lang='lat' dir='ltr'>CAP.</span> <span class='ocrx_word' id='word_1_367' title='bbox 349 4573 475 4627; x_wconf 86' lang='grc'>153.</span> <span class='ocrx_word' id='word_1_368' title='bbox 509 4602 575 4612; x_wconf 88' lang='grc'><strong>-</strong></span> <span class='ocrx_word' id='word_1_369' title='bbox 606 4574 682 4627; x_wconf 91' lang='lat' dir='ltr'><em>De</em></span> <span class='ocrx_word' id='word_1_370' title='bbox 712 4571 1066 4628; x_wconf 78' lang='lat' dir='ltr'>discutienda</span> <span class='ocrx_word' id='word_1_371' title='bbox 1102 4570 1208 4641; x_wconf 83' lang='lat' dir='ltr'><em>ﬁde</em></span> <span class='ocrx_word' id='word_1_372' title='bbox 1255 4572 1719 4642; x_wconf 83' lang='lat' dir='ltr'><em>presbyterorum.</em></span> <span class='ocrx_word' id='word_1_373' title='bbox 1744 4570 1827 4626; x_wconf 78' lang='lat' dir='ltr'>Ea:</span> 
     </span>
    </p>
   </div>
   <div class='ocr_carea' id='block_1_50' title="bbox 597 4643 1412 4713">
    <p class='ocr_par' dir='ltr' id='par_1_50' title="bbox 597 4643 1412 4713">
     <span class='ocr_line' id='line_1_50' title="bbox 597 4643 1412 4713; baseline 0.001 -15"><span class='ocrx_word' id='word_1_374' title='bbox 597 4643 831 4699; x_wconf 81' lang='lat' dir='ltr'><em>concilio</em></span> <span class='ocrx_word' id='word_1_375' title='bbox 859 4644 1167 4708; x_wconf 80' lang='lat' dir='ltr'><em>Maticensi,</em></span> <span class='ocrx_word' id='word_1_376' title='bbox 1199 4660 1324 4713; x_wconf 89' lang='lat' dir='ltr'><em>cap.</em></span> <span class='ocrx_word' id='word_1_377' title='bbox 1357 4644 1412 4699; x_wconf 92' lang='lat'>3.</span> 
     </span>
    </p>
   </div>
   <div class='ocr_carea' id='block_1_51' title="bbox 250 4731 1827 4800">
    <p class='ocr_par' dir='ltr' id='par_1_51' title="bbox 250 4731 1827 4800">
     <span class='ocr_line' id='line_1_51' title="bbox 250 4731 1827 4800; baseline -0.001 -14"><span class='ocrx_word' id='word_1_378' title='bbox 250 4731 441 4787; x_wconf 85' lang='lat' dir='ltr'>Primo</span> <span class='ocrx_word' id='word_1_379' title='bbox 472 4734 742 4787; x_wconf 90' lang='lat' dir='ltr'>omnium</span> <span class='ocrx_word' id='word_1_380' title='bbox 766 4732 1139 4787; x_wconf 88' lang='lat' dir='ltr'>discutienda</span> <span class='ocrx_word' id='word_1_381' title='bbox 1159 4737 1248 4786; x_wconf 90' lang='lat' dir='ltr'>est</span> <span class='ocrx_word' id='word_1_382' title='bbox 1268 4731 1415 4786; x_wconf 81' lang='lat' dir='ltr'>fides</span> <span class='ocrx_word' id='word_1_383' title='bbox 1434 4732 1827 4800; x_wconf 88' lang='lat' dir='ltr'>sacerdotum,</span> 
     </span>
    </p>
   </div>
   <div class='ocr_carea' id='block_1_52' title="bbox 173 4818 1829 4891">
    <p class='ocr_par' dir='ltr' id='par_1_52' title="bbox 173 4818 1829 4891">
     <span class='ocr_line' id='line_1_52' title="bbox 173 4818 1829 4891; baseline -0.001 -16"><span class='ocrx_word' id='word_1_384' title='bbox 173 4818 431 4891; x_wconf 86' lang='lat' dir='ltr'>qualiter</span> <span class='ocrx_word' id='word_1_385' title='bbox 451 4821 715 4890; x_wconf 90' lang='lat' dir='ltr'>credant,</span> <span class='ocrx_word' id='word_1_386' title='bbox 738 4823 794 4874; x_wconf 89' lang='lat' dir='ltr'>et</span> <span class='ocrx_word' id='word_1_387' title='bbox 814 4819 961 4876; x_wconf 90' lang='lat' dir='ltr'>alios</span> <span class='ocrx_word' id='word_1_388' title='bbox 984 4820 1217 4876; x_wconf 90' lang='lat' dir='ltr'>credere</span> <span class='ocrx_word' id='word_1_389' title='bbox 1240 4820 1503 4875; x_wconf 88' lang='lat' dir='ltr'>doceant.</span> <span class='ocrx_word' id='word_1_390' title='bbox 1530 4820 1611 4874; x_wconf 91' lang='lat' dir='ltr'>Ibi</span> <span class='ocrx_word' id='word_1_391' title='bbox 1636 4834 1829 4875; x_wconf 83' lang='lat' dir='ltr'>exem-</span> 
     </span>
    </p>
   </div>
   <div class='ocr_carea' id='block_1_53' title="bbox 172 4909 1830 4981">
    <p class='ocr_par' dir='ltr' id='par_1_53' title="bbox 172 4909 1830 4981">
     <span class='ocr_line' id='line_1_53' title="bbox 172 4909 1830 4981; baseline -0.002 -16"><span class='ocrx_word' id='word_1_392' title='bbox 172 4909 277 4981; x_wconf 89' lang='lat' dir='ltr'>pla</span> <span class='ocrx_word' id='word_1_393' title='bbox 306 4910 687 4981; x_wconf 90' lang='lat' dir='ltr'>proponenda</span> <span class='ocrx_word' id='word_1_394' title='bbox 729 4913 889 4976; x_wconf 89' lang='lat' dir='ltr'>sunt,</span> <span class='ocrx_word' id='word_1_395' title='bbox 947 4914 1239 4979; x_wconf 90' lang='lat' dir='ltr'>quatenus</span> <span class='ocrx_word' id='word_1_396' title='bbox 1279 4915 1547 4963; x_wconf 89' lang='lat' dir='ltr'>creatura</span> <span class='ocrx_word' id='word_1_397' title='bbox 1595 4911 1830 4963; x_wconf 91' lang='lat' dir='ltr'>Creator</span> 
     </span>
    </p>
   </div>
   <div class='ocr_carea' id='block_1_54' title="bbox 172 4995 1290 5070">
    <p class='ocr_par' dir='ltr' id='par_1_54' title="bbox 172 4995 1290 5070">
     <span class='ocr_line' id='line_1_54' title="bbox 172 4995 1290 5070; baseline -0.002 -17"><span class='ocrx_word' id='word_1_398' title='bbox 172 4997 779 5070; x_wconf 87' lang='lat' dir='ltr'>quantulumcunque</span> <span class='ocrx_word' id='word_1_399' title='bbox 810 4997 995 5069; x_wconf 90' lang='lat' dir='ltr'>possit</span> <span class='ocrx_word' id='word_1_400' title='bbox 1024 4995 1290 5067; x_wconf 86' lang='lat' dir='ltr'>intelligi.</span> 
     </span>
    </p>
   </div>
   <div class='ocr_carea' id='block_1_55' title="bbox 170 5101 1826 5174">
    <p class='ocr_par' dir='ltr' id='par_1_55' title="bbox 170 5101 1826 5174">
     <span class='ocr_line' id='line_1_55' title="bbox 170 5101 1826 5174; baseline -0.002 -14"><span class='ocrx_word' id='word_1_401' title='bbox 170 5106 313 5160; x_wconf 79' lang='lat' dir='ltr'>CAP.</span> <span class='ocrx_word' id='word_1_402' title='bbox 349 5106 471 5159; x_wconf 80' lang='grc'>154.</span> <span class='ocrx_word' id='word_1_403' title='bbox 504 5135 571 5145; x_wconf 84' lang='lat'>--</span> <span class='ocrx_word' id='word_1_404' title='bbox 603 5103 874 5174; x_wconf 85' lang='lat' dir='ltr'>Quomodo</span> <span class='ocrx_word' id='word_1_405' title='bbox 902 5103 985 5158; x_wconf 89' lang='lat' dir='ltr'><em>vel</em></span> <span class='ocrx_word' id='word_1_406' title='bbox 1006 5102 1136 5174; x_wconf 84' lang='lat' dir='ltr'><em>quid</em></span> <span class='ocrx_word' id='word_1_407' title='bbox 1173 5101 1494 5174; x_wconf 80' lang='lat' dir='ltr'><em>presbyteri</em></span> <span class='ocrx_word' id='word_1_408' title='bbox 1531 5102 1641 5157; x_wconf 84' lang='lat' dir='ltr'><em>sibi</em></span> <span class='ocrx_word' id='word_1_409' title='bbox 1680 5119 1826 5158; x_wconf 87' lang='lat' dir='ltr'><em>com-</em></span> 
     </span>
    </p>
   </div>
   <div class='ocr_carea' id='block_1_56' title="bbox 352 5173 1646 5245">
    <p class='ocr_par' dir='ltr' id='par_1_56' title="bbox 352 5173 1646 5245">
     <span class='ocr_line' id='line_1_56' title="bbox 352 5173 1646 5245; baseline -0.003 -15"><span class='ocrx_word' id='word_1_410' title='bbox 352 5179 551 5232; x_wconf 83' lang='lat' dir='ltr'><em>missos</em></span> <span class='ocrx_word' id='word_1_411' title='bbox 572 5176 758 5232; x_wconf 88' lang='lat' dir='ltr'><em>docere</em></span> <span class='ocrx_word' id='word_1_412' title='bbox 777 5173 1023 5231; x_wconf 80' lang='lat' dir='ltr'><em>debeant.</em></span> <span class='ocrx_word' id='word_1_413' title='bbox 1042 5176 1126 5229; x_wconf 78' lang='lat' dir='ltr'><em>Ex</em></span> <span class='ocrx_word' id='word_1_414' title='bbox 1150 5173 1311 5229; x_wconf 83' lang='lat' dir='ltr'><em>dictis</em></span> <span class='ocrx_word' id='word_1_415' title='bbox 1332 5173 1646 5245; x_wconf 82' lang='lat' dir='ltr'><em>Augustini.</em></span> 
     </span>
    </p>
   </div>
   <div class='ocr_carea' id='block_1_57' title="bbox 243 5262 1827 5335">
    <p class='ocr_par' dir='ltr' id='par_1_57' title="bbox 243 5262 1827 5335">
     <span class='ocr_line' id='line_1_57' title="bbox 243 5262 1827 5335; baseline 0 -17"><span class='ocrx_word' id='word_1_416' title='bbox 243 5263 563 5321; x_wconf 87' lang='lat' dir='ltr'>Hortamur</span> <span class='ocrx_word' id='word_1_417' title='bbox 619 5282 721 5321; x_wconf 82' lang='lat' dir='ltr'>vos</span> <span class='ocrx_word' id='word_1_418' title='bbox 751 5269 984 5335; x_wconf 80' lang='lat' dir='ltr'>paratos</span> <span class='ocrx_word' id='word_1_419' title='bbox 1016 5280 1143 5319; x_wconf 90' lang='lat' dir='ltr'>esse</span> <span class='ocrx_word' id='word_1_420' title='bbox 1177 5263 1247 5318; x_wconf 89' lang='lat' dir='ltr'>ad</span> <span class='ocrx_word' id='word_1_421' title='bbox 1282 5263 1579 5318; x_wconf 85' lang='lat' dir='ltr'>docendas</span> <span class='ocrx_word' id='word_1_422' title='bbox 1629 5262 1827 5334; x_wconf 89' lang='lat' dir='ltr'>plebes</span> 
     </span>
    </p>
   </div>
   <div class='ocr_carea' id='block_1_58' title="bbox 171 5350 1824 5423">
    <p class='ocr_par' dir='ltr' id='par_1_58' title="bbox 171 5350 1824 5423">
     <span class='ocr_line' id='line_1_58' title="bbox 171 5350 1824 5423; baseline 0.001 -17"><span class='ocrx_word' id='word_1_423' title='bbox 171 5357 425 5407; x_wconf 88' lang='lat' dir='ltr'>vestras.</span> <span class='ocrx_word' id='word_1_424' title='bbox 458 5352 563 5414; x_wconf 89' lang='lat' dir='ltr'>Qui</span> <span class='ocrx_word' id='word_1_425' title='bbox 595 5353 931 5423; x_wconf 89' lang='lat' dir='ltr'>Scripturas</span> <span class='ocrx_word' id='word_1_426' title='bbox 965 5352 1096 5419; x_wconf 87' lang='lat' dir='ltr'>scit,</span> <span class='ocrx_word' id='word_1_427' title='bbox 1128 5350 1405 5422; x_wconf 71' lang='lat' dir='ltr'>praedicet</span> <span class='ocrx_word' id='word_1_428' title='bbox 1459 5350 1824 5421; x_wconf 89' lang='lat' dir='ltr'>Scripturas;</span> 
     </span>
    </p>
   </div>
   <div class='ocr_carea' id='block_1_59' title="bbox 176 5439 1830 5511">
    <p class='ocr_par' dir='ltr' id='par_1_59' title="bbox 176 5439 1830 5511">
     <span class='ocr_line' id='line_1_59' title="bbox 176 5439 1830 5511; baseline 0.002 -17"><span class='ocrx_word' id='word_1_429' title='bbox 176 5440 282 5511; x_wconf 87' lang='lat' dir='ltr'>qui</span> <span class='ocrx_word' id='word_1_430' title='bbox 315 5456 451 5495; x_wconf 91' lang='lat' dir='ltr'>vero</span> <span class='ocrx_word' id='word_1_431' title='bbox 470 5441 675 5508; x_wconf 89' lang='lat' dir='ltr'>nescit,</span> <span class='ocrx_word' id='word_1_432' title='bbox 700 5440 906 5495; x_wconf 89' lang='lat' dir='ltr'>saltem</span> <span class='ocrx_word' id='word_1_433' title='bbox 936 5440 1044 5497; x_wconf 91' lang='lat' dir='ltr'>hoc</span> <span class='ocrx_word' id='word_1_434' title='bbox 1069 5440 1219 5510; x_wconf 88' lang='lat' dir='ltr'>quod</span> <span class='ocrx_word' id='word_1_435' title='bbox 1247 5439 1627 5496; x_wconf 87' lang='lat' dir='ltr'>notissimum</span> <span class='ocrx_word' id='word_1_436' title='bbox 1653 5440 1830 5497; x_wconf 89' lang='lat' dir='ltr'>habet</span> 
     </span>
    </p>
   </div>
   <div class='ocr_carea' id='block_1_60' title="bbox 176 5526 1825 5598">
    <p class='ocr_par' dir='ltr' id='par_1_60' title="bbox 176 5526 1825 5598">
     <span class='ocr_line' id='line_1_60' title="bbox 176 5526 1825 5598; baseline 0.001 -15"><span class='ocrx_word' id='word_1_437' title='bbox 176 5528 452 5598; x_wconf 88' lang='lat' dir='ltr'>plebibus</span> <span class='ocrx_word' id='word_1_438' title='bbox 466 5528 643 5595; x_wconf 88' lang='lat' dir='ltr'>dicat,</span> <span class='ocrx_word' id='word_1_439' title='bbox 668 5532 733 5583; x_wconf 90' lang='lat' dir='ltr'>ut</span> <span class='ocrx_word' id='word_1_440' title='bbox 750 5526 1048 5585; x_wconf 89' lang='lat' dir='ltr'>declinent</span> <span class='ocrx_word' id='word_1_441' title='bbox 1069 5544 1102 5583; x_wconf 88' lang='lat' dir='ltr'>a</span> <span class='ocrx_word' id='word_1_442' title='bbox 1122 5526 1273 5583; x_wconf 88' lang='lat' dir='ltr'>malo</span> <span class='ocrx_word' id='word_1_443' title='bbox 1288 5533 1344 5582; x_wconf 90' lang='lat' dir='ltr'>et</span> <span class='ocrx_word' id='word_1_444' title='bbox 1365 5527 1582 5585; x_wconf 84' lang='lat' dir='ltr'>faciant</span> <span class='ocrx_word' id='word_1_445' title='bbox 1603 5529 1825 5585; x_wconf 90' lang='lat' dir='ltr'>bonum</span> 
     </span>
    </p>
   </div>
   <div class='ocr_carea' id='block_1_61' title="bbox 175 5617 1819 5691">
    <p class='ocr_par' dir='ltr' id='par_1_61' title="bbox 175 5617 1819 5691">
     <span class='ocr_line' id='line_1_61' title="bbox 175 5617 1819 5691; baseline 0.003 -20"><span class='ocrx_word' id='word_1_446' title='bbox 175 5617 489 5689; x_wconf 88' lang='lat' dir='ltr'>inquirant</span> <span class='ocrx_word' id='word_1_447' title='bbox 518 5634 721 5691; x_wconf 87' lang='lat' dir='ltr'>pacem</span> <span class='ocrx_word' id='word_1_448' title='bbox 751 5624 808 5675; x_wconf 91' lang='lat' dir='ltr'>et</span> <span class='ocrx_word' id='word_1_449' title='bbox 833 5621 1161 5691; x_wconf 88' lang='lat' dir='ltr'>sequantur</span> <span class='ocrx_word' id='word_1_450' title='bbox 1190 5632 1341 5674; x_wconf 89' lang='lat' dir='ltr'>eam.</span> <span class='ocrx_word' id='word_1_451' title='bbox 1374 5618 1513 5687; x_wconf 81' lang='lat' dir='ltr'><em>Quia</em></span> <span class='ocrx_word' id='word_1_452' title='bbox 1536 5620 1686 5676; x_wconf 90' lang='lat' dir='ltr'><em>oculi</em></span> <span class='ocrx_word' id='word_1_453' title='bbox 1713 5623 1819 5676; x_wconf 76' lang='lat' dir='ltr'>Do-</span> 
     </span>
    </p>
   </div>
   <div class='ocr_carea' id='block_1_62' title="bbox 1910 780 3560 854">
    <p class='ocr_par' dir='ltr' id='par_1_62' title="bbox 1910 780 3560 854">
     <span class='ocr_line' id='line_1_62' title="bbox 1910 780 3560 854; baseline 0.007 -20"><span class='ocrx_word' id='word_1_454' title='bbox 1910 780 2177 851; x_wconf 89' lang='lat' dir='ltr'>linguam</span> <span class='ocrx_word' id='word_1_455' title='bbox 2210 782 2364 837; x_wconf 90' lang='lat' dir='ltr'>unde</span> <span class='ocrx_word' id='word_1_456' title='bbox 2394 782 2654 853; x_wconf 83' lang='lat' dir='ltr'>aliquam</span> <span class='ocrx_word' id='word_1_457' title='bbox 2688 783 2878 854; x_wconf 90' lang='lat' dir='ltr'>possit</span> <span class='ocrx_word' id='word_1_458' title='bbox 2906 785 3213 843; x_wconf 82' lang='lat' dir='ltr'>aediﬁcare.</span> <span class='ocrx_word' id='word_1_459' title='bbox 3247 788 3377 844; x_wconf 87' lang='lat' dir='ltr'>Mox</span> <span class='ocrx_word' id='word_1_460' title='bbox 3404 790 3560 846; x_wconf 91' lang='lat' dir='ltr'>enim</span> 
     </span>
    </p>
   </div>
   <div class='ocr_carea' id='block_1_63' title="bbox 1912 870 3560 949">
    <p class='ocr_par' dir='ltr' id='par_1_63' title="bbox 1912 870 3560 949">
     <span class='ocr_line' id='line_1_63' title="bbox 1912 870 3560 949; baseline 0.006 -25"><span class='ocrx_word' id='word_1_461' title='bbox 1912 874 1977 924; x_wconf 92' lang='lat' dir='ltr'>ut</span> <span class='ocrx_word' id='word_1_462' title='bbox 2003 870 2632 941; x_wconf 88' lang='lat' dir='ltr'>quemlibeterrantem</span> <span class='ocrx_word' id='word_1_463' title='bbox 2662 870 2890 937; x_wconf 90' lang='lat' dir='ltr'>viderit,</span> <span class='ocrx_word' id='word_1_464' title='bbox 2908 878 3080 943; x_wconf 91' lang='lat' dir='ltr'>prout</span> <span class='ocrx_word' id='word_1_465' title='bbox 3095 874 3247 930; x_wconf 87' lang='lat' dir='ltr'>valet</span> <span class='ocrx_word' id='word_1_466' title='bbox 3276 880 3333 931; x_wconf 89' lang='lat' dir='ltr'>et</span> <span class='ocrx_word' id='word_1_467' title='bbox 3350 882 3560 949; x_wconf 87' lang='lat' dir='ltr'>potest,</span> 
     </span>
    </p>
   </div>
   <div class='ocr_carea' id='block_1_64' title="bbox 1914 958 3565 1036">
    <p class='ocr_par' dir='ltr' id='par_1_64' title="bbox 1914 958 3565 1036">
     <span class='ocr_line' id='line_1_64' title="bbox 1914 958 3565 1036; baseline 0.006 -23"><span class='ocrx_word' id='word_1_468' title='bbox 1914 964 2016 1014; x_wconf 89' lang='lat' dir='ltr'>aut</span> <span class='ocrx_word' id='word_1_469' title='bbox 2038 959 2356 1030; x_wconf 87' lang='lat' dir='ltr'>arguendo,</span> <span class='ocrx_word' id='word_1_470' title='bbox 2402 958 2493 1014; x_wconf 88' lang='lat' dir='ltr'>vel</span> <span class='ocrx_word' id='word_1_471' title='bbox 2523 960 2914 1028; x_wconf 88' lang='lat' dir='ltr'>obsecrando,</span> <span class='ocrx_word' id='word_1_472' title='bbox 2961 962 3049 1019; x_wconf 90' lang='lat' dir='ltr'>vel</span> <span class='ocrx_word' id='word_1_473' title='bbox 3093 964 3449 1036; x_wconf 88' lang='lat' dir='ltr'>increpando</span> <span class='ocrx_word' id='word_1_474' title='bbox 3494 969 3565 1023; x_wconf 89' lang='lat' dir='ltr'>ab</span> 
     </span>
    </p>
   </div>
   <div class='ocr_carea' id='block_1_65' title="bbox 1914 1048 3568 1121">
    <p class='ocr_par' dir='ltr' id='par_1_65' title="bbox 1914 1048 3568 1121">
     <span class='ocr_line' id='line_1_65' title="bbox 1914 1048 3568 1121; baseline 0.005 -18"><span class='ocrx_word' id='word_1_475' title='bbox 1914 1062 2106 1103; x_wconf 89' lang='lat' dir='ltr'>errore</span> <span class='ocrx_word' id='word_1_476' title='bbox 2125 1048 2478 1116; x_wconf 86' lang='lat' dir='ltr'>retrahat,et</span> <span class='ocrx_word' id='word_1_477' title='bbox 2497 1049 2567 1103; x_wconf 89' lang='lat' dir='ltr'>ab</span> <span class='ocrx_word' id='word_1_478' title='bbox 2594 1050 2990 1121; x_wconf 88' lang='lat' dir='ltr'>peragendum</span> <span class='ocrx_word' id='word_1_479' title='bbox 3015 1068 3161 1121; x_wconf 87' lang='lat' dir='ltr'>opus</span> <span class='ocrx_word' id='word_1_480' title='bbox 3191 1054 3410 1109; x_wconf 92' lang='lat' dir='ltr'>bonum</span> <span class='ocrx_word' id='word_1_481' title='bbox 3438 1055 3568 1111; x_wconf 91' lang='lat' dir='ltr'>hor-</span> 
     </span>
    </p>
   </div>
   <div class='ocr_carea' id='block_1_66' title="bbox 1916 1140 2096 1192">
    <p class='ocr_par' dir='ltr' id='par_1_66' title="bbox 1916 1140 2096 1192">
     <span class='ocr_line' id='line_1_66' title="bbox 1916 1140 2096 1192; baseline -0.006 0"><span class='ocrx_word' id='word_1_482' title='bbox 1916 1140 2096 1192; x_wconf 88' lang='lat' dir='ltr'>tetur.</span> 
     </span>
    </p>
   </div>
   <div class='ocr_carea' id='block_1_67' title="bbox 1918 1224 3567 1287">
    <p class='ocr_par' dir='ltr' id='par_1_67' title="bbox 1918 1224 3567 1287">
     <span class='ocr_line' id='line_1_67' title="bbox 1918 1224 3567 1287; baseline 0.004 -7"><span class='ocrx_word' id='word_1_483' title='bbox 1918 1224 2049 1281; x_wconf 79' lang='lat' dir='ltr'>CAP.</span> <span class='ocrx_word' id='word_1_484' title='bbox 2102 1226 2219 1279; x_wconf 88' lang='grc'>155.</span> <span class='ocrx_word' id='word_1_485' title='bbox 2254 1256 2323 1265; x_wconf 87' lang='lat'>—-</span> <span class='ocrx_word' id='word_1_486' title='bbox 2371 1227 2445 1279; x_wconf 92' lang='lat' dir='ltr'><em>De</em></span> <span class='ocrx_word' id='word_1_487' title='bbox 2484 1227 2675 1280; x_wconf 87' lang='lat' dir='ltr'><em>eadem</em></span> <span class='ocrx_word' id='word_1_488' title='bbox 2728 1243 2805 1282; x_wconf 80' lang='lat' dir='ltr'>re.</span> <span class='ocrx_word' id='word_1_489' title='bbox 2859 1228 2938 1281; x_wconf 72' lang='lat' dir='ltr'>Ea.</span> <span class='ocrx_word' id='word_1_490' title='bbox 2993 1229 3231 1285; x_wconf 89' lang='lat' dir='ltr'><em>concilio</em></span> <span class='ocrx_word' id='word_1_491' title='bbox 3274 1232 3567 1287; x_wconf 81' lang='lat' dir='ltr'><em>Rolhoma-</em></span> 
     </span>
    </p>
   </div>
   <div class='ocr_carea' id='block_1_68' title="bbox 2535 1300 2951 1369">
    <p class='ocr_par' dir='ltr' id='par_1_68' title="bbox 2535 1300 2951 1369">
     <span class='ocr_line' id='line_1_68' title="bbox 2535 1300 2951 1369; baseline 0 -16"><span class='ocrx_word' id='word_1_492' title='bbox 2535 1300 2713 1366; x_wconf 84' lang='lat' dir='ltr'><em>gensi,</em></span> <span class='ocrx_word' id='word_1_493' title='bbox 2745 1315 2864 1369; x_wconf 88' lang='lat' dir='ltr'><em>cap.</em></span> <span class='ocrx_word' id='word_1_494' title='bbox 2898 1300 2951 1353; x_wconf 85' lang='lat'>6.</span> 
     </span>
    </p>
   </div>
   <div class='ocr_carea' id='block_1_69' title="bbox 1993 1385 3571 1461">
    <p class='ocr_par' dir='ltr' id='par_1_69' title="bbox 1993 1385 3571 1461">
     <span class='ocr_line' id='line_1_69' title="bbox 1993 1385 3571 1461; baseline 0.005 -21"><span class='ocrx_word' id='word_1_495' title='bbox 1993 1386 2057 1440; x_wconf 92' lang='lat' dir='ltr'>In</span> <span class='ocrx_word' id='word_1_496' title='bbox 2094 1385 2299 1457; x_wconf 90' lang='lat' dir='ltr'>primis</span> <span class='ocrx_word' id='word_1_497' title='bbox 2322 1385 2762 1457; x_wconf 80' lang='lat' dir='ltr'>praedicandum</span> <span class='ocrx_word' id='word_1_498' title='bbox 2793 1392 2882 1442; x_wconf 89' lang='lat' dir='ltr'>est</span> <span class='ocrx_word' id='word_1_499' title='bbox 2905 1387 3179 1444; x_wconf 86' lang='lat' dir='ltr'>omnibus</span> <span class='ocrx_word' id='word_1_500' title='bbox 3199 1391 3571 1461; x_wconf 89' lang='lat' dir='ltr'>generaliter,</span> 
     </span>
    </p>
   </div>
   <div class='ocr_carea' id='block_1_70' title="bbox 1920 1474 3572 1548">
    <p class='ocr_par' dir='ltr' id='par_1_70' title="bbox 1920 1474 3572 1548">
     <span class='ocr_line' id='line_1_70' title="bbox 1920 1474 3572 1548; baseline 0.003 -17"><span class='ocrx_word' id='word_1_501' title='bbox 1920 1478 1986 1531; x_wconf 87' lang='lat' dir='ltr'>ut</span> <span class='ocrx_word' id='word_1_502' title='bbox 2016 1475 2256 1530; x_wconf 86' lang='lat' dir='ltr'>credant</span> <span class='ocrx_word' id='word_1_503' title='bbox 2280 1478 2536 1543; x_wconf 88' lang='lat' dir='ltr'>Patrem,</span> <span class='ocrx_word' id='word_1_504' title='bbox 2560 1480 2618 1529; x_wconf 91' lang='lat' dir='ltr'>et</span> <span class='ocrx_word' id='word_1_505' title='bbox 2651 1474 2885 1543; x_wconf 86' lang='lat' dir='ltr'>Filium,</span> <span class='ocrx_word' id='word_1_506' title='bbox 2918 1481 2976 1531; x_wconf 90' lang='lat' dir='ltr'>et</span> <span class='ocrx_word' id='word_1_507' title='bbox 2996 1476 3280 1548; x_wconf 90' lang='lat' dir='ltr'>Spiritum</span> <span class='ocrx_word' id='word_1_508' title='bbox 3303 1486 3572 1536; x_wconf 90' lang='lat' dir='ltr'>sanctum</span> 
     </span>
    </p>
   </div>
   <div class='ocr_carea' id='block_1_71' title="bbox 1923 1563 3572 1637">
    <p class='ocr_par' dir='ltr' id='par_1_71' title="bbox 1923 1563 3572 1637">
     <span class='ocr_line' id='line_1_71' title="bbox 1923 1563 3572 1637; baseline 0.003 -17"><span class='ocrx_word' id='word_1_509' title='bbox 1923 1581 2108 1620; x_wconf 88' lang='lat' dir='ltr'>unum</span> <span class='ocrx_word' id='word_1_510' title='bbox 2141 1580 2271 1619; x_wconf 90' lang='lat' dir='ltr'>esse</span> <span class='ocrx_word' id='word_1_511' title='bbox 2301 1564 2484 1618; x_wconf 91' lang='lat' dir='ltr'>Deum</span> <span class='ocrx_word' id='word_1_512' title='bbox 2538 1563 3020 1636; x_wconf 87' lang='lat' dir='ltr'>omnipotentem,</span> <span class='ocrx_word' id='word_1_513' title='bbox 3054 1566 3154 1636; x_wconf 90' lang='lat' dir='ltr'>qui</span> <span class='ocrx_word' id='word_1_514' title='bbox 3188 1569 3387 1623; x_wconf 87' lang='lat' dir='ltr'>omnia</span> <span class='ocrx_word' id='word_1_515' title='bbox 3418 1570 3572 1637; x_wconf 85' lang='lat' dir='ltr'>fecit,</span> 
     </span>
    </p>
   </div>
   <div class='ocr_carea' id='block_1_72' title="bbox 1922 1652 3574 1729">
    <p class='ocr_par' dir='ltr' id='par_1_72' title="bbox 1922 1652 3574 1729">
     <span class='ocr_line' id='line_1_72' title="bbox 1922 1652 3574 1729; baseline 0.003 -21"><span class='ocrx_word' id='word_1_516' title='bbox 1922 1659 1980 1708; x_wconf 91' lang='lat' dir='ltr'>et</span> <span class='ocrx_word' id='word_1_517' title='bbox 2006 1668 2183 1708; x_wconf 90' lang='lat' dir='ltr'>unam</span> <span class='ocrx_word' id='word_1_518' title='bbox 2218 1668 2347 1707; x_wconf 89' lang='lat' dir='ltr'>esse</span> <span class='ocrx_word' id='word_1_519' title='bbox 2394 1652 2681 1707; x_wconf 89' lang='lat' dir='ltr'>Deitatem</span> <span class='ocrx_word' id='word_1_520' title='bbox 2715 1658 2772 1707; x_wconf 91' lang='lat' dir='ltr'>et</span> <span class='ocrx_word' id='word_1_521' title='bbox 2802 1653 3223 1722; x_wconf 85' lang='lat' dir='ltr'>substantiam,</span> <span class='ocrx_word' id='word_1_522' title='bbox 3274 1666 3330 1711; x_wconf 88' lang='lat' dir='ltr'>et</span> <span class='ocrx_word' id='word_1_523' title='bbox 3361 1659 3574 1729; x_wconf 87' lang='lat' dir='ltr'>majes-</span> 
     </span>
    </p>
   </div>
   <div class='ocr_carea' id='block_1_73' title="bbox 1923 1741 3577 1817">
    <p class='ocr_par' dir='ltr' id='par_1_73' title="bbox 1923 1741 3577 1817">
     <span class='ocr_line' id='line_1_73' title="bbox 1923 1741 3577 1817; baseline 0.004 -21"><span class='ocrx_word' id='word_1_524' title='bbox 1923 1745 2105 1797; x_wconf 88' lang='lat' dir='ltr'>tatem</span> <span class='ocrx_word' id='word_1_525' title='bbox 2136 1742 2196 1796; x_wconf 92' lang='lat' dir='ltr'>in</span> <span class='ocrx_word' id='word_1_526' title='bbox 2227 1741 2418 1797; x_wconf 90' lang='lat' dir='ltr'>tribus</span> <span class='ocrx_word' id='word_1_527' title='bbox 2440 1742 2710 1813; x_wconf 89' lang='lat' dir='ltr'>personis</span> <span class='ocrx_word' id='word_1_528' title='bbox 2738 1742 2953 1811; x_wconf 88' lang='lat' dir='ltr'>Patris,</span> <span class='ocrx_word' id='word_1_529' title='bbox 2986 1748 3042 1798; x_wconf 91' lang='lat' dir='ltr'>et</span> <span class='ocrx_word' id='word_1_530' title='bbox 3067 1743 3217 1810; x_wconf 86' lang='lat' dir='ltr'>Filii,</span> <span class='ocrx_word' id='word_1_531' title='bbox 3250 1749 3305 1801; x_wconf 91' lang='lat' dir='ltr'>et</span> <span class='ocrx_word' id='word_1_532' title='bbox 3325 1745 3577 1817; x_wconf 89' lang='lat' dir='ltr'>Spiritus</span> 
     </span>
    </p>
   </div>
   <div class='ocr_carea' id='block_1_74' title="bbox 1927 1831 3093 1887">
    <p class='ocr_par' dir='ltr' id='par_1_74' title="bbox 1927 1831 3093 1887">
     <span class='ocr_line' id='line_1_74' title="bbox 1927 1831 3093 1887; baseline -0.001 0"><span class='ocrx_word' id='word_1_533' title='bbox 1927 1831 2134 1887; x_wconf 86' lang='lat' dir='ltr'>sancti.</span> <span class='ocrx_word' id='word_1_534' title='bbox 3088 1848 3093 1855; x_wconf 70' lang='lat'>&#39;</span> 
     </span>
    </p>
   </div>
   <div class='ocr_carea' id='block_1_75' title="bbox 1924 1920 3575 2045">
    <p class='ocr_par' dir='ltr' id='par_1_75' title="bbox 1924 1920 3575 2045">
     <span class='ocr_line' id='line_1_75' title="bbox 1924 1920 3575 2045; baseline 0.003 -70"><span class='ocrx_word' id='word_1_535' title='bbox 1924 1923 2058 1976; x_wconf 84' lang='lat' dir='ltr'>CAP.</span> <span class='ocrx_word' id='word_1_536' title='bbox 2107 1920 2228 1974; x_wconf 83' lang='grc'>156.</span> <span class='ocrx_word' id='word_1_537' title='bbox 2260 1949 2329 1960; x_wconf 88' lang='lat'>-—-</span> <span class='ocrx_word' id='word_1_538' title='bbox 2358 1921 2493 1974; x_wconf 87' lang='lat' dir='ltr'><em>Item</em></span> <span class='ocrx_word' id='word_1_539' title='bbox 2520 1920 2585 1975; x_wconf 89' lang='lat' dir='ltr'>de</span> <span class='ocrx_word' id='word_1_540' title='bbox 2614 1920 2917 2045; x_wconf 62' lang='lat' dir='ltr'><em>eademzre.</em></span> <span class='ocrx_word' id='word_1_541' title='bbox 2969 1922 3052 1976; x_wconf 75' lang='lat' dir='ltr'><em>Ea:</em></span> <span class='ocrx_word' id='word_1_542' title='bbox 3095 1922 3280 1978; x_wconf 85' lang='lat' dir='ltr'><em>eodem</em></span> <span class='ocrx_word' id='word_1_543' title='bbox 3318 1925 3575 1995; x_wconf 84' lang='lat' dir='ltr'><em>concilio,</em></span> 
     </span>
     <span class='ocr_line' id='line_1_76' title="bbox 2642 2008 2857 2045; baseline 0 0"><span class='ocrx_word' id='word_1_544' title='bbox 2642 2008 2769 2045; x_wconf 81' lang='lat' dir='ltr'><em>can.</em></span> <span class='ocrx_word' id='word_1_545' title='bbox 2844 2034 2857 2045; x_wconf 91' lang='lat'><em>.</em></span> 
     </span>
    </p>
   </div>
   <div class='ocr_carea' id='block_1_76' title="bbox 2642 2008 2857 2062">
    <p class='ocr_par' dir='ltr' id='par_1_76' title="bbox 2642 2008 2857 2062">
     <span class='ocr_line' id='line_1_77' title="bbox 2642 2008 2857 2062; baseline 0.005 -16"><span class='ocrx_word' id='word_1_546' title='bbox 2642 2008 2769 2062; x_wconf 87' lang='lat' dir='ltr'><em>cap.</em></span> <span class='ocrx_word' id='word_1_547' title='bbox 2802 2008 2857 2047; x_wconf 64' lang='grc' dir='ltr'>Ζ.</span> 
     </span>
    </p>
   </div>
   <div class='ocr_carea' id='block_1_77' title="bbox 2000 2079 3579 2151">
    <p class='ocr_par' dir='ltr' id='par_1_77' title="bbox 2000 2079 3579 2151">
     <span class='ocr_line' id='line_1_78' title="bbox 2000 2079 3579 2151; baseline 0.004 -17"><span class='ocrx_word' id='word_1_548' title='bbox 2000 2080 2144 2134; x_wconf 90' lang='lat' dir='ltr'>Item</span> <span class='ocrx_word' id='word_1_549' title='bbox 2168 2079 2606 2150; x_wconf 67' lang='lat' dir='ltr'>praedicandum</span> <span class='ocrx_word' id='word_1_550' title='bbox 2631 2085 2721 2135; x_wconf 91' lang='lat' dir='ltr'>est</span> <span class='ocrx_word' id='word_1_551' title='bbox 2743 2082 3036 2151; x_wconf 90' lang='lat' dir='ltr'>quomodo</span> <span class='ocrx_word' id='word_1_552' title='bbox 3063 2082 3242 2137; x_wconf 86' lang='lat' dir='ltr'>Filius</span> <span class='ocrx_word' id='word_1_553' title='bbox 3268 2085 3365 2139; x_wconf 89' lang='lat' dir='ltr'>Dei</span> <span class='ocrx_word' id='word_1_554' title='bbox 3388 2084 3579 2139; x_wconf 87' lang='lat' dir='ltr'>incar-</span> 
     </span>
    </p>
   </div>
   <div class='ocr_carea' id='block_1_78' title="bbox 1929 2167 3581 2244">
    <p class='ocr_par' dir='ltr' id='par_1_78' title="bbox 1929 2167 3581 2244">
     <span class='ocr_line' id='line_1_79' title="bbox 1929 2167 3581 2244; baseline 0.004 -21"><span class='ocrx_word' id='word_1_555' title='bbox 1929 2173 2102 2224; x_wconf 90' lang='lat' dir='ltr'>natus</span> <span class='ocrx_word' id='word_1_556' title='bbox 2137 2177 2219 2223; x_wconf 84' lang='lat' dir='ltr'>esl</span> <span class='ocrx_word' id='word_1_557' title='bbox 2253 2168 2323 2223; x_wconf 91' lang='lat' dir='ltr'>de</span> <span class='ocrx_word' id='word_1_558' title='bbox 2351 2167 2572 2239; x_wconf 87' lang='lat' dir='ltr'>Spiritu</span> <span class='ocrx_word' id='word_1_559' title='bbox 2603 2174 2830 2237; x_wconf 89' lang='lat' dir='ltr'>sancto,</span> <span class='ocrx_word' id='word_1_560' title='bbox 2882 2186 2950 2225; x_wconf 84' lang='lat' dir='ltr'>ex</span> <span class='ocrx_word' id='word_1_561' title='bbox 2982 2173 3166 2227; x_wconf 83' lang='lat' dir='ltr'>Maria</span> <span class='ocrx_word' id='word_1_562' title='bbox 3198 2172 3445 2243; x_wconf 89' lang='lat' dir='ltr'>virgine,</span> <span class='ocrx_word' id='word_1_563' title='bbox 3479 2190 3581 2244; x_wconf 92' lang='lat' dir='ltr'>pro</span> 
     </span>
    </p>
   </div>
   <div class='ocr_carea' id='block_1_79' title="bbox 1931 2256 3589 2331">
    <p class='ocr_par' dir='ltr' id='par_1_79' title="bbox 1931 2256 3589 2331">
     <span class='ocr_line' id='line_1_80' title="bbox 1931 2256 3589 2331; baseline 0.002 -19"><span class='ocrx_word' id='word_1_564' title='bbox 1931 2256 2120 2313; x_wconf 89' lang='lat' dir='ltr'>salute</span> <span class='ocrx_word' id='word_1_565' title='bbox 2172 2256 2411 2311; x_wconf 87' lang='lat' dir='ltr'>humani</span> <span class='ocrx_word' id='word_1_566' title='bbox 2445 2257 2677 2327; x_wconf 89' lang='lat' dir='ltr'>generis</span> <span class='ocrx_word' id='word_1_567' title='bbox 2708 2274 2943 2328; x_wconf 91' lang='lat' dir='ltr'>passus,</span> <span class='ocrx_word' id='word_1_568' title='bbox 2988 2260 3262 2331; x_wconf 90' lang='lat' dir='ltr'>sepultus</span> <span class='ocrx_word' id='word_1_569' title='bbox 3296 2261 3467 2316; x_wconf 89' lang='lat' dir='ltr'>tertia</span> <span class='ocrx_word' id='word_1_570' title='bbox 3497 2262 3589 2316; x_wconf 88' lang='lat' dir='ltr'>die</span> 
     </span>
    </p>
   </div>
   <div class='ocr_carea' id='block_1_80' title="bbox 1930 2343 3584 2416">
    <p class='ocr_par' dir='ltr' id='par_1_80' title="bbox 1930 2343 3584 2416">
     <span class='ocr_line' id='line_1_81' title="bbox 1930 2343 3584 2416; baseline 0.004 -18"><span class='ocrx_word' id='word_1_571' title='bbox 1930 2344 2413 2412; x_wconf 81' lang='lat' dir='ltr'>resurrexit,etin</span> <span class='ocrx_word' id='word_1_572' title='bbox 2452 2343 2663 2399; x_wconf 66' lang='lat' dir='ltr'>coelum</span> <span class='ocrx_word' id='word_1_573' title='bbox 2685 2346 2968 2416; x_wconf 88' lang='lat' dir='ltr'>ascendit,</span> <span class='ocrx_word' id='word_1_574' title='bbox 2994 2349 3052 2401; x_wconf 91' lang='lat' dir='ltr'>in</span> <span class='ocrx_word' id='word_1_575' title='bbox 3077 2348 3191 2403; x_wconf 79' lang='lat' dir='ltr'>fine</span> <span class='ocrx_word' id='word_1_576' title='bbox 3218 2349 3427 2405; x_wconf 90' lang='lat' dir='ltr'>mundi</span> <span class='ocrx_word' id='word_1_577' title='bbox 3447 2366 3584 2405; x_wconf 90' lang='lat' dir='ltr'>ven-</span> 
     </span>
    </p>
   </div>
   <div class='ocr_carea' id='block_1_81' title="bbox 1929 2432 3581 2510">
    <p class='ocr_par' dir='ltr' id='par_1_81' title="bbox 1929 2432 3581 2510">
     <span class='ocr_line' id='line_1_82' title="bbox 1929 2432 3581 2510; baseline 0.004 -23"><span class='ocrx_word' id='word_1_578' title='bbox 1929 2432 2381 2503; x_wconf 88' lang='lat' dir='ltr'>turusjudicare</span> <span class='ocrx_word' id='word_1_579' title='bbox 2400 2450 2604 2488; x_wconf 90' lang='lat' dir='ltr'>omnes</span> <span class='ocrx_word' id='word_1_580' title='bbox 2628 2433 2896 2489; x_wconf 89' lang='lat' dir='ltr'>homines</span> <span class='ocrx_word' id='word_1_581' title='bbox 2910 2436 3235 2491; x_wconf 89' lang='lat' dir='ltr'>secundum</span> <span class='ocrx_word' id='word_1_582' title='bbox 3256 2453 3432 2509; x_wconf 84' lang='lat' dir='ltr'>Opera</span> <span class='ocrx_word' id='word_1_583' title='bbox 3449 2455 3581 2510; x_wconf 90' lang='lat' dir='ltr'>pro-</span> 
     </span>
    </p>
   </div>
   <div class='ocr_carea' id='block_1_82' title="bbox 1932 2522 3583 2597">
    <p class='ocr_par' dir='ltr' id='par_1_82' title="bbox 1932 2522 3583 2597">
     <span class='ocr_line' id='line_1_83' title="bbox 1932 2522 3583 2597; baseline 0.004 -22"><span class='ocrx_word' id='word_1_584' title='bbox 1932 2522 2096 2593; x_wconf 90' lang='lat' dir='ltr'>pria:</span> <span class='ocrx_word' id='word_1_585' title='bbox 2132 2523 2426 2592; x_wconf 89' lang='lat' dir='ltr'>quomodo</span> <span class='ocrx_word' id='word_1_586' title='bbox 2458 2522 2625 2592; x_wconf 89' lang='lat' dir='ltr'>impii</span> <span class='ocrx_word' id='word_1_587' title='bbox 2657 2538 2789 2576; x_wconf 86' lang='lat' dir='ltr'>cum</span> <span class='ocrx_word' id='word_1_588' title='bbox 2832 2522 3064 2579; x_wconf 87' lang='lat' dir='ltr'>diabolo</span> <span class='ocrx_word' id='word_1_589' title='bbox 3100 2524 3157 2579; x_wconf 91' lang='lat' dir='ltr'>in</span> <span class='ocrx_word' id='word_1_590' title='bbox 3190 2525 3387 2597; x_wconf 90' lang='lat' dir='ltr'>ignem</span> <span class='ocrx_word' id='word_1_591' title='bbox 3412 2532 3583 2582; x_wconf 74' lang='lat' dir='ltr'>teter-</span> 
     </span>
    </p>
   </div>
   <div class='ocr_carea' id='block_1_83' title="bbox 1934 2608 3583 2680">
    <p class='ocr_par' dir='ltr' id='par_1_83' title="bbox 1934 2608 3583 2680">
     <span class='ocr_line' id='line_1_84' title="bbox 1934 2608 3583 2680; baseline 0.003 -15"><span class='ocrx_word' id='word_1_592' title='bbox 1934 2627 2076 2665; x_wconf 90' lang='lat' dir='ltr'>num</span> <span class='ocrx_word' id='word_1_593' title='bbox 2125 2608 2453 2679; x_wconf 89' lang='lat' dir='ltr'>mittentur,</span> <span class='ocrx_word' id='word_1_594' title='bbox 2488 2609 2633 2680; x_wconf 88' lang='lat' dir='ltr'>justi</span> <span class='ocrx_word' id='word_1_595' title='bbox 2682 2626 2816 2665; x_wconf 90' lang='lat' dir='ltr'>cum</span> <span class='ocrx_word' id='word_1_596' title='bbox 2846 2611 3073 2667; x_wconf 88' lang='lat' dir='ltr'>Christo</span> <span class='ocrx_word' id='word_1_597' title='bbox 3108 2613 3165 2667; x_wconf 91' lang='lat' dir='ltr'>in</span> <span class='ocrx_word' id='word_1_598' title='bbox 3213 2614 3333 2669; x_wconf 89' lang='lat' dir='ltr'>vita</span> <span class='ocrx_word' id='word_1_599' title='bbox 3364 2620 3583 2670; x_wconf 59' lang='lat' dir='ltr'>aiterna</span> 
     </span>
    </p>
   </div>
   <div class='ocr_carea' id='block_1_84' title="bbox 1933 2703 2181 2754">
    <p class='ocr_par' dir='ltr' id='par_1_84' title="bbox 1933 2703 2181 2754">
     <span class='ocr_line' id='line_1_85' title="bbox 1933 2703 2181 2754; baseline -0.012 0"><span class='ocrx_word' id='word_1_600' title='bbox 1933 2703 2181 2754; x_wconf 72' lang='lat' dir='ltr'>erunt.‘</span> 
     </span>
    </p>
   </div>
   <div class='ocr_carea' id='block_1_85' title="bbox 2178 2795 3329 2870">
    <p class='ocr_par' dir='ltr' id='par_1_85' title="bbox 2178 2795 3329 2870">
     <span class='ocr_line' id='line_1_86' title="bbox 2178 2795 3329 2870; baseline 0.004 -21"><span class='ocrx_word' id='word_1_601' title='bbox 2178 2795 2312 2849; x_wconf 82' lang='lat' dir='ltr'>CAP.</span> <span class='ocrx_word' id='word_1_602' title='bbox 2352 2796 2475 2849; x_wconf 86' lang='grc'>157.</span> <span class='ocrx_word' id='word_1_603' title='bbox 2509 2826 2576 2837; x_wconf 92' lang='grc'><strong>-</strong></span> <span class='ocrx_word' id='word_1_604' title='bbox 2610 2797 2744 2851; x_wconf 88' lang='lat' dir='ltr'><em>Item</em></span> <span class='ocrx_word' id='word_1_605' title='bbox 2781 2796 2848 2851; x_wconf 90' lang='lat' dir='ltr'>de</span> <span class='ocrx_word' id='word_1_606' title='bbox 2884 2796 3089 2864; x_wconf 90' lang='lat' dir='ltr'><em>eodem,</em></span> <span class='ocrx_word' id='word_1_607' title='bbox 3118 2815 3238 2870; x_wconf 89' lang='lat' dir='ltr'><em>cap.</em></span> <span class='ocrx_word' id='word_1_608' title='bbox 3273 2800 3329 2854; x_wconf 88' lang='lat'>3.</span> 
     </span>
    </p>
   </div>
   <div class='ocr_carea' id='block_1_86' title="bbox 2005 2884 3577 2955">
    <p class='ocr_par' dir='ltr' id='par_1_86' title="bbox 2005 2884 3577 2955">
     <span class='ocr_line' id='line_1_87' title="bbox 2005 2884 3577 2955; baseline 0.003 -16"><span class='ocrx_word' id='word_1_609' title='bbox 2005 2887 2147 2939; x_wconf 89' lang='lat' dir='ltr'>Item</span> <span class='ocrx_word' id='word_1_610' title='bbox 2189 2884 2626 2955; x_wconf 68' lang='lat' dir='ltr'>praedicandum</span> <span class='ocrx_word' id='word_1_611' title='bbox 2660 2889 2751 2938; x_wconf 89' lang='lat' dir='ltr'>est</span> <span class='ocrx_word' id='word_1_612' title='bbox 2785 2885 2937 2955; x_wconf 92' lang='lat' dir='ltr'>quod</span> <span class='ocrx_word' id='word_1_613' title='bbox 2972 2901 3176 2943; x_wconf 88' lang='lat' dir='ltr'>omnes</span> <span class='ocrx_word' id='word_1_614' title='bbox 3216 2887 3484 2945; x_wconf 87' lang='lat' dir='ltr'>homines</span> <span class='ocrx_word' id='word_1_615' title='bbox 3517 2889 3577 2943; x_wconf 89' lang='lat' dir='ltr'>in</span> 
     </span>
    </p>
   </div>
   <div class='ocr_carea' id='block_1_87' title="bbox 1933 2973 2730 3045">
    <p class='ocr_par' dir='ltr' id='par_1_87' title="bbox 1933 2973 2730 3045">
     <span class='ocr_line' id='line_1_88' title="bbox 1933 2973 2730 3045; baseline -0.001 -18"><span class='ocrx_word' id='word_1_616' title='bbox 1933 2973 2168 3045; x_wconf 90' lang='lat' dir='ltr'>propria</span> <span class='ocrx_word' id='word_1_617' title='bbox 2198 2989 2372 3028; x_wconf 87' lang='lat' dir='ltr'>carne</span> <span class='ocrx_word' id='word_1_618' title='bbox 2405 2978 2730 3043; x_wconf 81' lang='lat' dir='ltr'>resurgant.</span> 
     </span>
    </p>
   </div>
   <div class='ocr_carea' id='block_1_88' title="bbox 1932 3078 3575 3162">
    <p class='ocr_par' dir='ltr' id='par_1_88' title="bbox 1932 3078 3575 3162">
     <span class='ocr_line' id='line_1_89' title="bbox 1932 3078 3575 3162; baseline 0.001 -25"><span class='ocrx_word' id='word_1_619' title='bbox 1932 3080 2205 3162; x_wconf 43' lang='grc' dir='ltr'>ϐιῳ-158.</span> <span class='ocrx_word' id='word_1_620' title='bbox 2238 3109 2306 3162; x_wconf 37' lang='lat' dir='ltr'>ﬁ</span> <span class='ocrx_word' id='word_1_621' title='bbox 2327 3080 2388 3135; x_wconf 87' lang='lat' dir='ltr'>Ut</span> <span class='ocrx_word' id='word_1_622' title='bbox 2415 3078 2593 3162; x_wconf 76' lang='lat' dir='ltr'><em>omnis</em></span> <span class='ocrx_word' id='word_1_623' title='bbox 2613 3079 2899 3162; x_wconf 65' lang='lat' dir='ltr'><em>presbyter</em></span> <span class='ocrx_word' id='word_1_624' title='bbox 2926 3081 3258 3162; x_wconf 65' lang='lat' dir='ltr'><em>paraecianis</em></span> <span class='ocrx_word' id='word_1_625' title='bbox 3286 3082 3404 3162; x_wconf 69' lang='lat' dir='ltr'><em>suis</em></span> <span class='ocrx_word' id='word_1_626' title='bbox 3418 3083 3575 3155; x_wconf 87' lang='lat' dir='ltr'>Sym-</span> 
     </span>
    </p>
   </div>
   <div class='ocr_carea' id='block_1_89' title="bbox 2003 3149 3579 3211">
    <p class='ocr_par' dir='ltr' id='par_1_89' title="bbox 2003 3149 3579 3211">
     <span class='ocr_line' id='line_1_90' title="bbox 2003 3149 3579 3211; baseline 0.003 -6"><span class='ocrx_word' id='word_1_627' title='bbox 2003 3152 2183 3205; x_wconf 83' lang='lat' dir='ltr'><em>bolum</em></span> <span class='ocrx_word' id='word_1_628' title='bbox 2240 3158 2290 3205; x_wconf 91' lang='lat' dir='ltr'>et</span> <span class='ocrx_word' id='word_1_629' title='bbox 2330 3149 2633 3205; x_wconf 81' lang='lat' dir='ltr'><em>orationem</em></span> <span class='ocrx_word' id='word_1_630' title='bbox 2664 3149 3009 3207; x_wconf 81' lang='lat' dir='ltr'><em>Dominicam</em></span> <span class='ocrx_word' id='word_1_631' title='bbox 3044 3153 3305 3211; x_wconf 83' lang='lat' dir='ltr'><em>insinuet.</em></span> <span class='ocrx_word' id='word_1_632' title='bbox 3339 3157 3422 3210; x_wconf 75' lang='lat' dir='ltr'>Ex</span> <span class='ocrx_word' id='word_1_633' title='bbox 3448 3149 3579 3211; x_wconf 71' lang='lat' dir='ltr'><em>eon-</em></span> 
     </span>
    </p>
   </div>
   <div class='ocr_carea' id='block_1_90' title="bbox 2006 3222 2667 3291">
    <p class='ocr_par' dir='ltr' id='par_1_90' title="bbox 2006 3222 2667 3291">
     <span class='ocr_line' id='line_1_91' title="bbox 2006 3222 2667 3291; baseline 0.003 -15"><span class='ocrx_word' id='word_1_634' title='bbox 2006 3225 2135 3277; x_wconf 82' lang='lat' dir='ltr'><em>citio</em></span> <span class='ocrx_word' id='word_1_635' title='bbox 2170 3222 2433 3291; x_wconf 81' lang='lat' dir='ltr'><em>Remensi,</em></span> <span class='ocrx_word' id='word_1_636' title='bbox 2464 3238 2581 3290; x_wconf 87' lang='lat' dir='ltr'><em>cap.</em></span> <span class='ocrx_word' id='word_1_637' title='bbox 2615 3224 2667 3278; x_wconf 93' lang='lat'>8.</span> 
     </span>
    </p>
   </div>
   <div class='ocr_carea' id='block_1_91' title="bbox 2003 3310 3576 3387">
    <p class='ocr_par' dir='ltr' id='par_1_91' title="bbox 2003 3310 3576 3387">
     <span class='ocr_line' id='line_1_92' title="bbox 2003 3310 3576 3387; baseline 0.004 -22"><span class='ocrx_word' id='word_1_638' title='bbox 2003 3310 2075 3366; x_wconf 91' lang='lat' dir='ltr'>Ut</span> <span class='ocrx_word' id='word_1_639' title='bbox 2089 3311 2282 3365; x_wconf 89' lang='lat' dir='ltr'>omnis</span> <span class='ocrx_word' id='word_1_640' title='bbox 2298 3312 2599 3381; x_wconf 82' lang='lat' dir='ltr'>presbyter</span> <span class='ocrx_word' id='word_1_641' title='bbox 2612 3310 2887 3366; x_wconf 90' lang='lat' dir='ltr'>omnibus</span> <span class='ocrx_word' id='word_1_642' title='bbox 2902 3312 3250 3383; x_wconf 74' lang='lat' dir='ltr'>parmcianis</span> <span class='ocrx_word' id='word_1_643' title='bbox 3275 3314 3399 3370; x_wconf 90' lang='lat' dir='ltr'>suis</span> <span class='ocrx_word' id='word_1_644' title='bbox 3418 3316 3576 3387; x_wconf 80' lang='lat' dir='ltr'>Sym-</span> 
     </span>
    </p>
   </div>
   <div class='ocr_carea' id='block_1_92' title="bbox 1933 3398 3583 3475">
    <p class='ocr_par' dir='ltr' id='par_1_92' title="bbox 1933 3398 3583 3475">
     <span class='ocr_line' id='line_1_93' title="bbox 1933 3398 3583 3475; baseline 0.003 -21"><span class='ocrx_word' id='word_1_645' title='bbox 1933 3400 2133 3455; x_wconf 89' lang='lat' dir='ltr'>bolum</span> <span class='ocrx_word' id='word_1_646' title='bbox 2165 3404 2223 3454; x_wconf 89' lang='lat' dir='ltr'>et</span> <span class='ocrx_word' id='word_1_647' title='bbox 2252 3398 2574 3454; x_wconf 89' lang='lat' dir='ltr'>orationem</span> <span class='ocrx_word' id='word_1_648' title='bbox 2609 3399 2996 3465; x_wconf 83' lang='lat' dir='ltr'>Dominicam,</span> <span class='ocrx_word' id='word_1_649' title='bbox 3016 3405 3116 3455; x_wconf 88' lang='lat' dir='ltr'>aut</span> <span class='ocrx_word' id='word_1_650' title='bbox 3139 3402 3263 3473; x_wconf 89' lang='lat' dir='ltr'>ipse</span> <span class='ocrx_word' id='word_1_651' title='bbox 3288 3420 3390 3475; x_wconf 90' lang='lat' dir='ltr'>per</span> <span class='ocrx_word' id='word_1_652' title='bbox 3408 3421 3471 3458; x_wconf 90' lang='lat' dir='ltr'>se</span> <span class='ocrx_word' id='word_1_653' title='bbox 3492 3405 3583 3459; x_wconf 91' lang='lat' dir='ltr'>in-</span> 
     </span>
    </p>
   </div>
   <div class='ocr_carea' id='block_1_93' title="bbox 1935 3487 3581 3562">
    <p class='ocr_par' dir='ltr' id='par_1_93' title="bbox 1935 3487 3581 3562">
     <span class='ocr_line' id='line_1_94' title="bbox 1935 3487 3581 3562; baseline 0.003 -18"><span class='ocrx_word' id='word_1_654' title='bbox 1935 3490 2152 3555; x_wconf 89' lang='lat' dir='ltr'>sinuet,</span> <span class='ocrx_word' id='word_1_655' title='bbox 2187 3492 2290 3543; x_wconf 88' lang='lat' dir='ltr'>aut</span> <span class='ocrx_word' id='word_1_656' title='bbox 2320 3487 2453 3542; x_wconf 89' lang='lat' dir='ltr'>aliis</span> <span class='ocrx_word' id='word_1_657' title='bbox 2479 3487 2901 3542; x_wconf 88' lang='lat' dir='ltr'>insinuandum</span> <span class='ocrx_word' id='word_1_658' title='bbox 2937 3488 3238 3562; x_wconf 88' lang='lat' dir='ltr'>injungat:</span> <span class='ocrx_word' id='word_1_659' title='bbox 3263 3497 3484 3548; x_wconf 68' lang='lat' dir='ltr'>ut&#39;cum</span> <span class='ocrx_word' id='word_1_660' title='bbox 3510 3496 3581 3549; x_wconf 90' lang='lat' dir='ltr'>ad</span> 
     </span>
    </p>
   </div>
   <div class='ocr_carea' id='block_1_94' title="bbox 1936 3577 3586 3650">
    <p class='ocr_par' dir='ltr' id='par_1_94' title="bbox 1936 3577 3586 3650">
     <span class='ocr_line' id='line_1_95' title="bbox 1936 3577 3586 3650; baseline 0.004 -17"><span class='ocrx_word' id='word_1_661' title='bbox 1936 3577 2362 3633; x_wconf 82' lang='lat' dir='ltr'>confessionem</span> <span class='ocrx_word' id='word_1_662' title='bbox 2389 3580 2652 3646; x_wconf 91' lang='lat' dir='ltr'>tempore</span> <span class='ocrx_word' id='word_1_663' title='bbox 2673 3577 3439 3650; x_wconf 85' lang='lat' dir='ltr'>quadragesimaliveniunt,</span> <span class='ocrx_word' id='word_1_664' title='bbox 3463 3582 3586 3640; x_wconf 67' lang='lat' dir='ltr'>haec</span> 
     </span>
    </p>
   </div>
   <div class='ocr_carea' id='block_1_95' title="bbox 1936 3663 3587 3735">
    <p class='ocr_par' dir='ltr' id='par_1_95' title="bbox 1936 3663 3587 3735">
     <span class='ocr_line' id='line_1_96' title="bbox 1936 3663 3587 3735; baseline 0.004 -13"><span class='ocrx_word' id='word_1_665' title='bbox 1936 3668 2008 3722; x_wconf 89' lang='lat' dir='ltr'>ab</span> <span class='ocrx_word' id='word_1_666' title='bbox 2041 3680 2398 3735; x_wconf 90' lang='lat' dir='ltr'>unoquoque</span> <span class='ocrx_word' id='word_1_667' title='bbox 2431 3663 2771 3718; x_wconf 89' lang='lat' dir='ltr'>memoriter</span> <span class='ocrx_word' id='word_1_668' title='bbox 2803 3664 2915 3718; x_wconf 90' lang='lat' dir='ltr'>sibi</span> <span class='ocrx_word' id='word_1_669' title='bbox 2940 3667 3236 3722; x_wconf 89' lang='lat' dir='ltr'>decantari</span> <span class='ocrx_word' id='word_1_670' title='bbox 3261 3670 3457 3735; x_wconf 80' lang='lat' dir='ltr'>faciat,</span> <span class='ocrx_word' id='word_1_671' title='bbox 3480 3689 3587 3729; x_wconf 88' lang='lat' dir='ltr'>nec</span> 
     </span>
    </p>
   </div>
   <div class='ocr_carea' id='block_1_96' title="bbox 1939 3751 3586 3826">
    <p class='ocr_par' dir='ltr' id='par_1_96' title="bbox 1939 3751 3586 3826">
     <span class='ocr_line' id='line_1_97' title="bbox 1939 3751 3586 3826; baseline 0.005 -17"><span class='ocrx_word' id='word_1_672' title='bbox 1939 3759 2074 3810; x_wconf 87' lang='lat' dir='ltr'>ante</span> <span class='ocrx_word' id='word_1_673' title='bbox 2097 3755 2360 3807; x_wconf 88' lang='lat' dir='ltr'>sanctam</span> <span class='ocrx_word' id='word_1_674' title='bbox 2392 3751 2869 3806; x_wconf 89' lang='lat' dir='ltr'>communionem</span> <span class='ocrx_word' id='word_1_675' title='bbox 2896 3752 3070 3807; x_wconf 91' lang='lat' dir='ltr'>alicui</span> <span class='ocrx_word' id='word_1_676' title='bbox 3092 3756 3305 3826; x_wconf 90' lang='lat' dir='ltr'>tradat,</span> <span class='ocrx_word' id='word_1_677' title='bbox 3328 3759 3438 3815; x_wconf 90' lang='lat' dir='ltr'>nisi</span> <span class='ocrx_word' id='word_1_678' title='bbox 3462 3760 3586 3817; x_wconf 77' lang='lat' dir='ltr'>haec</span> 
     </span>
    </p>
   </div>
   <div class='ocr_carea' id='block_1_97' title="bbox 1935 3840 3587 3913">
    <p class='ocr_par' dir='ltr' id='par_1_97' title="bbox 1935 3840 3587 3913">
     <span class='ocr_line' id='line_1_98' title="bbox 1935 3840 3587 3913; baseline 0.005 -15"><span class='ocrx_word' id='word_1_679' title='bbox 1935 3860 2000 3898; x_wconf 88' lang='lat' dir='ltr'>ex</span> <span class='ocrx_word' id='word_1_680' title='bbox 2034 3842 2207 3897; x_wconf 90' lang='lat' dir='ltr'>corde</span> <span class='ocrx_word' id='word_1_681' title='bbox 2229 3840 2610 3913; x_wconf 88' lang='lat' dir='ltr'>pronuntiare</span> <span class='ocrx_word' id='word_1_682' title='bbox 2635 3841 2875 3896; x_wconf 92' lang='lat' dir='ltr'>noverit.</span> <span class='ocrx_word' id='word_1_683' title='bbox 2898 3841 3199 3913; x_wconf 89' lang='lat' dir='ltr'>Siquidem</span> <span class='ocrx_word' id='word_1_684' title='bbox 3224 3845 3349 3903; x_wconf 91' lang='lat' dir='ltr'>sine</span> <span class='ocrx_word' id='word_1_685' title='bbox 3374 3848 3587 3907; x_wconf 88' lang='lat' dir='ltr'>horum</span> 
     </span>
    </p>
   </div>
   <div class='ocr_carea' id='block_1_98' title="bbox 1935 3928 3589 4002">
    <p class='ocr_par' dir='ltr' id='par_1_98' title="bbox 1935 3928 3589 4002">
     <span class='ocr_line' id='line_1_99' title="bbox 1935 3928 3589 4002; baseline 0.004 -14"><span class='ocrx_word' id='word_1_686' title='bbox 1935 3930 2198 3996; x_wconf 89' lang='lat' dir='ltr'>scientia,</span> <span class='ocrx_word' id='word_1_687' title='bbox 2233 3929 2434 3984; x_wconf 91' lang='lat' dir='ltr'>nullus</span> <span class='ocrx_word' id='word_1_688' title='bbox 2466 3928 2663 3984; x_wconf 88' lang='lat' dir='ltr'>salvus</span> <span class='ocrx_word' id='word_1_689' title='bbox 2689 3946 2818 3986; x_wconf 89' lang='lat' dir='ltr'>esse</span> <span class='ocrx_word' id='word_1_690' title='bbox 2851 3932 3082 4002; x_wconf 88' lang='lat' dir='ltr'>poterit.</span> <span class='ocrx_word' id='word_1_691' title='bbox 3109 3933 3172 3989; x_wconf 87' lang='lat' dir='ltr'>In</span> <span class='ocrx_word' id='word_1_692' title='bbox 3206 3952 3323 3993; x_wconf 91' lang='lat' dir='ltr'>uno</span> <span class='ocrx_word' id='word_1_693' title='bbox 3347 3937 3501 3994; x_wconf 89' lang='lat' dir='ltr'>enim</span> <span class='ocrx_word' id='word_1_694' title='bbox 3528 3941 3589 3994; x_wconf 84' lang='lat' dir='ltr'>fi-</span> 
     </span>
    </p>
   </div>
   <div class='ocr_carea' id='block_1_99' title="bbox 1938 4017 3584 4097">
    <p class='ocr_par' dir='ltr' id='par_1_99' title="bbox 1938 4017 3584 4097">
     <span class='ocr_line' id='line_1_100' title="bbox 1938 4017 3584 4097; baseline 0.003 -20"><span class='ocrx_word' id='word_1_695' title='bbox 1938 4023 2041 4077; x_wconf 89' lang='lat' dir='ltr'>des</span> <span class='ocrx_word' id='word_1_696' title='bbox 2071 4025 2128 4075; x_wconf 87' lang='lat' dir='ltr'>et</span> <span class='ocrx_word' id='word_1_697' title='bbox 2157 4018 2473 4074; x_wconf 88' lang='lat' dir='ltr'>credulitas</span> <span class='ocrx_word' id='word_1_698' title='bbox 2499 4017 3202 4091; x_wconf 88' lang='lat' dir='ltr'>Christianaoontinetur,</span> <span class='ocrx_word' id='word_1_699' title='bbox 3222 4025 3279 4079; x_wconf 90' lang='lat' dir='ltr'>in</span> <span class='ocrx_word' id='word_1_700' title='bbox 3306 4024 3417 4080; x_wconf 91' lang='lat' dir='ltr'>alio</span> <span class='ocrx_word' id='word_1_701' title='bbox 3443 4028 3584 4097; x_wconf 91' lang='lat' dir='ltr'>quid</span> 
     </span>
    </p>
   </div>
   <div class='ocr_carea' id='block_1_100' title="bbox 1934 4108 3584 4180">
    <p class='ocr_par' dir='ltr' id='par_1_100' title="bbox 1934 4108 3584 4180">
     <span class='ocr_line' id='line_1_101' title="bbox 1934 4108 3584 4180; baseline 0.002 -14"><span class='ocrx_word' id='word_1_702' title='bbox 1934 4126 2100 4167; x_wconf 87' lang='lat' dir='ltr'>orare</span> <span class='ocrx_word' id='word_1_703' title='bbox 2129 4114 2186 4164; x_wconf 88' lang='lat' dir='ltr'>et</span> <span class='ocrx_word' id='word_1_704' title='bbox 2218 4112 2409 4178; x_wconf 87' lang='lat' dir='ltr'>petere</span> <span class='ocrx_word' id='word_1_705' title='bbox 2434 4124 2467 4161; x_wconf 90' lang='lat' dir='ltr'>a</span> <span class='ocrx_word' id='word_1_706' title='bbox 2499 4109 2607 4163; x_wconf 91' lang='lat' dir='ltr'>deo</span> <span class='ocrx_word' id='word_1_707' title='bbox 2664 4108 2991 4164; x_wconf 89' lang='lat' dir='ltr'>debeamus</span> <span class='ocrx_word' id='word_1_708' title='bbox 3022 4112 3388 4180; x_wconf 85' lang='lat' dir='ltr'>exprimitur.</span> <span class='ocrx_word' id='word_1_709' title='bbox 3422 4116 3584 4178; x_wconf 86' lang='lat' dir='ltr'>Quod</span> 
     </span>
    </p>
   </div>
   <div class='ocr_carea' id='block_1_101' title="bbox 1933 4195 3584 4265">
    <p class='ocr_par' dir='ltr' id='par_1_101' title="bbox 1933 4195 3584 4265">
     <span class='ocr_line' id='line_1_102' title="bbox 1933 4195 3584 4265; baseline 0.004 -12"><span class='ocrx_word' id='word_1_710' title='bbox 1933 4215 2070 4255; x_wconf 90' lang='lat' dir='ltr'>vero</span> <span class='ocrx_word' id='word_1_711' title='bbox 2118 4197 2246 4252; x_wconf 89' lang='lat' dir='ltr'>sine</span> <span class='ocrx_word' id='word_1_712' title='bbox 2295 4196 2407 4250; x_wconf 81' lang='lat' dir='ltr'>fide</span> <span class='ocrx_word' id='word_1_713' title='bbox 2439 4212 2608 4250; x_wconf 91' lang='lat' dir='ltr'>nemo</span> <span class='ocrx_word' id='word_1_714' title='bbox 2650 4195 2835 4265; x_wconf 91' lang='lat' dir='ltr'>possit</span> <span class='ocrx_word' id='word_1_715' title='bbox 2874 4213 3004 4251; x_wconf 87' lang='lat' dir='ltr'>esse</span> <span class='ocrx_word' id='word_1_716' title='bbox 3048 4197 3247 4253; x_wconf 87' lang='lat' dir='ltr'>salvus</span> <span class='ocrx_word' id='word_1_717' title='bbox 3298 4200 3584 4259; x_wconf 88' lang='lat' dir='ltr'>Dominus</span> 
     </span>
    </p>
   </div>
   <div class='ocr_carea' id='block_1_102' title="bbox 1937 4285 3583 4363">
    <p class='ocr_par' dir='ltr' id='par_1_102' title="bbox 1937 4285 3583 4363">
     <span class='ocr_line' id='line_1_103' title="bbox 1937 4285 3583 4363; baseline 0.002 -20"><span class='ocrx_word' id='word_1_718' title='bbox 1937 4287 2216 4354; x_wconf 88' lang='lat' dir='ltr'>ostendit,</span> <span class='ocrx_word' id='word_1_719' title='bbox 2240 4302 2374 4339; x_wconf 90' lang='lat' dir='ltr'>cum</span> <span class='ocrx_word' id='word_1_720' title='bbox 2399 4285 2541 4339; x_wconf 90' lang='lat' dir='ltr'>dicit</span> <span class='ocrx_word' id='word_1_721' title='bbox 2565 4302 2577 4339; x_wconf 93' lang='lat'><strong>:</strong></span> <span class='ocrx_word' id='word_1_722' title='bbox 2614 4286 2720 4352; x_wconf 85' lang='lat' dir='ltr'><em>Qui</em></span> <span class='ocrx_word' id='word_1_723' title='bbox 2738 4285 3031 4341; x_wconf 80' lang='lat' dir='ltr'><em>crediderit</em></span> <span class='ocrx_word' id='word_1_724' title='bbox 3051 4290 3103 4341; x_wconf 90' lang='lat' dir='ltr'>et</span> <span class='ocrx_word' id='word_1_725' title='bbox 3132 4287 3441 4355; x_wconf 69' lang='lat' dir='ltr'><em>baptizatus</em></span> <span class='ocrx_word' id='word_1_726' title='bbox 3458 4294 3583 4363; x_wconf 79' lang='lat' dir='ltr'><em>fue-</em></span> 
     </span>
    </p>
   </div>
   <div class='ocr_carea' id='block_1_103' title="bbox 1935 4373 3589 4446">
    <p class='ocr_par' dir='ltr' id='par_1_103' title="bbox 1935 4373 3589 4446">
     <span class='ocr_line' id='line_1_104' title="bbox 1935 4373 3589 4446; baseline 0.003 -15"><span class='ocrx_word' id='word_1_727' title='bbox 1935 4378 2035 4446; x_wconf 85' lang='lat' dir='ltr'><em>rit,</em></span> <span class='ocrx_word' id='word_1_728' title='bbox 2086 4375 2271 4429; x_wconf 85' lang='lat' dir='ltr'><em>salvus</em></span> <span class='ocrx_word' id='word_1_729' title='bbox 2299 4376 2404 4429; x_wconf 89' lang='lat' dir='ltr'><em>erit</em></span> <span class='ocrx_word' id='word_1_730' title='bbox 2434 4373 2643 4443; x_wconf 81' lang='lat' dir='ltr'><em>(Matth.</em></span> <span class='ocrx_word' id='word_1_731' title='bbox 2675 4373 2809 4444; x_wconf 74' lang='lat' dir='ltr'>xvr).</span> <span class='ocrx_word' id='word_1_732' title='bbox 2872 4373 3082 4430; x_wconf 89' lang='lat' dir='ltr'>Nullus</span> <span class='ocrx_word' id='word_1_733' title='bbox 3123 4380 3319 4432; x_wconf 89' lang='lat' dir='ltr'>autem</span> <span class='ocrx_word' id='word_1_734' title='bbox 3353 4381 3589 4437; x_wconf 89' lang='lat' dir='ltr'>credere</span> 
     </span>
    </p>
   </div>
   <div class='ocr_carea' id='block_1_104' title="bbox 1936 4462 3583 4538">
    <p class='ocr_par' dir='ltr' id='par_1_104' title="bbox 1936 4462 3583 4538">
     <span class='ocr_line' id='line_1_105' title="bbox 1936 4462 3583 4538; baseline 0.002 -17"><span class='ocrx_word' id='word_1_735' title='bbox 1936 4468 2130 4538; x_wconf 90' lang='lat' dir='ltr'>potest</span> <span class='ocrx_word' id='word_1_736' title='bbox 2161 4464 2315 4535; x_wconf 91' lang='lat' dir='ltr'>quod</span> <span class='ocrx_word' id='word_1_737' title='bbox 2351 4463 2556 4529; x_wconf 91' lang='lat' dir='ltr'>nescit,</span> <span class='ocrx_word' id='word_1_738' title='bbox 2592 4478 2697 4517; x_wconf 91' lang='lat' dir='ltr'>nec</span> <span class='ocrx_word' id='word_1_739' title='bbox 2736 4462 2979 4518; x_wconf 87' lang='lat' dir='ltr'>audivit.</span> <span class='ocrx_word' id='word_1_740' title='bbox 3015 4464 3110 4518; x_wconf 82' lang='lat' dir='ltr'>Ait</span> <span class='ocrx_word' id='word_1_741' title='bbox 3139 4465 3295 4521; x_wconf 89' lang='lat' dir='ltr'>enim</span> <span class='ocrx_word' id='word_1_742' title='bbox 3330 4467 3583 4525; x_wconf 85' lang='lat' dir='ltr'>Paulus:</span> 
     </span>
    </p>
   </div>
   <div class='ocr_carea' id='block_1_105' title="bbox 1935 4551 3586 4631">
    <p class='ocr_par' dir='ltr' id='par_1_105' title="bbox 1935 4551 3586 4631">
     <span class='ocr_line' id='line_1_106' title="bbox 1935 4551 3586 4631; baseline 0.004 -23"><span class='ocrx_word' id='word_1_743' title='bbox 1935 4552 2221 4625; x_wconf 82' lang='lat' dir='ltr'><em>Quomodo</em></span> <span class='ocrx_word' id='word_1_744' title='bbox 2241 4551 2459 4606; x_wconf 83' lang='lat' dir='ltr'><em>credent</em></span> <span class='ocrx_word' id='word_1_745' title='bbox 2483 4552 2561 4617; x_wconf 86' lang='lat' dir='ltr'>ei,</span> <span class='ocrx_word' id='word_1_746' title='bbox 2591 4567 2751 4621; x_wconf 88' lang='lat' dir='ltr'><em>quem</em></span> <span class='ocrx_word' id='word_1_747' title='bbox 2786 4568 2901 4606; x_wconf 82' lang='lat' dir='ltr'>non</span> <span class='ocrx_word' id='word_1_748' title='bbox 2934 4552 3268 4609; x_wconf 82' lang='lat' dir='ltr'><em>audierunt?</em></span> <span class='ocrx_word' id='word_1_749' title='bbox 3288 4556 3468 4627; x_wconf 80' lang='lat' dir='ltr'><em>(Rom.</em></span> <span class='ocrx_word' id='word_1_750' title='bbox 3505 4560 3586 4631; x_wconf 86' lang='lat' dir='ltr'>x.)</span> 
     </span>
    </p>
   </div>
   <div class='ocr_carea' id='block_1_106' title="bbox 1937 4639 3586 4706">
    <p class='ocr_par' dir='ltr' id='par_1_106' title="bbox 1937 4639 3586 4706">
     <span class='ocr_line' id='line_1_107' title="bbox 1937 4639 3586 4706; baseline 0.004 -9"><span class='ocrx_word' id='word_1_751' title='bbox 1937 4643 2051 4697; x_wconf 88' lang='lat' dir='ltr'>Nec</span> <span class='ocrx_word' id='word_1_752' title='bbox 2102 4640 2225 4695; x_wconf 86' lang='lat' dir='ltr'>sola</span> <span class='ocrx_word' id='word_1_753' title='bbox 2258 4639 2477 4695; x_wconf 86' lang='lat' dir='ltr'>sufﬁcit</span> <span class='ocrx_word' id='word_1_754' title='bbox 2517 4639 2662 4694; x_wconf 86' lang='lat' dir='ltr'>ﬁdes</span> <span class='ocrx_word' id='word_1_755' title='bbox 2708 4640 2765 4693; x_wconf 92' lang='lat' dir='ltr'>in</span> <span class='ocrx_word' id='word_1_756' title='bbox 2798 4641 2988 4706; x_wconf 91' lang='lat' dir='ltr'>corde,</span> <span class='ocrx_word' id='word_1_757' title='bbox 3030 4642 3141 4697; x_wconf 90' lang='lat' dir='ltr'>nisi</span> <span class='ocrx_word' id='word_1_758' title='bbox 3174 4644 3347 4699; x_wconf 86' lang='lat' dir='ltr'>etiam</span> <span class='ocrx_word' id='word_1_759' title='bbox 3393 4646 3586 4704; x_wconf 90' lang='lat' dir='ltr'>verbis</span> 
     </span>
    </p>
   </div>
   <div class='ocr_carea' id='block_1_107' title="bbox 1936 4725 3589 4797">
    <p class='ocr_par' dir='ltr' id='par_1_107' title="bbox 1936 4725 3589 4797">
     <span class='ocr_line' id='line_1_108' title="bbox 1936 4725 3589 4797; baseline 0.004 -12"><span class='ocrx_word' id='word_1_760' title='bbox 1936 4729 2300 4795; x_wconf 88' lang='lat' dir='ltr'>enuntietur,</span> <span class='ocrx_word' id='word_1_761' title='bbox 2352 4734 2415 4781; x_wconf 90' lang='lat' dir='ltr'>ut</span> <span class='ocrx_word' id='word_1_762' title='bbox 2462 4725 2615 4781; x_wconf 89' lang='lat' dir='ltr'>idem</span> <span class='ocrx_word' id='word_1_763' title='bbox 2668 4727 2980 4797; x_wconf 80' lang='lat' dir='ltr'>Apostolus</span> <span class='ocrx_word' id='word_1_764' title='bbox 3022 4732 3191 4786; x_wconf 89' lang='lat' dir='ltr'>testis</span> <span class='ocrx_word' id='word_1_765' title='bbox 3241 4738 3366 4788; x_wconf 89' lang='lat' dir='ltr'>est:</span> <span class='ocrx_word' id='word_1_766' title='bbox 3419 4734 3589 4791; x_wconf 84' lang='lat' dir='ltr'><em>Corde</em></span> 
     </span>
    </p>
   </div>
   <div class='ocr_carea' id='block_1_108' title="bbox 1936 4815 3584 4893">
    <p class='ocr_par' dir='ltr' id='par_1_108' title="bbox 1936 4815 3584 4893">
     <span class='ocr_line' id='line_1_109' title="bbox 1936 4815 3584 4893; baseline 0.003 -20"><span class='ocrx_word' id='word_1_767' title='bbox 1936 4818 2104 4886; x_wconf 83' lang='lat' dir='ltr'><em>enim,</em></span> <span class='ocrx_word' id='word_1_768' title='bbox 2135 4816 2354 4887; x_wconf 87' lang='lat' dir='ltr'>inquit,</span> <span class='ocrx_word' id='word_1_769' title='bbox 2376 4815 2624 4869; x_wconf 85' lang='lat' dir='ltr'><em>creditur</em></span> <span class='ocrx_word' id='word_1_770' title='bbox 2646 4816 2715 4870; x_wconf 89' lang='lat' dir='ltr'>ad</span> <span class='ocrx_word' id='word_1_771' title='bbox 2734 4815 3037 4886; x_wconf 76' lang='lat' dir='ltr'><em>justitiam,</em></span> <span class='ocrx_word' id='word_1_772' title='bbox 3070 4834 3162 4874; x_wconf 87' lang='lat' dir='ltr'>ore</span> <span class='ocrx_word' id='word_1_773' title='bbox 3179 4829 3361 4875; x_wconf 88' lang='lat' dir='ltr'><em>autem</em></span> <span class='ocrx_word' id='word_1_774' title='bbox 3375 4825 3584 4893; x_wconf 77' lang='lat' dir='ltr'><em>confes-</em></span> 
     </span>
    </p>
   </div>
   <div class='ocr_carea' id='block_1_109' title="bbox 1935 4903 3584 4977">
    <p class='ocr_par' dir='ltr' id='par_1_109' title="bbox 1935 4903 3584 4977">
     <span class='ocr_line' id='line_1_110' title="bbox 1935 4903 3584 4977; baseline 0.002 -14"><span class='ocrx_word' id='word_1_775' title='bbox 1935 4907 2016 4963; x_wconf 84' lang='lat' dir='ltr'><em>sio</em></span> <span class='ocrx_word' id='word_1_776' title='bbox 2045 4908 2106 4977; x_wconf 80' lang='lat' dir='ltr'><em>ﬁt</em></span> <span class='ocrx_word' id='word_1_777' title='bbox 2130 4905 2204 4960; x_wconf 87' lang='lat' dir='ltr'>ad</span> <span class='ocrx_word' id='word_1_778' title='bbox 2231 4906 2467 4959; x_wconf 87' lang='lat' dir='ltr'><em>salutem</em></span> <span class='ocrx_word' id='word_1_779' title='bbox 2488 4903 2664 4975; x_wconf 81' lang='lat' dir='ltr'><em>(ibid).</em></span> <span class='ocrx_word' id='word_1_780' title='bbox 2696 4903 2907 4960; x_wconf 91' lang='lat' dir='ltr'>Nullus</span> <span class='ocrx_word' id='word_1_781' title='bbox 2936 4912 3131 4961; x_wconf 89' lang='lat' dir='ltr'>autem</span> <span class='ocrx_word' id='word_1_782' title='bbox 3163 4908 3234 4963; x_wconf 90' lang='lat' dir='ltr'>de</span> <span class='ocrx_word' id='word_1_783' title='bbox 3260 4909 3584 4967; x_wconf 89' lang='lat' dir='ltr'>stoliditate</span> 
     </span>
    </p>
   </div>
   <div class='ocr_carea' id='block_1_110' title="bbox 1937 4992 3582 5067">
    <p class='ocr_par' dir='ltr' id='par_1_110' title="bbox 1937 4992 3582 5067">
     <span class='ocr_line' id='line_1_111' title="bbox 1937 4992 3582 5067; baseline 0.003 -16"><span class='ocrx_word' id='word_1_784' title='bbox 1937 5011 2148 5051; x_wconf 88' lang='lat' dir='ltr'>sensus</span> <span class='ocrx_word' id='word_1_785' title='bbox 2170 4993 2257 5048; x_wconf 91' lang='lat' dir='ltr'>vel</span> <span class='ocrx_word' id='word_1_786' title='bbox 2289 4992 2573 5048; x_wconf 89' lang='lat' dir='ltr'>tenuilate</span> <span class='ocrx_word' id='word_1_787' title='bbox 2603 4992 2822 5065; x_wconf 86' lang='lat' dir='ltr'>ingenii</span> <span class='ocrx_word' id='word_1_788' title='bbox 2845 5000 3136 5066; x_wconf 90' lang='lat' dir='ltr'>causetur,</span> <span class='ocrx_word' id='word_1_789' title='bbox 3160 4998 3296 5067; x_wconf 92' lang='lat' dir='ltr'>quia</span> <span class='ocrx_word' id='word_1_790' title='bbox 3316 4998 3438 5055; x_wconf 58' lang='lat' dir='ltr'>haec</span> <span class='ocrx_word' id='word_1_791' title='bbox 3460 5004 3582 5055; x_wconf 90' lang='lat' dir='ltr'>tam</span> 
     </span>
    </p>
   </div>
   <div class='ocr_carea' id='block_1_111' title="bbox 1935 5082 3584 5160">
    <p class='ocr_par' dir='ltr' id='par_1_111' title="bbox 1935 5082 3584 5160">
     <span class='ocr_line' id='line_1_112' title="bbox 1935 5082 3584 5160; baseline 0.004 -22"><span class='ocrx_word' id='word_1_792' title='bbox 1935 5101 2113 5157; x_wconf 85' lang='lat' dir='ltr'>parva</span> <span class='ocrx_word' id='word_1_793' title='bbox 2143 5086 2303 5147; x_wconf 90' lang='lat' dir='ltr'>sunt,</span> <span class='ocrx_word' id='word_1_794' title='bbox 2340 5086 2403 5136; x_wconf 93' lang='lat' dir='ltr'>ut</span> <span class='ocrx_word' id='word_1_795' title='bbox 2434 5099 2605 5136; x_wconf 90' lang='lat' dir='ltr'>nemo</span> <span class='ocrx_word' id='word_1_796' title='bbox 2638 5087 2756 5137; x_wconf 89' lang='lat' dir='ltr'>tam</span> <span class='ocrx_word' id='word_1_797' title='bbox 2776 5082 2955 5138; x_wconf 91' lang='lat' dir='ltr'>hebes</span> <span class='ocrx_word' id='word_1_798' title='bbox 2984 5089 3042 5139; x_wconf 89' lang='lat' dir='ltr'>et</span> <span class='ocrx_word' id='word_1_799' title='bbox 3072 5085 3358 5143; x_wconf 89' lang='lat' dir='ltr'>barbarus</span> <span class='ocrx_word' id='word_1_800' title='bbox 3390 5091 3584 5160; x_wconf 90' lang='lat' dir='ltr'>sitqui</span> 
     </span>
    </p>
   </div>
   <div class='ocr_carea' id='block_1_112' title="bbox 1936 5170 3586 5245">
    <p class='ocr_par' dir='ltr' id='par_1_112' title="bbox 1936 5170 3586 5245">
     <span class='ocr_line' id='line_1_113' title="bbox 1936 5170 3586 5245; baseline 0.003 -17"><span class='ocrx_word' id='word_1_801' title='bbox 1936 5173 2042 5229; x_wconf 90' lang='lat' dir='ltr'>hoc</span> <span class='ocrx_word' id='word_1_802' title='bbox 2071 5172 2295 5227; x_wconf 89' lang='lat' dir='ltr'>discere</span> <span class='ocrx_word' id='word_1_803' title='bbox 2326 5175 2383 5225; x_wconf 91' lang='lat' dir='ltr'>et</span> <span class='ocrx_word' id='word_1_804' title='bbox 2410 5170 2605 5226; x_wconf 90' lang='lat' dir='ltr'>verbis</span> <span class='ocrx_word' id='word_1_805' title='bbox 2627 5173 3042 5228; x_wconf 89' lang='lat' dir='ltr'>communibus</span> <span class='ocrx_word' id='word_1_806' title='bbox 3073 5177 3452 5245; x_wconf 88' lang='lat' dir='ltr'>pronuntiare</span> <span class='ocrx_word' id='word_1_807' title='bbox 3470 5194 3586 5233; x_wconf 92' lang='lat' dir='ltr'>non</span> 
     </span>
    </p>
   </div>
   <div class='ocr_carea' id='block_1_113' title="bbox 1937 5261 3585 5336">
    <p class='ocr_par' dir='ltr' id='par_1_113' title="bbox 1937 5261 3585 5336">
     <span class='ocr_line' id='line_1_114' title="bbox 1937 5261 3585 5336; baseline 0 -19"><span class='ocrx_word' id='word_1_808' title='bbox 1937 5262 2163 5336; x_wconf 87' lang='lat' dir='ltr'>possit;</span> <span class='ocrx_word' id='word_1_809' title='bbox 2197 5264 2320 5315; x_wconf 89' lang='lat' dir='ltr'>tam</span> <span class='ocrx_word' id='word_1_810' title='bbox 2353 5276 2587 5332; x_wconf 87' lang='lat' dir='ltr'>magna,</span> <span class='ocrx_word' id='word_1_811' title='bbox 2622 5264 2686 5314; x_wconf 91' lang='lat' dir='ltr'>ut</span> <span class='ocrx_word' id='word_1_812' title='bbox 2715 5261 2812 5331; x_wconf 93' lang='lat' dir='ltr'>qui</span> <span class='ocrx_word' id='word_1_813' title='bbox 2836 5261 3045 5316; x_wconf 91' lang='lat' dir='ltr'>horum</span> <span class='ocrx_word' id='word_1_814' title='bbox 3072 5264 3377 5319; x_wconf 87' lang='lat' dir='ltr'>scientiam</span> <span class='ocrx_word' id='word_1_815' title='bbox 3400 5265 3585 5336; x_wconf 87' lang='lat' dir='ltr'>pleni-</span> 
     </span>
    </p>
   </div>
   <div class='ocr_carea' id='block_1_114' title="bbox 1937 5350 3584 5421">
    <p class='ocr_par' dir='ltr' id='par_1_114' title="bbox 1937 5350 3584 5421">
     <span class='ocr_line' id='line_1_115' title="bbox 1937 5350 3584 5421; baseline -0.001 -14"><span class='ocrx_word' id='word_1_816' title='bbox 1937 5357 2027 5407; x_wconf 89' lang='lat' dir='ltr'>ter</span> <span class='ocrx_word' id='word_1_817' title='bbox 2056 5365 2262 5421; x_wconf 88' lang='lat' dir='ltr'>capere</span> <span class='ocrx_word' id='word_1_818' title='bbox 2286 5350 2565 5421; x_wconf 89' lang='lat' dir='ltr'>potuerit,</span> <span class='ocrx_word' id='word_1_819' title='bbox 2597 5350 2867 5405; x_wconf 83' lang='lat' dir='ltr'>sufficere</span> <span class='ocrx_word' id='word_1_820' title='bbox 2894 5350 3004 5405; x_wconf 90' lang='lat' dir='ltr'>sibi</span> <span class='ocrx_word' id='word_1_821' title='bbox 3036 5352 3310 5407; x_wconf 89' lang='lat' dir='ltr'>credatur</span> <span class='ocrx_word' id='word_1_822' title='bbox 3326 5354 3395 5407; x_wconf 91' lang='lat' dir='ltr'>ad</span> <span class='ocrx_word' id='word_1_823' title='bbox 3428 5352 3584 5407; x_wconf 82' lang='lat' dir='ltr'>salu-</span> 
     </span>
    </p>
   </div>
   <div class='ocr_carea' id='block_1_115' title="bbox 1936 5437 3585 5512">
    <p class='ocr_par' dir='ltr' id='par_1_115' title="bbox 1936 5437 3585 5512">
     <span class='ocr_line' id='line_1_116' title="bbox 1936 5437 3585 5512; baseline -0.001 -15"><span class='ocrx_word' id='word_1_824' title='bbox 1936 5446 2055 5497; x_wconf 88' lang='lat' dir='ltr'>tem</span> <span class='ocrx_word' id='word_1_825' title='bbox 2078 5442 2443 5512; x_wconf 89' lang='lat' dir='ltr'>perpetuam.</span> <span class='ocrx_word' id='word_1_826' title='bbox 2472 5437 2618 5493; x_wconf 91' lang='lat' dir='ltr'>Illud</span> <span class='ocrx_word' id='word_1_827' title='bbox 2641 5439 2819 5493; x_wconf 89' lang='lat' dir='ltr'>etiam</span> <span class='ocrx_word' id='word_1_828' title='bbox 2842 5438 3272 5494; x_wconf 89' lang='lat' dir='ltr'>observandum</span> <span class='ocrx_word' id='word_1_829' title='bbox 3295 5445 3357 5494; x_wconf 92' lang='lat' dir='ltr'>ut</span> <span class='ocrx_word' id='word_1_830' title='bbox 3384 5439 3585 5495; x_wconf 90' lang='lat' dir='ltr'>nullus</span> 
     </span>
    </p>
   </div>
   <div class='ocr_carea' id='block_1_116' title="bbox 1936 5526 3582 5601">
    <p class='ocr_par' dir='ltr' id='par_1_116' title="bbox 1936 5526 3582 5601">
     <span class='ocr_line' id='line_1_117' title="bbox 1936 5526 3582 5601; baseline -0.001 -14"><span class='ocrx_word' id='word_1_831' title='bbox 1936 5528 2221 5601; x_wconf 85' lang='lat' dir='ltr'>suscipiat</span> <span class='ocrx_word' id='word_1_832' title='bbox 2242 5528 2524 5583; x_wconf 85' lang='lat' dir='ltr'>infantem</span> <span class='ocrx_word' id='word_1_833' title='bbox 2554 5526 2612 5581; x_wconf 90' lang='lat' dir='ltr'>in</span> <span class='ocrx_word' id='word_1_834' title='bbox 2647 5526 2941 5598; x_wconf 88' lang='lat' dir='ltr'>baptismo</span> <span class='ocrx_word' id='word_1_835' title='bbox 2962 5543 2996 5581; x_wconf 87' lang='lat' dir='ltr'>a</span> <span class='ocrx_word' id='word_1_836' title='bbox 3024 5544 3187 5583; x_wconf 88' lang='lat' dir='ltr'>sacro</span> <span class='ocrx_word' id='word_1_837' title='bbox 3208 5528 3386 5599; x_wconf 82' lang='lat' dir='ltr'>fonte,</span> <span class='ocrx_word' id='word_1_838' title='bbox 3420 5533 3582 5586; x_wconf 89' lang='lat' dir='ltr'>ante-</span> 
     </span>
    </p>
   </div>
   <div class='ocr_carea' id='block_1_117' title="bbox 1936 5614 3585 5691">
    <p class='ocr_par' dir='ltr' id='par_1_117' title="bbox 1936 5614 3585 5691">
     <span class='ocr_line' id='line_1_118' title="bbox 1936 5614 3585 5691; baseline 0.003 -18"><span class='ocrx_word' id='word_1_839' title='bbox 1936 5634 2111 5691; x_wconf 89' lang='lat' dir='ltr'>quam</span> <span class='ocrx_word' id='word_1_840' title='bbox 2138 5618 2291 5672; x_wconf 90' lang='lat' dir='ltr'>idem</span> <span class='ocrx_word' id='word_1_841' title='bbox 2317 5614 2659 5687; x_wconf 83' lang='lat' dir='ltr'>Symbolum</span> <span class='ocrx_word' id='word_1_842' title='bbox 2679 5618 2735 5671; x_wconf 91' lang='lat' dir='ltr'>et</span> <span class='ocrx_word' id='word_1_843' title='bbox 2756 5615 3075 5671; x_wconf 86' lang='lat' dir='ltr'>orationem</span> <span class='ocrx_word' id='word_1_844' title='bbox 3101 5615 3465 5677; x_wconf 88' lang='lat' dir='ltr'>Dominicam</span> <span class='ocrx_word' id='word_1_845' title='bbox 3487 5636 3585 5679; x_wconf 88' lang='lat' dir='ltr'>co-</span> 
     </span>
    </p>
   </div>
  </div>
