3960 6072
378 279 483 334 483

1467 266 1536 317 D.
1575 261 1814 318 IVONIS
1849 257 2342 316 CARNOTENSIS
2379 258 2701 314 EPISCOPI

3698 253 3815 308 484

380 421 504 462 ram
529 399 744 476 populo
767 397 1152 472 [presbytero]
1176 393 1503 450 decantent.
1535 392 1602 443 Et
1623 390 1762 443 tunc
1785 386 2026 458 presby-
2055 385 2111 453 Α
2141 384 2299 476 meni
2329 384 2550 456 egressi
2575 383 2818 476 iuerint,
2852 398 3031 476 super
3062 397 3162 438 eos
3181 381 3468 476 quiusunt
3495 379 3555 476 i-n
3607 384 3814 452 ptent-

373 501 464 551 ter
504 491 782 550 omnibus
813 486 1062 561 patrinis
1093 481 1429 547 annuntiet,
1461 478 1617 550 quod
1647 476 1878 532 debitor
1908 476 2028 531 sint

375 584 501 640 suis
523 580 868 638 ﬁlioliscum
900 577 972 631 ad
1005 569 1435 643 intelligibilem
1471 571 1703 622 aetatem
1735 564 2024 635 venerint,

378 673 502 728 haec
531 669 734 726 eadem
764 663 1086 719 insinuare.

381 777 509 833 CAP.
547 775 669 830 159.
696 802 764 814 -
789 772 862 826 De
905 767 1095 822 eadem
1141 779 1220 819 re.
1250 763 1338 890 ξω
1365 759 1599 818 concilio
1649 756 2023 828 Cabilonensi,

1099 852 1219 890 can.
1291 875 1305 890 .

1099 852 1219 907 cap.
1250 852 1305 890 .5.

449 932 780 992 Jubendum
813 930 922 997 est,
954 930 1018 981 ut
1047 924 1233 982 oratio
1260 921 1564 978 Dominica
1593 919 1652 976 in
1685 936 1799 992 qua
1829 919 2030 975 omnia

381 1021 712 1082 necessaria
731 1019 1004 1074 humanas
1025 1014 1152 1070 vitae
1167 1011 1768 1084 comprehenduntur,
1791 1012 1847 1064 et
1863 1009 2028 1078 Sym-

378 1112 580 1170 bolum
604 1105 1080 1181 apostolorumin
1096 1119 1211 1176 quo
1234 1102 1378 1157 ﬁdes
1401 1099 1688 1156 catholica
1711 1115 1781 1154 ex
1801 1097 2028 1169 integro

375 1197 914 1272 comprehenditur,
965 1195 1036 1249 ab
1059 1191 1336 1248 omnibus
1367 1189 1648 1256 discatur,
1685 1196 1799 1244 tam
1833 1186 2032 1242 Latine

375 1305 552 1362 quam
574 1285 898 1352 barbarice,
915 1287 981 1338 ut
1010 1281 1166 1355 quod
1197 1297 1294 1336 ore
1313 1279 1689 1348 conﬁtentur,
1704 1276 1878 1333 corde
1900 1291 2029 1331 cre-

377 1380 542 1435 dant.

375 1469 510 1525 CAP.
543 1465 663 1521 160.
699 1493 765 1505 -
792 1463 868 1518 De

841 1529 940 1588 mi.
976 1533 1056 1586 Ex
1086 1531 1290 1598 eodem,
1316 1545 1435 1600 cap.
1467 1529 1521 1582 5.

444 1628 592 1683 Item
626 1622 1069 1698 praedicandum
1096 1623 1185 1676 est
1212 1619 1282 1674 de
1304 1617 1612 1673 dilectione
1637 1616 1733 1671 Dei
1755 1619 1812 1671 et
1832 1614 2028 1686 proxi-

375 1715 480 1784 nii,
512 1717 584 1771 de
633 1714 768 1782 ﬁde,
802 1727 905 1782 spe
937 1711 995 1765 in
1046 1709 1186 1778 Deo,
1219 1707 1288 1762 de
1319 1705 1676 1774 humilitate,
1725 1703 2024 1776 patientia,

369 1805 660 1869 castitate,
678 1800 1064 1871 benignitate,
1087 1795 1510 1860 misericordia,
1529 1796 1599 1850 de
1615 1792 2021 1866 eleemosynis,

372 1895 444 1949 de
487 1889 852 1947 confessione
905 1893 972 1942 ut
1021 1886 1301 1941 fratribus
1331 1901 1400 1940 ex
1451 1884 1623 1939 corde
1673 1882 2018 1947 remittatur,

371 1981 508 2052 quia
545 1979 647 2051 qui
679 1978 802 2033 haec
831 1980 888 2032 et
927 1974 1142 2031 similla
1175 1976 1380 2045 agunt,
1414 1989 1659 2045 regnum
1691 1971 1792 2028 Dei
1821 1987 2019 2026 conse-

377 2074 652 2141 quentur.

372 2160 506 2214 CAP'
565 2156 686 2211 161.
721 2185 787 2196 —
818 2158 896 2210 De
944 2149 1342 2276 criminalib3us
1389 2149 1641 2221 peccatis.
1680 2149 1765 2202 Ex
1814 2147 2019 2214 eodem,

1099 2239 1218 2276 can.
1297 2263 1310 2276 .

1099 2239 1218 2294 cap.
1253 2239 1310 2276 δ.

450 2318 592 2372 Item
609 2313 1045 2387 praedicandum
1060 2317 1170 2380 est,
1205 2327 1310 2384 pro
1324 2309 1542 2382 quibus
1555 2308 1903 2364 criminibus
1925 2308 2023 2364 ho-

376 2405 564 2460 mines
594 2419 727 2460 cum
762 2401 994 2458 diabolo
1024 2402 1406 2471 deputantur,
1441 2415 1567 2470 quas
1595 2396 1906 2469 Apostolus
1937 2397 2022 2453 sic

377 2496 684 2550 enumerat
715 2507 730 2548 :
757 2491 1101 2559 Fornicalio,
1133 2487 1515 2555 immunditia,
1545 2488 1799 2551 luxuria,
1842 2485 2022 2541 idolo-

375 2601 501 2640 rum
513 2583 768 2646 servitus,
785 2581 1070 2647 veneﬁcia,
1084 2580 1141 2633 in
1149 2577 1424 2643 imicitise,
1438 2577 1831 2642 contentiones,
1845 2589 2021 2632 aemu-

377 2672 629 2735 lationes,
665 2672 790 2733 irae,
821 2670 989 2737 rixae,
1028 2667 1412 2732 dissensiones,
1443 2668 1620 2730 secta,
1655 2665 1900 2729 invidiae,
1925 2664 2022 2720 ho-

377 2761 630 2821 micidia.
661 2759 976 2821 ebrietates,
998 2757 1420 2811 comessationes
1449 2758 1503 2808 et
1531 2754 1617 2808 his
1636 2754 1878 2808 simttia.
1911 2754 2022 2823 Qui

373 2849 520 2904 talia
549 2848 749 2918 agunt,
781 2860 1015 2914 regnum
1041 2845 1141 2899 Dei
1168 2859 1280 2898 non
1301 2846 1702 2912 consequentur
1722 2841 1921 2912 lGalat.
1941 2843 2019 2912 v).

381 2939 448 2992 Et
496 2936 626 2990 ideo
661 2935 779 2988 haec
827 2931 1024 2988 omnia
1053 2948 1186 2987 cum
1234 2931 1396 2988 omni
1426 2930 1622 2986 studio
1669 2931 2022 3001 prohibean-

373 3029 494 3080 tur.

911 1457 1268 1546 praedicanda
1315 1455 1608 1546 dilectione
1647 1456 1740 1510 Dei
1763 1461 1816 1511 et
1839 1456 2030 1528 proxi-

2133 473 2317 529 tentia
2339 489 2537 546 preces
2563 473 2812 542 ﬁeri,his
2831 471 3009 528 etiam
3027 469 3441 527 accedentibus
3457 469 3528 525 ad
3547 485 3809 525 manum

2135 562 2458 619 sacerdotis
2494 567 2552 618 et
2576 561 3041 629 discedentibus,
3067 565 3186 617 tres
3203 559 3497 615 orationes
3520 575 3813 616 consum-

2136 651 2285 708 mari
2316 651 2602 723 ﬁdelium,
2622 652 2704 707 ita
2726 655 2790 706 ut
2813 650 3004 723 prima
3022 650 3259 722 quidem
3286 649 3398 704 sub
3423 648 3690 718 silentio,
3715 664 3814 704 se-

2134 743 2328 797 cunda
2357 759 2489 798 vero
2519 745 2576 797 et
2604 740 2775 796 tertia
2806 756 2908 813 per
2936 739 3390 796 exclamationes
3437 737 3644 794 solitas
3697 754 3811 793 ex-

2137 829 2428 903 pleantur.
2463 831 2533 886 Et
2556 831 2638 886 ita
2663 831 2900 885 demum
2929 845 3129 901 pacem
3145 827 3257 884 sibi
3284 827 3536 883 invicem
3563 827 3811 882 dabunt

2137 920 2208 974 Et
2239 923 2435 990 postea
2464 935 2641 991 quam
2665 919 2892 974 dederit
2911 918 3219 990 episcopus
3242 916 3603 989 presbyteris
3621 933 3807 972 oscu-

2138 1006 2260 1063 lum
2297 1008 2478 1080 pacis,
2517 1013 2652 1064 tunc
2683 1008 2811 1065 laici
2843 1008 2955 1064 sibi
2991 1007 3272 1074 tribuent,
3305 1005 3387 1062 ita
3436 1011 3644 1063 sancta
3698 1021 3802 1063 ce-

2139 1096 2401 1152 lebratur
2431 1097 2668 1153 oblatio.

2139 1187 2268 1243 ΟΑΡ.
2306 1187 2428 1242 166.
2461 1217 2530 1226 -
2563 1187 2692 1256 Qum
2716 1185 3008 1241 admonere
3053 1184 3279 1258 debeant
3327 1185 3656 1258 presbyteri.
3717 1187 3810 1241 Ex

2504 1258 2738 1314 concilio
2771 1257 3182 1326 Aurelianensi,
3211 1273 3333 1329 cap.
3367 1258 3422 1311 4.

2210 1345 2283 1402 Ut
2309 1348 2640 1404 sacerdotes
2667 1347 3028 1402 admoneant
3058 1345 3362 1418 populum,
3385 1348 3451 1400 ut
3470 1345 3808 1418 eleemosy-

2139 1451 2276 1490 nam
2307 1437 2468 1503 dent,
2503 1441 2558 1492 et
2587 1436 2881 1492 orationes
2914 1435 3133 1490 faciant
3162 1451 3266 1506 pro
3298 1434 3546 1490 diversis
3581 1433 3802 1507 plagis,

2137 1541 2287 1596 quas
2319 1525 2555 1581 assidue
2589 1542 2693 1597 pro
2725 1525 2980 1598 peccatis
3011 1523 3230 1580 nostris
3251 1524 3529 1596 patimur.

2138 1633 2250 1688 CAP
2284 1633 2405 1687 167.
2438 1663 2507 1672 ——
2538 1631 2810 1701 Quomodo
2842 1633 3217 1703 unusquisque
3245 1647 3406 1688 orare
3450 1630 3662 1688 debeat.
3708 1633 3799 1688 Ea:

2741 1703 2948 1769 eodem,
2963 1719 3080 1774 cap.
3113 1703 3168 1758 6.

2205 1795 2348 1848 Item
2375 1793 2762 1848 instruendus
2792 1797 2882 1848 est
2913 1791 3189 1864 populus,
3222 1795 3290 1847 ut
3309 1790 3556 1861 singulis
3573 1791 3794 1849 diebus

2131 1881 2229 1953 qui
2264 1880 2520 1953 amplius
2538 1898 2652 1937 non
2681 1885 2894 1953 potest,
2919 1881 3129 1938 saltem
3151 1881 3382 1937 duabus
3405 1881 3635 1937 vicibus
3657 1887 3788 1938 oret

2131 1986 2304 2026 mane
2334 1970 2560 2026 scilicet
2587 1975 2646 2026 et
2673 1986 2933 2043 vespere,
2967 1970 3171 2026 dicens
3206 1970 3548 2042 Symbolum
3571 1975 3631 2025 et
3651 1987 3789 2026 ora-

2129 2059 2346 2114 tionem
2372 2059 2762 2126 Dominicam,
2796 2059 2952 2115 sive:
2983 2059 3091 2126 Qui
3122 2059 3398 2131 plasmati
3421 2075 3514 2114 me
3535 2059 3788 2116 misere-

2130 2165 2191 2204 re
2222 2147 2357 2203 mei.
2387 2148 2475 2203 vel
2506 2149 2689 2204 etiam
2725 2165 2740 2204 :
2775 2151 2935 2217 Deus,
2964 2152 3238 2221 prapitius
3265 2153 3378 2206 esto
3417 2150 3564 2204 mihi
3583 2166 3790 2221 pecca-

2129 2238 2240 2292 tori
2268 2237 2420 2309 (Luc.
2456 2237 2643 2309 xvm),
2680 2242 2738 2293 et
2763 2237 2880 2294 Deo
2912 2237 3132 2310 gratias
3161 2254 3344 2310 agens
3367 2255 3470 2310 pro
3494 2238 3789 2310 quotidia-

2131 2343 2217 2381 na:
2247 2326 2379 2382 vitm
2408 2326 2862 2397 commeatibus,
2883 2331 2938 2381 et
2955 2327 3091 2397 quia
3108 2343 3170 2383 se
3189 2328 3260 2382 ad
3283 2327 3598 2399 imaginem
3615 2344 3790 2383 suam

2130 2431 2326 2470 creare
2354 2415 2633 2487 digantus
2667 2414 2761 2483 sit,
2797 2419 2856 2471 et
2885 2432 2916 2469 a
2950 2416 3274 2487 pecudibus
3324 2431 3650 2487 segregem.
3685 2415 3793 2471 His

2129 2502 2212 2558 ita
2244 2504 2496 2576 peractis
2525 2508 2582 2559 et
2615 2502 2740 2559 solo
2767 2504 2884 2559 Deo
2915 2507 3176 2560 creatore
3205 2519 3314 2559 suo
3356 2503 3619 2571 adorato,
3644 2520 3794 2559 san-

2130 2596 2254 2648 ctos
2272 2593 2522 2658 invocet,
2541 2598 2606 2647 ut
2627 2609 2731 2665 pro
2755 2609 2816 2648 se
2839 2593 3199 2648 intercedere
3227 2593 3381 2664 apud
3410 2594 3787 2662 majestatem

2131 2681 2386 2737 divinam
2418 2683 2750 2754 dignentur.
2772 2686 2906 2737 Hace
2928 2682 3166 2749 faciant,
3193 2681 3412 2753 quibus
3428 2681 3689 2737 basilica:
3708 2681 3790 2736 lo-

2131 2785 2235 2844 cus
2267 2787 2444 2843 prope
2473 2775 2581 2837 est,
2615 2771 2672 2825 in
2707 2769 2988 2840 basilica;
3021 2770 3121 2843 qui
3153 2787 3286 2826 vero
3319 2769 3378 2826 in
3412 2770 3641 2836 itinere,
3685 2775 3792 2827 aut

2131 2875 2234 2931 pro
2258 2859 2522 2930 qualibet
2551 2860 2854 2916 occasione
2890 2860 2948 2914 in
2982 2859 3168 2926 silvis,
3203 2863 3306 2914 aut
3336 2859 3395 2914 in
3437 2858 3596 2927 agris
3647 2859 3789 2914 ubi-

2130 2963 2363 3020 cunque
2392 2965 2491 3004 eos
2521 2949 2651 3019 ipsa
2683 2949 2828 3003 hora
2869 2945 3247 3004 mututinalls
3295 2946 3384 3004 vel
3443 2948 3789 3019 vespertina

2130 3037 2438 3104 invenerit,
2458 3038 2544 3094 sic
2563 3038 2798 3105 faciant,
2825 3037 3076 3094 scientes
3089 3038 3273 3092 Deum
3291 3036 3509 3109 ubique
3524 3054 3750 3110 praesen
3762 3067 3790 3079 -

373 3131 508 3187 CAP.
544 3128 666 3183 162.
697 3157 769 3169 —
803 3129 866 3184 Ut
883 3126 948 3181 de
976 3125 1257 3180 auditorio
1288 3126 1476 3179 nullus
1495 3125 1811 3194 egrediatur
1838 3141 2019 3180 sacer-
2049 3125 2093 3194 C
2132 3129 2248 3181 tom
2279 3142 2429 3191 esse,
2463 3126 2690 3182 dicente
2721 3126 3037 3182 Psalmista
3067 3127 3126 3181 in
3159 3125 3318 3180 omni
3349 3125 3476 3182 loco
3505 3127 3790 3184 domina-

443 3201 568 3256 dote
593 3201 818 3326 iarbam
836 3201 1096 3270 faciente.
1118 3199 1200 3251 Ea:
1218 3195 1455 3253 concilio
1480 3196 1913 3266 Carthaginensi
1931 3200 2018 3268 IV,

445 3289 569 3326 can.
678 3314 691 3326 .

445 3289 569 3344 cap.
600 3289 691 3328 ιιι.

444 3363 554 3434 (De
582 3375 756 3429 cons.,
810 3357 938 3414 dist.
973 3356 1027 3423 l,
1052 3373 1098 3412 c.
1134 3355 1461 3428 Sacerdotc.)
1490 3357 1800 3414 Sacerdote
1831 3357 1890 3413 in
1925 3373 2021 3413 ec-

373 3449 551 3504 clesia
594 3448 838 3504 verbum
881 3444 1151 3511 faciente,
1184 3444 1283 3514 qui
1315 3460 1590 3516 egressus
1619 3445 1689 3499 de
1728 3443 2020 3501 auditorio

371 3538 547 3594 fuerit
576 3537 704 3593 sine
735 3534 895 3608 gravi
928 3533 1280 3590 necessitate
1311 3533 1452 3604 [haec
1481 3533 1601 3589 tria
1632 3533 1789 3589 verba
1826 3532 2021 3590 desunt

371 3629 432 3682 in
457 3627 654 3696 orig.],
684 3623 1244 3680 excommunicetur.

373 3733 505 3789 Car.
553 3732 674 3789 163.
702 3761 769 3772 —
817 3731 892 3786 De
935 3729 1125 3786 eadem
1165 3744 1244 3784 re.
1277 3730 1360 3783 Ex
1398 3729 1700 3785 canonibus
1747 3730 2017 3801 apostolo-

990 3818 1138 3867 rum,
1169 3817 1290 3868 cap.
1324 3801 1410 3854 10.

443 3893 542 3965 (De
581 3908 761 3960 cons.,
792 3891 923 3947 dist.
961 3891 1014 3955 1,
1043 3905 1094 3946 c.
1139 3889 1334 3945 Omnes
1364 3888 1592 3958 ﬁdeles.)
1624 3888 1842 3945 Omnes
1876 3890 2016 3946 ﬁde-

377 3981 465 4038 les
495 3981 594 4054 qui
627 3978 984 4036 conveniunt
1014 3979 1072 4032 in
1106 3976 1577 4034 solemnitatibus
1608 3978 1792 4033 sacris
1823 3979 1894 4034 ad
1926 3995 2019 4034 ec-

374 4069 637 4137 clesiam,
672 4073 729 4124 et
757 4068 1090 4138 Scripturas
1119 4063 1524 4136 apostolorum
1564 4071 1622 4120 et
1643 4066 2018 4136 Evangelium

375 4158 646 4224 audiunt,
680 4173 797 4212 non
829 4159 1026 4211 autem
1060 4157 1432 4226 perseverant
1459 4151 1516 4206 in
1540 4152 1801 4209 oratione
1834 4171 2019 4226 usque

373 4247 513 4302 dum
545 4247 731 4302 missa
754 4248 1093 4317 peragatur,
1129 4257 1232 4297 nec
1255 4246 1519 4297 sanctam
1543 4243 2019 4300 communionem

377 4333 733 4404 percipiunt,
759 4332 841 4388 vel
853 4337 916 4387 ut
932 4330 1369 4402 inquietudines
1382 4329 1636 4386 ecclesiae
1651 4347 2019 4390 commoven-

373 4426 482 4488 tes,
510 4420 781 4477 convenit
811 4419 1226 4475 communione
1257 4418 1492 4491 privari.

2131 3215 2318 3271 tiones
2349 3216 2478 3286 ejus
2509 3216 2688 3287 (Psal.
2721 3216 2842 3286 cn).

2127 3313 2260 3370 CAP.
2297 3314 2419 3368 168.
2457 3345 2518 3354 —
2550 3315 2622 3368 De
2653 3313 2795 3374 ﬁlios
2843 3314 3112 3384 quomodo
3164 3314 3494 3380 parentibus
3551 3315 3783 3372 obedire

2243 3385 2498 3441 debeant.
2529 3386 2613 3440 Ex
2639 3386 2871 3441 concilio
2891 3385 3046 3456 apud
3074 3387 3337 3453 Avernas,
3364 3403 3484 3458 cap.
3514 3387 3550 3441 6
3581 3388 3694 3458 [3].

2196 3473 2563 3530 Admonendi
2597 3477 2734 3528 sunt
2765 3472 2966 3529 fideles
3001 3479 3218 3530 sancta:
3248 3474 3519 3530 Ecclesia:
3551 3475 3676 3541 Dei,
3724 3483 3793 3532 ut

2126 3561 2233 3618 ﬁlii
2263 3567 2320 3619 et
2351 3562 2479 3618 ﬁliai
2502 3563 2846 3634 parentibus
2871 3562 2998 3618 suis
3017 3563 3412 3619 obedientiam
3441 3565 3785 3636 exhibeant,

2125 3652 2353 3707 dicente
2385 3651 2629 3707 Domino
2653 3667 2668 3706 :
2691 3653 2819 3720 Fili,
2843 3652 3142 3720 honoriﬁca
3169 3654 3382 3723 patrem
3400 3657 3578 3708 tuum.
3633 3657 3785 3709 Nam

2126 3745 2191 3796 ut
2221 3741 2333 3812 ipsi
2358 3745 2630 3812 parentes
2659 3756 2800 3811 erga
2831 3739 2984 3794 ﬁlios
3002 3757 3143 3795 suos
3160 3756 3228 3795 ac
3250 3741 3406 3797 ﬁlias
3423 3743 3690 3798 modeste
3722 3761 3787 3800 se

2124 3832 2322 3899 agant,
2354 3827 2710 3883 admonendi
2753 3833 2915 3895 sunt,
2947 3828 3181 3883 dicente
3236 3829 3546 3898 Apostolo:
3579 3831 3647 3885 Et
3691 3848 3786 3887 vos

2119 3922 2399 3990 parentes,
2431 3916 2602 3972 nolite
2622 3916 2692 3971 ad
2713 3916 3068 3972 iracundiam
3088 3933 3388 3988 provocare
3405 3919 3553 3989 ﬁlios
3580 3927 3785 3978 vestros

2129 4007 2347 4076 (Coloss.
2381 4005 2454 4076 3).
2491 4005 2636 4059 Nam
2671 4010 2727 4060 et
2756 4005 2867 4061 hoc
2896 4005 3210 4060 dicendum
3243 4012 3333 4062 est
3363 4006 3471 4072 eis,
3507 4011 3570 4062 ut
3599 4008 3650 4062 si
3698 4008 3786 4063 illi

2127 4095 2362 4169 genitali
2397 4095 2602 4150 aﬂ'ectu
2638 4110 2875 4166 parcere
2898 4094 3081 4149 velint
3101 4094 3342 4166 injuriis
3368 4095 3646 4168 ﬁliorum,
3665 4114 3786 4153 non

2125 4187 2234 4243 hos
2267 4185 2594 4257 impunitos
2628 4184 2915 4240 Dominus
2939 4183 3101 4252 sinit,
3124 4185 3233 4240 nisi
3258 4185 3406 4242 forte
3427 4186 3786 4257 paenitentia:

2128 4274 2540 4345 subjiciantur.
2576 4273 2686 4328 Sed
2721 4278 2917 4329 tamen
2949 4271 3136 4329 levius
3169 4277 3260 4330 est
3291 4272 3430 4330 ﬁliis
3469 4281 3783 4346 parentum

2127 4363 2402 4436 quoslibet
2433 4361 2664 4436 ﬂagella
2696 4362 3019 4436 suscipere,
3053 4379 3231 4434 quam
3262 4363 3368 4420 Dei
3401 4364 3549 4420 iram
3588 4365 3787 4422 incur-

2131 4469 2256 4509 I'BI‘O
2265 4493 2277 4506 .

376 4531 509 4584 CAP.
561 4528 681 4582 164.
733 4557 800 4568 -
853 4528 985 4582 Item
1028 4525 1110 4602 de,
1150 4527 1361 4582 eodem.
1423 4529 1506 4582 Ex
1552 4543 1760 4584 canone
1805 4536 2020 4602 aposto-

2202 4559 2268 4597 ιι).
2305 4541 2426 4597 169.
2460 4571 2526 4581 -
2563 4541 2628 4598 Ut
2659 4540 2730 4595 ad
2758 4539 3121 4596 salutationes
3159 4539 3458 4596 sacerdotis
3504 4541 3566 4596 in
3611 4544 3781 4601 missa

1093 4599 1276 4654 lorum

450 4686 660 4743 Omnes
689 4685 1002 4742 Christiani
1035 4685 1138 4758 qui
1168 4685 1584 4758 ingrediuntur
1623 4686 1682 4742 in
1714 4687 2015 4745 ecclesiam

377 4775 500 4843 Dei,
533 4779 590 4831 et
619 4776 952 4847 Scripturas
981 4792 1178 4832 sacras
1193 4775 1460 4843 audiunt,
1493 4779 2020 4848 nequecommuni-

377 4869 515 4920 cant
544 4863 602 4919 in
635 4865 900 4920 oratione
930 4880 1064 4920 cum
1108 4863 1348 4935 populo,
1380 4866 1482 4920 sed
1513 4882 1616 4937 pro
1649 4867 1903 4938 quadam
1931 4867 2018 4923 in-

373 4957 764 5028 temperantia
794 4974 856 5013 se
905 4974 938 5012 a
968 4955 1339 5028 perceptione
1369 4972 1546 5012 sacrae
1588 4960 2021 5018 communionis

374 5049 666 5111 avertunt,
725 5045 786 5100 hi
818 5045 889 5100 de
920 5043 1167 5100 ecclesia
1204 5049 1628 5114 removeantur,
1683 5049 1866 5106 donec
1920 5065 2021 5122 per

375 5134 804 5192 confessionem
839 5132 1190 5206 paenitentis:
1224 5133 1444 5189 fructus
1461 5137 1802 5192 ostendant.

377 5247 512 5303 Cap.
549 5246 669 5302 165.
694 5275 764 5286 —
793 5245 866 5300 De
894 5243 1147 5313 precibus
1173 5249 1293 5312 post
1319 5240 1740 5301 allocutionem.
1773 5251 1865 5303 Ex
1892 5265 2019 5305 con-

803 5314 941 5372 cilio
972 5313 1319 5380 Laodicensi,
1351 5330 1470 5386 cap.
1506 5316 1592 5370 19.

444 5406 606 5469 Quod
637 5409 904 5480 oporteat
933 5419 1203 5460 seorsum
1248 5401 1500 5474 primum
1535 5408 1666 5475 post
1711 5404 2018 5463 allocutio-

371 5509 504 5550 nem
536 5496 946 5570 episooporum
975 5491 1066 5550 vel
1099 5491 1576 5566 presbyterorum
1609 5493 1901 5554 orationes
1926 5514 2019 5554 su-

371 5597 474 5653 per
503 5585 950 5643 catechumenos
981 5581 1285 5654 celebrari,
1312 5587 1371 5640 et
1398 5587 1713 5656 postquam
1745 5587 2018 5644 catechu-

2251 4629 2435 4668 omnes
2464 4611 2850 4684 respondeant.
2885 4613 2969 4667 Eae
2997 4611 3230 4668 concilio
3249 4613 3656 4670 Aurelianensi.

2203 4701 2347 4756 Item
2377 4699 2774 4756 intimandum
2798 4703 2903 4761 est,
2929 4705 2991 4755 ut
3014 4700 3087 4754 ad
3112 4699 3494 4757 salutationes
3517 4705 3785 4761 sacerdo~

2132 4789 2281 4847 tales
2311 4805 2566 4862 congrue
2598 4788 3010 4862 responsiones
3041 4789 3365 4859 discantur,
3397 4791 3500 4846 ubi
3530 4809 3649 4848 non
3690 4811 3782 4850 so~

2128 4879 2252 4936 lum
2283 4878 2481 4936 clerici
2511 4883 2570 4934 et
2622 4878 2740 4933 Deo
2788 4877 2988 4947 dicati,
3030 4877 3316 4933 sacerdoti
3367 4881 3784 4950 responsiones

2129 4970 2393 5035 oﬁ'erant,
2431 4968 2532 5024 sed
2566 4967 2758 5024 omnis
2789 4965 2957 5038 plebs
2989 4983 3248 5023 consona
3275 4983 3415 5024 voce
3445 4969 3649 5027 devote
3669 4989 3787 5028 res-

2128 5058 2382 5132 pondere
2413 5057 2602 5113 debet.

2129 5157 2262 5213 CAP.
2296 5155 2420 5212 170.
2454 5187 2533 5232 —_
2557 5157 2638 5210 Ne
2663 5156 2955 5232 presbyter
3001 5153 3215 5232 relicta,
3238 5153 3484 5232 ecclesia
3527 5173 3653 5232 sua,
3677 5177 3785 5232 per

2285 5232 2479 5284 sancta
2517 5227 2631 5281 loca
2661 5225 2961 5282 discurrat.
2995 5228 3078 5281 Ea:
3105 5225 3270 5282 dictis
3300 5228 3618 5296 Augustini.

2199 5313 2675 5370 Interdicendum
2701 5318 2790 5370 est
2813 5319 2875 5370 ut
2901 5312 3096 5368 nullus
3134 5313 3442 5372 ordinatus
3470 5316 3682 5389 migret
3710 5322 3782 5377 de

2127 5424 2236 5464 sua
2267 5406 2522 5480 parcecia
2551 5407 2623 5461 ad
2658 5405 2832 5463 aliam
2867 5422 2972 5462 nec
3003 5405 3063 5459 in
3117 5403 3328 5462 limina
3373 5409 3779 5481 apostolorum

2129 5510 2305 5553 causa
2333 5494 2637 5565 orationis,
2671 5512 2790 5552 sua
2822 5494 3079 5552 ecclesia
3103 5510 3241 5551 cura
3263 5494 3558 5570 derelicta,
3585 5515 3693 5557 nec
3707 5503 3779 5558 ad

2127 5586 2412 5660 palatium
2446 5602 2624 5644 causa
2654 5583 3089 5658 interpellandi.
3116 5585 3280 5652 Quod
3304 5585 3354 5642 si
3381 5586 3608 5660 fecerit,
3632 5590 3780 5649 nihil
