3960 6072
366 341 472 397 487

1449 329 1518 380 D.
1558 324 1801 379 IVONIS
1839 320 2333 378 CARNOTENSIS
2368 315 2690 374 EPISCOPI

3672 315 3795 371 488

366 473 499 525 CAP.
539 466 658 521 182.
694 494 759 504 -
794 463 866 517 De
895 460 1082 516 eadem
1111 473 1187 512 re.
1227 460 1310 511 Ea:
1339 453 1510 525 dictis
1531 450 1710 506 sancti
1740 448 2018 504 Benedicti
2047 446 2102 515 Α
2133 444 2383 502 feminas
2413 460 2611 500 secum
2646 442 2961 500 indiscrete
3003 442 3270 499 habitare
3319 443 3697 515 permittunt,
3736 447 3801 498 et

859 531 1107 601 (Regulae
1136 542 1254 584 sua:
1281 542 1397 596 cap.
1435 523 1541 594 16).

441 624 733 698 Propheta
761 622 990 677 dicente
1022 635 1034 672 :
1078 617 1280 687 Septies
1293 618 1354 668 in
1384 614 1482 668 die
1513 610 1730 666 laudem
1759 610 1884 665 dixi
1913 609 2018 665 tibi

371 717 550 790 (Psal.
584 713 798 783 CXVIII),
833 710 932 782 qui
966 705 1335 778 septenarius
1365 705 1633 759 sacratus
1666 716 1948 755 numerus
1984 715 2018 753 a

372 788 542 861 nobis
575 803 658 858 sic
690 798 1047 870 implebitur,
1082 795 1130 850 si
1162 793 1477 861 matutino,
1528 789 1750 862 primas,
1803 788 2012 858 tertias,

372 900 568 959 sextae,
621 905 805 956 nume,
858 901 1132 956 vesperae,
1212 880 1700 953 completoriique
1750 883 2014 950 tempore

366 987 578 1039 nostrze
611 975 912 1032 servitutis
944 972 1139 1028 ofﬁcia
1167 970 1592 1042 persolvamus,
1627 968 1767 1036 quia
1817 967 1888 1021 de
1917 966 2012 1021 his

362 1071 508 1126 dixit
533 1064 821 1135 Propheta
854 1080 867 1118 :
898 1062 1103 1134 Septies
1134 1061 1194 1116 in
1214 1060 1306 1114 die
1331 1058 1554 1114 laudem
1582 1057 1706 1112 dixi
1734 1056 2012 1112 tibi.Nam

364 1160 434 1213 de
467 1152 767 1211 nocturnis
799 1150 1011 1224 vigiliis
1041 1148 1194 1204 idem
1229 1149 1351 1220 ipse
1383 1146 1672 1218 Propheta
1702 1145 1781 1200 ait
1805 1163 1818 1200 :
1840 1144 2013 1199 Media

361 1249 513 1301 nocte
553 1243 847 1314 surgebam
903 1240 973 1295 ad
1004 1237 1373 1308 conﬁtendum
1433 1235 1535 1290 tibi
1591 1234 1802 1306 (ibid).
1865 1234 2013 1306 Ergo

358 1334 452 1390 his
482 1332 846 1404 temporibus
879 1329 1203 1386 referamus
1254 1326 1458 1382 laudes
1507 1323 1761 1380 Creatori
1809 1327 2012 1379 nostro

359 1439 538 1496 super
559 1420 786 1492 judicia
809 1418 1056 1491 justitiaa
1095 1433 1234 1471 suae.

359 1535 492 1588 CAP.
533 1529 725 1583 183.—-
754 1529 815 1584 Ut
844 1526 1153 1597 presbyteri
1176 1539 1346 1592 super
1370 1538 1458 1597 eos
1477 1521 1714 1597 solliciti
1739 1520 2011 1597 sintque-

478 1617 602 1655 rum
632 1601 786 1655 bonis
810 1593 1248 1669 participantur.
1286 1597 1368 1649 Ea:
1396 1594 1557 1648 dictis
1580 1593 1892 1663 Augustini.
1956 1609 1961 1621 ·

435 1688 807 1746 Admonendi
839 1690 978 1743 sunt
1024 1683 1348 1758 presbyteri
1374 1687 1438 1738 ut
1470 1681 1836 1754 perpendant
1879 1680 2016 1752 quia

2127 539 2364 608 propter
2388 534 2496 589 hoc
2528 533 2697 588 male
2719 533 3012 605 opinionis
3035 533 3370 604 suspicione
3398 534 3793 601 denotantur;

2125 629 2192 680 ut
2221 627 2270 681 si
2302 623 2580 695 deinceps
2610 623 2895 679 admoniti
2931 639 3046 678 non
3095 639 3158 678 se
3210 621 3582 690 correxerint,
3613 621 3794 677 velut

2126 719 2556 787 contemptores
2586 717 2927 768 sanctorum
2958 711 3557 781 canonum,canonica
3586 711 3796 767 invec-

2123 805 2283 860 tione
2316 804 2621 860 feriantur.

2123 912 2258 968 CAP.
2297 913 2418 968 189.
2450 942 2519 952 —-
2553 911 2686 966 Cum
2708 911 2908 982 quibus
2924 909 3255 965 mulieribus
3280 910 3596 980 presbytero
3618 911 3790 967 habi-

2169 989 2290 1040 tare
2320 985 2504 1039 liceat.
2539 987 2624 1040 Ea:
2653 981 2885 1038 concilio
2915 981 3228 1053 .1gatlwnsi,
3261 999 3380 1054 cap.
3413 983 3445 1036 4
3481 985 3752 1054 [εαρ.10].

2194 1083 2254 1138 Id
2278 1083 2457 1138 etiam
2480 1082 2551 1137 ad
2576 1081 3019 1137 custodiendam
3044 1081 3221 1135 vitam
3237 1084 3294 1135 et
3323 1081 3540 1136 famam
3573 1086 3795 1138 nostra

2121 1172 2359 1245 speciali
2393 1171 2763 1226 ordinatione
2795 1169 3192 1242 praecipimus,
3225 1173 3290 1224 ut
3321 1169 3522 1225 nullus
3545 1171 3796 1227 clerico-

2122 1279 2254 1319 rum
2285 1267 2572 1318 extraneas
2602 1261 2681 1317 sit
2710 1259 2941 1316 mulieri
2978 1258 3238 1331 qualibet
3259 1259 3660 1316 consolatione
3685 1261 3790 1327 [αἱ.

2121 1352 2585 1422 collatione],aut
2614 1350 3011 1406 familiaritate
3034 1350 3386 1420 conjunctus
3411 1370 3425 1418 ;
3460 1354 3518 1405 et
3541 1367 3662 1405 non
3688 1367 3795 1406 εον

2118 1442 2241 1498 lum
2269 1442 2328 1497 in
2359 1442 2602 1496 domum
2633 1438 2797 1494 illius
2828 1443 3104 1494 extranea
3127 1438 3340 1494 mulier
3373 1455 3488 1494 non
3513 1440 3790 1508 accedat,

2121 1533 2222 1588 sed
2255 1530 2505 1601 necipse
2535 1529 2942 1600 frequentandi
2975 1531 3312 1584 extraneam
3345 1527 3656 1584 mulierem
3682 1529 3793 1584 ha-

2121 1621 2257 1677 beat
2288 1623 2657 1691 potestatem,
2693 1618 2793 1673 sed
2827 1633 2960 1673 cum
2995 1620 3182 1672 matre
3203 1620 3522 1686 tantum,et
3554 1634 3788 1684 sorore,

2122 1714 2179 1766 et
2204 1717 2394 1780 nepte,
2425 1708 2476 1764 si
2516 1707 2809 1778 habuerit,
2843 1710 2945 1762 aut
2965 1705 3234 1772 voluerit,
3283 1705 3532 1762 liberam
3563 1706 3790 1762 habeat

364 1779 723 1886 ίὲἸίδὲΡῖίξῘ
750 1772 2012 1886 ’ἶίῖῗῃῗέἒῗεῗῗῗῗῧἷῗιίῖῗῗρίῖῗέῗῗῗῗῖῗτῗῖῗ
2045 1821 2093 1886 Β
2121 1772 2348 1854 νίνθιίάί
2382 1772 2742 1868 Potestath
2778 1772 2897 1850 ε’ἀθ
2945 1795 3171 1886 quib“?
3220 1795 3563 1886 “0mi9ib9‘
3613 1795 3790 1851 πεῖθε

365 1871 473 1926 est.
508 1868 574 1922 Et
604 1867 730 1922 ideo
762 1882 878 1920 non
909 1863 1229 1934 glorientur
1270 1861 1490 1917 talibus
1543 1859 1880 1931 sumptibus
1905 1859 2014 1925 uti,

369 1957 471 2011 sed
497 1957 684 2028 magis
716 1955 964 2010 timeant
995 1952 1149 2022 quod
1183 1953 1240 2006 in
1290 1950 1483 2006 Veteri
1535 1950 1913 2004 Testamento
1945 1948 2017 2002 de

371 2043 778 2101 sacerdotibus
811 2043 1035 2097 dictum
1068 2045 1157 2096 est
1191 2058 1202 2094 :
1241 2039 1616 2111 lniquitatem
1674 2036 1873 2110 populi
1918 2052 2016 2092 eos

373 2134 583 2189 debere
610 2137 838 2203 portare
863 2131 1059 2202 (Levit.
1088 2147 1160 2198 x;
1197 2131 1357 2184 Num.
1390 2128 1573 2198 XVIII).
1607 2129 1675 2182 Et
1705 2127 1834 2182 ideo
1883 2143 2017 2182 cum

373 2237 586 2292 magno
621 2220 831 2275 timore
864 2235 1043 2290 super
1074 2235 1172 2274 eos
1199 2216 1436 2273 solliciti
1467 2217 1606 2281 sint,
1640 2231 1890 2286 quorum
1923 2216 2019 2270 bo-

373 2310 466 2365 nis
498 2308 715 2380 [donis]
753 2305 1347 2380 participantur.quia
1378 2321 1658 2374 magnum
1691 2304 2018 2376 periculum

296 2446 300 2450 .
372 2407 458 2454 est
483 2397 741 2468 judicem
775 2397 899 2452 fieri
931 2397 1062 2450 vita;
1086 2393 1420 2467 alienae,qui
1452 2393 1638 2450 nescit
1662 2398 1859 2448 tenere
1890 2409 2018 2448 mo-

378 2487 682 2543 deramina
709 2485 838 2542 vitae
869 2503 1009 2541 suas.

374 2580 509 2633 CAP.
549 2577 669 2632 184.
704 2607 772 2616 -
817 2577 884 2632 Ut
927 2573 1242 2645 presbyteri
1279 2573 1447 2644 juxta
1495 2571 1794 2645 ecclesiam,
1823 2571 2022 2645 [iaspi-

510 2656 717 2704 tentur.
751 2649 834 2702 Ea:
863 2644 1015 2702 conc.
1051 2645 1340 2712 Meldensi,
1373 2660 1495 2712 cap.
1530 2644 1564 2697 5
1594 2645 1740 2715 (cap.
1773 2644 1886 2713 36).

447 2737 520 2792 Ut
548 2735 871 2809 presbyteri
907 2733 1246 2790 nullatenus
1278 2732 1617 2804 ubicunque
1641 2731 1925 2803 hospitari
1952 2730 2027 2785 si-

378 2831 618 2892 nantur,
653 2830 755 2880 aut
785 2823 985 2894 aliquo
1018 2823 1192 2876 modo
1215 2821 1326 2893 ipsi
1360 2820 1848 2892 prtesumant,sed
1879 2818 2025 2875 assi-

377 2915 493 2968 due
541 2929 742 2967 omnes
793 2911 947 2982 apud
998 2909 1274 2965 ecclesias
1323 2925 1462 2963 suas
1528 2925 1657 2963 esse
1728 2908 2024 2970 studeant,

380 3006 620 3072 propter
649 3015 818 3054 sacra
845 2998 1123 3070 mysteria
1142 2999 1230 3052 vel
1263 2997 1594 3052 ministeria
1625 2996 1898 3051 ﬁdelibus
1931 3013 2027 3051 ex-

386 3089 664 3155 hibenda,
707 3103 812 3142 nec
860 3086 1034 3142 etiam
1084 3085 1224 3141 alibi
1272 3084 1536 3140 habitare
1589 3083 2027 3155 permittantur.

2124 1891 2214 1944 est
2246 1887 2405 1942 aliud
2438 1901 2618 1957 quam
2651 1888 2860 1940 natura
2891 1883 3204 1940 constituit
3232 1883 3542 1956 suspicari.

2123 2010 2261 2064 CAP.
2297 2005 2495 2058 19Ο.--
2531 2005 2592 2060 Ut
2618 2003 2850 2060 ancilla
2880 2020 2914 2056 a
2935 2002 3162 2058 cellar-io
3191 2004 3433 2072 fratrum
3460 2019 3787 2058 removean-

2270 2080 2382 2130 tur.
2416 2077 2500 2130 Ex
2527 2091 2676 2131 conc.
2711 2074 2981 2142 Itemensi,
3013 2091 3131 2144 cap.
3167 2075 3198 2127 4
3233 2077 3539 2145 (Agathens.
3573 2074 3637 2139 ι).

2201 2171 2460 2228 Ancillas
2512 2172 2603 2227 vel
2654 2170 2897 2227 libertas
2956 2188 2989 2226 a
3039 2170 3297 2240 cellario,
3341 2170 3430 2227 vel
3475 2189 3511 2226 a
3558 2175 3791 2226 secreto

2129 2261 2480 2330 ministerio,
2519 2265 2577 2316 et
2607 2260 2679 2316 ab
2713 2261 2917 2315 eadem
2952 2260 3258 2316 mansione
3288 2260 3347 2315 in
3380 2277 3496 2332 qua
3535 2259 3794 2316 clericus

2128 2356 2347 2418 manet,
2381 2349 2603 2422 placuit
2634 2349 2938 2405 removeri.

2130 2466 2266 2522 CAP.
2310 2466 2433 2522 191.
2488 2495 2559 2506 -—
2611 2467 2672 2522 Ut
2718 2465 2912 2519 nullus
2959 2464 3290 2520 clericorum
3341 2481 3467 2520 cum
3509 2467 3796 2520 extraneis

2201 2539 2428 2609 feminis
2441 2537 2634 2592 habeat
2655 2536 3227 2602 [amiliaritatemEx
3243 2537 3470 2593 concilio
3489 2539 3792 2608 Turonioo,

2201 2608 2320 2681 cap.
2353 2611 2388 2664 6
2419 2614 2586 2680 (conc.
2629 2610 2828 2663 Turon.
2864 2625 2904 2674 I,
2937 2624 2983 2662 c.
3016 2608 3091 2674 3).

2203 2700 2274 2754 Et
2321 2697 2461 2770 quia
2509 2697 2742 2752 diabolo
2794 2696 3030 2752 nullum
3114 2696 3304 2752 locum
3357 2697 3496 2752 dare
3560 2701 3796 2769 oportet

2136 2787 2482 2860 (Ephes.1v),
2514 2786 2625 2841 hoc
2676 2785 2966 2857 precipue
3018 2785 3471 2842 custodiendum
3523 2785 3791 2841 decerni-

2137 2894 2292 2947 mus,
2326 2880 2390 2930 ut
2432 2874 2578 2930 nulli
2627 2873 2973 2930 clericorum
3018 2890 3152 2929 cum
3203 2875 3497 2929 extraneis
3549 2874 3795 2930 feminis

2135 2965 2390 3021 habeant
2419 2961 2908 3029 familiaritatem,
2939 2978 3043 3018 nec
3076 2961 3264 3017 ullum
3299 2962 3450 3018 male
3505 2961 3795 3033 loquendi

2135 3058 2222 3111 vel
2255 3038 2546 3109 sentiendi
2578 3051 2922 3107 hominibus
2955 3051 3183 3106 aditum
3216 3052 3656 3122 tribuant,quia
3676 3052 3796 3107 fre-

387 3182 585 3247 Neque
615 3140 890 3232 mulieres
912 3190 1326 3246 quamcunque
1347 3140 1770 3228 habitationem
1799 3172 1895 3246 (al.
1921 3176 2027 3229 fre-
2061 3174 2104 3240 C
2143 3147 2386 3247 q‘lleﬁte.’
2412 3158 2514 3247 Per
2540 3140 2691 3240 bal“?
2720 3141 3088 3247 ίξλξίῗίξθοδθξη
3107 3142 3472 3247 ecfusio“?
3497 3140 3800 3247 ξξπηίηξίί

391 3264 852 3339 quentationem]
870 3263 1197 3318 habeantin
1214 3261 1378 3330 locis,
1395 3262 1453 3316 in
1481 3262 1699 3333 quibus
1712 3264 2032 3334 presbyteri

391 3355 646 3428 aliquem
681 3369 985 3410 recursum
1027 3351 1360 3408 habuerint.
1414 3350 1576 3416 Quod
1622 3351 1674 3406 si
1726 3352 2034 3407 observare

384 3442 865 3516 parvipenderint
897 3441 979 3496 ita
1012 3444 1076 3495 ut
1105 3445 1598 3511 transgressores,
1627 3444 1683 3495 et
1701 3441 1801 3512 qui
1832 3447 2034 3497 contra

385 3534 700 3590 interdicta
731 3531 992 3597 fecerint,
1017 3529 1382 3601 judicentur.

387 3623 521 3678 CAP.
558 3622 678 3676 185.
709 3649 780 3661 —
815 3622 877 3676 Ut
898 3619 1186 3690 presbyter
1210 3617 1263 3673 si
1292 3633 1520 3673 uxorem
1548 3617 1773 3690 duxerit
1799 3619 2035 3690 depona-

603 3702 713 3748 tur.
751 3696 834 3747 Ex
859 3689 1095 3749 concilio
1125 3689 1573 3753 Neocaesariensi,
1603 3706 1720 3760 cap.
1756 3691 1806 3747 1.

459 3781 619 3853 (Dist.
649 3782 741 3851 28,
771 3797 889 3852 cap.
923 3781 1217 3851 Presbyter
1243 3779 1294 3834 si
1323 3795 1568 3848 uxorem,
1599 3795 1720 3850 cap.
1756 3779 1867 3851 10.)
1897 3780 2032 3835 Pre-

385 3870 586 3944 sbyter
616 3869 666 3925 si
697 3885 938 3926 uxorem
970 3868 1261 3940 acceperit
1290 3867 1362 3923 ab
1390 3868 1593 3923 ordine
1624 3869 2031 3939 deponatur.Si

381 3976 516 4016 vero
548 3959 873 4015 fornicatus
897 3958 1204 4022 fuerit,aut
1221 3955 1575 4011 adulterium
1592 3958 2031 4028 perpetraverit,

383 4045 642 4118 amplius
672 4044 811 4117 pelli
842 4045 1036 4111 debet,
1069 4048 1126 4099 et
1157 4044 1228 4098 ad
1263 4043 1669 4114 paenitentiam
1702 4043 1909 4115 redigi.
1941 4043 2032 4100 Si-

385 4135 509 4191 mili
541 4135 714 4191 modo
745 4134 923 4190 etiam
949 4132 1313 4201 diaconus,si
1339 4131 1528 4186 eidem
1563 4137 1797 4202 peccato
1830 4149 2036 4189 succu-

386 4225 601 4294 buerit,
635 4225 708 4280 ab
740 4224 942 4280 ordine
976 4221 1290 4278 ministerii
1323 4220 1730 4278 subtrahatur.

389 4330 525 4386 CAP.
561 4331 683 4385 186.
714 4361 783 4370 --
813 4331 887 4385 De
915 4330 1101 4385 eadem
1131 4329 1309 4384 re.Ex
1327 4327 1558 4383 concilio
1587 4327 1954 4400 Nicserzo,cap.
1979 4331 2032 4385 3.

462 4435 618 4506 (Dist.
652 4436 741 4501 32,
773 4451 821 4489 c.
856 4435 1158 4490 lnterdixit
1185 4451 1286 4506 per
1312 4433 1548 4504 omnia.)
1582 4435 1886 4491 Interdixit
1935 4453 2038 4508 per

391 4523 591 4579 omnia
649 4537 862 4594 magna
912 4523 1171 4593 synodus
1215 4540 1332 4578 non
1391 4522 1689 4595 episcopo,
1738 4541 1853 4579 non
1903 4542 2035 4594 pre-

390 4611 769 4683 sbytero,non
802 4611 1180 4678 diacono,nec
1211 4611 1385 4668 alicui
1418 4612 1658 4669 omnino
1685 4614 1783 4684 qui
1804 4613 1862 4668 in
1887 4613 2038 4670 clero

391 4703 480 4755 est
515 4698 689 4754 licere
731 4698 1240 4755 subintroductam
1291 4701 1506 4756 habere
1547 4700 1876 4765 mulierem,
1928 4703 2041 4758 nisi

390 4788 536 4842 forte
568 4791 839 4853 matrem,
874 4792 976 4841 aut
1015 4804 1298 4853 sororem,
1350 4793 1453 4843 aut
1508 4790 1776 4858 amitam,
1825 4789 1913 4844 vel
1945 4807 2042 4846 eas

391 4882 623 4930 tantum
658 4891 940 4945 personas
965 4893 1094 4945 quae
1123 4876 1490 4947 suspiciones
1520 4876 1826 4948 eﬂ'ugiunt.

393 4963 530 5018 CAP.
567 4963 689 5018 187.
737 4993 798 5004 —
844 4966 918 5020 De
957 4964 1162 5038 eodem.
1215 4965 1563 5038 Expdecretis
1612 4966 1820 5037 Syricii
1855 4983 2042 5038 papae,

950 5051 1070 5106 cap.
1107 5037 1173 5090 12
1203 5036 1383 5107 (epist.
1420 5037 1492 5107 1).

461 5123 622 5191 (Dist.
677 5123 763 5190 18,
806 5140 852 5178 c.
901 5123 1202 5196 Feminas.)
1258 5124 1522 5181 Feminae
1571 5143 1702 5183 vero
1751 5145 1864 5183 non
1901 5127 2046 5185 alias

390 5228 522 5268 esse
556 5213 822 5283 patimur
853 5211 912 5266 in
945 5212 1222 5268 domibus
1251 5211 1622 5282 clericorum,
1657 5215 1768 5271 nisi
1797 5231 1895 5273 eas
1917 5222 2045 5272 tan-

397 5306 524 5357 tum
549 5317 700 5372 quas
722 5305 959 5372 propter
984 5300 1141 5356 solas
1161 5302 1615 5358 necessitudinis
1645 5321 1854 5360 causas
1886 5305 2048 5362 habi-

397 5394 525 5446 tare
558 5406 694 5445 cum
730 5388 941 5444 iisdem
972 5391 1235 5461 synodus
1265 5390 1497 5446 Nicena
1528 5393 1815 5462 permisit.

391 5479 522 5536 CAP.
559 5479 759 5535 188.——-
790 5479 927 5534 Item
955 5477 1022 5534 de
1051 5478 1626 5555 eodemExdecretis
1655 5481 1867 5554 Syricii
1888 5498 2050 5555 papae

980 5567 1101 5624 cap.
1133 5552 1169 5606 2
1201 5555 1341 5625 (cap.
1376 5551 1453 5624 3].

467 5637 764 5696 Statutum
812 5644 902 5698 est
952 5641 1024 5698 ab
1077 5641 1370 5715 episcopis
1417 5644 1489 5700 de
1538 5643 1923 5716 presbyteris,
1953 5644 2050 5717 qui

2145 3237 2209 3287 ut
2239 3229 2504 3286 diabolus
2533 3231 2632 3302 qui
2657 3229 2970 3284 insidiatur
2992 3229 3146 3285 sicut
3173 3229 3262 3285 leo
3289 3230 3347 3284 in
3379 3228 3560 3284 cubili
3592 3246 3702 3285 suo
3727 3231 3798 3285 de

2143 3320 2333 3376 ruinis
2355 3336 2656 3374 servorum
2687 3318 2787 3374 Dei
2821 3317 3079 3373 insultet.
3117 3319 3176 3374 Si
3211 3318 3344 3390 quis
3375 3334 3512 3373 vero
3542 3317 3796 3374 clericus

2143 3413 2276 3481 post
2304 3408 2681 3463 interdictum
2714 3407 2972 3479 episcopi
3020 3406 3112 3462 sui
3166 3407 3260 3462 his
3314 3406 3594 3462 inhaarere
3644 3423 3792 3478 prae-

2140 3497 2464 3569 sumpserit
2487 3495 2729 3568 [illicitis
2753 3495 3256 3552 familiaritatibus
3274 3500 3686 3551 extranearum
3712 3496 3791 3552 fe-

2143 3587 2486 3656 minarum],
2520 3603 2553 3640 a
2581 3585 2997 3641 communione
3029 3584 3316 3640 habeatur
3346 3583 3598 3640 alienus.

2140 3704 2274 3760 CAP.
2309 3703 2430 3759 192.
2462 3733 2533 3742 —
2563 3703 2635 3758 De
2663 3702 2852 3757 eadem
2902 3718 2983 3755 re.
3022 3707 3103 3757 Ex
3148 3702 3378 3757 concilio
3427 3703 3794 3771 Nanneiensi,

2711 3790 2829 3844 cap.
2867 3773 2932 3827 1O
2963 3773 3106 3844 [cap.
3139 3773 3218 3844 3].

2206 3863 2595 3918 Inhibendum
2609 3866 2684 3929 ,et
2698 3861 2888 3916 modis
2900 3861 3178 3916 omnibus
3193 3859 3698 3916 interminandum
3714 3865 3804 3916 est

2144 3955 2209 4006 ut
2236 3950 2438 4007 nullus
2467 3950 2742 4007 sacerdos
2773 3967 2873 4006 eas
2904 3966 3190 4021 personas
3230 3950 3586 4005 feminarum
3621 3950 3801 4021 (sicut

2141 4045 2200 4096 et
2230 4040 2286 4094 in
2321 4056 2545 4095 canone
2575 4040 2868 4095 insertum
2915 4039 3273 4109 continetur)
3321 4039 3393 4093 de
3445 4036 3668 4108 quibus
3695 4054 3800 4092 su-

2144 4128 2327 4199 spicio
2360 4145 2488 4184 esse
2511 4133 2722 4199 potest,
2755 4129 2813 4183 in
2847 4128 3022 4182 domo
3055 4143 3162 4182 sua
3190 4126 3441 4194 habeat;
3475 4126 3580 4181 sed
3612 4143 3802 4198 neque

2143 4215 2298 4285 illas,
2334 4233 2483 4287 quas
2511 4231 2766 4270 canones
2793 4216 3148 4284 concedunt,
3198 4218 3470 4280 matrem,
3529 4214 3795 4284 amitam,

2145 4304 2572 4375 sororem,quia
2601 4303 2888 4375 intiganle
2914 4303 3148 4358 diabolo
3167 4303 3343 4358 etiam
3369 4303 3427 4357 in
3460 4301 3581 4357 illis
3608 4302 3800 4358 scelus

2144 4393 2480 4464 frequenter
2511 4396 2909 4464 perpetratum
2944 4391 3250 4463 reperitur,
3274 4397 3376 4445 aut
3404 4391 3584 4446 etiam
3618 4391 3677 4446 in
3705 4408 3799 4462 pe-

2147 4481 2446 4553 dissequis
2479 4480 2856 4536 illarum.Sed
2885 4479 2934 4535 si
2967 4481 3099 4551 quis
3116 4480 3188 4534 de
3211 4479 3301 4534 his
3334 4479 3799 4535 habuerittalem

2068 4552 2113 4616 Ῐ)
2147 4552 2556 4626 necessitatem
2594 4568 3035 4640 patientem,cui
3069 4568 3494 4623 sitnecessaria
3515 4574 3804 4623 sustenta-

2153 4658 2234 4713 tio
2272 4657 2619 4729 presbyteri,
2653 4657 2869 4712 habeat
2897 4655 2956 4709 in
2989 4655 3115 4711 vico
3147 4660 3248 4711 aut
3285 4656 3342 4711 in
3374 4655 3516 4711 villa
3562 4657 3800 4712 domum

2155 4746 2328 4817 longe
2360 4762 2394 4800 a
2423 4744 2746 4817 presbyteri
2774 4745 3241 4810 conversatione,
3272 4748 3328 4799 et
3355 4743 3438 4800 ibi
3468 4743 3556 4800 eis
3578 4743 3801 4800 submi-

2154 4834 2366 4889 nistret
2396 4850 2522 4905 quas
2548 4833 2883 4888 necessaria
2907 4833 3182 4889 sunt.Sed
3216 4833 3326 4888 hoc
3351 4833 3677 4888 secundum
3702 4849 3799 4888 au-

2154 4923 2481 4979 ctoritatem
2513 4939 2804 4978 canonum
2841 4922 3032 4977 modis
3063 4921 3339 4977 omnibus
3371 4921 3801 4993 prohibendum

2155 5017 2220 5067 ut
2249 5011 2412 5067 nulla
2443 5011 2661 5065 femina
2691 5011 2762 5064 ad
2795 5009 2977 5066 altare
3011 5015 3330 5083 praesumat
3376 5011 3676 5077 accedere,
3710 5015 3808 5066 aut

2157 5100 2496 5172 presbytero
2529 5098 2885 5166 ministrare,
2918 5103 3020 5154 aut
3045 5099 3199 5155 infra
3229 5097 3520 5156 cancellos
3538 5104 3693 5156 stare
3711 5104 3807 5155 aut

2157 5189 2378 5245 sedere.

2159 5305 2294 5360 CAP.
2335 5305 2454 5360 193.
2487 5334 2552 5344 —-
2589 5305 2661 5359 De
2693 5305 3162 5360 incontinentibus
3191 5304 3435 5360 clericis.
3469 5305 3554 5361 Ea:
3580 5306 3804 5362 canoni-

2583 5374 2680 5430 bus
2711 5376 3111 5448 apostolorum,
3143 5392 3261 5448 cup.
3297 5379 3390 5430 22.

2167 5497 2172 5503 -
2230 5464 2310 5518 De
2342 5463 2697 5536 presbyteris
2738 5469 2794 5519 et
2839 5465 3187 5520 diaconibus
3235 5463 3572 5520 divinarum
3619 5465 3808 5536 legum

2161 5555 2253 5610 est
2284 5551 2619 5626 disciplina,
2654 5557 2720 5608 ut
2760 5553 3200 5610 incontinentes
3244 5554 3303 5609 in
3353 5553 3563 5611 ofﬁciis
3596 5554 3808 5612 talibus

2162 5641 2343 5716 positi
2370 5642 2530 5699 omni
2555 5642 2775 5700 honore
2797 5643 3189 5702 ecclesiastico
3205 5643 3591 5717 priventur,et
3613 5645 3682 5703 ad
3703 5645 3814 5703 tale
