3994 6052
228 336 335 389 489

1302 340 1614 394 DECRETI
1652 332 1837 387 PARS
1871 330 1969 381 VI.
2000 355 2066 365 —
2094 330 2191 382 DE
2229 330 2572 388 CLERICIS.

3536 349 3641 403 400

227 462 623 517 ministerium
658 478 772 517 non
804 461 1185 535 recipiantur,
1218 464 1373 535 quod
1415 462 1540 518 sola
1571 459 1879 517 coutinen-
1910 460 1965 525 Α
2066 459 2662 545 ςφςξεδαίξλααιιαςραξξ.
2691 463 2774 516 Ea:
2793 462 3022 545 decretis
3044 466 3234 521 Leonis
3258 484 3420 542 papae
3449 475 3570 545 (Leo
3602 481 3646 543 Ι,

223 550 307 607 tia
335 555 563 623 oportet
592 551 848 623 impleri.

452 648 586 705 CAP.
624 651 746 705 194.
779 681 848 690 —
878 651 954 705 De
982 649 1174 705 eadem
1203 666 1280 706 re.
1315 652 1398 705 Ex
1428 648 1651 704 eisdem.

298 739 580 794 Praeterea
611 740 767 811 quod
801 740 1044 811 dignum
1074 744 1129 795 et
1160 740 1535 812 pudicum,et
1564 738 1878 792 honestum

224 843 323 883 eos
354 832 551 884 tenere
585 828 843 884 Ecclesia
873 829 1111 885 omnino
1143 830 1333 897 debet,
1369 832 1433 883 ut
1464 827 1792 883 sacerdotes
1824 827 1881 879 et

222 917 411 973 levitas
440 935 573 973 cum
607 917 956 973 mulieribus
988 934 1103 973 non
1136 922 1361 988 coeant,
1394 918 1533 988 quia
1564 913 1879 971 ministerii

226 1007 551 1080 quotidiani
585 1007 1037 1064 necessitatibus
1062 1005 1743 1078 occupantur.Scriptum
1768 1007 1877 1058 est:

225 1098 415 1153 Sancti
469 1102 658 1165 estote,
697 1098 961 1168 quoniam
1008 1113 1105 1167 ego
1162 1100 1384 1154 sanctus
1442 1112 1566 1150 sum
1621 1094 1879 1149 Dominus

218 1188 360 1242 Deus
391 1192 567 1242 vester
594 1189 740 1255 (Lev.
784 1203 867 1254 x1,
897 1202 1015 1257 xIx,
1047 1185 1165 1257 xx).

221 1294 355 1351 CAP.
391 1294 513 1349 195.
545 1323 615 1333 -
674 1297 754 1348 De
807 1294 1027 1349 clericis
1082 1308 1313 1347 usuram
1378 1291 1745 1359 exigentibus.
1798 1289 1879 1344 Ex

574 1365 806 1421 concilio
835 1365 1173 1420 Nannetensi
1201 1364 1339 1434 (cap.
1379 1364 1520 1432 195).

291 1462 506 1534 (Apost.
561 1478 683 1517 can.
744 1462 836 1532 43,
892 1461 1019 1517 dist.
1087 1461 1176 1530 47,
1234 1479 1281 1516 c.
1341 1460 1686 1531 Episcopus.)
1744 1456 1876 1528 Epi-

218 1568 457 1623 scOpus,
490 1551 811 1623 presbyter,
846 1554 946 1607 aut
976 1551 1260 1606 diaconus
1293 1565 1502 1605 usuras
1535 1566 1568 1603 a
1597 1546 1876 1602 debitori-

218 1642 331 1698 bus
362 1642 622 1715 exigens,
653 1646 754 1698 aut
784 1642 1033 1709 desinat,
1066 1644 1167 1696 aut
1197 1644 1352 1697 certe
1384 1641 1717 1695 damnetur.

2064 526 2225 596 epist.
2258 527 2350 594 90,
2384 530 2454 583 ad
2486 526 2765 587 Rusticum
2793 536 2980 606 episc.)

2060 615 2160 686 (De
2187 632 2333 671 cons.
2359 616 2491 673 dist.
2520 620 2610 685 45,
2634 637 2679 675 c.
2711 623 3002 694 Qualitas.)
3022 626 3281 690 Qualitas
3301 630 3442 687 lucri
3467 652 3645 708 nego-

1987 702 2227 760 tiantem
2260 713 2361 760 aut
2392 714 2652 776 excusat,
2685 716 2787 766 aut
2825 714 3036 783 arguit,
3072 717 3210 786 quia
3241 724 3329 775 est
3358 702 3643 783 honestus

1989 797 2249 862 quaestus
2276 799 2333 850 et
2348 798 2558 867 turpis.
2576 800 2984 857 Verumtamen
3009 807 3311 875 poenitenti
3335 812 3538 869 utilius
3556 821 3645 871 est

1988 880 2663 975 dispendiapati,quam
2697 890 2971 958 periculis
3004 896 3333 963 negationis
3367 902 3639 975 astringi,

1988 970 3645 1058 quiadifﬁcileest,interementisvendentisquecommers

1989 1059 2167 1123 cium,
2192 1078 2308 1117 non
2341 1062 2691 1120 intervenire
2724 1074 3044 1136 peccatum.

1986 1151 2120 1202 CAP.
2153 1150 2277 1205 203.
2311 1182 2377 1192 —
2410 1154 2476 1233 .Ut
2506 1154 2693 1233 nullus
2722 1158 3082 1233 ecclesiastici
3123 1162 3357 1231 ordinis,
3386 1168 3644 1225 tabernas

2396 1226 2759 1292 ingrediatur.
2798 1231 2881 1283 Ere
2907 1229 3069 1285 dictis
3092 1234 3227 1304 Aug.

2057 1311 2362 1368 Canonum
2394 1319 2613 1371 statuta
2635 1317 2944 1387 prohibent
2966 1324 3028 1375 ut
3047 1322 3247 1379 nullus
3262 1327 3644 1385 ecclesiastici

1987 1400 2230 1490 ordinis,
2256 1405 2528 1458 sumendi
2561 1406 2674 1459 cibi
2707 1411 2809 1461 aut
2839 1412 3011 1478 potus
3033 1426 3231 1479 causa,
3250 1414 3361 1470 nisi
3387 1422 3643 1490 peregri-

1986 1488 2243 1545 nationis
2277 1492 2623 1549 necessitate
2654 1496 3016 1567 compulsus,
3043 1501 3314 1559 tabernas
3347 1488 3641 1578 ingredia-

1983 1590 2082 1639 tur
2126 1586 2376 1657 [ingredi
2424 1588 2675 1662 habeat].
2705 1594 2812 1647 Sed
2849 1594 2898 1648 si
2931 1594 3146 1665 aliquis
3178 1598 3299 1655 haec
3331 1601 3642 1661 interdicta

1983 1674 2301 1763 violaverit,
2325 1682 2391 1733 ut
2411 1684 2744 1735 sanctorum
2768 1699 3059 1739 canonum
3081 1692 3466 1763 contemptor,
3484 1710 3640 1749 acer-

217 1753 352 1805 CAP.
404 1750 527 1805 196.
577 1777 647 1791 -—
705 1750 777 1804 De
835 1748 1025 1841 eadem
1081 1763 1171 1841 re;
1210 1752 1296 1803 Ex
1362 1748 1596 1804 concilio
1652 1747 1876 1803 Nicaeno
1906 1834 1945 1841 _
1985 1762 2150 1819 rimis
2182 1766 2532 1838 corripiatur
2561 1769 2910 1841 disciplinis.

900 1821 1040 1893 (cap.
1092 1820 1197 1884 17).

291 1910 449 1982 (Dist.
482 1911 571 1981 47,
603 1926 649 1966 c.
685 1910 955 1978 Quoniam
981 1909 1190 1980 multi.)
1222 1907 1508 1973 Quoniam
1540 1904 1711 1962 multi
1759 1906 1869 1961 sub

219 2000 424 2073 regula
456 1998 760 2055 constituti
804 1997 1109 2055 avaritiam
1143 2001 1198 2052 et
1230 1996 1423 2069 turpia
1453 1997 1617 2051 lucra
1644 1999 1872 2051 sectan-

219 2095 335 2157 tur,
361 2089 644 2161 oblitique
667 2088 874 2143 divina:
897 2086 1210 2159 Scriptura:
1233 2087 1511 2142 dicentis:
1554 2086 1667 2157 Qui
1712 2101 1869 2145 oecu-

219 2182 372 2235 niam
400 2195 562 2235 suam
590 2195 699 2233 non
728 2177 885 2232 dedit
919 2177 989 2232 ad
1020 2194 1248 2231 usuram
1296 2176 1479 2247 (Psal.
1526 2179 1638 2244 xxv)
1670 2190 1682 2228 :
1741 2191 1869 2229 mu-

215 2274 385 2324 tuum
411 2270 617 2324 dantes
637 2266 1022 2323 centesimam
1047 2266 1469 2338 exiguntJuste
1493 2264 1722 2319 censuit
1742 2280 1873 2319 san-

217 2363 309 2413 cta
338 2363 398 2412 et
426 2374 642 2428 magna
672 2356 951 2428 synodus,
989 2358 1053 2410 ut
1090 2354 1141 2409 si
1190 2354 1323 2425 quis
1373 2354 1645 2409 inventus
1696 2352 1872 2408 fuerit

216 2452 350 2519 post
380 2447 532 2502 hanc
564 2445 976 2501 difﬁnitionem
1010 2460 1223 2499 usuras
1247 2442 1565 2514 accipiens,
1590 2446 1690 2497 aut
1709 2441 1870 2497 adin-

213 2537 489 2592 ventione
516 2535 736 2606 aliqua,
757 2533 843 2589 vel
867 2532 1127 2604 quolibet
1150 2533 1318 2587 modo
1342 2532 1641 2602 negotium
1663 2530 1870 2586 transi-

219 2642 394 2697 gens,
455 2631 558 2680 aut
615 2623 919 2689 hemiolia,
978 2622 1035 2676 id
1094 2626 1214 2687 est,
1273 2620 1550 2692 sexcupla
1609 2620 1870 2691 exigens,

219 2713 313 2768 vel
343 2713 563 2783 aliquid
596 2712 712 2768 tale
744 2728 985 2783 prorsus
1014 2710 1349 2783 excogitans
1372 2710 1560 2780 turpis
1579 2708 1727 2764 lucri
1748 2726 1874 2779 gra-

222 2804 302 2859 tia
332 2804 379 2875 (Ι
407 2804 528 2857 Cor.
562 2809 634 2870 v),
667 2801 978 2871 dejiciatur
1000 2816 1033 2855 a
1054 2799 1228 2869 clero,
1253 2803 1310 2853 et
1341 2797 1568 2854 alienus
1600 2798 1808 2853 existat
1838 2814 1872 2852 a

222 2891 448 2963 regula.

221 2991 354 3045 CAP.
390 2988 514 3043 197.
538 3016 606 3029 —
639 2988 772 3042 Item
818 2986 882 3042 de
929 2985 1119 3041 eadem
1149 3000 1225 3039 re.
1260 2986 1342 3039 Ex
1387 2985 1619 3041 concilio
1669 2986 1868 3040 Tarra-

502 3060 747 3124 conensi,
776 3074 897 3130 cap.
930 3059 965 3111 2
990 3059 1111 3128 (sub
1147 3056 1475 3128 Hormisda).

284 3150 396 3220 (14,
423 3166 475 3219 q.
505 3149 558 3213 4,
579 3164 626 3202 c.
653 3150 975 3215 Canonum.)
1001 3145 1348 3216 Quicunque
1378 3160 1505 3200 esse
1534 3142 1782 3199 voluerit
1802 3144 1859 3199 in

209 3238 388 3304 clero,
423 3237 653 3293 emendi
695 3236 868 3291 vilius
900 3241 956 3291 et
984 3233 1374 3290 venundandi
1421 3233 1615 3289 carius
1664 3233 1860 3289 studio

210 3344 328 3382 non
362 3331 581 3381 utatur.
616 3325 777 3389 Quod
809 3328 962 3380 certe
1006 3323 1057 3379 si
1105 3322 1355 3379 voluerit
1384 3337 1668 3390 exercere,
1702 3322 1865 3378 cohi-

211 3417 424 3471 beatur
452 3433 484 3470 a
516 3414 691 3470 clero.

212 3516 345 3570 CAP.
381 3514 503 3568 198.
535 3544 606 3554 -
633 3517 769 3568 Item
816 3513 888 3567 de
933 3510 1137 3567 eodem.
1173 3512 1255 3565 Ea:
1300 3509 1534 3566 concilio
1580 3508 1863 3579 Agatensi,

704 3600 827 3654 cap.
864 3585 887 3638 1
924 3584 1067 3655 (can.
1100 3583 1153 3650 3,
1185 3599 1231 3637 c.
1266 3581 1372 3653 16).

288 3675 400 3743 (14,
430 3690 481 3744 q.
515 3674 567 3738 4,
602 3690 647 3727 υ.
681 3673 921 3741 Nullus.)
954 3673 1099 3727 Item
1134 3670 1370 3742 placuit,
1406 3673 1470 3725 ut
1517 3668 1765 3725 clericus
1814 3670 1864 3725 si

214 3762 676 3820 commodaverit
698 3760 1345 3833 pecuniam,pecuniam
1366 3759 1629 3830 accipiat;
1657 3759 1704 3813 si
1728 3776 1864 3830 spe-

212 3853 387 3917 ciem,
420 3851 686 3906 eamdem
718 3850 994 3921 speciem,
1020 3856 1305 3920 quantum
1340 3848 1561 3903 dederit
1594 3847 1861 3918 accipiat.

214 3962 341 4014 CAP.
378 3958 495 4015 199.
531 3985 596 3997 -
625 3959 690 4014 Ut
712 3957 1019 4027 presbyteri
1057 3955 1237 4026 plebes
1282 3954 1394 4027 sibi
1406 4025 1412 4027 _
1437 3956 1747 4008 commissas
1795 3955 1862 4009 ab

284 4031 474 4084 usuris
502 4025 775 4083 abstinere
808 4025 1064 4083 doceant.
1084 4028 1169 4082 Ea:
1214 4025 1445 4082 concilio
1476 4026 1863 4080 Aurelianensi

286 4101 659 4170 [Arelatensi],
694 4116 814 4170 cap.
846 4100 936 4153 36.

287 4190 359 4246 Ut
389 4188 709 4261 presbyteri
745 4205 777 4242 a
808 4187 1081 4258 turpibus
1111 4185 1290 4241 lucris
1319 4189 1375 4240 et
1406 4186 1601 4241 usuris
1634 4202 1747 4240 non
1772 4202 1862 4241 so-

211 4278 338 4333 lum
366 4278 476 4348 ipsi
499 4277 1075 4343 abstineant,verum
1094 4275 1269 4330 etiam
1288 4274 1487 4345 plebes
1518 4274 1630 4330 sibi
1662 4274 1859 4330 subdi-

209 4372 303 4421 tas
335 4366 627 4421 abstinere
654 4365 970 4419 instruant.

212 4466 343 4519 CAP.
374 4464 500 4519 200.
528 4494 597 4503 ——
629 4463 772 4531 Quid
816 4464 890 4516 sit
940 4476 1131 4516 usura.
1166 4461 1258 4513 Ea:
1287 4460 1518 4515 concilio
1569 4459 1859 4529 Carthagi-

480 4536 653 4602 nensi,
681 4550 800 4604 cap.
839 4534 902 4587 13
937 4536 1111 4600 (conc.
1144 4532 1298 4602 Agat.
1332 4547 1452 4601 cap.
1486 4531 1591 4601 16).

286 4624 398 4694 (14,
432 4640 483 4695 q.
516 4624 568 4690 3,
600 4638 649 4678 c.
681 4622 853 4678 Usura
883 4620 1007 4691 est.)
1038 4619 1227 4675 Usura
1255 4623 1343 4674 est
1374 4618 1473 4673 ubi
1508 4618 1639 4689 plus
1671 4618 1859 4689 requi-

212 4713 365 4768 ritur
394 4727 570 4783 quam
603 4714 791 4767 datur.
815 4709 987 4765 Verbi
1018 4708 1242 4781 gratia:
1275 4707 1326 4763 si
1374 4707 1603 4763 dederis
1647 4706 1864 4763 solidos

212 4804 514 4866 decem,et
544 4799 796 4870 amplius
828 4797 1190 4869 requisieris,
1214 4795 1299 4852 vel
1330 4797 1562 4851 dederis
1588 4797 1864 4852 frumenti

214 4891 479 4947 modium
512 4904 717 4953 unum,
749 4892 806 4941 et
835 4902 1012 4958 super
1044 4885 1268 4956 aliquid
1300 4885 1579 4956 exegeris.

213 4994 350 5045 CAP.
381 4988 507 5043 201.
542 5018 609 5027 —
646 4990 724 5040 De
771 4984 962 5038 eadem
1011 4999 1089 5039 re.
1124 4985 1204 5038 Ea,
1250 4982 1480 5038 decretis
1522 4982 1661 5039 Julii

631 5057 910 5111 usurariis
938 5055 1143 5123 missis,
1171 5071 1291 5126 cap.
1327 5055 1448 5110 131.

287 5150 399 5217 (14,
432 5164 482 5220 q.
503 5148 556 5216 4,
577 5163 624 5201 c.
650 5144 1011 5216 Quicunque.)
1046 5144 1388 5215 Quicunque
1419 5144 1575 5198 enim
1608 5146 1866 5215 tempore

214 5237 431 5293 messis
461 5235 547 5289 vel
578 5233 908 5298 vindemiae,
942 5249 1057 5287 non
1089 5233 1458 5299 necessitate,
1491 5232 1588 5287 sed
1631 5236 1869 5302 pr0pter

214 5326 624 5398 cupiditatem,
662 5325 965 5392 comparat
1003 5337 1297 5376 annonam
1327 5320 1417 5376 vel
1446 5322 1673 5385 vinum,
1704 5320 1864 5375 verbi

212 5414 499 5487 gratia.de
517 5412 749 5467 duobus
771 5410 1027 5465 denariis
1051 5415 1352 5480 comparat
1374 5410 1635 5464 modium
1657 5426 1863 5477 unum,

213 5510 273 5562 et
302 5507 495 5561 servat
524 5515 711 5571 usque
742 5499 883 5554 dum
914 5500 1282 5553 venundetur
1310 5499 1567 5553 denariis
1615 5504 1867 5569 quatuor

217 5600 319 5651 aut
350 5608 471 5659 sex,
508 5592 608 5646 aut
636 5586 915 5659 amplius,
946 5585 1055 5641 hoc
1087 5591 1251 5659 turpe
1285 5586 1510 5642 lucrum
1542 5587 1812 5642 dicimus.

215 5702 350 5757 CAP.
383 5700 511 5755 202.
543 5725 610 5738 —
642 5693 801 5763 Quod
857 5693 1095 5764 qualitas
1153 5694 1315 5764 lucri,
1346 5695 1712 5765 negotiantem
1768 5698 1866 5749 aut

541 5824 803 5882 PATROL.
850 5820 1048 5881 CLXI.

1705 4997 1867 5054 Ραρέθ

1906 1834 1952 1900 Β
1984 1851 2118 1907 CAP.
2150 1855 2274 1910 204.
2308 1834 2376 1895 :—
2406 1858 2691 1941 De_eadem
2716 1834 2807 1941 λος.
2930 1865 3163 1920 concilio
3189 1867 3633 1941 Carthaginensi,

2289 1943 2414 1997 cap.
2440 1930 2510 1982 25
2539 1935 2705 1995 (conc.
2745 1932 2896 1987 Cari.
2933 1951 3017 2000 ιιι,
3050 1952 3171 2007 cap.
3204 1940 3319 2009 27).

2050 2014 2211 2083 (Dist.
2247 2017 2335 2082 44,
2364 2033 2410 2071 c.
2446 2017 2647 2073 Clerici
2692 2022 2938 2093 edendi.)
2970 2024 3042 2079 Ut
3072 2025 3263 2082 clerici
3296 2030 3506 2085 edendi
3537 2032 3626 2088 vel

1980 2103 2219 2158 bibendi
2246 2121 2423 2160 causa
2452 2107 2725 2164 tabernas
2756 2127 2869 2165 non
2904 2112 3448 2188 ingrediantur,nisi
3476 2136 3639 2191 pere-

1978 2192 2330 2262 grinationis
2361 2196 2710 2253 necessitate
2741 2202 3051 2270 compulsi.

1977 2282 2111 2336 CAP.
2143 2284 2269 2336 205.
2302 2312 2370 2323 —-
2398 2285 2530 2339 Item
2558 2284 2625 2339 de
2652 2287 2864 2369 eodem;
2885 2291 2976 2369 _Ex
3013 2294 3246 2349 concilio
3293 2297 3634 2369 Laodicensi,

2674 2375 2794 2429 cap.
2835 2360 2925 2415 24.

2048 2440 2214 2511 (Dist.
2250 2441 2335 2495 44.
2368 2458 2415 2497 c.
2447 2445 2567 2499 Non
2604 2448 2862 2518 oportet.)
2895 2449 3056 2511 Quod
3090 2469 3203 2507 non
3236 2461 3501 2524 oporteat
3532 2475 3630 2513 sa—

1979 2545 2075 2583 cro
2108 2529 2434 2585 ministerio
2465 2532 2695 2589 deditos
2714 2552 2747 2589 a
2766 2538 3120 2608 presbyteris
3141 2558 3327 2613 usque
3346 2547 3415 2599 ad
3436 2547 3629 2602 diaco-

1979 2635 2105 2683 nos,
2139 2625 2197 2673 et
2246 2619 2538 2690 reliquum
2598 2623 3065 2683 ecclesiasticum
3118 2631 3403 2702 ordinem,
3438 2634 3495 2687 id
3542 2639 3634 2690 est

1980 2724 2166 2779 usque
2215 2710 2285 2763 ad
2336 2710 2751 2778 subdiaconus,
2786 2713 3051 2785 lectores,
3084 2724 3375 2790 cantores,
3408 2724 3631 2779 exorci-

1978 2800 2119 2861 stas,
2166 2796 2434 2852 ostiarios
2466 2802 2523 2853 et
2547 2816 2615 2854 ex
2665 2817 2908 2858 numero
2959 2807 3385 2865 continentium
3417 2819 3471 2867 et
3503 2829 3627 2867 n.0-

1979 2884 2325 2954 nachorum,
2358 2885 2585 2957 ingredi
2615 2890 2913 2949 tabernas.

1978 2970 2112 3026 CAP.
2146 2973 2272 3028 206.
2296 3004 2373 3047 7—-
2418 2977 2484 3047 iUt
2531 2979 2727 3047 quibus
2781 2982 3003 3037 licentia
3057 2986 3304 3042 nubendi
3359 3005 3471 3045 non
3522 3000 3599 3046 est

2144 3046 2366 3115 nuptias
2394 3037 2646 3104 devitent.
2682 3055 2767 3107 Ex
2794 3056 3021 3123 epistola
3050 3037 3469 3131 Lee-niihil;
3522 3037 3595 3046 Μ
3617 3037 3630 3059 ’

2048 3132 2271 3195 Quibus
2301 3135 2535 3191 licentia
2566 3154 2773 3194 uxores
2805 3141 3056 3199 ducendi
3105 3163 3221 3202 non
3261 3153 3368 3217 est,
3404 3151 3628 3207 aliena-

1975 3237 2106 3276 rum
2138 3223 2477 3293 nuptiarum
2509 3226 2727 3282 evitent
2757 3231 3036 3287 convivia.

1976 3313 2106 3366 CAP.
2141 3312 2375 3395 2071—:
2401 3315 2465 3369 Ut
2510 3320 2792 3395 presbyter
2825 3321 3036 3389 bigami
3063 3326 3276 3395 nuptiis
3305 3342 3416 3381 non
3447 3331 3624 3384 inter-

2206 3386 2280 3437 sit
2334 3386 2415 3439 Erc
2443 3388 2672 3443 concilio
2704 3386 3151 3457 Neocw'sariensi;
3183 3413 3305 3465 cap.
3337 3401 3391 3453 7.

2048 3469 2155 3540 (13,
2187 3488 2262 3541 q.,
2295 3488 2340 3528 ο.
2374 3474 2449 3528 De
2476 3476 2562 3530 his
2593 3478 2731 3548 qui.)
2764 3479 3174 3554 Presbyterum
3199 3486 3259 3540 in
3283 3488 3506 3559 nuptiis
3540 3490 3626 3544 bi-

1974 3559 2134 3629 gami
2165 3561 2450 3630 prandere
2480 3580 2593 3618 non
2628 3568 2918 3638 convenit,
2951 3572 3088 3640 quia
3116 3590 3250 3628 cum
3284 3578 3626 3647 pmnitentia

1976 3647 2249 3718 bigamus
2267 3655 2448 3720 egeat,
2476 3652 2609 3722 quis
2637 3654 2747 3708 erit
2768 3658 3092 3730 presbyter,
3116 3663 3215 3732 qui
3237 3670 3475 3736 propter
3492 3684 3627 3722 con-

1973 3736 2211 3805 vivium,
2233 3737 2448 3793 talibus
2481 3742 2703 3811 nuptiis
2735 3745 2923 3814 possit
2956 3749 3209 3817 praebere
3240 3758 3629 3811 consensum?

1974 3826 2263 3915 ΟΑΡῙξΟΒ.
2294 3856 2366 3915 τι
2397 3829 2460 3884 Ut
2489 3831 2817 3915 presbgteri,
2848 3838 2901 3889 et
2930 3835 3177 3915 diaconi,
3209 3848 3263 3915 et
3280 3845 3495 3915 reliqui
3520 3848 3627 3899 rte-

2044 3908 2513 3985 ricinuptiarum
2558 3908 2753 3985 euitent
2802 3908 3072 3985 convivia.
3104 3911 3186 3964 Ea:
3230 3908 3627 3985 dictis'Augu-

2041 3971 2177 4023 stini
2206 3971 2379 4041 (conc.
2417 3972 2617 4027 Veneti.
2654 3992 2690 4041 1,
2719 3992 2763 4031 c.
2802 3978 2888 4041 11,
2919 3984 2970 4034 et
2998 3982 3154 4051 Agat.
3187 3999 3234 4037 c.
3269 3986 3379 4057 39).

2043 4057 2219 4126 (Dist.
2282 4060 2373 4127 34,
2432 4076 2477 4114 c.
2537 4066 2905 4137 Presbyteri.)
2964 4070 3313 4141 Presbyteri,
3369 4072 3621 4142 diaconi,

1969 4146 2055 4200 vel
2112 4148 2503 4217 (subdiaconi,
2542 4154 2706 4221 orig.)
2762 4154 3037 4225 deinceps
3096 4158 3309 4226 quibus
3368 4162 3620 4217 ducendi

1969 4251 2179 4291 uxores
2209 4252 2325 4290 non
2357 4243 2445 4292 est
2473 4237 2723 4306 licitum,
2743 4240 2916 4296 etiam
2937 4241 3259 4300 alienarum
3281 4250 3618 4319 nuptiarum

1969 4322 2184 4377 evitent
2214 4324 2492 4389 convivia,
2528 4343 2715 4396 neque
2764 4328 2855 4383 his
2906 4332 3150 4388 cantibus
3181 4335 3621 4393 admisceantur

1969 4410 2067 4465 ubi
2098 4411 2383 4467 amatoria
2414 4418 2742 4485 cantantur,
2776 4420 2834 4471 et
2868 4420 3059 4489 turpia
3088 4423 3488 4492 carmina,aut
3519 4430 3620 4481 ob-

1969 4500 2127 4553 sceni
2160 4503 2353 4578 motus
2382 4516 2689 4571 corporum
2724 4504 2920 4561 choris
2948 4509 3042 4575 [al.
3078 4509 3326 4583 choreis]
3358 4518 3415 4568 et
3444 4515 3623 4571 salta-

1894 4570 1938 4634 D
1972 4587 2232 4643 tionibus
2265 4588 2606 4658 atteruntur,
2643 4608 2713 4647 ne
2763 4594 2998 4651 auditus
3049 4602 3106 4652 et
3153 4566 3394 4657 obtutus
3438 4606 3622 4659 sacris

1975 4675 2267 4747 mysteriis
2311 4677 2408 4747 [aL
2443 4677 2806 4748 ministeriis]
2861 4684 3143 4755 deputati,
3174 4690 3435 4760 turpium
3487 4709 3624 4764 spe-

1975 4764 2336 4820 ctaculorum
2356 4770 2531 4837 atque
2546 4768 2853 4824 verborum
2888 4775 3231 4846 contagione
3262 4778 3621 4849 polluantur.

1974 4857 2107 4909 CAP.
2125 4855 2250 4909 209.
2272 4885 2337 4895 —
2372 4855 2446 4909 De
2474 4855 2771 4942 ead‘einnre.
2806 4860 2888 4913 Ea:
2916 4860 3147 4942 decretis
3175 4866 3404 4922 Martini
3427 4886 3622 4942 paper,

2418 4942 2535 4998 cap.
2566 4928 2590 4980 1
2628 4930 2877 4996 (Bracar.
2914 4948 3029 5003 cap.
3062 4934 3173 5005 60).

2048 5014 2172 5071 Non
2206 5014 2378 5070 liceat
2407 5016 2811 5073 sacerdotibus
2827 5018 2915 5074 vel
2935 5020 3160 5079 clericis
3180 5023 3377 5096 aliqua
3398 5034 3623 5099 specta-

1975 5103 2108 5161 cula
2145 5103 2204 5157 in
2238 5104 2459 5176 nuptiis
2489 5104 2575 5159 vel
2610 5107 2891 5163 conviviis
2934 5114 3216 5181 spectare,
3249 5114 3349 5168 sed
3396 5121 3626 5186 oportet

1976 5199 2291 5266 antequam
2321 5194 2729 5265 ingrediantur
2760 5196 2886 5269 ipsa
2917 5200 3271 5272 Spectacula,
3298 5219 3536 5275 surgere
3568 5210 3625 5260 et

1975 5285 2161 5340 redire
2194 5284 2289 5355 [αἱ.
2324 5284 2613 5354 recedere]
2645 5284 2798 5340 inde.

1975 5374 2108 5430 CAP.
2141 5375 2265 5427 210.
2298 5404 2367 5413 —
2401 5375 2461 5429 Ut
2491 5374 2681 5428 nullus
2711 5373 2945 5429 clericus
2970 5378 3028 5430 in
3062 5378 3245 5432 aliena
3284 5380 3502 5434 civitate
3528 5398 3622 5434 su-

2044 5448 2310 5515 scipiatur
2358 5447 2478 5500 sine
2522 5446 2985 5502 commendatitiis
3018 5447 3236 5503 litteris.
3266 5451 3349 5502 Ex
3397 5456 3624 5508 canoni-

2049 5517 2144 5571 bus
2174 5517 2562 5587 apostolorum,
2590 5534 2709 5589 cap.
2746 5519 2833 5573 13.

2047 5606 2179 5661 Utsi
2196 5607 2325 5677 quis
2349 5605 2595 5661 clericus
2611 5606 2697 5660 vel
2721 5606 2980 5662 laicusad
3002 5607 3241 5664 alteram
3267 5615 3627 5683 properatcis

1974 5696 2295 5761 vitatem,et
2308 5694 2524 5765 suscipi
2536 5699 2628 5749 tur
2640 5700 2848 5765 praeter
2862 5697 3624 5773 commendatitiaslitteras,

3231 5828 3305 5883 16
