3960 6072
377 321 479 378 491

1467 317 1535 368 D.
1574 307 1818 366 IVONIS
1852 304 2346 362 CARNOTENSIS
2384 303 2704 358 EPISCOPI

3689 300 3808 354 492

377 450 434 502 et
464 444 566 517 qui
595 441 1009 516 susceperit,et
1030 441 1131 513 qui
1151 441 1460 509 susceptus
1485 439 1575 493 est
1605 429 2020 491 communione
2047 429 2101 496 Α
2131 425 2430 483 cularibus
2478 442 2541 482 se
2588 425 2856 494 miscere,
2890 424 3099 494 praeter
3137 419 3669 478 ecclesiaslicarum
3705 441 3807 479 re-

377 534 660 605 privetur.

376 625 512 678 CAP.
544 621 669 678 211.
697 650 765 661 —
794 621 869 674 De
895 616 1080 673 eadem
1125 631 1203 670 re.
1254 616 1336 669 Ex
1381 611 1611 668 concilio
1669 607 2020 672 Antiocheno,

791 692 930 762 (cap.
961 691 994 740 7
1025 688 1170 755 (Ant.
1209 703 1251 752 ι,
1281 686 1381 740 sub
1410 684 1602 752 Julia).

447 781 604 853 (Dist.
636 781 728 845 71,
757 795 804 834 c.
836 776 1066 833 Nullum
1121 776 1364 845 absque.)
1418 771 1625 828 Nullus
1687 766 2022 842 peregrino-

372 887 504 926 rum
535 871 660 926 sine
690 865 968 940 paciﬁcis,
989 865 1046 918 id
1077 866 1187 934 est,
1207 860 1707 918 commendatitiis
1739 857 2020 928 suscipia-

371 963 470 1014 tur
496 956 780 1030 epistolis.

369 1048 503 1103 CAP.
534 1047 656 1100 212.
689 1074 759 1086 —-
805 1044 937 1098 Item
979 1041 1044 1096 de
1090 1042 1301 1098 eodem.
1350 1041 1434 1094 Ex
1478 1037 1716 1095 concilio
1765 1035 2018 1092 Aurelia-

985 1115 1164 1182 nensi,
1196 1129 1314 1184 cap.
1347 1112 1400 1164 8.

435 1208 500 1263 In
533 1203 780 1260 concilio
811 1202 1196 1271 Antiocheno,
1229 1199 1501 1270 similiter
1531 1203 1586 1254 et
1616 1199 1675 1254 in
1706 1195 2018 1252 Chalcedo-

363 1295 530 1350 nensi
573 1293 910 1367 prmeipitur
939 1297 1005 1348 ut
1035 1291 1265 1364 fugitivi
1313 1288 1507 1347 clerici
1557 1293 1612 1344 et
1663 1285 1952 1360 peregrini
1983 1302 2018 1340 a

362 1383 526 1439 nullo
558 1383 983 1454 suscipiantur,
1017 1398 1122 1436 nec
1153 1379 1518 1447 ordinentur,
1545 1377 1657 1433 nisi
1690 1393 1824 1431 cum
1855 1391 2014 1429 com-

363 1473 726 1529 mendatitiis
757 1471 996 1539 litteris,
1023 1475 1080 1526 et
1111 1470 1205 1525 sui
1235 1467 1496 1540 episcOpi
1544 1465 1633 1522 vel
1683 1465 1913 1520 abbatis
1945 1463 2014 1517 li-

361 1562 572 1618 centia.

359 1672 494 1726 CAP.
520 1668 644 1722 213.
668 1697 738 1708 —
761 1668 824 1725 Ut
847 1667 1043 1722 clerici
1065 1667 1125 1720 in
1147 1665 1336 1720 aliena
1358 1664 1582 1719 civitate
1601 1677 1710 1718 non
1733 1665 2014 1730 maneant,

429 1741 543 1794 nisi
564 1755 755 1794 causas
787 1754 974 1794 eorum
1005 1739 1290 1808 episcopus
1317 1734 1794 1808 cognoverit._l§x
1826 1736 2012 1788 conci-

433 1813 510 1866 lio
543 1810 985 1880 Carthaginensi,
1017 1806 1138 1880 cap.
1170 1809 1240 1862 35
1269 1806 1441 1878 (Cart.
1476 1824 1561 1874 ιιι,
1593 1822 1640 1860 c.
1673 1806 1787 1876 37).

432 1900 503 1956 Ut
531 1899 725 1955 clerici
755 1899 814 1954 in
845 1898 1036 1954 aliena
1055 1897 1286 1953 civitate
1314 1913 1429 1952 non
1461 1892 2002 1959 immorentur,nisi

360 2005 570 2045 causas
598 2004 801 2044 eorum
824 1989 1020 2060 justas
1061 1986 1370 2059 episcopus
1402 1984 1534 2055 loci,
1561 1983 1648 2040 vel
1680 1981 2002 2055 presbyteri

357 2076 620 2134 locorum
653 2076 1026 2150 perviderint.

351 2186 485 2239 CAP.
515 2184 641 2239 214.
665 2213 734 2224 -
753 2187 833 2240 Ne
859 2183 1050 2239 clerici
1074 2180 1166 2236 vel
1195 2179 1450 2237 monachi
1494 2182 1616 2236 sine
1657 2179 2001 2236 commenda-

422 2255 563 2311 titiis
593 2254 794 2311 litteris
824 2262 1124 2323 vagentur.
1155 2255 1237 2308 Ea:
1263 2251 1498 2310 concilio
1552 2252 2000 2322 Carthaginensi,

421 2343 541 2398 cap.
576 2327 647 2382 36
673 2328 843 2398 (conc.
881 2326 1035 2382 Vene.
1068 2343 1108 2395 ι,
1140 2341 1260 2396 cap.
1293 2326 1373 2396 5.)

422 2415 658 2472 Clericis
688 2415 777 2472 vel
809 2415 1112 2471 monachis
1131 2413 1486 2471 sinelitteris
1505 2411 2002 2470 commendatitiis

349 2505 588 2560 licentia
618 2521 732 2560 non
765 2509 960 2578 pateat
988 2503 1292 2576 evagandi.

349 2610 485 2668 CAP.
515 2611 643 2667 215.
686 2641 753 2652 —-
801 2613 876 2667 De
929 2610 1117 2666 eadem
1173 2626 1252 2666 re.
1304 2609 2002 2684 EchoncilioNeoca‘sa-

585 2684 782 2752 riensi,
821 2699 942 2754 cap.
974 2684 1008 2735 7
1039 2687 1212 2752 (conc.
1247 2681 1460 2754 Agath.
1493 2697 1612 2752 cap.
1647 2681 1761 2748 38.)

417 2771 656 2827 Clericis
719 2771 846 2826 sine
903 2770 1402 2826 commendatitiis
1445 2768 1709 2841 epistolis
1740 2769 1998 2841 episcopi

350 2858 465 2926 sui,
511 2858 748 2914 licentia
807 2875 924 2914 non
976 2863 1174 2929 pateat
1218 2857 1523 2929 evagandi.
1574 2859 1636 2912 In
1696 2857 2000 2912 monachis

350 2962 585 3018 quoque
611 2947 917 3018 praesentis
948 2947 1250 3002 sententias
1279 2946 1465 3001 forma
1495 2951 1776 3001 servetur.

351 3053 486 3108 CAP.
526 3053 650 3108 216.
698 3083 769 3094 —
823 3055 885 3110 Ut
933 3053 1266 3124 pauperibus
1321 3051 2000 3124 exsulantibuspaciﬁcis

421 3132 637 3178 tantum
669 3124 869 3180 litteris
895 3122 1274 3179 subveniatur.
1307 3125 1389 3178 Ex
1417 3125 1652 3178 concilio
1702 3122 1997 3178 Chalcedo-

419 3197 600 3263 nensi,
631 3211 760 3267 cap.
794 3197 854 3250 11
888 3198 1123 3267 (actione
1154 3196 1263 3265 15).

421 3283 635 3340 Omnes
667 3301 956 3356 pauperes
985 3288 1042 3339 et
1062 3283 1393 3355 indigentes
1417 3282 1650 3354 auxilio,
1676 3299 1806 3338 cum
1833 3284 2000 3354 proﬁ-

349 3372 672 3444 ciscuntur,
696 3375 805 3430 sub
837 3373 1181 3445 probatione
1201 3372 1469 3444 epistolis
1487 3373 1572 3428 vel
1590 3372 1999 3428 ecclesiasticis

348 3462 609 3532 pacificis
640 3463 1049 3517 tantummodo
1079 3461 1478 3518 commendari
1526 3461 1909 3531 decrevimus,
1942 3467 2001 3518 et

348 3567 464 3606 non
491 3551 987 3607 commendatitiis
1018 3550 1249 3618 litteris,
1272 3555 1506 3623 propter
1523 3551 1678 3622 quod
1710 3567 1998 3606 commen-

347 3639 585 3695 datitias
598 3639 823 3696 litteras
837 3640 1307 3697 honoratioribus
1321 3644 1539 3696 tantum
1556 3640 1722 3696 modo
1736 3640 1997 3711 praestari

348 3727 618 3798 personis
647 3729 974 3785 conveniat.

347 3818 480 3871 CAP.
513 3817 640 3872 217.
666 3849 729 3857 —
760 3818 989 3886 Quando
1018 3819 1208 3873 clerici
1234 3819 1490 3888 formatis
1524 3818 1721 3873 litteris
1772 3818 1856 3872 uti
1901 3819 1995 3874 de-

422 3889 722 4032 beanté‘gi'x
757 3905 907 3944 conc.
955 3890 1236 3960 Meldensi,
1269 3906 1389 3960 cap.
1436 3891 1471 3943 2
1524 3891 1643 3962 (sub
1693 3889 1877 3960 Sergio
1927 3891 1994 3960 Il,

419 3976 539 4030 cap.
673 4001 686 4014 .

419 4049 762 4122 Quicunque
800 4066 936 4106 cum
977 4049 1311 4105 senioribus
1345 4048 1470 4104 suis
1503 4051 1573 4104 de
1604 4049 1734 4105 aliis
1766 4051 1996 4121 provin-

345 4138 453 4195 ciis
473 4139 529 4194 in
550 4139 725 4196 aliam
746 4139 1107 4212 provinciam
1131 4140 1224 4210 [ad
1250 4143 1480 4194 nostras
1502 4139 1808 4210 parochias
1830 4142 1992 4211 0rig.]

341 4228 604 4295 veniunt,
625 4229 754 4284 sine
773 4229 1023 4284 formata
1053 4227 1387 4283 ministrare
1411 4245 1526 4283 non
1556 4228 1994 4300 permittuntur;

344 4332 522 4384 quam
551 4320 607 4371 et
637 4316 687 4370 si
717 4316 1040 4386 attulerint,
1073 4322 1129 4372 et
1183 4317 1518 4372 ministrare
1550 4317 1741 4373 idonei
1777 4318 1995 4374 inventi

341 4403 578 4470 fuerint,
613 4405 980 4460 instruantur
1012 4423 1190 4476 quam
1223 4405 1493 4477 religiose
1523 4411 1701 4476 atque
1733 4409 1994 4463 studiose

342 4507 574 4546 sacrum
624 4492 1021 4549 ministerium
1073 4500 1376 4566 peragant,
1411 4500 1466 4551 et
1496 4495 1557 4550 in
1591 4497 1804 4567 quibus
1848 4495 1992 4551 locis

341 4578 488 4634 illud
520 4595 690 4651 agere
719 4582 968 4638 debeant
999 4583 1136 4654 [non
1165 4583 1518 4655 deb.,orig.].

342 4690 472 4744 CAP.
525 4690 650 4764 218.
697 4721 766 4732 —
813 4695 894 4748 Ne
945 4694 1133 4748 clerici
1186 4695 1268 4748 vel
1321 4697 1576 4749 monachi
1626 4697 1992 4764 possessiones

411 4761 734 4833 conducant,
769 4769 865 4818 aut
910 4767 1146 4833 negotiis
1193 4767 1553 4821 saecularibus
1603 4761 1661 4820 se
1701 4769 1988 4822 misceant.

411 4832 493 4885 Ea:
520 4834 752 4890 concilio
780 4832 1227 4902 Chalcedonensi,
1258 4852 1377 4908 cap.
1413 4839 1444 4889 3
1473 4840 1709 4908 (actione
1741 4839 1846 4909 15).

415 4923 574 4986 (Dist.
607 4923 698 4990 86,
731 4941 776 4978 ο.
809 4926 1112 4986 Pervenit.)
1139 4925 1403 4979 Pervenit
1453 4927 1521 4980 ad
1575 4933 1839 4981 sanctam
1892 4945 1988 4998 sy-

340 5007 559 5063 nodum
600 5012 754 5080 quod
785 5013 1022 5082 quidam
1055 5012 1152 5083 qui
1186 5012 1244 5066 in
1277 5013 1430 5067 clero
1479 5014 1752 5069 videntur
1798 5015 1985 5081 electi,

338 5102 576 5168 propter
626 5099 788 5154 lucra
836 5102 1029 5172 turpia
1076 5101 1459 5156 conductores
1491 5102 1816 5158 alienarum
1850 5123 1986 5176 pos-

335 5185 670 5242 sessionum
703 5189 865 5258 fiant,
900 5198 955 5244 et
980 5189 1280 5245 saecularia
1313 5191 1545 5260 negotia
1577 5193 1686 5248 sub
1714 5209 1854 5248 cura
1883 5211 1988 5248 sua

334 5275 685 5347 suscipiant,
717 5277 818 5334 Dei
863 5281 1099 5350 quidem
1135 5277 1528 5334 ministerium
1563 5281 1986 5352 parvipenden-

332 5368 440 5432 tcs,
474 5366 849 5423 saecularium
880 5385 1013 5424 vero
1045 5368 1442 5423 discurrentes
1491 5369 1718 5436 domos,
1750 5376 1804 5426 et
1856 5388 1986 5442 pro‘

332 5454 774 5514 pteravaritiam
791 5457 1276 5528 patrimoniorum
1293 5455 1741 5513 sollicitudinem
1755 5477 1823 5514 su
1836 5477 1986 5516 men-

331 5541 435 5593 tes.
466 5539 772 5602 Decretum
826 5548 1022 5620 itaque
1055 5550 1144 5602 est
1175 5561 1280 5601 nec
1311 5545 1608 5612 clericum,
1646 5564 1748 5605 nec
1782 5566 1982 5605 mona-

335 5626 506 5684 chum
536 5637 637 5688 aut
665 5637 1065 5705 possessiones
1093 5636 1438 5706 conducere,
1465 5642 1567 5693 aut
1599 5640 1846 5710 negotiis
1877 5657 1980 5694 sae-

2133 533 2263 571 rum
2293 514 2775 572 sollicitudinem.

2132 605 2263 660 CAP.
2291 606 2416 660 219.
2450 636 2518 645 —
2552 605 2612 660 Ut
2659 603 2850 658 nullus
2910 602 3084 656 laicus
3134 599 3516 672 presbyterum
3563 603 3803 657 villica-

2201 680 2348 732 tione
2404 677 2694 747 implicare
2747 677 3066 746 praesumat.
3102 672 3184 726 Ex
3239 673 3471 730 concilio
3523 673 3802 730 Meldensi

2199 765 2318 818 cap.
2350 749 2385 800 6
2416 749 2556 819 (cap.
2589 748 2703 815 50).

2201 840 2342 892 Item
2367 837 2697 906 jubendum
2729 837 2819 890 est
2848 836 2914 888 ut
2945 849 3116 888 nemo
3148 831 3432 888 laicorum
3481 833 3801 905 presbyte-

2128 941 2224 981 ros
2255 925 2645 981 Ecclesiarum
2690 939 2935 980 suarum
2985 920 3144 994 turpi
3190 921 3550 988 villicationi,
3583 928 3662 992 et,
3699 940 3804 979 se-

2130 1015 2386 1070 cundum
2417 1010 3068 1086 Apostolum,szeculari
3099 1013 3157 1066 et
3188 1009 3506 1066 inhonesta
3534 1013 3803 1084 negotia-

2127 1103 2285 1160 tione
2333 1103 2636 1175 implicare
2686 1105 2756 1172 (II
2805 1102 2938 1157 Tim.
2973 1103 3058 1170 11),
3093 1115 3198 1155 nec
3247 1116 3451 1155 secum
3498 1099 3796 1157 aliorsum

2127 1196 2328 1248 contra
2361 1191 2768 1248 auctoritatem
2803 1193 3122 1262 praesumat
3171 1189 3403 1258 ducere,
3438 1206 3552 1260 quo
3605 1191 3795 1246 mini-

2126 1282 2372 1337 sterium
2406 1281 2518 1337 sibi
2551 1281 2938 1336 commissum
2972 1281 3256 1350 cogantur
3295 1277 3794 1350 negligere.Quod

2125 1371 2175 1427 si
2193 1378 2391 1426 contra
2408 1369 2720 1426 interdicta
2746 1367 3791 1440 praesumpserit,excommunicetur.

2127 1478 2259 1533 CAP.
2285 1477 2411 1530 220.
2447 1507 2513 1517 —
2549 1480 2628 1530 De
2657 1475 2771 1530 illis
2814 1474 3142 1545 presbyteris
3187 1475 3283 1543 qui
3332 1483 3524 1530 contra
3569 1479 3791 1530 statuta

2195 1564 2466 1605 canonum
2496 1547 2682 1602 villici
2711 1549 2873 1616 ﬁunt.
2907 1548 2991 1600 Ex
3037 1545 3224 1601 eodem
3270 1547 3522 1613 concilio,
3555 1563 3683 1618 cap.
3727 1549 3795 1602 15

2195 1621 2512 1691 (capitulor.
2547 1621 2584 1674 ι.
2624 1636 2678 1688 ν,
2707 1635 2758 1674 c.
2795 1619 2942 1689 173).

2195 1707 2475 1762 Similiter
2519 1707 2590 1763 de
2636 1706 2752 1761 illis
2801 1704 3158 1778 presbyteris
3191 1705 3290 1776 qui
3323 1709 3524 1761 contra
3558 1711 3790 1763 statuta

2043 1807 2090 1872 Β
2121 1812 2412 1853 cononum
2439 1795 2617 1851 villici
2649 1796 2818 1862 ﬁunt,
2842 1795 3120 1850 tabernas
3143 1794 3789 1867 ingrediuntur,turpia

2114 1887 2282 1942 lucra
2310 1888 2697 1950 sectantur,et
2715 1883 3136 1939 diversissimis
3156 1883 3344 1939 modis
3364 1884 3563 1940 usuris
3587 1884 3784 1940 inser-

2113 1976 2312 2031 viunt:
2339 1979 2395 2031 et
2426 1974 2673 2030 aliorum
2705 1975 2912 2029 domos
2941 1973 3246 2028 inhoneste
3273 1973 3644 2044 etimpudice
3662 1975 3778 2029 fre-

2113 2067 2492 2136 quentant,et
2523 2062 3049 2118 comessationihus
3081 2066 3136 2116 et
3167 2061 3551 2117 ebrietatibus
3574 2063 3778 2118 deser-

2110 2155 2232 2209 vire
2282 2170 2396 2208 non
2445 2152 2818 2219 erubescunt,
2852 2157 2908 2205 et
2937 2167 3038 2222 per
3067 2151 3324 2205 diversos
3353 2156 3648 2207 mercatus
3681 2152 3776 2207 in-

2113 2240 2364 2296 discreto
2377 2237 3068 2308 discurrunt,observand
3081 2236 3585 2306 umjudicavimus
3600 2239 3781 2293 utab-

2112 2329 2248 2384 hinc
2270 2327 2532 2383 districte
2549 2327 2942 2397 severiterque
2965 2330 3439 2390 coerceantur,ne
3453 2341 3554 2396 per
3565 2342 3777 2381 eorum

2110 2417 2377 2474 illicitam
2417 2421 2473 2472 et
2502 2416 2865 2472 indecentem
2915 2415 3232 2479 actionem,
3267 2418 3323 2467 et
3371 2413 3775 2470 ministerium

2111 2506 2472 2564 sacerdotale
2519 2507 2900 2577 vituperetur,
2932 2509 2990 2559 et
3037 2503 3252 2574 quibus
3283 2502 3610 2558 debuerant
3639 2521 3775 2561 esse

2110 2597 2172 2651 in
2233 2595 2565 2667 exemplum
2643 2595 2952 2649 devenient
3013 2592 3072 2647 in
3134 2591 3478 2647 scandalum
3527 2593 3773 2665 [Oppro-

2111 2685 2304 2740 brium
2335 2685 2507 2753 orig]

2109 2778 2236 2830 CAP.
2268 2775 2394 2827 221.
2419 2803 2487 2813 —
2519 2771 2668 2841 Quod
2710 2787 2808 2826 nec
2853 2769 3202 2826 subdiaconis
3248 2770 3586 2826 connubium
3638 2787 3771 2823 mr-

2178 2845 2313 2901 nale
2341 2845 2690 2900 concedatur.
2725 2846 2808 2898 Ea:
2845 2843 3073 2912 epistola
3102 2842 3296 2897 Leonis
3321 2858 3506 2914 papae,
3539 2858 3662 2910 cap.
3699 2843 3771 2896 34

2182 2919 2310 2987 (Leo
2341 2919 2364 2971 Ι
2391 2919 2551 2988 epist.
2585 2916 2676 2984 84,
2708 2931 2827 2985 cap.
2861 2915 2931 2984 4).

2178 3006 2323 3061 Nam
2355 3021 2487 3060 cum
2519 3008 2680 3059 extra
2710 3003 3057 3058 clericorum
3105 3002 3371 3058 ordinem
3429 3003 3771 3058 constitutis

2110 3094 2449 3165 nuptiarum
2483 3093 2744 3148 societati
2784 3095 2842 3146 et
2890 3090 3277 3163 procreationi
3328 3089 3582 3145 filiorum
3637 3096 3772 3146 stu-

2033 3177 2076 3245 C
2115 3183 2248 3238 dere
2307 3181 2382 3236 sit
2433 3181 2684 3236 liberum
2743 3179 3052 3235 arbitrium
3111 3180 3347 3250 [arbitr.
3401 3195 3512 3235 non
3565 3189 3647 3235 est
3708 3182 3774 3236 in

2109 3271 2424 3341 originali],
2475 3271 2544 3326 ad
2605 3269 2992 3325 exhibendam
3047 3273 3243 3324 tamen
3303 3271 3570 3342 perfectas
3627 3287 3772 3327 con-

2109 3361 2367 3416 tinentiae
2417 3359 2756 3432 puritatem,
2788 3375 2891 3414 nec
2943 3359 3321 3414 subdiaconis
3354 3359 3592 3430 quidem
3625 3377 3772 3416 con-

2110 3451 2354 3505 nubium
2443 3447 2676 3504 carnale
2735 3447 3094 3514 conceditur,
3157 3452 3220 3502 ut
3277 3453 3334 3502 et
3389 3448 3490 3518 qui
3549 3448 3774 3504 habent

2107 3540 2228 3595 sint
2269 3545 2548 3610 tanquam
2599 3555 2711 3592 non
2763 3537 3068 3603 habentes,
3101 3541 3158 3592 et
3205 3537 3305 3608 qui
3355 3554 3469 3592 non
3522 3537 3768 3605 habent,

2107 3633 2488 3701 permaneant
2540 3625 2872 3700 singulares
2925 3627 2970 3694 (Ι
3023 3627 3155 3681 Cor.
3211 3626 3331 3695 vn).
3390 3627 3550 3688 Quod
3604 3627 3653 3682 si
3707 3628 3768 3683 in

2106 3718 2212 3772 hoc
2245 3717 2466 3786 ordine,
2499 3715 2597 3786 qui
2631 3719 2876 3786 quartus
2915 3718 3004 3770 est
3052 3731 3086 3768 a
3133 3715 3341 3785 capite.
3376 3715 3623 3786 dignum
3675 3724 3770 3772 est

2107 3806 2411 3873 custodiri,
2432 3808 2650 3877 quanto
2682 3804 2871 3875 magis
2906 3804 2962 3856 in
2995 3803 3208 3874 primo,
3235 3808 3337 3857 aut
3369 3805 3650 3874 secundo,
3676 3805 3763 3860 vel

2103 3897 2276 3950 tertio
2308 3895 2659 3950 servandum
2707 3898 2815 3958 est,
2841 3909 2910 3946 ne
2941 3897 3041 3947 aut
3074 3891 3300 3948 levitico
3353 3891 3604 3963 (levitico
3653 3898 3768 3948 mi-

2106 3984 2392 4054 nisterio].
2427 3988 2529 4040 aut
2587 3981 2970 4054 presbyterali
3027 3981 3269 4046 honore,
3302 3988 3406 4036 aut
3435 3981 3763 4055 episcopali

2104 4072 2458 4129 excellentiae
2500 4072 2813 4143 quisquam
2853 4070 3099 4126 idoneus
3131 4070 3474 4137 aestimetur,
3503 4071 3603 4143 qui
3638 4089 3701 4128 se
3735 4090 3769 4128 a

2101 4161 2399 4234 voluptate
2431 4162 2631 4216 uxoria
2662 4161 2910 4215 necdum
2946 4161 3206 4214 frenasse
3237 4159 3544 4232 detegitur.

2104 4270 2238 4324 CAP.
2265 4270 2390 4322 222.
2422 4299 2490 4307 —
2521 4269 2595 4321 De
2623 4266 2970 4338 principibus
2999 4267 3096 4336 qui
3123 4266 3300 4320 solent
3333 4266 3560 4321 illorum
3583 4283 3770 4322 sacer-

2173 4341 2342 4403 dotes,
2398 4340 2794 4394 ministeriales
2839 4341 3038 4405 facere.
3088 4339 3170 4391 [ἐκ
3224 4339 3457 4392 concilio
3517 4340 3771 4395 Toletano

2172 4428 2228 4480 v,
2260 4428 2380 4482 cap.
2415 4413 2482 4464 30
2516 4419 2681 4476 (conc.
2717 4410 2822 4465 Tol.
2859 4426 2932 4475 ιν,
2961 4426 3076 4479 cap.
3113 4409 3226 4478 30).

2173 4501 2288 4568 (23,
2321 4517 2370 4570 q.
2405 4500 2460 4566 8,
2491 4517 2540 4554 c.
2573 4500 2722 4569 Saepe
2749 4497 3076 4568 principes.)
3101 4497 3264 4567 Saepe
3288 4496 3584 4568 principes
3623 4515 3764 4554 con-

2104 4593 2195 4644 tra
2225 4587 2518 4660 quoslibet
2551 4585 2877 4657 majestatis
2911 4585 3214 4652 obnoxios,
3249 4586 3654 4642 sacerdotibus
3690 4604 3786 4644 ne‘

2103 4676 2261 4747 gotia
2292 4693 2399 4731 sua
2424 4677 2823 4741 committunt,
2849 4678 2906 4729 et
2936 4673 3074 4745 quia
3107 4675 3442 4729 sacerdotes
3466 4691 3499 4728 a
3531 4675 3763 4732 Christo

2101 4766 2170 4820 ad
2209 4765 2597 4820 ministerium
2631 4763 2840 4820 salutis
2871 4762 3035 4818 electi
3071 4768 3229 4828 sunt,
3264 4763 3344 4818 ibi
3385 4765 3762 4822 consentiant

2102 4854 2339 4924 regibus
2373 4853 2494 4906 ﬁeri
2520 4853 2776 4922 judiccs,
2813 4850 2910 4904 ubi
2935 4850 3328 4920 jurejurando
3362 4849 3636 4921 supplicii
3674 4853 3764 4907 in-

2101 4942 2399 5014 dulgentia
2434 4941 2812 5014 promittitur,
2830 4956 2943 4993 non
2967 4939 3060 4993 ubi
3084 4938 3444 4994 discriminis
3468 4942 3760 4996 sententia

2101 5036 2484 5101 pra'paratur.
2520 5031 2578 5085 Si
2611 5029 2744 5100 quis
2793 5045 2928 5098 ergo
2980 5028 3345 5082 sacerdotum
3393 5035 3599 5083 contra
3651 5029 3758 5086 hoc

2099 5136 2409 5174 commune
2441 5117 2775 5173 consultum
2809 5116 3106 5170 discussor
3137 5115 3192 5168 in
3228 5115 3436 5171 alienis
3477 5118 3755 5188 periculis

2097 5209 2404 5273 exstiterit,
2433 5208 2506 5261 sit
2531 5224 2663 5262 reus
2695 5205 2867 5261 effusi
2902 5203 3210 5274 sanguinis
3239 5205 3394 5275 apud
3427 5205 3753 5274 Christum,

2096 5302 2150 5351 et
2183 5297 2338 5368 apud
2374 5295 2692 5350 Ecclesiam
2724 5294 2930 5367 perdat
2961 5293 3259 5364 proprium
3290 5295 3559 5365 gradum.

2094 5405 2228 5460 CAP.
2419 5433 2485 5443 ——
2507 5407 2586 5457 De
2600 5419 2660 5458 eo
2676 5401 3018 5473 quiauribus
3047 5399 3319 5470 principis
3347 5403 3754 5473 suggestionem

2166 5475 2414 5528 attulerit
2455 5475 2574 5528 sine
2620 5472 2885 5529 consensa
2919 5473 3176 5542 episc0pi.
3211 5474 3294 5527 Ea:
3321 5472 3556 5528 concilio
3609 5475 3752 5530 Car-

2167 5546 2498 5615 thaginensi,
2533 5562 2651 5616 cap.
2681 5547 2737 5599 7.

2169 5635 2438 5692 Nicasius
2501 5636 2880 5691 Evaristanus
2938 5632 3251 5704 episcopus
3313 5633 3507 5690 dixit:
3569 5636 3759 5692 Credo
