  <div class='ocr_page' id='page_1' title='image "/cluster/home/n/w/nwhite01/storage/ocr_20150623/161/hvd.32044054760194/292.png"; bbox 0 0 3994 6052; ppageno 0'>
   <div class='ocr_carea' id='block_1_1' title="bbox 184 322 291 375">
    <p class='ocr_par' dir='ltr' id='par_1_1' title="bbox 184 322 291 375">
     <span class='ocr_line' id='line_1_1' title="bbox 184 322 291 375; baseline -0.019 0"><span class='ocrx_word' id='word_1_1' title='bbox 184 322 291 375; x_wconf 64' lang='grc'>492</span> 
     </span>
    </p>
   </div>
   <div class='ocr_carea' id='block_1_2' title="bbox 1258 315 2521 377">
    <p class='ocr_par' dir='ltr' id='par_1_2' title="bbox 1258 315 2521 377">
     <span class='ocr_line' id='line_1_2' title="bbox 1258 315 2521 377; baseline -0.002 -1"><span class='ocrx_word' id='word_1_2' title='bbox 1258 323 1567 376; x_wconf 77' lang='lat' dir='ltr'>DECRETI</span> <span class='ocrx_word' id='word_1_3' title='bbox 1606 320 1791 372; x_wconf 81' lang='lat' dir='ltr'>PARS</span> <span class='ocrx_word' id='word_1_4' title='bbox 1828 315 1925 371; x_wconf 83' lang='lat' dir='ltr'>VI.</span> <span class='ocrx_word' id='word_1_5' title='bbox 1953 345 2021 356; x_wconf 55' lang='grc' dir='ltr'>αυτ</span> <span class='ocrx_word' id='word_1_6' title='bbox 2045 320 2141 371; x_wconf 81' lang='lat' dir='ltr'>DE</span> <span class='ocrx_word' id='word_1_7' title='bbox 2179 320 2521 377; x_wconf 81' lang='lat' dir='ltr'>CLERICIS.</span> 
     </span>
    </p>
   </div>
   <div class='ocr_carea' id='block_1_3' title="bbox 3484 327 3591 383">
    <p class='ocr_par' dir='ltr' id='par_1_3' title="bbox 3484 327 3591 383">
     <span class='ocr_line' id='line_1_3' title="bbox 3484 327 3591 383; baseline 0.019 -2"><span class='ocrx_word' id='word_1_8' title='bbox 3484 327 3591 383; x_wconf 82' lang='grc'>494</span> 
     </span>
    </p>
   </div>
   <div class='ocr_carea' id='block_1_4' title="bbox 178 439 3594 517">
    <p class='ocr_par' dir='ltr' id='par_1_4' title="bbox 178 439 3594 517">
     <span class='ocr_line' id='line_1_4' title="bbox 178 439 3594 517; baseline 0.003 -19"><span class='ocrx_word' id='word_1_9' title='bbox 178 444 412 517; x_wconf 84' lang='lat' dir='ltr'>placere</span> <span class='ocrx_word' id='word_1_10' title='bbox 444 446 849 514; x_wconf 82' lang='lat' dir='ltr'>suggestorem</span> <span class='ocrx_word' id='word_1_11' title='bbox 883 443 1055 514; x_wconf 89' lang='lat' dir='ltr'>abjici</span> <span class='ocrx_word' id='word_1_12' title='bbox 1089 447 1375 515; x_wconf 83' lang='lat' dir='ltr'>oportere,</span> <span class='ocrx_word' id='word_1_13' title='bbox 1423 460 1539 498; x_wconf 91' lang='lat' dir='ltr'>non</span> <span class='ocrx_word' id='word_1_14' title='bbox 1575 441 1765 497; x_wconf 91' lang='lat' dir='ltr'>solum</span> <span class='ocrx_word' id='word_1_15' title='bbox 1799 457 1831 495; x_wconf 92' lang='lat' dir='ltr'>a</span> <span class='ocrx_word' id='word_1_16' title='bbox 1861 442 1915 507; x_wconf 83' lang='grc' dir='ltr'><strong>Α</strong></span> <span class='ocrx_word' id='word_1_17' title='bbox 1945 439 2135 496; x_wconf 87' lang='lat' dir='ltr'>tribus</span> <span class='ocrx_word' id='word_1_18' title='bbox 2168 442 2439 499; x_wconf 80' lang='lat' dir='ltr'>testibus.</span> <span class='ocrx_word' id='word_1_19' title='bbox 2474 444 2530 497; x_wconf 89' lang='lat' dir='ltr'>Si</span> <span class='ocrx_word' id='word_1_20' title='bbox 2586 462 2700 500; x_wconf 91' lang='lat' dir='ltr'>non</span> <span class='ocrx_word' id='word_1_21' title='bbox 2751 446 3168 512; x_wconf 80' lang='lat' dir='ltr'>emendaverit,</span> <span class='ocrx_word' id='word_1_22' title='bbox 3199 448 3257 503; x_wconf 90' lang='lat' dir='ltr'>in</span> <span class='ocrx_word' id='word_1_23' title='bbox 3308 456 3594 509; x_wconf 91' lang='lat' dir='ltr'>conventu</span> 
     </span>
    </p>
   </div>
   <div class='ocr_carea' id='block_1_5' title="bbox 178 532 1833 603">
    <p class='ocr_par' dir='ltr' id='par_1_5' title="bbox 178 532 1833 603">
     <span class='ocr_line' id='line_1_5' title="bbox 178 532 1833 603; baseline -0.003 -14"><span class='ocrx_word' id='word_1_24' title='bbox 178 532 621 597; x_wconf 86' lang='lat' dir='ltr'>communione,</span> <span class='ocrx_word' id='word_1_25' title='bbox 654 547 857 586; x_wconf 88' lang='lat' dir='ltr'>verum</span> <span class='ocrx_word' id='word_1_26' title='bbox 887 536 943 588; x_wconf 89' lang='lat' dir='ltr'>et</span> <span class='ocrx_word' id='word_1_27' title='bbox 972 533 1043 587; x_wconf 91' lang='lat' dir='ltr'>ab</span> <span class='ocrx_word' id='word_1_28' title='bbox 1077 532 1297 588; x_wconf 83' lang='lat' dir='ltr'>honore</span> <span class='ocrx_word' id='word_1_29' title='bbox 1340 533 1512 603; x_wconf 85' lang='lat' dir='ltr'>cujus</span> <span class='ocrx_word' id='word_1_30' title='bbox 1541 532 1833 603; x_wconf 82' lang='lat' dir='ltr'>particeps</span> 
     </span>
    </p>
   </div>
   <div class='ocr_carea' id='block_1_6' title="bbox 178 620 1835 695">
    <p class='ocr_par' dir='ltr' id='par_1_6' title="bbox 178 620 1835 695">
     <span class='ocr_line' id='line_1_6' title="bbox 178 620 1835 695; baseline -0.002 -19"><span class='ocrx_word' id='word_1_31' title='bbox 178 620 798 691; x_wconf 79' lang='lat' dir='ltr'>videturexistere,qui</span> <span class='ocrx_word' id='word_1_32' title='bbox 821 622 1134 677; x_wconf 89' lang='lat' dir='ltr'>venerandi</span> <span class='ocrx_word' id='word_1_33' title='bbox 1153 622 1437 695; x_wconf 87' lang='lat' dir='ltr'>principis</span> <span class='ocrx_word' id='word_1_34' title='bbox 1452 620 1694 677; x_wconf 90' lang='lat' dir='ltr'>auribus</span> <span class='ocrx_word' id='word_1_35' title='bbox 1718 636 1835 673; x_wconf 89' lang='lat' dir='ltr'>mo-</span> 
     </span>
    </p>
   </div>
   <div class='ocr_carea' id='block_1_7' title="bbox 180 708 1833 783">
    <p class='ocr_par' dir='ltr' id='par_1_7' title="bbox 180 708 1833 783">
     <span class='ocr_line' id='line_1_7' title="bbox 180 708 1833 783; baseline -0.002 -18"><span class='ocrx_word' id='word_1_36' title='bbox 180 711 416 767; x_wconf 86' lang='lat' dir='ltr'>lestiam</span> <span class='ocrx_word' id='word_1_37' title='bbox 448 710 759 765; x_wconf 88' lang='lat' dir='ltr'>tentaverit</span> <span class='ocrx_word' id='word_1_38' title='bbox 780 709 1013 777; x_wconf 88' lang='lat' dir='ltr'>inferre,</span> <span class='ocrx_word' id='word_1_39' title='bbox 1034 717 1239 766; x_wconf 91' lang='lat' dir='ltr'>contra</span> <span class='ocrx_word' id='word_1_40' title='bbox 1274 710 1433 783; x_wconf 83' lang='lat' dir='ltr'>leges</span> <span class='ocrx_word' id='word_1_41' title='bbox 1464 710 1748 765; x_wconf 77' lang='lat' dir='ltr'>Ecclesiae.</span> <span class='ocrx_word' id='word_1_42' title='bbox 1774 708 1833 763; x_wconf 90' lang='lat' dir='ltr'>Si</span> 
     </span>
    </p>
   </div>
   <div class='ocr_carea' id='block_1_8' title="bbox 178 797 1830 872">
    <p class='ocr_par' dir='ltr' id='par_1_8' title="bbox 178 797 1830 872">
     <span class='ocr_line' id='line_1_8' title="bbox 178 797 1830 872; baseline -0.002 -18"><span class='ocrx_word' id='word_1_43' title='bbox 178 801 364 872; x_wconf 84' lang='lat' dir='ltr'>igitur</span> <span class='ocrx_word' id='word_1_44' title='bbox 395 804 600 853; x_wconf 87' lang='lat' dir='ltr'>contra</span> <span class='ocrx_word' id='word_1_45' title='bbox 626 797 951 869; x_wconf 85' lang='lat' dir='ltr'>principem</span> <span class='ocrx_word' id='word_1_46' title='bbox 982 799 1314 855; x_wconf 88' lang='lat' dir='ltr'>necessaria</span> <span class='ocrx_word' id='word_1_47' title='bbox 1345 816 1523 854; x_wconf 90' lang='lat' dir='ltr'>causa</span> <span class='ocrx_word' id='word_1_48' title='bbox 1553 797 1830 869; x_wconf 86' lang='lat' dir='ltr'>deposcit,</span> 
     </span>
    </p>
   </div>
   <div class='ocr_carea' id='block_1_9' title="bbox 180 886 1831 959">
    <p class='ocr_par' dir='ltr' id='par_1_9' title="bbox 180 886 1831 959">
     <span class='ocr_line' id='line_1_9' title="bbox 180 886 1831 959; baseline -0.002 -16"><span class='ocrx_word' id='word_1_49' title='bbox 180 890 295 944; x_wconf 94' lang='lat' dir='ltr'>hoc</span> <span class='ocrx_word' id='word_1_50' title='bbox 325 893 536 959; x_wconf 83' lang='lat' dir='ltr'>agatur</span> <span class='ocrx_word' id='word_1_51' title='bbox 562 903 698 942; x_wconf 89' lang='lat' dir='ltr'>cum</span> <span class='ocrx_word' id='word_1_52' title='bbox 729 892 982 942; x_wconf 88' lang='lat' dir='ltr'>tractatu</span> <span class='ocrx_word' id='word_1_53' title='bbox 1013 894 1070 943; x_wconf 89' lang='lat' dir='ltr'>et</span> <span class='ocrx_word' id='word_1_54' title='bbox 1099 888 1341 944; x_wconf 89' lang='lat' dir='ltr'>consilio</span> <span class='ocrx_word' id='word_1_55' title='bbox 1376 886 1831 959; x_wconf 78' lang='lat' dir='ltr'>metropolitani,</span> 
     </span>
    </p>
   </div>
   <div class='ocr_carea' id='block_1_10' title="bbox 178 974 1833 1049">
    <p class='ocr_par' dir='ltr' id='par_1_10' title="bbox 178 974 1833 1049">
     <span class='ocr_line' id='line_1_10' title="bbox 178 974 1833 1049; baseline -0.001 -17"><span class='ocrx_word' id='word_1_56' title='bbox 178 982 240 1032; x_wconf 86' lang='lat' dir='ltr'>et</span> <span class='ocrx_word' id='word_1_57' title='bbox 274 982 613 1031; x_wconf 78' lang='lat' dir='ltr'>czeterorum</span> <span class='ocrx_word' id='word_1_58' title='bbox 646 974 1051 1047; x_wconf 88' lang='lat' dir='ltr'>episcoporum</span> <span class='ocrx_word' id='word_1_59' title='bbox 1086 978 1185 1048; x_wconf 86' lang='lat' dir='ltr'>qui</span> <span class='ocrx_word' id='word_1_60' title='bbox 1210 978 1268 1032; x_wconf 90' lang='lat' dir='ltr'>in</span> <span class='ocrx_word' id='word_1_61' title='bbox 1301 978 1505 1033; x_wconf 90' lang='lat' dir='ltr'>eadem</span> <span class='ocrx_word' id='word_1_62' title='bbox 1538 976 1833 1049; x_wconf 83' lang='lat' dir='ltr'>provincia</span> 
     </span>
    </p>
   </div>
   <div class='ocr_carea' id='block_1_11' title="bbox 176 1064 1832 1137">
    <p class='ocr_par' dir='ltr' id='par_1_11' title="bbox 176 1064 1832 1137">
     <span class='ocr_line' id='line_1_11' title="bbox 176 1064 1832 1137; baseline -0.001 -16"><span class='ocrx_word' id='word_1_63' title='bbox 176 1070 641 1131; x_wconf 84' lang='lat' dir='ltr'>commorantur;</span> <span class='ocrx_word' id='word_1_64' title='bbox 660 1064 756 1135; x_wconf 87' lang='lat' dir='ltr'>qui</span> <span class='ocrx_word' id='word_1_65' title='bbox 775 1064 949 1119; x_wconf 86' lang='lat' dir='ltr'>etiam</span> <span class='ocrx_word' id='word_1_66' title='bbox 972 1067 1434 1136; x_wconf 84' lang='lat' dir='ltr'>proﬁciscentem</span> <span class='ocrx_word' id='word_1_67' title='bbox 1451 1067 1571 1121; x_wconf 88' lang='lat' dir='ltr'>suis</span> <span class='ocrx_word' id='word_1_68' title='bbox 1584 1083 1682 1137; x_wconf 86' lang='lat' dir='ltr'>seq</span> <span class='ocrx_word' id='word_1_69' title='bbox 1695 1083 1832 1121; x_wconf 89' lang='lat' dir='ltr'>uan-</span> 
     </span>
    </p>
   </div>
   <div class='ocr_carea' id='block_1_12' title="bbox 174 1154 1827 1226">
    <p class='ocr_par' dir='ltr' id='par_1_12' title="bbox 174 1154 1827 1226">
     <span class='ocr_line' id='line_1_12' title="bbox 174 1154 1827 1226; baseline 0 -17"><span class='ocrx_word' id='word_1_70' title='bbox 174 1160 280 1210; x_wconf 88' lang='lat' dir='ltr'>tur</span> <span class='ocrx_word' id='word_1_71' title='bbox 311 1154 595 1225; x_wconf 87' lang='lat' dir='ltr'>epistolis.</span> <span class='ocrx_word' id='word_1_72' title='bbox 627 1156 826 1225; x_wconf 78' lang='lat' dir='ltr'>(Aliter</span> <span class='ocrx_word' id='word_1_73' title='bbox 846 1156 1313 1211; x_wconf 81' lang='lat' dir='ltr'>omninohabetur</span> <span class='ocrx_word' id='word_1_74' title='bbox 1329 1157 1427 1211; x_wconf 91' lang='lat' dir='ltr'>hoc</span> <span class='ocrx_word' id='word_1_75' title='bbox 1447 1158 1603 1226; x_wconf 87' lang='lat' dir='ltr'>caput</span> <span class='ocrx_word' id='word_1_76' title='bbox 1637 1157 1693 1209; x_wconf 89' lang='lat' dir='ltr'>in</span> <span class='ocrx_word' id='word_1_77' title='bbox 1718 1171 1827 1210; x_wconf 79' lang='lat' dir='ltr'>ori-</span> 
     </span>
    </p>
   </div>
   <div class='ocr_carea' id='block_1_13' title="bbox 167 1242 1830 1315">
    <p class='ocr_par' dir='ltr' id='par_1_13' title="bbox 167 1242 1830 1315">
     <span class='ocr_line' id='line_1_13' title="bbox 167 1242 1830 1315; baseline 0 -16"><span class='ocrx_word' id='word_1_78' title='bbox 167 1245 357 1315; x_wconf 87' lang='lat' dir='ltr'>ginali</span> <span class='ocrx_word' id='word_1_79' title='bbox 388 1243 626 1299; x_wconf 76' lang='lat' dir='ltr'>concilii</span> <span class='ocrx_word' id='word_1_80' title='bbox 661 1242 921 1311; x_wconf 75' lang='lat' dir='ltr'>Curt/tag.</span> <span class='ocrx_word' id='word_1_81' title='bbox 962 1261 1000 1311; x_wconf 82' lang='lat'>1,</span> <span class='ocrx_word' id='word_1_82' title='bbox 1047 1260 1165 1315; x_wconf 85' lang='lat' dir='ltr'>cap.</span> <span class='ocrx_word' id='word_1_83' title='bbox 1199 1246 1252 1312; x_wconf 86' lang='lat'>6,</span> <span class='ocrx_word' id='word_1_84' title='bbox 1295 1246 1355 1299; x_wconf 88' lang='lat' dir='ltr'>in</span> <span class='ocrx_word' id='word_1_85' title='bbox 1402 1262 1503 1299; x_wconf 84' lang='lat' dir='ltr'>ms.</span> <span class='ocrx_word' id='word_1_86' title='bbox 1562 1249 1752 1299; x_wconf 77' lang='lat' dir='ltr'>Victor</span> <span class='ocrx_word' id='word_1_87' title='bbox 1779 1251 1830 1299; x_wconf 92' lang='lat' dir='ltr'>et</span> 
     </span>
    </p>
   </div>
   <div class='ocr_carea' id='block_1_14' title="bbox 172 1333 1822 1405">
    <p class='ocr_par' dir='ltr' id='par_1_14' title="bbox 172 1333 1822 1405">
     <span class='ocr_line' id='line_1_14' title="bbox 172 1333 1822 1405; baseline -0.001 -17"><span class='ocrx_word' id='word_1_88' title='bbox 172 1334 324 1405; x_wconf 86' lang='lat' dir='ltr'>apud</span> <span class='ocrx_word' id='word_1_89' title='bbox 355 1334 688 1389; x_wconf 78' lang='lat' dir='ltr'>Gratianum</span> <span class='ocrx_word' id='word_1_90' title='bbox 718 1333 808 1396; x_wconf 87' lang='grc'>21,</span> <span class='ocrx_word' id='word_1_91' title='bbox 842 1349 893 1403; x_wconf 93' lang='lat' dir='ltr'>q.</span> <span class='ocrx_word' id='word_1_92' title='bbox 926 1334 980 1399; x_wconf 90' lang='lat'>3,</span> <span class='ocrx_word' id='word_1_93' title='bbox 1009 1350 1055 1387; x_wconf 92' lang='lat' dir='ltr'>c.</span> <span class='ocrx_word' id='word_1_94' title='bbox 1093 1333 1281 1398; x_wconf 85' lang='lat' dir='ltr'>Credo,</span> <span class='ocrx_word' id='word_1_95' title='bbox 1312 1335 1395 1389; x_wconf 82' lang='lat' dir='ltr'>sic</span> <span class='ocrx_word' id='word_1_96' title='bbox 1445 1343 1629 1389; x_wconf 87' lang='lat' dir='ltr'>autem</span> <span class='ocrx_word' id='word_1_97' title='bbox 1672 1334 1751 1389; x_wconf 87' lang='lat' dir='ltr'>ibi</span> <span class='ocrx_word' id='word_1_98' title='bbox 1780 1334 1822 1404; x_wconf 85' lang='lat'>:)</span> 
     </span>
    </p>
   </div>
   <div class='ocr_carea' id='block_1_15' title="bbox 172 1421 1828 1493">
    <p class='ocr_par' dir='ltr' id='par_1_15' title="bbox 172 1421 1828 1493">
     <span class='ocr_line' id='line_1_15' title="bbox 172 1421 1828 1493; baseline 0.002 -18"><span class='ocrx_word' id='word_1_99' title='bbox 172 1422 443 1477; x_wconf 80' lang='lat' dir='ltr'>Nicasius</span> <span class='ocrx_word' id='word_1_100' title='bbox 464 1423 775 1493; x_wconf 89' lang='lat' dir='ltr'>episcopus</span> <span class='ocrx_word' id='word_1_101' title='bbox 792 1421 1177 1477; x_wconf 88' lang='lat' dir='ltr'>Culusitauus</span> <span class='ocrx_word' id='word_1_102' title='bbox 1200 1422 1374 1479; x_wconf 83' lang='lat' dir='ltr'>dixit:</span> <span class='ocrx_word' id='word_1_103' title='bbox 1402 1423 1582 1477; x_wconf 91' lang='lat' dir='ltr'>Credo</span> <span class='ocrx_word' id='word_1_104' title='bbox 1602 1424 1828 1493; x_wconf 88' lang='lat' dir='ltr'>placere</span> 
     </span>
    </p>
   </div>
   <div class='ocr_carea' id='block_1_16' title="bbox 171 1510 1828 1583">
    <p class='ocr_par' dir='ltr' id='par_1_16' title="bbox 171 1510 1828 1583">
     <span class='ocr_line' id='line_1_16' title="bbox 171 1510 1828 1583; baseline -0.001 -16"><span class='ocrx_word' id='word_1_105' title='bbox 171 1511 613 1583; x_wconf 81' lang='lat' dir='ltr'>suggestionem</span> <span class='ocrx_word' id='word_1_106' title='bbox 637 1526 825 1564; x_wconf 87' lang='lat' dir='ltr'>meam</span> <span class='ocrx_word' id='word_1_107' title='bbox 861 1510 1159 1565; x_wconf 83' lang='lat' dir='ltr'>sanctitati</span> <span class='ocrx_word' id='word_1_108' title='bbox 1190 1516 1416 1578; x_wconf 73' lang='lat' dir='ltr'>vestrae,</span> <span class='ocrx_word' id='word_1_109' title='bbox 1441 1517 1497 1566; x_wconf 90' lang='lat' dir='ltr'>et</span> <span class='ocrx_word' id='word_1_110' title='bbox 1520 1511 1828 1583; x_wconf 88' lang='lat' dir='ltr'>displicere</span> 
     </span>
    </p>
   </div>
   <div class='ocr_carea' id='block_1_17' title="bbox 170 1598 1826 1671">
    <p class='ocr_par' dir='ltr' id='par_1_17' title="bbox 170 1598 1826 1671">
     <span class='ocr_line' id='line_1_17' title="bbox 170 1598 1826 1671; baseline -0.001 -16"><span class='ocrx_word' id='word_1_111' title='bbox 170 1600 341 1655; x_wconf 87' lang='lat' dir='ltr'>vobis</span> <span class='ocrx_word' id='word_1_112' title='bbox 364 1605 428 1654; x_wconf 90' lang='lat' dir='ltr'>ut</span> <span class='ocrx_word' id='word_1_113' title='bbox 459 1599 559 1671; x_wconf 88' lang='lat' dir='ltr'>qui</span> <span class='ocrx_word' id='word_1_114' title='bbox 590 1599 857 1654; x_wconf 89' lang='lat' dir='ltr'>serviunt</span> <span class='ocrx_word' id='word_1_115' title='bbox 880 1598 1016 1668; x_wconf 91' lang='lat' dir='ltr'>Deo,</span> <span class='ocrx_word' id='word_1_116' title='bbox 1041 1604 1097 1654; x_wconf 89' lang='lat' dir='ltr'>et</span> <span class='ocrx_word' id='word_1_117' title='bbox 1126 1600 1334 1653; x_wconf 77' lang='lat' dir='ltr'>annexi</span> <span class='ocrx_word' id='word_1_118' title='bbox 1364 1605 1502 1654; x_wconf 92' lang='lat' dir='ltr'>sunt</span> <span class='ocrx_word' id='word_1_119' title='bbox 1522 1600 1693 1668; x_wconf 89' lang='lat' dir='ltr'>clero,</span> <span class='ocrx_word' id='word_1_120' title='bbox 1728 1616 1826 1653; x_wconf 88' lang='lat' dir='ltr'>ac-</span> 
     </span>
    </p>
   </div>
   <div class='ocr_carea' id='block_1_18' title="bbox 170 1688 1829 1759">
    <p class='ocr_par' dir='ltr' id='par_1_18' title="bbox 170 1688 1829 1759">
     <span class='ocr_line' id='line_1_18' title="bbox 170 1688 1829 1759; baseline -0.001 -16"><span class='ocrx_word' id='word_1_121' title='bbox 170 1690 387 1744; x_wconf 86' lang='lat' dir='ltr'>cedant</span> <span class='ocrx_word' id='word_1_122' title='bbox 417 1688 487 1742; x_wconf 91' lang='lat' dir='ltr'>ad</span> <span class='ocrx_word' id='word_1_123' title='bbox 524 1692 691 1743; x_wconf 89' lang='lat' dir='ltr'>actus</span> <span class='ocrx_word' id='word_1_124' title='bbox 726 1704 824 1743; x_wconf 91' lang='lat' dir='ltr'>seu</span> <span class='ocrx_word' id='word_1_125' title='bbox 851 1688 1423 1743; x_wconf 87' lang='lat' dir='ltr'>administrationem</span> <span class='ocrx_word' id='word_1_126' title='bbox 1448 1688 1531 1743; x_wconf 92' lang='lat' dir='ltr'>vel</span> <span class='ocrx_word' id='word_1_127' title='bbox 1556 1705 1829 1759; x_wconf 90' lang='lat' dir='ltr'>procura-</span> 
     </span>
    </p>
   </div>
   <div class='ocr_carea' id='block_1_19' title="bbox 168 1777 1824 1849">
    <p class='ocr_par' dir='ltr' id='par_1_19' title="bbox 168 1777 1824 1849">
     <span class='ocr_line' id='line_1_19' title="bbox 168 1777 1824 1849; baseline -0.001 -16"><span class='ocrx_word' id='word_1_128' title='bbox 168 1778 396 1833; x_wconf 86' lang='lat' dir='ltr'>tionem</span> <span class='ocrx_word' id='word_1_129' title='bbox 430 1777 759 1832; x_wconf 88' lang='lat' dir='ltr'>domorum.</span> <span class='ocrx_word' id='word_1_130' title='bbox 795 1777 1009 1832; x_wconf 88' lang='lat' dir='ltr'>Gratus</span> <span class='ocrx_word' id='word_1_131' title='bbox 1042 1777 1354 1849; x_wconf 88' lang='lat' dir='ltr'>epise0pus</span> <span class='ocrx_word' id='word_1_132' title='bbox 1382 1777 1527 1831; x_wconf 87' lang='lat' dir='ltr'>dixit</span> <span class='ocrx_word' id='word_1_133' title='bbox 1559 1794 1570 1831; x_wconf 88' lang='lat'>:</span> <span class='ocrx_word' id='word_1_134' title='bbox 1609 1777 1673 1833; x_wconf 91' lang='lat' dir='ltr'>Et</span> <span class='ocrx_word' id='word_1_135' title='bbox 1693 1795 1824 1849; x_wconf 89' lang='lat' dir='ltr'>apo-</span> 
     </span>
    </p>
   </div>
   <div class='ocr_carea' id='block_1_20' title="bbox 168 1864 1827 1936">
    <p class='ocr_par' dir='ltr' id='par_1_20' title="bbox 168 1864 1827 1936">
     <span class='ocr_line' id='line_1_20' title="bbox 168 1864 1827 1936; baseline 0 -16"><span class='ocrx_word' id='word_1_136' title='bbox 168 1864 461 1921; x_wconf 90' lang='lat' dir='ltr'>stolorum</span> <span class='ocrx_word' id='word_1_137' title='bbox 496 1868 723 1920; x_wconf 89' lang='lat' dir='ltr'>statuta</span> <span class='ocrx_word' id='word_1_138' title='bbox 756 1871 919 1933; x_wconf 89' lang='lat' dir='ltr'>sunt,</span> <span class='ocrx_word' id='word_1_139' title='bbox 952 1866 1050 1936; x_wconf 92' lang='lat' dir='ltr'>qui</span> <span class='ocrx_word' id='word_1_140' title='bbox 1095 1866 1298 1920; x_wconf 92' lang='lat' dir='ltr'>dicunt</span> <span class='ocrx_word' id='word_1_141' title='bbox 1330 1883 1343 1921; x_wconf 89' lang='lat'><strong>:</strong></span> <span class='ocrx_word' id='word_1_142' title='bbox 1374 1882 1530 1921; x_wconf 80' lang='lat' dir='ltr'>nemo</span> <span class='ocrx_word' id='word_1_143' title='bbox 1574 1866 1827 1920; x_wconf 86' lang='lat' dir='ltr'>militans</span> 
     </span>
    </p>
   </div>
   <div class='ocr_carea' id='block_1_21' title="bbox 169 1953 1831 2026">
    <p class='ocr_par' dir='ltr' id='par_1_21' title="bbox 169 1953 1831 2026">
     <span class='ocr_line' id='line_1_21' title="bbox 169 1953 1831 2026; baseline 0 -17"><span class='ocrx_word' id='word_1_144' title='bbox 169 1959 314 2019; x_wconf 84' lang='lat' dir='ltr'>Deo,</span> <span class='ocrx_word' id='word_1_145' title='bbox 361 1953 575 2025; x_wconf 85' lang='lat' dir='ltr'>ingerit</span> <span class='ocrx_word' id='word_1_146' title='bbox 621 1953 920 2026; x_wconf 79' lang='lat' dir='ltr'>[implicat]</span> <span class='ocrx_word' id='word_1_147' title='bbox 979 1971 1035 2009; x_wconf 88' lang='lat' dir='ltr'>se</span> <span class='ocrx_word' id='word_1_148' title='bbox 1094 1954 1330 2023; x_wconf 82' lang='lat' dir='ltr'>negotiis</span> <span class='ocrx_word' id='word_1_149' title='bbox 1359 1955 1723 2011; x_wconf 68' lang='lat' dir='ltr'>saecularibus</span> <span class='ocrx_word' id='word_1_150' title='bbox 1754 1956 1831 2021; x_wconf 88' lang='lat' dir='ltr'>(Il</span> 
     </span>
    </p>
   </div>
   <div class='ocr_carea' id='block_1_22' title="bbox 170 2042 1825 2114">
    <p class='ocr_par' dir='ltr' id='par_1_22' title="bbox 170 2042 1825 2114">
     <span class='ocr_line' id='line_1_22' title="bbox 170 2042 1825 2114; baseline 0.001 -17"><span class='ocrx_word' id='word_1_151' title='bbox 170 2044 312 2097; x_wconf 87' lang='lat' dir='ltr'>Tim.</span> <span class='ocrx_word' id='word_1_152' title='bbox 349 2042 434 2113; x_wconf 82' lang='grc' dir='ltr'>ιι),</span> <span class='ocrx_word' id='word_1_153' title='bbox 468 2042 713 2114; x_wconf 90' lang='lat' dir='ltr'>proinde</span> <span class='ocrx_word' id='word_1_154' title='bbox 759 2047 862 2097; x_wconf 91' lang='lat' dir='ltr'>aut</span> <span class='ocrx_word' id='word_1_155' title='bbox 912 2043 1103 2098; x_wconf 83' lang='lat' dir='ltr'>clerici</span> <span class='ocrx_word' id='word_1_156' title='bbox 1153 2043 1271 2098; x_wconf 90' lang='lat' dir='ltr'>sint</span> <span class='ocrx_word' id='word_1_157' title='bbox 1320 2044 1445 2099; x_wconf 88' lang='lat' dir='ltr'>sine</span> <span class='ocrx_word' id='word_1_158' title='bbox 1498 2043 1825 2099; x_wconf 88' lang='lat' dir='ltr'>actionibus</span> 
     </span>
    </p>
   </div>
   <div class='ocr_carea' id='block_1_23' title="bbox 169 2131 1825 2198">
    <p class='ocr_par' dir='ltr' id='par_1_23' title="bbox 169 2131 1825 2198">
     <span class='ocr_line' id='line_1_23' title="bbox 169 2131 1825 2198; baseline 0 -13"><span class='ocrx_word' id='word_1_159' title='bbox 169 2131 510 2198; x_wconf 89' lang='lat' dir='ltr'>domorum,</span> <span class='ocrx_word' id='word_1_160' title='bbox 545 2136 646 2185; x_wconf 89' lang='lat' dir='ltr'>aut</span> <span class='ocrx_word' id='word_1_161' title='bbox 677 2136 898 2186; x_wconf 91' lang='lat' dir='ltr'>actores</span> <span class='ocrx_word' id='word_1_162' title='bbox 931 2132 1057 2186; x_wconf 89' lang='lat' dir='ltr'>sine</span> <span class='ocrx_word' id='word_1_163' title='bbox 1090 2132 1280 2187; x_wconf 87' lang='lat' dir='ltr'>officio</span> <span class='ocrx_word' id='word_1_164' title='bbox 1327 2132 1668 2188; x_wconf 90' lang='lat' dir='ltr'>clericorum</span> <span class='ocrx_word' id='word_1_165' title='bbox 1697 2133 1825 2186; x_wconf 92' lang='lat' dir='ltr'>uni-</span> 
     </span>
    </p>
   </div>
   <div class='ocr_carea' id='block_1_24' title="bbox 168 2219 1256 2277">
    <p class='ocr_par' dir='ltr' id='par_1_24' title="bbox 168 2219 1256 2277">
     <span class='ocr_line' id='line_1_24' title="bbox 168 2219 1256 2277; baseline 0.006 -7"><span class='ocrx_word' id='word_1_166' title='bbox 168 2220 324 2275; x_wconf 82' lang='lat' dir='ltr'>versi</span> <span class='ocrx_word' id='word_1_167' title='bbox 359 2219 632 2274; x_wconf 80' lang='lat' dir='ltr'>dixerunt</span> <span class='ocrx_word' id='word_1_168' title='bbox 664 2236 676 2273; x_wconf 90' lang='lat'><strong>:</strong></span> <span class='ocrx_word' id='word_1_169' title='bbox 715 2222 826 2276; x_wconf 87' lang='lat' dir='ltr'>lloc</span> <span class='ocrx_word' id='word_1_170' title='bbox 860 2221 1256 2277; x_wconf 89' lang='lat' dir='ltr'>observamus.</span> 
     </span>
    </p>
   </div>
   <div class='ocr_carea' id='block_1_25' title="bbox 167 2308 1828 2380">
    <p class='ocr_par' dir='ltr' id='par_1_25' title="bbox 167 2308 1828 2380">
     <span class='ocr_line' id='line_1_25' title="bbox 167 2308 1828 2380; baseline 0.001 -17"><span class='ocrx_word' id='word_1_171' title='bbox 167 2308 307 2363; x_wconf 76' lang='lat' dir='ltr'>CAP.</span> <span class='ocrx_word' id='word_1_172' title='bbox 335 2308 461 2361; x_wconf 78' lang='grc'>224.</span> <span class='ocrx_word' id='word_1_173' title='bbox 493 2339 561 2348; x_wconf 86' lang='grc'><strong><em>-</em></strong></span> <span class='ocrx_word' id='word_1_174' title='bbox 592 2314 667 2363; x_wconf 88' lang='lat' dir='ltr'>De</span> <span class='ocrx_word' id='word_1_175' title='bbox 691 2312 1007 2379; x_wconf 74' lang='lat' dir='ltr'>presbytero</span> <span class='ocrx_word' id='word_1_176' title='bbox 1051 2310 1309 2380; x_wconf 81' lang='lat' dir='ltr'>deposito,</span> <span class='ocrx_word' id='word_1_177' title='bbox 1360 2313 1410 2364; x_wconf 98' lang='lat' dir='ltr'>si</span> <span class='ocrx_word' id='word_1_178' title='bbox 1451 2310 1828 2365; x_wconf 76' lang='lat' dir='ltr'>ministerium</span> 
     </span>
    </p>
   </div>
   <div class='ocr_carea' id='block_1_26' title="bbox 301 2380 1688 2454">
    <p class='ocr_par' dir='ltr' id='par_1_26' title="bbox 301 2380 1688 2454">
     <span class='ocr_line' id='line_1_26' title="bbox 301 2380 1688 2454; baseline 0.001 -21"><span class='ocrx_word' id='word_1_179' title='bbox 301 2383 741 2450; x_wconf 65' lang='lat' dir='ltr'>praesumpserit.</span> <span class='ocrx_word' id='word_1_180' title='bbox 797 2383 881 2435; x_wconf 74' lang='lat' dir='ltr'>Ea:</span> <span class='ocrx_word' id='word_1_181' title='bbox 912 2380 1149 2437; x_wconf 86' lang='lat' dir='ltr'>concilio</span> <span class='ocrx_word' id='word_1_182' title='bbox 1180 2382 1453 2448; x_wconf 88' lang='lat' dir='ltr'>Toletano,</span> <span class='ocrx_word' id='word_1_183' title='bbox 1486 2400 1605 2454; x_wconf 84' lang='lat' dir='ltr'>cap.</span> <span class='ocrx_word' id='word_1_184' title='bbox 1636 2384 1688 2435; x_wconf 88' lang='lat'>6.</span> 
     </span>
    </p>
   </div>
   <div class='ocr_carea' id='block_1_27' title="bbox 240 2468 1826 2542">
    <p class='ocr_par' dir='ltr' id='par_1_27' title="bbox 240 2468 1826 2542">
     <span class='ocr_line' id='line_1_27' title="bbox 240 2468 1826 2542; baseline 0.003 -21"><span class='ocrx_word' id='word_1_185' title='bbox 240 2468 357 2539; x_wconf 88' lang='grc'>(77)</span> <span class='ocrx_word' id='word_1_186' title='bbox 389 2468 599 2539; x_wconf 88' lang='lat' dir='ltr'>Siquis</span> <span class='ocrx_word' id='word_1_187' title='bbox 630 2469 932 2541; x_wconf 86' lang='lat' dir='ltr'>presbyter</span> <span class='ocrx_word' id='word_1_188' title='bbox 968 2471 1039 2524; x_wconf 86' lang='lat' dir='ltr'>ab</span> <span class='ocrx_word' id='word_1_189' title='bbox 1071 2472 1343 2542; x_wconf 89' lang='lat' dir='ltr'>episcopo</span> <span class='ocrx_word' id='word_1_190' title='bbox 1376 2488 1483 2525; x_wconf 92' lang='lat' dir='ltr'>suo</span> <span class='ocrx_word' id='word_1_191' title='bbox 1526 2472 1700 2525; x_wconf 90' lang='lat' dir='ltr'>fuerit</span> <span class='ocrx_word' id='word_1_192' title='bbox 1728 2472 1826 2527; x_wconf 92' lang='lat' dir='ltr'>de-</span> 
     </span>
    </p>
   </div>
   <div class='ocr_carea' id='block_1_28' title="bbox 170 2559 1827 2634">
    <p class='ocr_par' dir='ltr' id='par_1_28' title="bbox 170 2559 1827 2634">
     <span class='ocr_line' id='line_1_28' title="bbox 170 2559 1827 2634; baseline 0.001 -21"><span class='ocrx_word' id='word_1_193' title='bbox 170 2559 673 2630; x_wconf 84' lang='lat' dir='ltr'>gradatus,autab</span> <span class='ocrx_word' id='word_1_194' title='bbox 693 2559 884 2615; x_wconf 85' lang='lat' dir='ltr'>officio</span> <span class='ocrx_word' id='word_1_195' title='bbox 905 2576 1006 2629; x_wconf 88' lang='lat' dir='ltr'>pro</span> <span class='ocrx_word' id='word_1_196' title='bbox 1029 2561 1201 2615; x_wconf 89' lang='lat' dir='ltr'>certis</span> <span class='ocrx_word' id='word_1_197' title='bbox 1215 2561 1567 2616; x_wconf 90' lang='lat' dir='ltr'>criminibus</span> <span class='ocrx_word' id='word_1_198' title='bbox 1587 2579 1827 2634; x_wconf 84' lang='lat' dir='ltr'>suspen-</span> 
     </span>
    </p>
   </div>
   <div class='ocr_carea' id='block_1_29' title="bbox 170 2646 1821 2721">
    <p class='ocr_par' dir='ltr' id='par_1_29' title="bbox 170 2646 1821 2721">
     <span class='ocr_line' id='line_1_29' title="bbox 170 2646 1821 2721; baseline 0.002 -20"><span class='ocrx_word' id='word_1_199' title='bbox 170 2664 298 2717; x_wconf 84' lang='lat' dir='ltr'>sus,</span> <span class='ocrx_word' id='word_1_200' title='bbox 327 2646 529 2717; x_wconf 86' lang='lat' dir='ltr'>etipse</span> <span class='ocrx_word' id='word_1_201' title='bbox 552 2664 653 2719; x_wconf 89' lang='lat' dir='ltr'>per</span> <span class='ocrx_word' id='word_1_202' title='bbox 672 2651 1095 2719; x_wconf 87' lang='lat' dir='ltr'>contemptum,</span> <span class='ocrx_word' id='word_1_203' title='bbox 1137 2656 1193 2704; x_wconf 91' lang='lat' dir='ltr'>et</span> <span class='ocrx_word' id='word_1_204' title='bbox 1231 2650 1568 2721; x_wconf 87' lang='lat' dir='ltr'>superbiam</span> <span class='ocrx_word' id='word_1_205' title='bbox 1602 2650 1821 2721; x_wconf 88' lang='lat' dir='ltr'>aliquid</span> 
     </span>
    </p>
   </div>
   <div class='ocr_carea' id='block_1_30' title="bbox 170 2735 1828 2810">
    <p class='ocr_par' dir='ltr' id='par_1_30' title="bbox 170 2735 1828 2810">
     <span class='ocr_line' id='line_1_30' title="bbox 170 2735 1828 2810; baseline 0.001 -19"><span class='ocrx_word' id='word_1_206' title='bbox 170 2738 241 2791; x_wconf 89' lang='lat' dir='ltr'>de</span> <span class='ocrx_word' id='word_1_207' title='bbox 273 2735 605 2791; x_wconf 87' lang='lat' dir='ltr'>ministerio</span> <span class='ocrx_word' id='word_1_208' title='bbox 634 2736 746 2790; x_wconf 87' lang='lat' dir='ltr'>sibi</span> <span class='ocrx_word' id='word_1_209' title='bbox 780 2737 1090 2793; x_wconf 86' lang='lat' dir='ltr'>interdicto</span> <span class='ocrx_word' id='word_1_210' title='bbox 1113 2754 1281 2809; x_wconf 86' lang='lat' dir='ltr'>agere</span> <span class='ocrx_word' id='word_1_211' title='bbox 1306 2739 1828 2810; x_wconf 69' lang='lat' dir='ltr'>praesumpserit,et</span> 
     </span>
    </p>
   </div>
   <div class='ocr_carea' id='block_1_31' title="bbox 173 2824 1824 2899">
    <p class='ocr_par' dir='ltr' id='par_1_31' title="bbox 173 2824 1824 2899">
     <span class='ocr_line' id='line_1_31' title="bbox 173 2824 1824 2899; baseline 0.002 -20"><span class='ocrx_word' id='word_1_212' title='bbox 173 2829 378 2896; x_wconf 85' lang='lat' dir='ltr'>postea</span> <span class='ocrx_word' id='word_1_213' title='bbox 398 2825 468 2880; x_wconf 89' lang='lat' dir='ltr'>ab</span> <span class='ocrx_word' id='word_1_214' title='bbox 491 2824 761 2896; x_wconf 87' lang='lat' dir='ltr'>episcopo</span> <span class='ocrx_word' id='word_1_215' title='bbox 782 2843 886 2881; x_wconf 90' lang='lat' dir='ltr'>suo</span> <span class='ocrx_word' id='word_1_216' title='bbox 925 2831 1227 2898; x_wconf 75' lang='lat' dir='ltr'>correptus</span> <span class='ocrx_word' id='word_1_217' title='bbox 1268 2828 1517 2899; x_wconf 86' lang='lat' dir='ltr'>incoepta</span> <span class='ocrx_word' id='word_1_218' title='bbox 1542 2845 1824 2899; x_wconf 82' lang='lat' dir='ltr'>praesum-</span> 
     </span>
    </p>
   </div>
   <div class='ocr_carea' id='block_1_32' title="bbox 175 2913 1823 2985">
    <p class='ocr_par' dir='ltr' id='par_1_32' title="bbox 175 2913 1823 2985">
     <span class='ocr_line' id='line_1_32' title="bbox 175 2913 1823 2985; baseline 0.002 -17"><span class='ocrx_word' id='word_1_219' title='bbox 175 2913 377 2984; x_wconf 88' lang='lat' dir='ltr'>ptione</span> <span class='ocrx_word' id='word_1_220' title='bbox 404 2914 828 2985; x_wconf 90' lang='lat' dir='ltr'>perduraverit,</span> <span class='ocrx_word' id='word_1_221' title='bbox 856 2914 1323 2972; x_wconf 90' lang='lat' dir='ltr'>hicomnimodis</span> <span class='ocrx_word' id='word_1_222' title='bbox 1356 2917 1823 2972; x_wconf 76' lang='lat' dir='ltr'>excommunica-</span> 
     </span>
    </p>
   </div>
   <div class='ocr_carea' id='block_1_33' title="bbox 176 3000 1825 3077">
    <p class='ocr_par' dir='ltr' id='par_1_33' title="bbox 176 3000 1825 3077">
     <span class='ocr_line' id='line_1_33' title="bbox 176 3000 1825 3077; baseline 0.004 -22"><span class='ocrx_word' id='word_1_223' title='bbox 176 3005 295 3071; x_wconf 88' lang='lat' dir='ltr'>tur,</span> <span class='ocrx_word' id='word_1_224' title='bbox 335 3001 472 3056; x_wconf 86' lang='lat' dir='ltr'>etab</span> <span class='ocrx_word' id='word_1_225' title='bbox 492 3000 748 3056; x_wconf 86' lang='lat' dir='ltr'>Ecclesia</span> <span class='ocrx_word' id='word_1_226' title='bbox 776 3002 1119 3072; x_wconf 84' lang='lat' dir='ltr'>expellatur.</span> <span class='ocrx_word' id='word_1_227' title='bbox 1153 3005 1218 3059; x_wconf 92' lang='lat' dir='ltr'>Et</span> <span class='ocrx_word' id='word_1_228' title='bbox 1241 3005 1579 3077; x_wconf 89' lang='lat' dir='ltr'>quicunque</span> <span class='ocrx_word' id='word_1_229' title='bbox 1603 3022 1734 3059; x_wconf 90' lang='lat' dir='ltr'>cum</span> <span class='ocrx_word' id='word_1_230' title='bbox 1760 3022 1825 3061; x_wconf 90' lang='lat' dir='ltr'>eo</span> 
     </span>
    </p>
   </div>
   <div class='ocr_carea' id='block_1_34' title="bbox 174 3090 1825 3153">
    <p class='ocr_par' dir='ltr' id='par_1_34' title="bbox 174 3090 1825 3153">
     <span class='ocr_line' id='line_1_34' title="bbox 174 3090 1825 3153; baseline 0.002 -8"><span class='ocrx_word' id='word_1_231' title='bbox 174 3090 717 3153; x_wconf 89' lang='lat' dir='ltr'>communicaverit,</span> <span class='ocrx_word' id='word_1_232' title='bbox 751 3090 1024 3146; x_wconf 89' lang='lat' dir='ltr'>similiter</span> <span class='ocrx_word' id='word_1_233' title='bbox 1052 3109 1114 3147; x_wconf 90' lang='lat' dir='ltr'>se</span> <span class='ocrx_word' id='word_1_234' title='bbox 1163 3094 1309 3147; x_wconf 87' lang='lat' dir='ltr'>sciat</span> <span class='ocrx_word' id='word_1_235' title='bbox 1357 3095 1825 3149; x_wconf 87' lang='lat' dir='ltr'>excommunica-</span> 
     </span>
    </p>
   </div>
   <div class='ocr_carea' id='block_1_35' title="bbox 177 3177 1898 3249">
    <p class='ocr_par' dir='ltr' id='par_1_35' title="bbox 177 3177 1898 3249">
     <span class='ocr_line' id='line_1_35' title="bbox 177 3177 1898 3249; baseline 0.002 -15"><span class='ocrx_word' id='word_1_236' title='bbox 177 3184 331 3234; x_wconf 89' lang='lat' dir='ltr'>tum.</span> <span class='ocrx_word' id='word_1_237' title='bbox 357 3177 639 3232; x_wconf 86' lang='lat' dir='ltr'>Similiter</span> <span class='ocrx_word' id='word_1_238' title='bbox 670 3179 739 3233; x_wconf 91' lang='lat' dir='ltr'>de</span> <span class='ocrx_word' id='word_1_239' title='bbox 770 3178 1299 3249; x_wconf 85' lang='lat' dir='ltr'>clericis,laieis,et</span> <span class='ocrx_word' id='word_1_240' title='bbox 1332 3182 1565 3236; x_wconf 85' lang='lat' dir='ltr'>feminis</span> <span class='ocrx_word' id='word_1_241' title='bbox 1594 3197 1822 3237; x_wconf 86' lang='lat' dir='ltr'>exeom-</span> <span class='ocrx_word' id='word_1_242' title='bbox 1856 3178 1898 3244; x_wconf 89' lang='lat' dir='ltr'>C</span> 
     </span>
    </p>
   </div>
   <div class='ocr_carea' id='block_1_36' title="bbox 175 3266 1827 3341">
    <p class='ocr_par' dir='ltr' id='par_1_36' title="bbox 175 3266 1827 3341">
     <span class='ocr_line' id='line_1_36' title="bbox 175 3266 1827 3341; baseline 0.002 -19"><span class='ocrx_word' id='word_1_243' title='bbox 175 3266 497 3322; x_wconf 76' lang='lat' dir='ltr'>munientis</span> <span class='ocrx_word' id='word_1_244' title='bbox 549 3268 981 3323; x_wconf 90' lang='lat' dir='ltr'>observandum</span> <span class='ocrx_word' id='word_1_245' title='bbox 1032 3274 1140 3324; x_wconf 90' lang='lat' dir='ltr'>est.</span> <span class='ocrx_word' id='word_1_246' title='bbox 1191 3271 1353 3334; x_wconf 87' lang='lat' dir='ltr'>Quod</span> <span class='ocrx_word' id='word_1_247' title='bbox 1388 3270 1436 3325; x_wconf 91' lang='lat' dir='ltr'>si</span> <span class='ocrx_word' id='word_1_248' title='bbox 1465 3271 1675 3341; x_wconf 90' lang='lat' dir='ltr'>aliquis</span> <span class='ocrx_word' id='word_1_249' title='bbox 1714 3272 1827 3325; x_wconf 88' lang='lat' dir='ltr'>ista</span> 
     </span>
    </p>
   </div>
   <div class='ocr_carea' id='block_1_37' title="bbox 174 3356 1824 3429">
    <p class='ocr_par' dir='ltr' id='par_1_37' title="bbox 174 3356 1824 3429">
     <span class='ocr_line' id='line_1_37' title="bbox 174 3356 1824 3429; baseline 0.001 -17"><span class='ocrx_word' id='word_1_250' title='bbox 174 3356 381 3412; x_wconf 86' lang='lat' dir='ltr'>omnia</span> <span class='ocrx_word' id='word_1_251' title='bbox 411 3356 858 3427; x_wconf 88' lang='lat' dir='ltr'>contempserit,</span> <span class='ocrx_word' id='word_1_252' title='bbox 903 3362 957 3411; x_wconf 91' lang='lat' dir='ltr'>et</span> <span class='ocrx_word' id='word_1_253' title='bbox 1002 3358 1309 3429; x_wconf 88' lang='lat' dir='ltr'>episcopus</span> <span class='ocrx_word' id='word_1_254' title='bbox 1357 3360 1669 3414; x_wconf 90' lang='lat' dir='ltr'>emendare</span> <span class='ocrx_word' id='word_1_255' title='bbox 1713 3376 1824 3415; x_wconf 90' lang='lat' dir='ltr'>non</span> 
     </span>
    </p>
   </div>
   <div class='ocr_carea' id='block_1_38' title="bbox 176 3444 1487 3517">
    <p class='ocr_par' dir='ltr' id='par_1_38' title="bbox 176 3444 1487 3517">
     <span class='ocr_line' id='line_1_38' title="bbox 176 3444 1487 3517; baseline 0.002 -18"><span class='ocrx_word' id='word_1_256' title='bbox 176 3444 461 3517; x_wconf 88' lang='lat' dir='ltr'>potuerit,</span> <span class='ocrx_word' id='word_1_257' title='bbox 496 3444 645 3514; x_wconf 83' lang='lat' dir='ltr'>regis</span> <span class='ocrx_word' id='word_1_258' title='bbox 667 3444 893 3515; x_wconf 84' lang='lat' dir='ltr'>judicio</span> <span class='ocrx_word' id='word_1_259' title='bbox 922 3445 1126 3500; x_wconf 85' lang='lat' dir='ltr'>exsilio</span> <span class='ocrx_word' id='word_1_260' title='bbox 1159 3447 1487 3502; x_wconf 89' lang='lat' dir='ltr'>damnetur.</span> 
     </span>
    </p>
   </div>
   <div class='ocr_carea' id='block_1_39' title="bbox 176 3533 1830 3607">
    <p class='ocr_par' dir='ltr' id='par_1_39' title="bbox 176 3533 1830 3607">
     <span class='ocr_line' id='line_1_39' title="bbox 176 3533 1830 3607; baseline 0.002 -19"><span class='ocrx_word' id='word_1_261' title='bbox 176 3533 310 3588; x_wconf 74' lang='grc' dir='ltr'>ΟΑΡ.</span> <span class='ocrx_word' id='word_1_262' title='bbox 342 3533 467 3607; x_wconf 73' lang='grc'>225.</span> <span class='ocrx_word' id='word_1_263' title='bbox 499 3563 567 3572; x_wconf 85' lang='lat'>-—</span> <span class='ocrx_word' id='word_1_264' title='bbox 599 3536 680 3607; x_wconf 83' lang='lat' dir='ltr'>De</span> <span class='ocrx_word' id='word_1_265' title='bbox 706 3534 1019 3603; x_wconf 84' lang='lat' dir='ltr'>presbytero</span> <span class='ocrx_word' id='word_1_266' title='bbox 1050 3534 1308 3590; x_wconf 82' lang='lat' dir='ltr'>damnato</span> <span class='ocrx_word' id='word_1_267' title='bbox 1337 3538 1433 3607; x_wconf 87' lang='lat' dir='ltr'>qui</span> <span class='ocrx_word' id='word_1_268' title='bbox 1486 3536 1830 3607; x_wconf 80' lang='lat' dir='ltr'>imperatoris</span> 
     </span>
    </p>
   </div>
   <div class='ocr_carea' id='block_1_40' title="bbox 247 3605 1828 3678">
    <p class='ocr_par' dir='ltr' id='par_1_40' title="bbox 247 3605 1828 3678">
     <span class='ocr_line' id='line_1_40' title="bbox 247 3605 1828 3678; baseline 0.003 -19"><span class='ocrx_word' id='word_1_269' title='bbox 247 3605 486 3678; x_wconf 78' lang='lat' dir='ltr'>auribus</span> <span class='ocrx_word' id='word_1_270' title='bbox 516 3605 771 3678; x_wconf 81' lang='lat' dir='ltr'>molestus</span> <span class='ocrx_word' id='word_1_271' title='bbox 799 3606 1092 3678; x_wconf 76' lang='lat' dir='ltr'>exstiterit.</span> <span class='ocrx_word' id='word_1_272' title='bbox 1120 3611 1204 3661; x_wconf 73' lang='lat' dir='ltr'>Ea:</span> <span class='ocrx_word' id='word_1_273' title='bbox 1223 3605 1453 3663; x_wconf 83' lang='lat' dir='ltr'>concilio</span> <span class='ocrx_word' id='word_1_274' title='bbox 1475 3605 1828 3678; x_wconf 79' lang='lat' dir='ltr'>Antiocheno,</span> 
     </span>
    </p>
   </div>
   <div class='ocr_carea' id='block_1_41' title="bbox 245 3675 1093 3745">
    <p class='ocr_par' dir='ltr' id='par_1_41' title="bbox 245 3675 1093 3745">
     <span class='ocr_line' id='line_1_41' title="bbox 245 3675 1093 3745; baseline 0.002 -16"><span class='ocrx_word' id='word_1_275' title='bbox 245 3692 293 3729; x_wconf 92' lang='lat' dir='ltr'>c.</span> <span class='ocrx_word' id='word_1_276' title='bbox 340 3677 426 3729; x_wconf 82' lang='grc'>12.</span> <span class='ocrx_word' id='word_1_277' title='bbox 468 3675 615 3744; x_wconf 85' lang='lat' dir='ltr'>(Ant.</span> <span class='ocrx_word' id='word_1_278' title='bbox 655 3692 694 3742; x_wconf 83' lang='grc' dir='ltr'>ι,</span> <span class='ocrx_word' id='word_1_279' title='bbox 718 3676 821 3730; x_wconf 88' lang='lat' dir='ltr'>sub</span> <span class='ocrx_word' id='word_1_280' title='bbox 851 3676 997 3731; x_wconf 86' lang='lat' dir='ltr'>Julia</span> <span class='ocrx_word' id='word_1_281' title='bbox 1028 3679 1093 3745; x_wconf 89' lang='lat'>1).</span> 
     </span>
    </p>
   </div>
   <div class='ocr_carea' id='block_1_42' title="bbox 249 3764 1829 3839">
    <p class='ocr_par' dir='ltr' id='par_1_42' title="bbox 249 3764 1829 3839">
     <span class='ocr_line' id='line_1_42' title="bbox 249 3764 1829 3839; baseline 0.003 -20"><span class='ocrx_word' id='word_1_282' title='bbox 249 3764 366 3835; x_wconf 79' lang='lat' dir='ltr'>(2t,</span> <span class='ocrx_word' id='word_1_283' title='bbox 400 3782 451 3835; x_wconf 90' lang='lat' dir='ltr'>q.</span> <span class='ocrx_word' id='word_1_284' title='bbox 483 3765 538 3833; x_wconf 98' lang='lat'>5,</span> <span class='ocrx_word' id='word_1_285' title='bbox 572 3764 633 3819; x_wconf 88' lang='lat' dir='ltr'>Si</span> <span class='ocrx_word' id='word_1_286' title='bbox 661 3766 785 3835; x_wconf 84' lang='lat' dir='ltr'>quis</span> <span class='ocrx_word' id='word_1_287' title='bbox 830 3782 863 3819; x_wconf 88' lang='lat' dir='ltr'>a</span> <span class='ocrx_word' id='word_1_288' title='bbox 920 3767 1190 3837; x_wconf 88' lang='lat' dir='ltr'>proprio.)</span> <span class='ocrx_word' id='word_1_289' title='bbox 1250 3767 1310 3821; x_wconf 90' lang='lat' dir='ltr'>Si</span> <span class='ocrx_word' id='word_1_290' title='bbox 1361 3767 1493 3837; x_wconf 90' lang='lat' dir='ltr'>quis</span> <span class='ocrx_word' id='word_1_291' title='bbox 1534 3784 1567 3822; x_wconf 93' lang='lat' dir='ltr'>a</span> <span class='ocrx_word' id='word_1_292' title='bbox 1598 3769 1829 3839; x_wconf 89' lang='lat' dir='ltr'>proprio</span> 
     </span>
    </p>
   </div>
   <div class='ocr_carea' id='block_1_43' title="bbox 180 3853 1834 3927">
    <p class='ocr_par' dir='ltr' id='par_1_43' title="bbox 180 3853 1834 3927">
     <span class='ocr_line' id='line_1_43' title="bbox 180 3853 1834 3927; baseline 0.002 -20"><span class='ocrx_word' id='word_1_293' title='bbox 180 3853 457 3924; x_wconf 89' lang='lat' dir='ltr'>episcopo</span> <span class='ocrx_word' id='word_1_294' title='bbox 478 3854 799 3925; x_wconf 79' lang='lat' dir='ltr'>presbyter,</span> <span class='ocrx_word' id='word_1_295' title='bbox 826 3861 923 3908; x_wconf 75' lang='lat' dir='ltr'>aut</span> <span class='ocrx_word' id='word_1_296' title='bbox 942 3854 1353 3924; x_wconf 86' lang='lat' dir='ltr'>diaconus,aut</span> <span class='ocrx_word' id='word_1_297' title='bbox 1371 3873 1402 3909; x_wconf 91' lang='lat' dir='ltr'>a</span> <span class='ocrx_word' id='word_1_298' title='bbox 1420 3857 1639 3927; x_wconf 88' lang='lat' dir='ltr'>synodo</span> <span class='ocrx_word' id='word_1_299' title='bbox 1659 3858 1834 3912; x_wconf 88' lang='lat' dir='ltr'>fuerit</span> 
     </span>
    </p>
   </div>
   <div class='ocr_carea' id='block_1_44' title="bbox 182 3942 1831 4015">
    <p class='ocr_par' dir='ltr' id='par_1_44' title="bbox 182 3942 1831 4015">
     <span class='ocr_line' id='line_1_44' title="bbox 182 3942 1831 4015; baseline 0.001 -16"><span class='ocrx_word' id='word_1_300' title='bbox 182 3943 499 4015; x_wconf 83' lang='lat' dir='ltr'>episcopus</span> <span class='ocrx_word' id='word_1_301' title='bbox 526 3942 669 3997; x_wconf 89' lang='lat' dir='ltr'>forte</span> <span class='ocrx_word' id='word_1_302' title='bbox 696 3943 1013 3997; x_wconf 90' lang='lat' dir='ltr'>damnatus</span> <span class='ocrx_word' id='word_1_303' title='bbox 1048 3949 1105 3998; x_wconf 91' lang='lat' dir='ltr'>et</span> <span class='ocrx_word' id='word_1_304' title='bbox 1148 3944 1552 4015; x_wconf 86' lang='lat' dir='ltr'>imperialibus</span> <span class='ocrx_word' id='word_1_305' title='bbox 1588 3947 1831 4001; x_wconf 88' lang='lat' dir='ltr'>auribus</span> 
     </span>
    </p>
   </div>
   <div class='ocr_carea' id='block_1_45' title="bbox 183 4031 1830 4105">
    <p class='ocr_par' dir='ltr' id='par_1_45' title="bbox 183 4031 1830 4105">
     <span class='ocr_line' id='line_1_45' title="bbox 183 4031 1830 4105; baseline 0.002 -20"><span class='ocrx_word' id='word_1_306' title='bbox 183 4031 469 4086; x_wconf 88' lang='lat' dir='ltr'>molestus</span> <span class='ocrx_word' id='word_1_307' title='bbox 499 4031 805 4101; x_wconf 83' lang='lat' dir='ltr'>exstiterit,</span> <span class='ocrx_word' id='word_1_308' title='bbox 838 4036 1065 4103; x_wconf 89' lang='lat' dir='ltr'>oportet</span> <span class='ocrx_word' id='word_1_309' title='bbox 1096 4035 1166 4087; x_wconf 91' lang='lat' dir='ltr'>ad</span> <span class='ocrx_word' id='word_1_310' title='bbox 1200 4036 1392 4103; x_wconf 86' lang='lat' dir='ltr'>majus</span> <span class='ocrx_word' id='word_1_311' title='bbox 1422 4035 1830 4105; x_wconf 88' lang='lat' dir='ltr'>episcoporum</span> 
     </span>
    </p>
   </div>
   <div class='ocr_carea' id='block_1_46' title="bbox 184 4120 1834 4193">
    <p class='ocr_par' dir='ltr' id='par_1_46' title="bbox 184 4120 1834 4193">
     <span class='ocr_line' id='line_1_46' title="bbox 184 4120 1834 4193; baseline 0.002 -18"><span class='ocrx_word' id='word_1_312' title='bbox 184 4120 444 4175; x_wconf 87' lang='lat' dir='ltr'>converti</span> <span class='ocrx_word' id='word_1_313' title='bbox 475 4120 815 4191; x_wconf 88' lang='lat' dir='ltr'>concilium,</span> <span class='ocrx_word' id='word_1_314' title='bbox 850 4126 906 4176; x_wconf 90' lang='lat' dir='ltr'>et</span> <span class='ocrx_word' id='word_1_315' title='bbox 935 4138 1062 4192; x_wconf 70' lang='lat' dir='ltr'>qua:</span> <span class='ocrx_word' id='word_1_316' title='bbox 1096 4122 1427 4193; x_wconf 84' lang='lat' dir='ltr'>putaverint</span> <span class='ocrx_word' id='word_1_317' title='bbox 1449 4122 1834 4193; x_wconf 88' lang='lat' dir='ltr'>haberejusla</span> 
     </span>
    </p>
   </div>
   <div class='ocr_carea' id='block_1_47' title="bbox 183 4208 1833 4281">
    <p class='ocr_par' dir='ltr' id='par_1_47' title="bbox 183 4208 1833 4281">
     <span class='ocr_line' id='line_1_47' title="bbox 183 4208 1833 4281; baseline 0.003 -19"><span class='ocrx_word' id='word_1_318' title='bbox 183 4208 460 4280; x_wconf 87' lang='lat' dir='ltr'>plurimis</span> <span class='ocrx_word' id='word_1_319' title='bbox 486 4208 776 4281; x_wconf 88' lang='lat' dir='ltr'>episcopis</span> <span class='ocrx_word' id='word_1_320' title='bbox 809 4216 1150 4281; x_wconf 88' lang='lat' dir='ltr'>suggerant,</span> <span class='ocrx_word' id='word_1_321' title='bbox 1171 4227 1492 4281; x_wconf 88' lang='lat' dir='ltr'>eorumque</span> <span class='ocrx_word' id='word_1_322' title='bbox 1514 4211 1833 4267; x_wconf 82' lang='lat' dir='ltr'>discussio-</span> 
     </span>
    </p>
   </div>
   <div class='ocr_carea' id='block_1_48' title="bbox 186 4297 1831 4372">
    <p class='ocr_par' dir='ltr' id='par_1_48' title="bbox 186 4297 1831 4372">
     <span class='ocr_line' id='line_1_48' title="bbox 186 4297 1831 4372; baseline 0.002 -21"><span class='ocrx_word' id='word_1_323' title='bbox 186 4314 288 4352; x_wconf 91' lang='lat' dir='ltr'>nes</span> <span class='ocrx_word' id='word_1_324' title='bbox 319 4314 387 4352; x_wconf 87' lang='lat' dir='ltr'>ac</span> <span class='ocrx_word' id='word_1_325' title='bbox 411 4297 638 4367; x_wconf 87' lang='lat' dir='ltr'>judicia</span> <span class='ocrx_word' id='word_1_326' title='bbox 670 4298 1102 4366; x_wconf 71' lang='lat' dir='ltr'>praestolentur.</span> <span class='ocrx_word' id='word_1_327' title='bbox 1141 4299 1199 4353; x_wconf 88' lang='lat' dir='ltr'>Si</span> <span class='ocrx_word' id='word_1_328' title='bbox 1220 4316 1354 4355; x_wconf 90' lang='lat' dir='ltr'>vero</span> <span class='ocrx_word' id='word_1_329' title='bbox 1380 4300 1500 4356; x_wconf 68' lang='lat' dir='ltr'>haec</span> <span class='ocrx_word' id='word_1_330' title='bbox 1525 4301 1831 4372; x_wconf 90' lang='lat' dir='ltr'>parvipen-</span> 
     </span>
    </p>
   </div>
   <div class='ocr_carea' id='block_1_49' title="bbox 184 4385 1836 4459">
    <p class='ocr_par' dir='ltr' id='par_1_49' title="bbox 184 4385 1836 4459">
     <span class='ocr_line' id='line_1_49' title="bbox 184 4385 1836 4459; baseline 0.003 -19"><span class='ocrx_word' id='word_1_331' title='bbox 184 4386 391 4441; x_wconf 87' lang='lat' dir='ltr'>dentes</span> <span class='ocrx_word' id='word_1_332' title='bbox 426 4385 654 4441; x_wconf 89' lang='lat' dir='ltr'>molesti</span> <span class='ocrx_word' id='word_1_333' title='bbox 688 4388 906 4443; x_wconf 81' lang='lat' dir='ltr'>fuerint</span> <span class='ocrx_word' id='word_1_334' title='bbox 931 4388 1299 4459; x_wconf 90' lang='lat' dir='ltr'>imperatori,</span> <span class='ocrx_word' id='word_1_335' title='bbox 1330 4388 1437 4444; x_wconf 91' lang='lat' dir='ltr'>hos</span> <span class='ocrx_word' id='word_1_336' title='bbox 1484 4390 1646 4445; x_wconf 89' lang='lat' dir='ltr'>nulla</span> <span class='ocrx_word' id='word_1_337' title='bbox 1668 4391 1836 4445; x_wconf 90' lang='lat' dir='ltr'>venia</span> 
     </span>
    </p>
   </div>
   <div class='ocr_carea' id='block_1_50' title="bbox 187 4475 1834 4548">
    <p class='ocr_par' dir='ltr' id='par_1_50' title="bbox 187 4475 1834 4548">
     <span class='ocr_line' id='line_1_50' title="bbox 187 4475 1834 4548; baseline 0.002 -19"><span class='ocrx_word' id='word_1_338' title='bbox 187 4475 401 4548; x_wconf 86' lang='lat' dir='ltr'>dignos</span> <span class='ocrx_word' id='word_1_339' title='bbox 432 4491 579 4544; x_wconf 89' lang='lat' dir='ltr'>esse,</span> <span class='ocrx_word' id='word_1_340' title='bbox 618 4493 723 4531; x_wconf 90' lang='lat' dir='ltr'>nec</span> <span class='ocrx_word' id='word_1_341' title='bbox 756 4476 949 4532; x_wconf 90' lang='lat' dir='ltr'>locum</span> <span class='ocrx_word' id='word_1_342' title='bbox 999 4478 1415 4533; x_wconf 87' lang='lat' dir='ltr'>satisfactionis</span> <span class='ocrx_word' id='word_1_343' title='bbox 1464 4478 1694 4544; x_wconf 89' lang='lat' dir='ltr'>habere,</span> <span class='ocrx_word' id='word_1_344' title='bbox 1734 4496 1834 4533; x_wconf 89' lang='lat' dir='ltr'>nec</span> 
     </span>
    </p>
   </div>
   <div class='ocr_carea' id='block_1_51' title="bbox 1944 530 3592 609">
    <p class='ocr_par' dir='ltr' id='par_1_51' title="bbox 1944 530 3592 609">
     <span class='ocr_line' id='line_1_51' title="bbox 1944 530 3592 609; baseline 0.008 -27"><span class='ocrx_word' id='word_1_345' title='bbox 1944 530 2419 601; x_wconf 88' lang='lat' dir='ltr'>presbyterorum</span> <span class='ocrx_word' id='word_1_346' title='bbox 2446 533 2756 605; x_wconf 90' lang='lat' dir='ltr'>episcopus</span> <span class='ocrx_word' id='word_1_347' title='bbox 2780 552 2909 591; x_wconf 90' lang='lat' dir='ltr'>cum</span> <span class='ocrx_word' id='word_1_348' title='bbox 2945 536 3177 605; x_wconf 90' lang='lat' dir='ltr'>publica</span> <span class='ocrx_word' id='word_1_349' title='bbox 3198 537 3592 609; x_wconf 83' lang='lat' dir='ltr'>increpatione</span> 
     </span>
    </p>
   </div>
   <div class='ocr_carea' id='block_1_52' title="bbox 1943 619 3590 693">
    <p class='ocr_par' dir='ltr' id='par_1_52' title="bbox 1943 619 3590 693">
     <span class='ocr_line' id='line_1_52' title="bbox 1943 619 3590 693; baseline 0.007 -21"><span class='ocrx_word' id='word_1_350' title='bbox 1943 619 2273 674; x_wconf 86' lang='lat' dir='ltr'>admoneat.</span> <span class='ocrx_word' id='word_1_351' title='bbox 2308 620 2367 675; x_wconf 89' lang='lat' dir='ltr'>Si</span> <span class='ocrx_word' id='word_1_352' title='bbox 2400 638 2530 676; x_wconf 89' lang='lat' dir='ltr'>vero</span> <span class='ocrx_word' id='word_1_353' title='bbox 2564 639 2752 693; x_wconf 88' lang='lat' dir='ltr'>neque</span> <span class='ocrx_word' id='word_1_354' title='bbox 2801 624 2883 677; x_wconf 92' lang='lat' dir='ltr'>sic</span> <span class='ocrx_word' id='word_1_355' title='bbox 2933 641 2993 679; x_wconf 90' lang='lat' dir='ltr'>se</span> <span class='ocrx_word' id='word_1_356' title='bbox 3045 626 3313 693; x_wconf 82' lang='lat' dir='ltr'>correxit,</span> <span class='ocrx_word' id='word_1_357' title='bbox 3347 629 3418 683; x_wconf 89' lang='lat' dir='ltr'>ab</span> <span class='ocrx_word' id='word_1_358' title='bbox 3464 631 3590 683; x_wconf 80' lang='lat' dir='ltr'>offi-</span> 
     </span>
    </p>
   </div>
   <div class='ocr_carea' id='block_1_53' title="bbox 1943 707 3591 785">
    <p class='ocr_par' dir='ltr' id='par_1_53' title="bbox 1943 707 3591 785">
     <span class='ocr_line' id='line_1_53' title="bbox 1943 707 3591 785; baseline 0.007 -25"><span class='ocrx_word' id='word_1_359' title='bbox 1943 707 2029 762; x_wconf 91' lang='lat' dir='ltr'>cio</span> <span class='ocrx_word' id='word_1_360' title='bbox 2064 710 2480 779; x_wconf 88' lang='lat' dir='ltr'>suspendatur,</span> <span class='ocrx_word' id='word_1_361' title='bbox 2519 729 2703 781; x_wconf 91' lang='lat' dir='ltr'>usque</span> <span class='ocrx_word' id='word_1_362' title='bbox 2737 713 2805 766; x_wconf 88' lang='lat' dir='ltr'>ad</span> <span class='ocrx_word' id='word_1_363' title='bbox 2841 713 3076 783; x_wconf 86' lang='lat' dir='ltr'>dignam</span> <span class='ocrx_word' id='word_1_364' title='bbox 3111 716 3591 785; x_wconf 86' lang='lat' dir='ltr'>satisfactionem,</span> 
     </span>
    </p>
   </div>
   <div class='ocr_carea' id='block_1_54' title="bbox 1944 798 3589 878">
    <p class='ocr_par' dir='ltr' id='par_1_54' title="bbox 1944 798 3589 878">
     <span class='ocr_line' id='line_1_54' title="bbox 1944 798 3589 878; baseline 0.007 -28"><span class='ocrx_word' id='word_1_365' title='bbox 1944 813 2015 851; x_wconf 91' lang='lat' dir='ltr'>ne</span> <span class='ocrx_word' id='word_1_366' title='bbox 2048 798 2301 868; x_wconf 90' lang='lat' dir='ltr'>populus</span> <span class='ocrx_word' id='word_1_367' title='bbox 2324 799 2585 854; x_wconf 86' lang='lat' dir='ltr'>fidelium</span> <span class='ocrx_word' id='word_1_368' title='bbox 2614 802 2669 855; x_wconf 91' lang='lat' dir='ltr'>in</span> <span class='ocrx_word' id='word_1_369' title='bbox 2698 818 2762 855; x_wconf 92' lang='lat' dir='ltr'>eo</span> <span class='ocrx_word' id='word_1_370' title='bbox 2785 802 3126 856; x_wconf 86' lang='lat' dir='ltr'>scandalum</span> <span class='ocrx_word' id='word_1_371' title='bbox 3156 804 3411 873; x_wconf 86' lang='lat' dir='ltr'>patiatur</span> <span class='ocrx_word' id='word_1_372' title='bbox 3436 808 3510 877; x_wconf 86' lang='grc'>(2,</span> <span class='ocrx_word' id='word_1_373' title='bbox 3538 826 3589 878; x_wconf 91' lang='lat' dir='ltr'>q.</span> 
     </span>
    </p>
   </div>
   <div class='ocr_carea' id='block_1_55' title="bbox 1974 885 3591 964">
    <p class='ocr_par' dir='ltr' id='par_1_55' title="bbox 1974 885 3591 964">
     <span class='ocr_line' id='line_1_55' title="bbox 1974 885 3591 964; baseline 0.007 -27"><span class='ocrx_word' id='word_1_374' title='bbox 1974 885 2022 950; x_wconf 86' lang='grc'>4,</span> <span class='ocrx_word' id='word_1_375' title='bbox 2055 901 2103 939; x_wconf 91' lang='lat' dir='ltr'>c.</span> <span class='ocrx_word' id='word_1_376' title='bbox 2140 886 2198 940; x_wconf 85' lang='lat' dir='ltr'>St</span> <span class='ocrx_word' id='word_1_377' title='bbox 2228 887 2507 956; x_wconf 86' lang='lat' dir='ltr'>legitimi.)</span> <span class='ocrx_word' id='word_1_378' title='bbox 2539 889 2596 942; x_wconf 88' lang='lat' dir='ltr'>Si</span> <span class='ocrx_word' id='word_1_379' title='bbox 2655 894 2851 943; x_wconf 86' lang='lat' dir='ltr'>autem</span> <span class='ocrx_word' id='word_1_380' title='bbox 2916 896 3287 947; x_wconf 88' lang='lat' dir='ltr'>accusatores</span> <span class='ocrx_word' id='word_1_381' title='bbox 3345 892 3591 964; x_wconf 85' lang='lat' dir='ltr'>legitimi</span> 
     </span>
    </p>
   </div>
   <div class='ocr_carea' id='block_1_56' title="bbox 1943 971 3593 1047">
    <p class='ocr_par' dir='ltr' id='par_1_56' title="bbox 1943 971 3593 1047">
     <span class='ocr_line' id='line_1_56' title="bbox 1943 971 3593 1047; baseline 0.006 -20"><span class='ocrx_word' id='word_1_382' title='bbox 1943 988 2057 1028; x_wconf 90' lang='lat' dir='ltr'>non</span> <span class='ocrx_word' id='word_1_383' title='bbox 2090 974 2328 1043; x_wconf 84' lang='lat' dir='ltr'>fuerint,</span> <span class='ocrx_word' id='word_1_384' title='bbox 2378 977 2477 1046; x_wconf 91' lang='lat' dir='ltr'>qui</span> <span class='ocrx_word' id='word_1_385' title='bbox 2525 971 2657 1047; x_wconf 80' lang='lat' dir='ltr'>ejus</span> <span class='ocrx_word' id='word_1_386' title='bbox 2707 978 2946 1034; x_wconf 89' lang='lat' dir='ltr'>crimina</span> <span class='ocrx_word' id='word_1_387' title='bbox 2980 980 3309 1035; x_wconf 86' lang='lat' dir='ltr'>manifestis</span> <span class='ocrx_word' id='word_1_388' title='bbox 3360 982 3593 1037; x_wconf 90' lang='lat' dir='ltr'>indiciis</span> 
     </span>
    </p>
   </div>
   <div class='ocr_carea' id='block_1_57' title="bbox 1942 1062 3593 1142">
    <p class='ocr_par' dir='ltr' id='par_1_57' title="bbox 1942 1062 3593 1142">
     <span class='ocr_line' id='line_1_57' title="bbox 1942 1062 3593 1142; baseline 0.006 -26"><span class='ocrx_word' id='word_1_389' title='bbox 1942 1062 2189 1133; x_wconf 89' lang='lat' dir='ltr'>probare</span> <span class='ocrx_word' id='word_1_390' title='bbox 2222 1066 2643 1133; x_wconf 88' lang='lat' dir='ltr'>contenderint,</span> <span class='ocrx_word' id='word_1_391' title='bbox 2675 1072 2732 1121; x_wconf 90' lang='lat' dir='ltr'>et</span> <span class='ocrx_word' id='word_1_392' title='bbox 2765 1068 2888 1137; x_wconf 89' lang='lat' dir='ltr'>ipse</span> <span class='ocrx_word' id='word_1_393' title='bbox 2933 1068 3246 1138; x_wconf 86' lang='lat' dir='ltr'>negaverit,</span> <span class='ocrx_word' id='word_1_394' title='bbox 3282 1073 3419 1123; x_wconf 91' lang='lat' dir='ltr'>tunc</span> <span class='ocrx_word' id='word_1_395' title='bbox 3468 1071 3593 1142; x_wconf 91' lang='lat' dir='ltr'>ipse</span> 
     </span>
    </p>
   </div>
   <div class='ocr_carea' id='block_1_58' title="bbox 1940 1153 3594 1226">
    <p class='ocr_par' dir='ltr' id='par_1_58' title="bbox 1940 1153 3594 1226">
     <span class='ocr_line' id='line_1_58' title="bbox 1940 1153 3594 1226; baseline 0.005 -21"><span class='ocrx_word' id='word_1_396' title='bbox 1940 1168 2073 1206; x_wconf 91' lang='lat' dir='ltr'>eum</span> <span class='ocrx_word' id='word_1_397' title='bbox 2108 1158 2330 1223; x_wconf 90' lang='lat' dir='ltr'>septem</span> <span class='ocrx_word' id='word_1_398' title='bbox 2354 1153 2528 1209; x_wconf 88' lang='lat' dir='ltr'>sociis</span> <span class='ocrx_word' id='word_1_399' title='bbox 2550 1156 2676 1211; x_wconf 89' lang='lat' dir='ltr'>suis</span> <span class='ocrx_word' id='word_1_400' title='bbox 2699 1156 2959 1225; x_wconf 77' lang='lat' dir='ltr'>ejusdem</span> <span class='ocrx_word' id='word_1_401' title='bbox 2987 1156 3231 1226; x_wconf 87' lang='lat' dir='ltr'>ordinis,</span> <span class='ocrx_word' id='word_1_402' title='bbox 3267 1156 3317 1211; x_wconf 91' lang='lat' dir='ltr'>si</span> <span class='ocrx_word' id='word_1_403' title='bbox 3360 1158 3526 1225; x_wconf 77' lang='lat' dir='ltr'>valet,</span> <span class='ocrx_word' id='word_1_404' title='bbox 3561 1177 3594 1213; x_wconf 86' lang='lat' dir='ltr'>a</span> 
     </span>
    </p>
   </div>
   <div class='ocr_carea' id='block_1_59' title="bbox 1939 1240 3589 1315">
    <p class='ocr_par' dir='ltr' id='par_1_59' title="bbox 1939 1240 3589 1315">
     <span class='ocr_line' id='line_1_59' title="bbox 1939 1240 3589 1315; baseline 0.003 -20"><span class='ocrx_word' id='word_1_405' title='bbox 1939 1240 2189 1295; x_wconf 89' lang='lat' dir='ltr'>crimine</span> <span class='ocrx_word' id='word_1_406' title='bbox 2221 1242 2607 1315; x_wconf 78' lang='lat' dir='ltr'>semetipsum</span> <span class='ocrx_word' id='word_1_407' title='bbox 2661 1247 2961 1314; x_wconf 85' lang='lat' dir='ltr'>expurget.</span> <span class='ocrx_word' id='word_1_408' title='bbox 3015 1243 3304 1299; x_wconf 91' lang='lat' dir='ltr'>Diaeonus</span> <span class='ocrx_word' id='word_1_409' title='bbox 3359 1262 3492 1301; x_wconf 90' lang='lat' dir='ltr'>vero</span> <span class='ocrx_word' id='word_1_410' title='bbox 3540 1249 3589 1302; x_wconf 90' lang='lat' dir='ltr'>si</span> 
     </span>
    </p>
   </div>
   <div class='ocr_carea' id='block_1_60' title="bbox 1938 1330 3585 1405">
    <p class='ocr_par' dir='ltr' id='par_1_60' title="bbox 1938 1330 3585 1405">
     <span class='ocr_line' id='line_1_60' title="bbox 1938 1330 3585 1405; baseline 0.005 -21"><span class='ocrx_word' id='word_1_411' title='bbox 1938 1330 2141 1386; x_wconf 91' lang='lat' dir='ltr'>eodem</span> <span class='ocrx_word' id='word_1_412' title='bbox 2172 1331 2419 1387; x_wconf 87' lang='lat' dir='ltr'>crimine</span> <span class='ocrx_word' id='word_1_413' title='bbox 2449 1337 2761 1389; x_wconf 85' lang='lat' dir='ltr'>accusatus</span> <span class='ocrx_word' id='word_1_414' title='bbox 2797 1333 2992 1402; x_wconf 85' lang='lat' dir='ltr'>fuerit,</span> <span class='ocrx_word' id='word_1_415' title='bbox 3026 1335 3409 1405; x_wconf 87' lang='lat' dir='ltr'>semetipsum</span> <span class='ocrx_word' id='word_1_416' title='bbox 3452 1353 3585 1391; x_wconf 91' lang='lat' dir='ltr'>cum</span> 
     </span>
    </p>
   </div>
   <div class='ocr_carea' id='block_1_61' title="bbox 1938 1418 2463 1491">
    <p class='ocr_par' dir='ltr' id='par_1_61' title="bbox 1938 1418 2463 1491">
     <span class='ocr_line' id='line_1_61' title="bbox 1938 1418 2463 1491; baseline 0.002 -19"><span class='ocrx_word' id='word_1_417' title='bbox 1938 1418 2128 1473; x_wconf 87' lang='lat' dir='ltr'>tribus</span> <span class='ocrx_word' id='word_1_418' title='bbox 2160 1423 2463 1491; x_wconf 83' lang='lat' dir='ltr'>expurget.</span> 
     </span>
    </p>
   </div>
   <div class='ocr_carea' id='block_1_62' title="bbox 1936 1517 3587 1585">
    <p class='ocr_par' dir='ltr' id='par_1_62' title="bbox 1936 1517 3587 1585">
     <span class='ocr_line' id='line_1_62' title="bbox 1936 1517 3587 1585; baseline 0.003 -14"><span class='ocrx_word' id='word_1_419' title='bbox 1936 1520 2068 1571; x_wconf 79' lang='lat' dir='ltr'>CAP.</span> <span class='ocrx_word' id='word_1_420' title='bbox 2100 1517 2224 1570; x_wconf 82' lang='lat'>227.</span> <span class='ocrx_word' id='word_1_421' title='bbox 2260 1547 2329 1556; x_wconf 90' lang='lat'><strong>—</strong></span> <span class='ocrx_word' id='word_1_422' title='bbox 2361 1518 2636 1585; x_wconf 85' lang='lat' dir='ltr'>Quomodo</span> <span class='ocrx_word' id='word_1_423' title='bbox 2666 1520 3043 1575; x_wconf 86' lang='lat' dir='ltr'>controversia</span> <span class='ocrx_word' id='word_1_424' title='bbox 3068 1520 3214 1575; x_wconf 87' lang='lat' dir='ltr'>inter</span> <span class='ocrx_word' id='word_1_425' title='bbox 3241 1521 3503 1577; x_wconf 86' lang='lat' dir='ltr'>clericum</span> <span class='ocrx_word' id='word_1_426' title='bbox 3533 1530 3587 1578; x_wconf 78' lang='lat' dir='ltr'>et</span> 
     </span>
    </p>
   </div>
   <div class='ocr_carea' id='block_1_63' title="bbox 2010 1588 3585 1713">
    <p class='ocr_par' dir='ltr' id='par_1_63' title="bbox 2010 1588 3585 1713">
     <span class='ocr_line' id='line_1_63' title="bbox 2010 1588 3585 1713; baseline 0.005 -72"><span class='ocrx_word' id='word_1_427' title='bbox 2010 1588 2433 1713; x_wconf 47' lang='lat' dir='ltr'>laicuéniexcrta</span> <span class='ocrx_word' id='word_1_428' title='bbox 2491 1589 2737 1658; x_wconf 78' lang='lat' dir='ltr'>ﬁniatur.</span> <span class='ocrx_word' id='word_1_429' title='bbox 2802 1592 2886 1645; x_wconf 58' lang='lat' dir='ltr'>Ege</span> <span class='ocrx_word' id='word_1_430' title='bbox 2941 1593 3172 1649; x_wconf 87' lang='lat' dir='ltr'>concilio</span> <span class='ocrx_word' id='word_1_431' title='bbox 3228 1594 3585 1650; x_wconf 86' lang='lat' dir='ltr'>Triburiensi.</span> 
     </span>
     <span class='ocr_line' id='line_1_64' title="bbox 2010 1676 2251 1713; baseline 0 0"><span class='ocrx_word' id='word_1_432' title='bbox 2010 1676 2127 1713; x_wconf 83' lang='lat' dir='ltr'>can.</span> <span class='ocrx_word' id='word_1_433' title='bbox 2238 1700 2251 1713; x_wconf 97' lang='lat'>.</span> 
     </span>
    </p>
   </div>
   <div class='ocr_carea' id='block_1_64' title="bbox 2005 1676 2251 1730">
    <p class='ocr_par' dir='ltr' id='par_1_64' title="bbox 2005 1676 2251 1730">
     <span class='ocr_line' id='line_1_65' title="bbox 2005 1676 2251 1730; baseline -0.004 -16"><span class='ocrx_word' id='word_1_434' title='bbox 2005 1676 2127 1730; x_wconf 88' lang='lat' dir='ltr'>cap.</span> <span class='ocrx_word' id='word_1_435' title='bbox 2157 1676 2251 1713; x_wconf 73' lang='lat' dir='ltr'>zr.</span> 
     </span>
    </p>
   </div>
   <div class='ocr_carea' id='block_1_65' title="bbox 2004 1747 3588 1827">
    <p class='ocr_par' dir='ltr' id='par_1_65' title="bbox 2004 1747 3588 1827">
     <span class='ocr_line' id='line_1_66' title="bbox 2004 1747 3588 1827; baseline 0.006 -26"><span class='ocrx_word' id='word_1_436' title='bbox 2004 1748 2080 1819; x_wconf 88' lang='grc'>(2,</span> <span class='ocrx_word' id='word_1_437' title='bbox 2114 1764 2166 1818; x_wconf 94' lang='lat' dir='ltr'>q.</span> <span class='ocrx_word' id='word_1_438' title='bbox 2198 1749 2253 1813; x_wconf 88' lang='lat'>5,</span> <span class='ocrx_word' id='word_1_439' title='bbox 2284 1764 2330 1803; x_wconf 90' lang='lat' dir='ltr'>c.</span> <span class='ocrx_word' id='word_1_440' title='bbox 2361 1747 2425 1803; x_wconf 88' lang='lat' dir='ltr'>Si</span> <span class='ocrx_word' id='word_1_441' title='bbox 2453 1750 2575 1819; x_wconf 90' lang='lat' dir='ltr'>quis</span> <span class='ocrx_word' id='word_1_442' title='bbox 2602 1751 2932 1823; x_wconf 86' lang='lat' dir='ltr'>presbyter.)</span> <span class='ocrx_word' id='word_1_443' title='bbox 2988 1752 3047 1808; x_wconf 89' lang='lat' dir='ltr'>Si</span> <span class='ocrx_word' id='word_1_444' title='bbox 3097 1754 3230 1825; x_wconf 87' lang='lat' dir='ltr'>quis</span> <span class='ocrx_word' id='word_1_445' title='bbox 3282 1756 3588 1827; x_wconf 88' lang='lat' dir='ltr'>presbyter</span> 
     </span>
    </p>
   </div>
   <div class='ocr_carea' id='block_1_66' title="bbox 1856 1814 3582 1915">
    <p class='ocr_par' dir='ltr' id='par_1_66' title="bbox 1856 1814 3582 1915">
     <span class='ocr_line' id='line_1_67' title="bbox 1856 1814 3582 1915; baseline 0.003 -24"><span class='ocrx_word' id='word_1_446' title='bbox 1856 1814 1903 1878; x_wconf 80' lang='grc' dir='ltr'>Β</span> <span class='ocrx_word' id='word_1_447' title='bbox 1934 1842 2135 1891; x_wconf 87' lang='lat' dir='ltr'>contra</span> <span class='ocrx_word' id='word_1_448' title='bbox 2163 1836 2405 1904; x_wconf 87' lang='lat' dir='ltr'>laicum,</span> <span class='ocrx_word' id='word_1_449' title='bbox 2436 1837 2522 1894; x_wconf 90' lang='lat' dir='ltr'>vel</span> <span class='ocrx_word' id='word_1_450' title='bbox 2554 1838 2740 1894; x_wconf 88' lang='lat' dir='ltr'>laicus</span> <span class='ocrx_word' id='word_1_451' title='bbox 2771 1846 2974 1895; x_wconf 88' lang='lat' dir='ltr'>contra</span> <span class='ocrx_word' id='word_1_452' title='bbox 3022 1814 3429 1915; x_wconf 70' lang='lat' dir='ltr'>presbyterum</span> <span class='ocrx_word' id='word_1_453' title='bbox 3462 1814 3582 1899; x_wconf 42' lang='lat' dir='ltr'>uali-</span> 
     </span>
    </p>
   </div>
   <div class='ocr_carea' id='block_1_67' title="bbox 1937 1925 3583 2004">
    <p class='ocr_par' dir='ltr' id='par_1_67' title="bbox 1937 1925 3583 2004">
     <span class='ocr_line' id='line_1_68' title="bbox 1937 1925 3583 2004; baseline 0.005 -26"><span class='ocrx_word' id='word_1_454' title='bbox 1937 1942 2113 1996; x_wconf 89' lang='lat' dir='ltr'>quam</span> <span class='ocrx_word' id='word_1_455' title='bbox 2148 1925 2322 1979; x_wconf 88' lang='lat' dir='ltr'>habet</span> <span class='ocrx_word' id='word_1_456' title='bbox 2369 1926 2748 1997; x_wconf 75' lang='lat' dir='ltr'>querimoniae</span> <span class='ocrx_word' id='word_1_457' title='bbox 2782 1932 3261 2001; x_wconf 90' lang='lat' dir='ltr'>controversiam,</span> <span class='ocrx_word' id='word_1_458' title='bbox 3312 1933 3583 2004; x_wconf 79' lang='lat' dir='ltr'>episCOpo</span> 
     </span>
    </p>
   </div>
   <div class='ocr_carea' id='block_1_68' title="bbox 1937 2014 3580 2091">
    <p class='ocr_par' dir='ltr' id='par_1_68' title="bbox 1937 2014 3580 2091">
     <span class='ocr_line' id='line_1_69' title="bbox 1937 2014 3580 2091; baseline 0.005 -24"><span class='ocrx_word' id='word_1_459' title='bbox 1937 2014 2305 2085; x_wconf 71' lang='lat' dir='ltr'>praecipiente</span> <span class='ocrx_word' id='word_1_460' title='bbox 2335 2015 2462 2070; x_wconf 88' lang='lat' dir='ltr'>sine</span> <span class='ocrx_word' id='word_1_461' title='bbox 2494 2032 2880 2087; x_wconf 88' lang='lat' dir='ltr'>personarum</span> <span class='ocrx_word' id='word_1_462' title='bbox 2933 2020 3267 2091; x_wconf 90' lang='lat' dir='ltr'>acceptione</span> <span class='ocrx_word' id='word_1_463' title='bbox 3326 2020 3580 2075; x_wconf 82' lang='lat' dir='ltr'>finiatur.</span> 
     </span>
    </p>
   </div>
   <div class='ocr_carea' id='block_1_69' title="bbox 1937 2102 3583 2179">
    <p class='ocr_par' dir='ltr' id='par_1_69' title="bbox 1937 2102 3583 2179">
     <span class='ocr_line' id='line_1_70' title="bbox 1937 2102 3583 2179; baseline 0.004 -23"><span class='ocrx_word' id='word_1_464' title='bbox 1937 2102 2141 2158; x_wconf 90' lang='lat' dir='ltr'>Laicus</span> <span class='ocrx_word' id='word_1_465' title='bbox 2173 2120 2275 2175; x_wconf 90' lang='lat' dir='ltr'>per</span> <span class='ocrx_word' id='word_1_466' title='bbox 2296 2105 2781 2175; x_wconf 89' lang='lat' dir='ltr'>juramentum,si</span> <span class='ocrx_word' id='word_1_467' title='bbox 2805 2123 3041 2163; x_wconf 89' lang='lat' dir='ltr'>necesse</span> <span class='ocrx_word' id='word_1_468' title='bbox 3066 2110 3163 2178; x_wconf 89' lang='lat' dir='ltr'>sit,</span> <span class='ocrx_word' id='word_1_469' title='bbox 3187 2126 3248 2164; x_wconf 90' lang='lat' dir='ltr'>se</span> <span class='ocrx_word' id='word_1_470' title='bbox 3283 2115 3583 2179; x_wconf 85' lang='lat' dir='ltr'>expurget.</span> 
     </span>
    </p>
   </div>
   <div class='ocr_carea' id='block_1_70' title="bbox 1935 2192 3581 2267">
    <p class='ocr_par' dir='ltr' id='par_1_70' title="bbox 1935 2192 3581 2267">
     <span class='ocr_line' id='line_1_71' title="bbox 1935 2192 3581 2267; baseline 0.003 -21"><span class='ocrx_word' id='word_1_471' title='bbox 1935 2192 2244 2263; x_wconf 82' lang='lat' dir='ltr'>Presbyter</span> <span class='ocrx_word' id='word_1_472' title='bbox 2274 2210 2406 2249; x_wconf 90' lang='lat' dir='ltr'>vero</span> <span class='ocrx_word' id='word_1_473' title='bbox 2439 2194 2560 2249; x_wconf 90' lang='lat' dir='ltr'>vice</span> <span class='ocrx_word' id='word_1_474' title='bbox 2583 2195 2909 2265; x_wconf 90' lang='lat' dir='ltr'>juramenti</span> <span class='ocrx_word' id='word_1_475' title='bbox 2942 2213 3041 2267; x_wconf 89' lang='lat' dir='ltr'>per</span> <span class='ocrx_word' id='word_1_476' title='bbox 3084 2202 3345 2253; x_wconf 88' lang='lat' dir='ltr'>sanctam</span> <span class='ocrx_word' id='word_1_477' title='bbox 3381 2213 3581 2252; x_wconf 91' lang='lat' dir='ltr'>conse-</span> 
     </span>
    </p>
   </div>
   <div class='ocr_carea' id='block_1_71' title="bbox 1937 2281 3581 2354">
    <p class='ocr_par' dir='ltr' id='par_1_71' title="bbox 1937 2281 3581 2354">
     <span class='ocr_line' id='line_1_72' title="bbox 1937 2281 3581 2354; baseline 0.002 -19"><span class='ocrx_word' id='word_1_478' title='bbox 1937 2281 2253 2337; x_wconf 90' lang='lat' dir='ltr'>crationem</span> <span class='ocrx_word' id='word_1_479' title='bbox 2286 2282 2696 2354; x_wconf 83' lang='lat' dir='ltr'>interrogetur;</span> <span class='ocrx_word' id='word_1_480' title='bbox 2723 2284 2859 2354; x_wconf 89' lang='lat' dir='ltr'>quia</span> <span class='ocrx_word' id='word_1_481' title='bbox 2888 2286 3221 2340; x_wconf 89' lang='lat' dir='ltr'>sacerdotes</span> <span class='ocrx_word' id='word_1_482' title='bbox 3243 2303 3309 2341; x_wconf 83' lang='lat' dir='ltr'>ex</span> <span class='ocrx_word' id='word_1_483' title='bbox 3331 2286 3581 2340; x_wconf 85' lang='lat' dir='ltr'>levicau-</span> 
     </span>
    </p>
   </div>
   <div class='ocr_carea' id='block_1_72' title="bbox 1938 2370 3582 2447">
    <p class='ocr_par' dir='ltr' id='par_1_72' title="bbox 1938 2370 3582 2447">
     <span class='ocr_line' id='line_1_73' title="bbox 1938 2370 3582 2447; baseline 0.004 -24"><span class='ocrx_word' id='word_1_484' title='bbox 1938 2370 2215 2441; x_wconf 86' lang='lat' dir='ltr'>sajurare</span> <span class='ocrx_word' id='word_1_485' title='bbox 2235 2388 2349 2425; x_wconf 94' lang='lat' dir='ltr'>non</span> <span class='ocrx_word' id='word_1_486' title='bbox 2376 2373 2608 2427; x_wconf 89' lang='lat' dir='ltr'>debent.</span> <span class='ocrx_word' id='word_1_487' title='bbox 2634 2373 2845 2427; x_wconf 89' lang='lat' dir='ltr'>Manus</span> <span class='ocrx_word' id='word_1_488' title='bbox 2868 2374 3024 2428; x_wconf 90' lang='lat' dir='ltr'>enim</span> <span class='ocrx_word' id='word_1_489' title='bbox 3053 2390 3151 2443; x_wconf 91' lang='lat' dir='ltr'>per</span> <span class='ocrx_word' id='word_1_490' title='bbox 3173 2390 3346 2444; x_wconf 90' lang='lat' dir='ltr'>quam</span> <span class='ocrx_word' id='word_1_491' title='bbox 3372 2392 3582 2447; x_wconf 90' lang='lat' dir='ltr'>corpus</span> 
     </span>
    </p>
   </div>
   <div class='ocr_carea' id='block_1_73' title="bbox 1936 2460 3582 2534">
    <p class='ocr_par' dir='ltr' id='par_1_73' title="bbox 1936 2460 3582 2534">
     <span class='ocr_line' id='line_1_74' title="bbox 1936 2460 3582 2534; baseline 0.003 -20"><span class='ocrx_word' id='word_1_492' title='bbox 1936 2464 1992 2514; x_wconf 89' lang='lat' dir='ltr'>et</span> <span class='ocrx_word' id='word_1_493' title='bbox 2014 2460 2257 2529; x_wconf 86' lang='lat' dir='ltr'>sanguis</span> <span class='ocrx_word' id='word_1_494' title='bbox 2286 2460 2503 2515; x_wconf 92' lang='lat' dir='ltr'>Christi</span> <span class='ocrx_word' id='word_1_495' title='bbox 2537 2462 3216 2532; x_wconf 85' lang='lat' dir='ltr'>conficitur,juramento</span> <span class='ocrx_word' id='word_1_496' title='bbox 3244 2464 3582 2534; x_wconf 81' lang='lat' dir='ltr'>polluetur?</span> 
     </span>
    </p>
   </div>
   <div class='ocr_carea' id='block_1_74' title="bbox 1936 2548 3579 2622">
    <p class='ocr_par' dir='ltr' id='par_1_74' title="bbox 1936 2548 3579 2622">
     <span class='ocr_line' id='line_1_75' title="bbox 1936 2548 3579 2622; baseline 0.004 -21"><span class='ocrx_word' id='word_1_497' title='bbox 1936 2548 2123 2602; x_wconf 85' lang='lat' dir='ltr'>Absit.</span> <span class='ocrx_word' id='word_1_498' title='bbox 2159 2548 2303 2603; x_wconf 91' lang='lat' dir='ltr'>Cum</span> <span class='ocrx_word' id='word_1_499' title='bbox 2338 2549 2621 2605; x_wconf 87' lang='lat' dir='ltr'>Dominus</span> <span class='ocrx_word' id='word_1_500' title='bbox 2670 2550 2727 2605; x_wconf 88' lang='lat' dir='ltr'>in</span> <span class='ocrx_word' id='word_1_501' title='bbox 2762 2551 3071 2622; x_wconf 83' lang='lat' dir='ltr'>Evangelio</span> <span class='ocrx_word' id='word_1_502' title='bbox 3104 2552 3412 2622; x_wconf 86' lang='lat' dir='ltr'>discipulis</span> <span class='ocrx_word' id='word_1_503' title='bbox 3455 2554 3579 2608; x_wconf 91' lang='lat' dir='ltr'>suis</span> 
     </span>
    </p>
   </div>
   <div class='ocr_carea' id='block_1_75' title="bbox 1935 2637 3575 2712">
    <p class='ocr_par' dir='ltr' id='par_1_75' title="bbox 1935 2637 3575 2712">
     <span class='ocr_line' id='line_1_76' title="bbox 1935 2637 3575 2712; baseline 0.004 -21"><span class='ocrx_word' id='word_1_504' title='bbox 1935 2638 2209 2708; x_wconf 91' lang='lat' dir='ltr'>(quorum</span> <span class='ocrx_word' id='word_1_505' title='bbox 2242 2637 2419 2693; x_wconf 90' lang='lat' dir='ltr'>vicem</span> <span class='ocrx_word' id='word_1_506' title='bbox 2454 2655 2559 2693; x_wconf 92' lang='lat' dir='ltr'>nos</span> <span class='ocrx_word' id='word_1_507' title='bbox 2591 2639 2816 2711; x_wconf 89' lang='lat' dir='ltr'>indigni</span> <span class='ocrx_word' id='word_1_508' title='bbox 2845 2641 2902 2693; x_wconf 91' lang='lat' dir='ltr'>in</span> <span class='ocrx_word' id='word_1_509' title='bbox 2936 2645 3138 2696; x_wconf 86' lang='lat' dir='ltr'>saneta</span> <span class='ocrx_word' id='word_1_510' title='bbox 3176 2642 3437 2712; x_wconf 90' lang='lat' dir='ltr'>gerimus</span> <span class='ocrx_word' id='word_1_511' title='bbox 3474 2643 3575 2697; x_wconf 89' lang='lat' dir='ltr'>Ee-</span> 
     </span>
    </p>
   </div>
   <div class='ocr_carea' id='block_1_76' title="bbox 1935 2726 3575 2799">
    <p class='ocr_par' dir='ltr' id='par_1_76' title="bbox 1935 2726 3575 2799">
     <span class='ocr_line' id='line_1_77' title="bbox 1935 2726 3575 2799; baseline 0.002 -18"><span class='ocrx_word' id='word_1_512' title='bbox 1935 2726 2133 2785; x_wconf 91' lang='lat' dir='ltr'>clesia)</span> <span class='ocrx_word' id='word_1_513' title='bbox 2166 2727 2322 2781; x_wconf 91' lang='lat' dir='ltr'>dicat</span> <span class='ocrx_word' id='word_1_514' title='bbox 2354 2745 2366 2782; x_wconf 92' lang='lat'>:</span> <span class='ocrx_word' id='word_1_515' title='bbox 2400 2728 2577 2783; x_wconf 87' lang='lat' dir='ltr'>Nolite</span> <span class='ocrx_word' id='word_1_516' title='bbox 2594 2730 2794 2799; x_wconf 88' lang='lat' dir='ltr'>jurare</span> <span class='ocrx_word' id='word_1_517' title='bbox 2811 2729 3068 2783; x_wconf 83' lang='lat' dir='ltr'>omnino:</span> <span class='ocrx_word' id='word_1_518' title='bbox 3092 2746 3272 2785; x_wconf 87' lang='lat' dir='ltr'>sermo</span> <span class='ocrx_word' id='word_1_519' title='bbox 3297 2740 3464 2786; x_wconf 78' lang='lat' dir='ltr'>vester</span> <span class='ocrx_word' id='word_1_520' title='bbox 3482 2734 3575 2795; x_wconf 80' lang='lat' dir='ltr'>est,</span> 
     </span>
    </p>
   </div>
   <div class='ocr_carea' id='block_1_77' title="bbox 1935 2816 3579 2886">
    <p class='ocr_par' dir='ltr' id='par_1_77' title="bbox 1935 2816 3579 2886">
     <span class='ocr_line' id='line_1_78' title="bbox 1935 2816 3579 2886; baseline 0.003 -17"><span class='ocrx_word' id='word_1_521' title='bbox 1935 2819 2032 2882; x_wconf 87' lang='lat' dir='ltr'>est,</span> <span class='ocrx_word' id='word_1_522' title='bbox 2063 2830 2172 2868; x_wconf 87' lang='lat' dir='ltr'>non</span> <span class='ocrx_word' id='word_1_523' title='bbox 2194 2830 2297 2869; x_wconf 91' lang='lat' dir='ltr'>non</span> <span class='ocrx_word' id='word_1_524' title='bbox 2325 2834 2338 2883; x_wconf 92' lang='lat'><strong>;</strong></span> <span class='ocrx_word' id='word_1_525' title='bbox 2370 2816 2511 2886; x_wconf 83' lang='lat' dir='ltr'>quod</span> <span class='ocrx_word' id='word_1_526' title='bbox 2531 2827 2718 2872; x_wconf 80' lang='lat' dir='ltr'>autem</span> <span class='ocrx_word' id='word_1_527' title='bbox 2742 2818 2826 2871; x_wconf 84' lang='lat' dir='ltr'>his</span> <span class='ocrx_word' id='word_1_528' title='bbox 2847 2818 3246 2874; x_wconf 72' lang='lat' dir='ltr'>abunditzntius</span> <span class='ocrx_word' id='word_1_529' title='bbox 3260 2823 3357 2886; x_wconf 84' lang='lat' dir='ltr'>est,</span> <span class='ocrx_word' id='word_1_530' title='bbox 3378 2836 3410 2873; x_wconf 89' lang='lat' dir='ltr'>a</span> <span class='ocrx_word' id='word_1_531' title='bbox 3433 2821 3579 2874; x_wconf 85' lang='lat' dir='ltr'>malo</span> 
     </span>
    </p>
   </div>
   <div class='ocr_carea' id='block_1_78' title="bbox 1936 2904 2365 2976">
    <p class='ocr_par' dir='ltr' id='par_1_78' title="bbox 1936 2904 2365 2976">
     <span class='ocr_line' id='line_1_79' title="bbox 1936 2904 2365 2976; baseline 0.002 -17"><span class='ocrx_word' id='word_1_532' title='bbox 1936 2904 2365 2976; x_wconf 66' lang='lat' dir='ltr'>estUWauh.v)</span> 
     </span>
    </p>
   </div>
   <div class='ocr_carea' id='block_1_79' title="bbox 1937 3001 3586 3060">
    <p class='ocr_par' dir='ltr' id='par_1_79' title="bbox 1937 3001 3586 3060">
     <span class='ocr_line' id='line_1_80' title="bbox 1937 3001 3586 3060; baseline -0.001 -3"><span class='ocrx_word' id='word_1_533' title='bbox 1937 3001 2070 3057; x_wconf 79' lang='lat' dir='ltr'>CAP.</span> <span class='ocrx_word' id='word_1_534' title='bbox 2104 3002 2228 3056; x_wconf 88' lang='grc'>228.</span> <span class='ocrx_word' id='word_1_535' title='bbox 2260 3032 2330 3042; x_wconf 92' lang='grc'><strong>-</strong></span> <span class='ocrx_word' id='word_1_536' title='bbox 2358 3004 2434 3057; x_wconf 85' lang='lat' dir='ltr'>Ne</span> <span class='ocrx_word' id='word_1_537' title='bbox 2479 3004 2716 3058; x_wconf 83' lang='lat' dir='ltr'>clericus</span> <span class='ocrx_word' id='word_1_538' title='bbox 2759 3004 3018 3059; x_wconf 83' lang='lat' dir='ltr'>adversus</span> <span class='ocrx_word' id='word_1_539' title='bbox 3058 3005 3323 3060; x_wconf 87' lang='lat' dir='ltr'>clericum</span> <span class='ocrx_word' id='word_1_540' title='bbox 3382 3004 3586 3060; x_wconf 78' lang='lat' dir='ltr'>habens</span> 
     </span>
    </p>
   </div>
   <div class='ocr_carea' id='block_1_80' title="bbox 2008 3073 3575 3145">
    <p class='ocr_par' dir='ltr' id='par_1_80' title="bbox 2008 3073 3575 3145">
     <span class='ocr_line' id='line_1_81' title="bbox 2008 3073 3575 3145; baseline 0.003 -19"><span class='ocrx_word' id='word_1_541' title='bbox 2008 3073 2311 3145; x_wconf 85' lang='lat' dir='ltr'>negotium,</span> <span class='ocrx_word' id='word_1_542' title='bbox 2341 3074 2410 3128; x_wconf 87' lang='lat' dir='ltr'>ad</span> <span class='ocrx_word' id='word_1_543' title='bbox 2439 3077 2735 3131; x_wconf 71' lang='lat' dir='ltr'>saecularia</span> <span class='ocrx_word' id='word_1_544' title='bbox 2765 3086 3046 3130; x_wconf 83' lang='lat' dir='ltr'>recurreat</span> <span class='ocrx_word' id='word_1_545' title='bbox 3068 3076 3298 3145; x_wconf 76' lang='lat' dir='ltr'>judicia.</span> <span class='ocrx_word' id='word_1_546' title='bbox 3336 3078 3415 3131; x_wconf 65' lang='lat' dir='ltr'>Ex</span> <span class='ocrx_word' id='word_1_547' title='bbox 3445 3094 3575 3133; x_wconf 83' lang='lat' dir='ltr'>con-</span> 
     </span>
    </p>
   </div>
   <div class='ocr_carea' id='block_1_81' title="bbox 2006 3144 3245 3218">
    <p class='ocr_par' dir='ltr' id='par_1_81' title="bbox 2006 3144 3245 3218">
     <span class='ocr_line' id='line_1_82' title="bbox 2006 3144 3245 3218; baseline 0.003 -20"><span class='ocrx_word' id='word_1_548' title='bbox 2006 3144 2136 3199; x_wconf 84' lang='lat' dir='ltr'>cilio</span> <span class='ocrx_word' id='word_1_549' title='bbox 2170 3145 2616 3210; x_wconf 80' lang='lat' dir='ltr'>Chalcedonensz,</span> <span class='ocrx_word' id='word_1_550' title='bbox 2649 3164 2767 3217; x_wconf 88' lang='lat' dir='ltr'>cap.</span> <span class='ocrx_word' id='word_1_551' title='bbox 2798 3149 2832 3200; x_wconf 85' lang='lat'>9</span> <span class='ocrx_word' id='word_1_552' title='bbox 2864 3152 3103 3218; x_wconf 72' lang='lat' dir='ltr'>(actione</span> <span class='ocrx_word' id='word_1_553' title='bbox 3142 3150 3245 3216; x_wconf 82' lang='lat'>15).</span> 
     </span>
    </p>
   </div>
   <div class='ocr_carea' id='block_1_82' title="bbox 2011 3234 3583 3307">
    <p class='ocr_par' dir='ltr' id='par_1_82' title="bbox 2011 3234 3583 3307">
     <span class='ocr_line' id='line_1_83' title="bbox 2011 3234 3583 3307; baseline 0.002 -21"><span class='ocrx_word' id='word_1_554' title='bbox 2011 3234 2084 3304; x_wconf 86' lang='lat' dir='ltr'>(l,</span> <span class='ocrx_word' id='word_1_555' title='bbox 2120 3250 2171 3304; x_wconf 89' lang='lat' dir='ltr'>q.</span> <span class='ocrx_word' id='word_1_556' title='bbox 2210 3234 2261 3299; x_wconf 82' lang='lat' dir='ltr'>l,</span> <span class='ocrx_word' id='word_1_557' title='bbox 2288 3250 2335 3288; x_wconf 90' lang='lat' dir='ltr'>c.</span> <span class='ocrx_word' id='word_1_558' title='bbox 2370 3234 2431 3288; x_wconf 88' lang='lat' dir='ltr'>Si</span> <span class='ocrx_word' id='word_1_559' title='bbox 2458 3235 2733 3305; x_wconf 78' lang='lat' dir='ltr'>clericus.)</span> <span class='ocrx_word' id='word_1_560' title='bbox 2768 3236 2823 3290; x_wconf 92' lang='lat' dir='ltr'>Si</span> <span class='ocrx_word' id='word_1_561' title='bbox 2862 3237 2996 3307; x_wconf 91' lang='lat' dir='ltr'>quis</span> <span class='ocrx_word' id='word_1_562' title='bbox 3024 3236 3270 3292; x_wconf 88' lang='lat' dir='ltr'>clericus</span> <span class='ocrx_word' id='word_1_563' title='bbox 3304 3237 3583 3291; x_wconf 89' lang='lat' dir='ltr'>adversus</span> 
     </span>
    </p>
   </div>
   <div class='ocr_carea' id='block_1_83' title="bbox 1937 3321 3577 3397">
    <p class='ocr_par' dir='ltr' id='par_1_83' title="bbox 1937 3321 3577 3397">
     <span class='ocr_line' id='line_1_84' title="bbox 1937 3321 3577 3397; baseline 0.002 -22"><span class='ocrx_word' id='word_1_564' title='bbox 1937 3321 2214 3376; x_wconf 91' lang='lat' dir='ltr'>clericum</span> <span class='ocrx_word' id='word_1_565' title='bbox 2248 3322 2422 3376; x_wconf 86' lang='lat' dir='ltr'>habet</span> <span class='ocrx_word' id='word_1_566' title='bbox 2454 3324 2775 3394; x_wconf 87' lang='lat' dir='ltr'>negotium,</span> <span class='ocrx_word' id='word_1_567' title='bbox 2812 3341 2924 3379; x_wconf 92' lang='lat' dir='ltr'>non</span> <span class='ocrx_word' id='word_1_568' title='bbox 2960 3326 3193 3381; x_wconf 86' lang='lat' dir='ltr'>deserat</span> <span class='ocrx_word' id='word_1_569' title='bbox 3239 3325 3577 3397; x_wconf 83' lang='lat' dir='ltr'>episcopum</span> 
     </span>
    </p>
   </div>
   <div class='ocr_carea' id='block_1_84' title="bbox 1938 3410 3578 3485">
    <p class='ocr_par' dir='ltr' id='par_1_84' title="bbox 1938 3410 3578 3485">
     <span class='ocr_line' id='line_1_85' title="bbox 1938 3410 3578 3485; baseline 0.001 -20"><span class='ocrx_word' id='word_1_570' title='bbox 1938 3426 2133 3476; x_wconf 90' lang='lat' dir='ltr'>suum,</span> <span class='ocrx_word' id='word_1_571' title='bbox 2165 3413 2221 3465; x_wconf 92' lang='lat' dir='ltr'>et</span> <span class='ocrx_word' id='word_1_572' title='bbox 2252 3411 2321 3464; x_wconf 90' lang='lat' dir='ltr'>ad</span> <span class='ocrx_word' id='word_1_573' title='bbox 2349 3410 2652 3466; x_wconf 66' lang='lat' dir='ltr'>saecularia</span> <span class='ocrx_word' id='word_1_574' title='bbox 2675 3418 2979 3483; x_wconf 87' lang='lat' dir='ltr'>percurrat</span> <span class='ocrx_word' id='word_1_575' title='bbox 3002 3414 3245 3484; x_wconf 77' lang='lat' dir='ltr'>judicia,</span> <span class='ocrx_word' id='word_1_576' title='bbox 3279 3414 3377 3468; x_wconf 91' lang='lat' dir='ltr'>sed</span> <span class='ocrx_word' id='word_1_577' title='bbox 3415 3414 3578 3485; x_wconf 88' lang='lat' dir='ltr'>prius</span> 
     </span>
    </p>
   </div>
   <div class='ocr_carea' id='block_1_85' title="bbox 1937 3497 3580 3572">
    <p class='ocr_par' dir='ltr' id='par_1_85' title="bbox 1937 3497 3580 3572">
     <span class='ocr_line' id='line_1_86' title="bbox 1937 3497 3580 3572; baseline 0.002 -19"><span class='ocrx_word' id='word_1_578' title='bbox 1937 3497 2415 3553; x_wconf 88' lang='lat' dir='ltr'>aetioventiletur</span> <span class='ocrx_word' id='word_1_579' title='bbox 2436 3500 2589 3569; x_wconf 90' lang='lat' dir='ltr'>apud</span> <span class='ocrx_word' id='word_1_580' title='bbox 2618 3501 2913 3571; x_wconf 88' lang='lat' dir='ltr'>proprium</span> <span class='ocrx_word' id='word_1_581' title='bbox 2938 3502 3297 3572; x_wconf 86' lang='lat' dir='ltr'>episcopum;</span> <span class='ocrx_word' id='word_1_582' title='bbox 3324 3500 3412 3556; x_wconf 89' lang='lat' dir='ltr'>vel</span> <span class='ocrx_word' id='word_1_583' title='bbox 3427 3505 3580 3556; x_wconf 89' lang='lat' dir='ltr'>certe</span> 
     </span>
    </p>
   </div>
   <div class='ocr_carea' id='block_1_86' title="bbox 1939 3586 3579 3662">
    <p class='ocr_par' dir='ltr' id='par_1_86' title="bbox 1939 3586 3579 3662">
     <span class='ocr_line' id='line_1_87' title="bbox 1939 3586 3579 3662; baseline 0.001 -20"><span class='ocrx_word' id='word_1_584' title='bbox 1939 3586 2185 3643; x_wconf 92' lang='lat' dir='ltr'>consilio</span> <span class='ocrx_word' id='word_1_585' title='bbox 2208 3587 2476 3657; x_wconf 87' lang='lat' dir='ltr'>ejusdem</span> <span class='ocrx_word' id='word_1_586' title='bbox 2522 3588 2803 3658; x_wconf 91' lang='lat' dir='ltr'>episcopi,</span> <span class='ocrx_word' id='word_1_587' title='bbox 2825 3591 2979 3660; x_wconf 89' lang='lat' dir='ltr'>apud</span> <span class='ocrx_word' id='word_1_588' title='bbox 3004 3606 3149 3661; x_wconf 91' lang='lat' dir='ltr'>quos</span> <span class='ocrx_word' id='word_1_589' title='bbox 3178 3596 3435 3662; x_wconf 72' lang='lat' dir='ltr'>utraeque</span> <span class='ocrx_word' id='word_1_590' title='bbox 3454 3607 3579 3661; x_wconf 89' lang='lat' dir='ltr'>par-</span> 
     </span>
    </p>
   </div>
   <div class='ocr_carea' id='block_1_87' title="bbox 1936 3675 3579 3751">
    <p class='ocr_par' dir='ltr' id='par_1_87' title="bbox 1936 3675 3579 3751">
     <span class='ocr_line' id='line_1_88' title="bbox 1936 3675 3579 3751; baseline 0.001 -20"><span class='ocrx_word' id='word_1_591' title='bbox 1936 3681 2025 3731; x_wconf 87' lang='lat' dir='ltr'>tes</span> <span class='ocrx_word' id='word_1_592' title='bbox 2058 3675 2369 3742; x_wconf 88' lang='lat' dir='ltr'>voluerint,</span> <span class='ocrx_word' id='word_1_593' title='bbox 2395 3676 2688 3745; x_wconf 86' lang='lat' dir='ltr'>judicium</span> <span class='ocrx_word' id='word_1_594' title='bbox 2730 3677 3093 3732; x_wconf 88' lang='lat' dir='ltr'>obtinebunt.</span> <span class='ocrx_word' id='word_1_595' title='bbox 3129 3680 3187 3734; x_wconf 92' lang='lat' dir='ltr'>Si</span> <span class='ocrx_word' id='word_1_596' title='bbox 3222 3679 3353 3751; x_wconf 90' lang='lat' dir='ltr'>quis</span> <span class='ocrx_word' id='word_1_597' title='bbox 3387 3684 3579 3736; x_wconf 83' lang='lat' dir='ltr'>autem</span> 
     </span>
    </p>
   </div>
   <div class='ocr_carea' id='block_1_88' title="bbox 1939 3764 3583 3838">
    <p class='ocr_par' dir='ltr' id='par_1_88' title="bbox 1939 3764 3583 3838">
     <span class='ocr_line' id='line_1_89' title="bbox 1939 3764 3583 3838; baseline 0.002 -18"><span class='ocrx_word' id='word_1_598' title='bbox 1939 3770 2146 3837; x_wconf 81' lang='lat' dir='ltr'>praeter</span> <span class='ocrx_word' id='word_1_599' title='bbox 2176 3764 2297 3818; x_wconf 68' lang='lat' dir='ltr'>haec</span> <span class='ocrx_word' id='word_1_600' title='bbox 2329 3764 2544 3833; x_wconf 87' lang='lat' dir='ltr'>fecerit,</span> <span class='ocrx_word' id='word_1_601' title='bbox 2598 3767 2895 3822; x_wconf 87' lang='lat' dir='ltr'>canonicis</span> <span class='ocrx_word' id='word_1_602' title='bbox 2927 3768 3393 3838; x_wconf 88' lang='lat' dir='ltr'>correptionibus</span> <span class='ocrx_word' id='word_1_603' title='bbox 3441 3769 3583 3824; x_wconf 90' lang='lat' dir='ltr'>sub-</span> 
     </span>
    </p>
   </div>
   <div class='ocr_carea' id='block_1_89' title="bbox 1933 3854 2170 3925">
    <p class='ocr_par' dir='ltr' id='par_1_89' title="bbox 1933 3854 2170 3925">
     <span class='ocr_line' id='line_1_90' title="bbox 1933 3854 2170 3925; baseline -0.013 -15"><span class='ocrx_word' id='word_1_604' title='bbox 1933 3854 2170 3925; x_wconf 65' lang='lat' dir='ltr'>jacebh.</span> 
     </span>
    </p>
   </div>
   <div class='ocr_carea' id='block_1_90' title="bbox 1942 3943 3588 4026">
    <p class='ocr_par' dir='ltr' id='par_1_90' title="bbox 1942 3943 3588 4026">
     <span class='ocr_line' id='line_1_91' title="bbox 1942 3943 3588 4026; baseline 0 -27"><span class='ocrx_word' id='word_1_605' title='bbox 1942 3946 2073 3999; x_wconf 78' lang='lat' dir='ltr'>CAP.</span> <span class='ocrx_word' id='word_1_606' title='bbox 2105 3943 2231 4026; x_wconf 74' lang='grc'>229.</span> <span class='ocrx_word' id='word_1_607' title='bbox 2266 3973 2333 3983; x_wconf 92' lang='lat'>—-</span> <span class='ocrx_word' id='word_1_608' title='bbox 2366 3944 2436 3998; x_wconf 91' lang='lat' dir='ltr'>De</span> <span class='ocrx_word' id='word_1_609' title='bbox 2462 3944 2773 4026; x_wconf 68' lang='lat' dir='ltr'>presbyeris</span> <span class='ocrx_word' id='word_1_610' title='bbox 2805 3944 2900 4026; x_wconf 75' lang='lat' dir='ltr'>qui</span> <span class='ocrx_word' id='word_1_611' title='bbox 2928 3962 2965 4026; x_wconf 72' lang='grc' dir='ltr'>ᾳ,</span> <span class='ocrx_word' id='word_1_612' title='bbox 2991 3945 3240 4026; x_wconf 69' lang='lat' dir='ltr'>plebibus</span> <span class='ocrx_word' id='word_1_613' title='bbox 3270 3947 3588 4026; x_wconf 54' lang='lat' dir='ltr'>suisminfa-</span> 
     </span>
    </p>
   </div>
   <div class='ocr_carea' id='block_1_91' title="bbox 2012 4017 3587 4086">
    <p class='ocr_par' dir='ltr' id='par_1_91' title="bbox 2012 4017 3587 4086">
     <span class='ocr_line' id='line_1_92' title="bbox 2012 4017 3587 4086; baseline 0.004 -20"><span class='ocrx_word' id='word_1_614' title='bbox 2012 4022 2260 4086; x_wconf 84' lang='lat' dir='ltr'>mantur,</span> <span class='ocrx_word' id='word_1_615' title='bbox 2294 4017 2559 4086; x_wconf 84' lang='lat' dir='ltr'>quomodo</span> <span class='ocrx_word' id='word_1_616' title='bbox 2591 4017 2821 4085; x_wconf 80' lang='lat' dir='ltr'>purgari</span> <span class='ocrx_word' id='word_1_617' title='bbox 2852 4017 3099 4070; x_wconf 81' lang='lat' dir='ltr'>debeant.</span> <span class='ocrx_word' id='word_1_618' title='bbox 3136 4018 3216 4071; x_wconf 67' lang='lat' dir='ltr'>Ea:</span> <span class='ocrx_word' id='word_1_619' title='bbox 3240 4017 3469 4072; x_wconf 81' lang='lat' dir='ltr'>concilio</span> <span class='ocrx_word' id='word_1_620' title='bbox 3493 4020 3587 4072; x_wconf 81' lang='lat' dir='ltr'>Ili-</span> 
     </span>
    </p>
   </div>
   <div class='ocr_carea' id='block_1_92' title="bbox 2013 4085 3108 4156">
    <p class='ocr_par' dir='ltr' id='par_1_92' title="bbox 2013 4085 3108 4156">
     <span class='ocr_line' id='line_1_93' title="bbox 2013 4085 3108 4156; baseline 0.002 -19"><span class='ocrx_word' id='word_1_621' title='bbox 2013 4085 2272 4151; x_wconf 85' lang='lat' dir='ltr'>terdensi,</span> <span class='ocrx_word' id='word_1_622' title='bbox 2304 4085 2425 4156; x_wconf 84' lang='lat' dir='ltr'>cap.</span> <span class='ocrx_word' id='word_1_623' title='bbox 2466 4090 2530 4140; x_wconf 84' lang='grc'>10</span> <span class='ocrx_word' id='word_1_624' title='bbox 2564 4087 2736 4155; x_wconf 83' lang='lat' dir='ltr'>(inter</span> <span class='ocrx_word' id='word_1_625' title='bbox 2760 4090 3108 4155; x_wconf 84' lang='lat' dir='ltr'>fragmenta).</span> 
     </span>
    </p>
   </div>
   <div class='ocr_carea' id='block_1_93' title="bbox 2014 4174 3593 4246">
    <p class='ocr_par' dir='ltr' id='par_1_93' title="bbox 2014 4174 3593 4246">
     <span class='ocr_line' id='line_1_94' title="bbox 2014 4174 3593 4246; baseline 0.002 -20"><span class='ocrx_word' id='word_1_626' title='bbox 2014 4176 2093 4244; x_wconf 84' lang='grc'>(2,</span> <span class='ocrx_word' id='word_1_627' title='bbox 2120 4190 2171 4244; x_wconf 92' lang='lat' dir='ltr'>q.</span> <span class='ocrx_word' id='word_1_628' title='bbox 2200 4175 2254 4243; x_wconf 81' lang='grc'>4,</span> <span class='ocrx_word' id='word_1_629' title='bbox 2285 4191 2332 4228; x_wconf 92' lang='lat' dir='ltr'>c.</span> <span class='ocrx_word' id='word_1_630' title='bbox 2370 4177 2663 4245; x_wconf 81' lang='lat' dir='ltr'>Presbyter</span> <span class='ocrx_word' id='word_1_631' title='bbox 2691 4176 2738 4229; x_wconf 86' lang='lat' dir='ltr'>si</span> <span class='ocrx_word' id='word_1_632' title='bbox 2768 4193 2799 4227; x_wconf 81' lang='grc' dir='ltr'>ιι</span> <span class='ocrx_word' id='word_1_633' title='bbox 2829 4176 3029 4244; x_wconf 81' lang='lat' dir='ltr'>plebe.)</span> <span class='ocrx_word' id='word_1_634' title='bbox 3058 4174 3269 4244; x_wconf 80' lang='lat' dir='ltr'>Siquis</span> <span class='ocrx_word' id='word_1_635' title='bbox 3294 4176 3593 4246; x_wconf 87' lang='lat' dir='ltr'>presbyter</span> 
     </span>
    </p>
   </div>
   <div class='ocr_carea' id='block_1_94' title="bbox 1943 4261 3591 4332">
    <p class='ocr_par' dir='ltr' id='par_1_94' title="bbox 1943 4261 3591 4332">
     <span class='ocr_line' id='line_1_95' title="bbox 1943 4261 3591 4332; baseline 0.002 -17"><span class='ocrx_word' id='word_1_636' title='bbox 1943 4279 1976 4316; x_wconf 91' lang='lat' dir='ltr'>a</span> <span class='ocrx_word' id='word_1_637' title='bbox 2007 4261 2174 4332; x_wconf 90' lang='lat' dir='ltr'>plebe</span> <span class='ocrx_word' id='word_1_638' title='bbox 2205 4262 2319 4317; x_wconf 89' lang='lat' dir='ltr'>sibi</span> <span class='ocrx_word' id='word_1_639' title='bbox 2354 4264 2670 4318; x_wconf 89' lang='lat' dir='ltr'>commissa</span> <span class='ocrx_word' id='word_1_640' title='bbox 2724 4261 2878 4315; x_wconf 90' lang='lat' dir='ltr'>mala</span> <span class='ocrx_word' id='word_1_641' title='bbox 2928 4262 3197 4332; x_wconf 91' lang='lat' dir='ltr'>opinione</span> <span class='ocrx_word' id='word_1_642' title='bbox 3242 4262 3591 4319; x_wconf 88' lang='lat' dir='ltr'>informatus</span> 
     </span>
    </p>
   </div>
   <div class='ocr_carea' id='block_1_95' title="bbox 1944 4351 3590 4423">
    <p class='ocr_par' dir='ltr' id='par_1_95' title="bbox 1944 4351 3590 4423">
     <span class='ocr_line' id='line_1_96' title="bbox 1944 4351 3590 4423; baseline 0.002 -19"><span class='ocrx_word' id='word_1_643' title='bbox 1944 4351 2139 4417; x_wconf 88' lang='lat' dir='ltr'>fuerit,</span> <span class='ocrx_word' id='word_1_644' title='bbox 2156 4355 2213 4405; x_wconf 89' lang='lat' dir='ltr'>et</span> <span class='ocrx_word' id='word_1_645' title='bbox 2233 4352 2543 4422; x_wconf 90' lang='lat' dir='ltr'>episcopus</span> <span class='ocrx_word' id='word_1_646' title='bbox 2564 4351 2847 4419; x_wconf 77' lang='lat' dir='ltr'>legitimis</span> <span class='ocrx_word' id='word_1_647' title='bbox 2870 4352 3118 4407; x_wconf 90' lang='lat' dir='ltr'>testibus</span> <span class='ocrx_word' id='word_1_648' title='bbox 3137 4354 3458 4423; x_wconf 88' lang='lat' dir='ltr'>approbare</span> <span class='ocrx_word' id='word_1_649' title='bbox 3477 4370 3590 4409; x_wconf 84' lang='lat' dir='ltr'>non</span> 
     </span>
    </p>
   </div>
   <div class='ocr_carea' id='block_1_96' title="bbox 1944 4438 3595 4515">
    <p class='ocr_par' dir='ltr' id='par_1_96' title="bbox 1944 4438 3595 4515">
     <span class='ocr_line' id='line_1_97' title="bbox 1944 4438 3595 4515; baseline 0.002 -22"><span class='ocrx_word' id='word_1_650' title='bbox 1944 4438 2623 4509; x_wconf 87' lang='lat' dir='ltr'>potuerit,suspendatur</span> <span class='ocrx_word' id='word_1_651' title='bbox 2646 4440 2741 4509; x_wconf 85' lang='lat' dir='ltr'>[ab</span> <span class='ocrx_word' id='word_1_652' title='bbox 2769 4440 2960 4495; x_wconf 84' lang='lat' dir='ltr'>officio</span> <span class='ocrx_word' id='word_1_653' title='bbox 2993 4440 3049 4493; x_wconf 89' lang='lat' dir='ltr'>in</span> <span class='ocrx_word' id='word_1_654' title='bbox 3082 4444 3257 4511; x_wconf 72' lang='lat' dir='ltr'>conc]</span> <span class='ocrx_word' id='word_1_655' title='bbox 3293 4442 3595 4515; x_wconf 85' lang='lat' dir='ltr'>presbyter</span> 
     </span>
    </p>
   </div>
   <div class='ocr_carea' id='block_1_97' title="bbox 187 4524 3591 4639">
    <p class='ocr_par' dir='ltr' id='par_1_97' title="bbox 187 4524 3591 4639">
     <span class='ocr_line' id='line_1_98' title="bbox 192 4524 3591 4586; baseline 0.002 -10"><span class='ocrx_word' id='word_1_656' title='bbox 192 4524 400 4548; x_wconf 73' lang='grc'>“”⁰””</span> <span class='ocrx_word' id='word_1_657' title='bbox 436 4524 579 4544; x_wconf 65' lang='grc'>⁷⁷⁷⁷³</span> <span class='ocrx_word' id='word_1_658' title='bbox 618 4524 721 4531; x_wconf 71' lang='grc'><em>””</em></span> <span class='ocrx_word' id='word_1_659' title='bbox 754 4524 949 4577; x_wconf 67' lang='grc' dir='ltr'>ῖ“Ἶ“”</span> <span class='ocrx_word' id='word_1_660' title='bbox 976 4524 1415 4576; x_wconf 67' lang='grc' dir='ltr'>.”“””’Ϊ””’””’”</span> <span class='ocrx_word' id='word_1_661' title='bbox 1458 4524 1694 4578; x_wconf 67' lang='grc' dir='ltr'>.”ἷ””ἶῖ”’</span> <span class='ocrx_word' id='word_1_662' title='bbox 1730 4524 1833 4579; x_wconf 59' lang='lat' dir='ltr'>.&quot;W</span> <span class='ocrx_word' id='word_1_663' title='bbox 1946 4545 2014 4582; x_wconf 89' lang='lat' dir='ltr'>us</span> <span class='ocrx_word' id='word_1_664' title='bbox 2064 4543 2132 4580; x_wconf 91' lang='lat' dir='ltr'>ue</span> <span class='ocrx_word' id='word_1_665' title='bbox 2165 4524 2324 4581; x_wconf 87' lang='lat' dir='ltr'>addi</span> <span class='ocrx_word' id='word_1_666' title='bbox 2373 4544 2506 4582; x_wconf 89' lang='lat' dir='ltr'>nam</span> <span class='ocrx_word' id='word_1_667' title='bbox 2541 4528 3001 4584; x_wconf 79' lang='lat' dir='ltr'>satisfactionem</span> <span class='ocrx_word' id='word_1_668' title='bbox 3060 4547 3131 4584; x_wconf 91' lang='lat' dir='ltr'>ne</span> <span class='ocrx_word' id='word_1_669' title='bbox 3206 4547 3235 4585; x_wconf 95' lang='lat' dir='ltr'>o</span> <span class='ocrx_word' id='word_1_670' title='bbox 3286 4531 3415 4585; x_wconf 91' lang='lat' dir='ltr'>ulus</span> <span class='ocrx_word' id='word_1_671' title='bbox 3450 4532 3591 4586; x_wconf 81' lang='lat' dir='ltr'>tide-</span> 
     </span>
     <span class='ocr_line' id='line_1_99' title="bbox 187 4543 3565 4639; baseline 0.003 -21"><span class='ocrx_word' id='word_1_672' title='bbox 187 4580 353 4635; x_wconf 86' lang='lat' dir='ltr'>spem</span> <span class='ocrx_word' id='word_1_673' title='bbox 388 4564 596 4618; x_wconf 72' lang='lat' dir='ltr'>futura:</span> <span class='ocrx_word' id='word_1_674' title='bbox 629 4570 1024 4621; x_wconf 75' lang='lat' dir='ltr'>restitutionis</span> <span class='ocrx_word' id='word_1_675' title='bbox 1047 4572 1279 4639; x_wconf 77' lang='lat' dir='ltr'>penitus</span> <span class='ocrx_word' id='word_1_676' title='bbox 1313 4584 1522 4637; x_wconf 75' lang='lat' dir='ltr'>aperiri</span> <span class='ocrx_word' id='word_1_677' title='bbox 1557 4569 1836 4637; x_wconf 76' lang='lat' dir='ltr'>dijudica-</span> <span class='ocrx_word' id='word_1_678' title='bbox 1869 4552 1912 4615; x_wconf 78' lang='grc' dir='ltr'>Ι)</span> <span class='ocrx_word' id='word_1_679' title='bbox 1951 4543 2090 4639; x_wconf 47' lang='lat' dir='ltr'>“nqu</span> <span class='ocrx_word' id='word_1_680' title='bbox 2130 4615 2183 4639; x_wconf 54' lang='grc' dir='ltr'>ε-</span> <span class='ocrx_word' id='word_1_681' title='bbox 2242 4631 2302 4639; x_wconf 55' lang='grc' dir='ltr'>η</span> <span class='ocrx_word' id='word_1_682' title='bbox 2330 4544 2697 4639; x_wconf 66' lang='lat' dir='ltr'>g____,_,___</span> <span class='ocrx_word' id='word_1_683' title='bbox 2740 4572 3025 4639; x_wconf 33' lang='lat' dir='ltr'>“HALM’</span> <span class='ocrx_word' id='word_1_684' title='bbox 3066 4547 3423 4639; x_wconf 25' lang='lat' dir='ltr'>Milph,”</span> <span class='ocrx_word' id='word_1_685' title='bbox 3458 4620 3565 4639; x_wconf 41' lang='grc' dir='ltr'>μη</span> 
     </span>
    </p>
   </div>
   <div class='ocr_carea' id='block_1_98' title="bbox 188 4667 342 4708">
    <p class='ocr_par' dir='ltr' id='par_1_98' title="bbox 188 4667 342 4708">
     <span class='ocr_line' id='line_1_100' title="bbox 188 4667 342 4708; baseline 0 -1"><span class='ocrx_word' id='word_1_686' title='bbox 188 4667 342 4708; x_wconf 85' lang='lat' dir='ltr'>mus.</span> 
     </span>
    </p>
   </div>
   <div class='ocr_carea' id='block_1_99' title="bbox 190 4741 1843 4815">
    <p class='ocr_par' dir='ltr' id='par_1_99' title="bbox 190 4741 1843 4815">
     <span class='ocr_line' id='line_1_101' title="bbox 190 4741 1843 4815; baseline 0.002 -20"><span class='ocrx_word' id='word_1_687' title='bbox 190 4741 321 4795; x_wconf 72' lang='lat' dir='ltr'>CAP.</span> <span class='ocrx_word' id='word_1_688' title='bbox 352 4741 479 4795; x_wconf 85' lang='lat'>226.</span> <span class='ocrx_word' id='word_1_689' title='bbox 516 4772 581 4783; x_wconf 92' lang='lat'>-—</span> <span class='ocrx_word' id='word_1_690' title='bbox 612 4744 687 4798; x_wconf 89' lang='lat' dir='ltr'>De</span> <span class='ocrx_word' id='word_1_691' title='bbox 728 4744 1043 4815; x_wconf 87' lang='lat' dir='ltr'>presbytero</span> <span class='ocrx_word' id='word_1_692' title='bbox 1076 4746 1172 4815; x_wconf 86' lang='lat' dir='ltr'>qui</span> <span class='ocrx_word' id='word_1_693' title='bbox 1198 4745 1384 4815; x_wconf 83' lang='lat' dir='ltr'>pravis</span> <span class='ocrx_word' id='word_1_694' title='bbox 1404 4745 1672 4814; x_wconf 70' lang='lat' dir='ltr'>exemplis</span> <span class='ocrx_word' id='word_1_695' title='bbox 1693 4745 1843 4800; x_wconf 83' lang='lat' dir='ltr'>mala</span> 
     </span>
    </p>
   </div>
   <div class='ocr_carea' id='block_1_100' title="bbox 258 4816 1840 4887">
    <p class='ocr_par' dir='ltr' id='par_1_100' title="bbox 258 4816 1840 4887">
     <span class='ocr_line' id='line_1_102' title="bbox 258 4816 1840 4887; baseline 0.003 -20"><span class='ocrx_word' id='word_1_696' title='bbox 258 4816 325 4867; x_wconf 81' lang='lat' dir='ltr'>de</span> <span class='ocrx_word' id='word_1_697' title='bbox 356 4829 413 4867; x_wconf 84' lang='lat' dir='ltr'>se</span> <span class='ocrx_word' id='word_1_698' title='bbox 430 4817 717 4887; x_wconf 79' lang='lat' dir='ltr'>suspicari</span> <span class='ocrx_word' id='word_1_699' title='bbox 756 4816 1094 4886; x_wconf 86' lang='lat' dir='ltr'>permiserit.</span> <span class='ocrx_word' id='word_1_700' title='bbox 1128 4818 1220 4871; x_wconf 75' lang='lat' dir='ltr'>Ex</span> <span class='ocrx_word' id='word_1_701' title='bbox 1248 4818 1478 4872; x_wconf 85' lang='lat' dir='ltr'>concilio</span> <span class='ocrx_word' id='word_1_702' title='bbox 1518 4818 1840 4887; x_wconf 71' lang='lat' dir='ltr'>Agat/tonsi,</span> 
     </span>
    </p>
   </div>
   <div class='ocr_carea' id='block_1_101' title="bbox 258 4885 1207 4958">
    <p class='ocr_par' dir='ltr' id='par_1_101' title="bbox 258 4885 1207 4958">
     <span class='ocr_line' id='line_1_103' title="bbox 258 4885 1207 4958; baseline 0.002 -21"><span class='ocrx_word' id='word_1_703' title='bbox 258 4900 380 4955; x_wconf 85' lang='lat' dir='ltr'>cap.</span> <span class='ocrx_word' id='word_1_704' title='bbox 416 4886 447 4937; x_wconf 81' lang='grc'>4</span> <span class='ocrx_word' id='word_1_705' title='bbox 477 4885 560 4955; x_wconf 82' lang='lat' dir='ltr'>(in</span> <span class='ocrx_word' id='word_1_706' title='bbox 591 4885 942 4956; x_wconf 77' lang='lat' dir='ltr'>fragmentis,</span> <span class='ocrx_word' id='word_1_707' title='bbox 979 4904 1098 4957; x_wconf 86' lang='lat' dir='ltr'>cap.</span> <span class='ocrx_word' id='word_1_708' title='bbox 1134 4889 1207 4958; x_wconf 89' lang='lat'>3).</span> 
     </span>
    </p>
   </div>
   <div class='ocr_carea' id='block_1_102' title="bbox 261 4973 1843 5047">
    <p class='ocr_par' dir='ltr' id='par_1_102' title="bbox 261 4973 1843 5047">
     <span class='ocr_line' id='line_1_104' title="bbox 261 4973 1843 5047; baseline 0.002 -21"><span class='ocrx_word' id='word_1_709' title='bbox 261 4973 315 5026; x_wconf 91' lang='lat' dir='ltr'>Si</span> <span class='ocrx_word' id='word_1_710' title='bbox 371 4974 505 5044; x_wconf 89' lang='lat' dir='ltr'>quis</span> <span class='ocrx_word' id='word_1_711' title='bbox 564 4980 869 5046; x_wconf 84' lang='lat' dir='ltr'>presbyter</span> <span class='ocrx_word' id='word_1_712' title='bbox 916 4976 1047 5031; x_wconf 70' lang='lat' dir='ltr'>vitae</span> <span class='ocrx_word' id='word_1_713' title='bbox 1105 4993 1223 5030; x_wconf 72' lang='lat' dir='ltr'>suae</span> <span class='ocrx_word' id='word_1_714' title='bbox 1283 4974 1591 5047; x_wconf 87' lang='lat' dir='ltr'>negligens</span> <span class='ocrx_word' id='word_1_715' title='bbox 1653 4975 1843 5046; x_wconf 88' lang='lat' dir='ltr'>pravis</span> 
     </span>
    </p>
   </div>
   <div class='ocr_carea' id='block_1_103' title="bbox 195 5060 1843 5136">
    <p class='ocr_par' dir='ltr' id='par_1_103' title="bbox 195 5060 1843 5136">
     <span class='ocr_line' id='line_1_105' title="bbox 195 5060 1843 5136; baseline 0.003 -22"><span class='ocrx_word' id='word_1_716' title='bbox 195 5060 479 5133; x_wconf 79' lang='lat' dir='ltr'>exemplis</span> <span class='ocrx_word' id='word_1_717' title='bbox 504 5063 656 5119; x_wconf 88' lang='lat' dir='ltr'>mala</span> <span class='ocrx_word' id='word_1_718' title='bbox 686 5066 757 5119; x_wconf 91' lang='lat' dir='ltr'>de</span> <span class='ocrx_word' id='word_1_719' title='bbox 780 5080 839 5119; x_wconf 90' lang='lat' dir='ltr'>se</span> <span class='ocrx_word' id='word_1_720' title='bbox 862 5064 1151 5136; x_wconf 89' lang='lat' dir='ltr'>suspicari</span> <span class='ocrx_word' id='word_1_721' title='bbox 1186 5064 1539 5133; x_wconf 91' lang='lat' dir='ltr'>permiserit,</span> <span class='ocrx_word' id='word_1_722' title='bbox 1572 5069 1627 5118; x_wconf 90' lang='lat' dir='ltr'>et</span> <span class='ocrx_word' id='word_1_723' title='bbox 1660 5080 1843 5135; x_wconf 90' lang='lat' dir='ltr'>popu-</span> 
     </span>
    </p>
   </div>
   <div class='ocr_carea' id='block_1_104' title="bbox 194 5147 1847 5224">
    <p class='ocr_par' dir='ltr' id='par_1_104' title="bbox 194 5147 1847 5224">
     <span class='ocr_line' id='line_1_106' title="bbox 194 5147 1847 5224; baseline 0.002 -22"><span class='ocrx_word' id='word_1_724' title='bbox 194 5147 287 5204; x_wconf 91' lang='lat' dir='ltr'>lus</span> <span class='ocrx_word' id='word_1_725' title='bbox 312 5151 385 5205; x_wconf 91' lang='lat' dir='ltr'>ab</span> <span class='ocrx_word' id='word_1_726' title='bbox 416 5152 691 5224; x_wconf 88' lang='lat' dir='ltr'>episcopo</span> <span class='ocrx_word' id='word_1_727' title='bbox 727 5155 1065 5224; x_wconf 88' lang='lat' dir='ltr'>juramento</span> <span class='ocrx_word' id='word_1_728' title='bbox 1097 5169 1201 5208; x_wconf 89' lang='lat' dir='ltr'>seu</span> <span class='ocrx_word' id='word_1_729' title='bbox 1222 5153 1416 5208; x_wconf 89' lang='lat' dir='ltr'>banuo</span> <span class='ocrx_word' id='word_1_730' title='bbox 1446 5152 1847 5206; x_wconf 79' lang='lat' dir='ltr'>Christianita-</span> 
     </span>
    </p>
   </div>
   <div class='ocr_carea' id='block_1_105' title="bbox 192 5237 1847 5313">
    <p class='ocr_par' dir='ltr' id='par_1_105' title="bbox 192 5237 1847 5313">
     <span class='ocr_line' id='line_1_107' title="bbox 192 5237 1847 5313; baseline 0.003 -23"><span class='ocrx_word' id='word_1_731' title='bbox 192 5237 268 5292; x_wconf 88' lang='lat' dir='ltr'>tis</span> <span class='ocrx_word' id='word_1_732' title='bbox 301 5239 679 5307; x_wconf 88' lang='lat' dir='ltr'>eonstrictus,</span> <span class='ocrx_word' id='word_1_733' title='bbox 704 5242 1009 5297; x_wconf 90' lang='lat' dir='ltr'>infamiam</span> <span class='ocrx_word' id='word_1_734' title='bbox 1044 5243 1170 5313; x_wconf 88' lang='lat' dir='ltr'>ejus</span> <span class='ocrx_word' id='word_1_735' title='bbox 1204 5242 1555 5313; x_wconf 88' lang='lat' dir='ltr'>patefecerit,</span> <span class='ocrx_word' id='word_1_736' title='bbox 1606 5244 1661 5294; x_wconf 91' lang='lat' dir='ltr'>et</span> <span class='ocrx_word' id='word_1_737' title='bbox 1706 5240 1847 5295; x_wconf 86' lang='lat' dir='ltr'>certi</span> 
     </span>
    </p>
   </div>
   <div class='ocr_carea' id='block_1_106' title="bbox 197 5330 1849 5401">
    <p class='ocr_par' dir='ltr' id='par_1_106' title="bbox 197 5330 1849 5401">
     <span class='ocr_line' id='line_1_108' title="bbox 197 5330 1849 5401; baseline 0.002 -21"><span class='ocrx_word' id='word_1_738' title='bbox 197 5332 569 5385; x_wconf 87' lang='lat' dir='ltr'>accusatores</span> <span class='ocrx_word' id='word_1_739' title='bbox 614 5330 881 5386; x_wconf 89' lang='lat' dir='ltr'>criminis</span> <span class='ocrx_word' id='word_1_740' title='bbox 929 5332 1056 5401; x_wconf 89' lang='lat' dir='ltr'>ejus</span> <span class='ocrx_word' id='word_1_741' title='bbox 1114 5330 1428 5397; x_wconf 87' lang='lat' dir='ltr'>defuerint,</span> <span class='ocrx_word' id='word_1_742' title='bbox 1462 5330 1849 5385; x_wconf 86' lang='lat' dir='ltr'>admoneatur</span> 
     </span>
    </p>
   </div>
   <div class='ocr_carea' id='block_1_107' title="bbox 200 5415 1848 5491">
    <p class='ocr_par' dir='ltr' id='par_1_107' title="bbox 200 5415 1848 5491">
     <span class='ocr_line' id='line_1_109' title="bbox 200 5415 1848 5491; baseline 0.002 -22"><span class='ocrx_word' id='word_1_743' title='bbox 200 5415 390 5485; x_wconf 65' lang='lat' dir='ltr'>primo</span> <span class='ocrx_word' id='word_1_744' title='bbox 422 5434 689 5475; x_wconf 88' lang='lat' dir='ltr'>seorsum</span> <span class='ocrx_word' id='word_1_745' title='bbox 720 5420 791 5475; x_wconf 90' lang='lat' dir='ltr'>ab</span> <span class='ocrx_word' id='word_1_746' title='bbox 815 5418 1107 5491; x_wconf 92' lang='lat' dir='ltr'>episcopo,</span> <span class='ocrx_word' id='word_1_747' title='bbox 1129 5417 1338 5473; x_wconf 89' lang='lat' dir='ltr'>deinde</span> <span class='ocrx_word' id='word_1_748' title='bbox 1370 5418 1480 5473; x_wconf 92' lang='lat' dir='ltr'>sub</span> <span class='ocrx_word' id='word_1_749' title='bbox 1514 5418 1746 5473; x_wconf 90' lang='lat' dir='ltr'>duobus</span> <span class='ocrx_word' id='word_1_750' title='bbox 1761 5416 1848 5473; x_wconf 91' lang='lat' dir='ltr'>vel</span> 
     </span>
    </p>
   </div>
   <div class='ocr_carea' id='block_1_108' title="bbox 1949 4615 3596 4689">
    <p class='ocr_par' dir='ltr' id='par_1_108' title="bbox 1949 4615 3596 4689">
     <span class='ocr_line' id='line_1_110' title="bbox 1949 4615 3596 4689; baseline 0.002 -20"><span class='ocrx_word' id='word_1_751' title='bbox 1949 4615 2095 4669; x_wconf 92' lang='lat' dir='ltr'>lium</span> <span class='ocrx_word' id='word_1_752' title='bbox 2130 4615 2189 4669; x_wconf 91' lang='lat' dir='ltr'>in</span> <span class='ocrx_word' id='word_1_753' title='bbox 2239 4631 2306 4670; x_wconf 93' lang='lat' dir='ltr'>eo</span> <span class='ocrx_word' id='word_1_754' title='bbox 2357 4616 2703 4671; x_wconf 88' lang='lat' dir='ltr'>scandalum</span> <span class='ocrx_word' id='word_1_755' title='bbox 2740 4617 3017 4688; x_wconf 86' lang='lat' dir='ltr'>patiatur.</span> <span class='ocrx_word' id='word_1_756' title='bbox 3062 4618 3245 4689; x_wconf 88' lang='lat' dir='ltr'>Digna</span> <span class='ocrx_word' id='word_1_757' title='bbox 3277 4621 3430 4675; x_wconf 90' lang='lat' dir='ltr'>enim</span> <span class='ocrx_word' id='word_1_758' title='bbox 3455 4620 3596 4673; x_wconf 90' lang='lat' dir='ltr'>sati-</span> 
     </span>
    </p>
   </div>
   <div class='ocr_carea' id='block_1_109' title="bbox 1952 4704 3595 4779">
    <p class='ocr_par' dir='ltr' id='par_1_109' title="bbox 1952 4704 3595 4779">
     <span class='ocr_line' id='line_1_111' title="bbox 1952 4704 3595 4779; baseline 0.002 -20"><span class='ocrx_word' id='word_1_759' title='bbox 1952 4704 2157 4760; x_wconf 90' lang='lat' dir='ltr'>sfactio</span> <span class='ocrx_word' id='word_1_760' title='bbox 2180 4708 2288 4770; x_wconf 89' lang='lat' dir='ltr'>est,</span> <span class='ocrx_word' id='word_1_761' title='bbox 2323 4704 2370 4760; x_wconf 92' lang='lat' dir='ltr'>si</span> <span class='ocrx_word' id='word_1_762' title='bbox 2394 4704 2478 4760; x_wconf 90' lang='lat' dir='ltr'>eis</span> <span class='ocrx_word' id='word_1_763' title='bbox 2501 4721 2534 4759; x_wconf 90' lang='lat' dir='ltr'>a</span> <span class='ocrx_word' id='word_1_764' title='bbox 2572 4705 2787 4777; x_wconf 91' lang='lat' dir='ltr'>quibus</span> <span class='ocrx_word' id='word_1_765' title='bbox 2838 4722 2973 4761; x_wconf 91' lang='lat' dir='ltr'>reus</span> <span class='ocrx_word' id='word_1_766' title='bbox 3003 4707 3278 4773; x_wconf 88' lang='lat' dir='ltr'>creditur,</span> <span class='ocrx_word' id='word_1_767' title='bbox 3313 4712 3443 4779; x_wconf 90' lang='lat' dir='ltr'>post</span> <span class='ocrx_word' id='word_1_768' title='bbox 3476 4708 3595 4763; x_wconf 84' lang='lat' dir='ltr'>fae-</span> 
     </span>
    </p>
   </div>
   <div class='ocr_carea' id='block_1_110' title="bbox 1952 4795 3596 4867">
    <p class='ocr_par' dir='ltr' id='par_1_110' title="bbox 1952 4795 3596 4867">
     <span class='ocr_line' id='line_1_112' title="bbox 1952 4795 3596 4867; baseline 0.005 -19"><span class='ocrx_word' id='word_1_769' title='bbox 1952 4799 2069 4849; x_wconf 90' lang='lat' dir='ltr'>tam</span> <span class='ocrx_word' id='word_1_770' title='bbox 2104 4795 2208 4865; x_wconf 74' lang='lat' dir='ltr'>(at.</span> <span class='ocrx_word' id='word_1_771' title='bbox 2243 4798 2480 4861; x_wconf 87' lang='lat' dir='ltr'>rectam]</span> <span class='ocrx_word' id='word_1_772' title='bbox 2517 4796 2887 4849; x_wconf 86' lang='lat' dir='ltr'>securitatem</span> <span class='ocrx_word' id='word_1_773' title='bbox 2923 4797 2993 4850; x_wconf 92' lang='lat' dir='ltr'>de</span> <span class='ocrx_word' id='word_1_774' title='bbox 3026 4796 3299 4867; x_wconf 90' lang='lat' dir='ltr'>imposito</span> <span class='ocrx_word' id='word_1_775' title='bbox 3332 4798 3596 4857; x_wconf 86' lang='lat' dir='ltr'>crimine.</span> 
     </span>
    </p>
   </div>
   <div class='ocr_carea' id='block_1_111' title="bbox 1953 4884 3600 4947">
    <p class='ocr_par' dir='ltr' id='par_1_111' title="bbox 1953 4884 3600 4947">
     <span class='ocr_line' id='line_1_113' title="bbox 1953 4884 3600 4947; baseline 0.001 -10"><span class='ocrx_word' id='word_1_776' title='bbox 1953 4886 2237 4939; x_wconf 90' lang='lat' dir='ltr'>innocens</span> <span class='ocrx_word' id='word_1_777' title='bbox 2276 4899 2405 4938; x_wconf 84' lang='lat' dir='ltr'>esse</span> <span class='ocrx_word' id='word_1_778' title='bbox 2447 4884 2877 4938; x_wconf 85' lang='lat' dir='ltr'>manifestatur.</span> <span class='ocrx_word' id='word_1_779' title='bbox 2913 4885 3069 4947; x_wconf 83' lang='lat' dir='ltr'>Quod</span> <span class='ocrx_word' id='word_1_780' title='bbox 3108 4886 3186 4938; x_wconf 85' lang='lat' dir='ltr'>ita</span> <span class='ocrx_word' id='word_1_781' title='bbox 3218 4901 3251 4939; x_wconf 90' lang='lat' dir='ltr'>a</span> <span class='ocrx_word' id='word_1_782' title='bbox 3282 4886 3450 4939; x_wconf 86' lang='lat' dir='ltr'>nobis</span> <span class='ocrx_word' id='word_1_783' title='bbox 3481 4892 3538 4939; x_wconf 88' lang='lat' dir='ltr'>et</span> <span class='ocrx_word' id='word_1_784' title='bbox 3568 4904 3600 4938; x_wconf 70' lang='grc' dir='ltr'>τι</span> 
     </span>
    </p>
   </div>
   <div class='ocr_carea' id='block_1_112' title="bbox 1956 4972 3596 5041">
    <p class='ocr_par' dir='ltr' id='par_1_112' title="bbox 1956 4972 3596 5041">
     <span class='ocr_line' id='line_1_114' title="bbox 1956 4972 3596 5041; baseline 0.001 -15"><span class='ocrx_word' id='word_1_785' title='bbox 1956 4972 2278 5041; x_wconf 84' lang='lat' dir='ltr'>majoribus</span> <span class='ocrx_word' id='word_1_786' title='bbox 2311 4972 2693 5025; x_wconf 88' lang='lat' dir='ltr'>constitutum</span> <span class='ocrx_word' id='word_1_787' title='bbox 2737 4990 2865 5027; x_wconf 87' lang='lat' dir='ltr'>esse</span> <span class='ocrx_word' id='word_1_788' title='bbox 2910 4975 3169 5028; x_wconf 88' lang='lat' dir='ltr'>docetur.</span> <span class='ocrx_word' id='word_1_789' title='bbox 3202 4974 3310 5027; x_wconf 85' lang='lat' dir='ltr'>Sed</span> <span class='ocrx_word' id='word_1_790' title='bbox 3361 4975 3478 5028; x_wconf 84' lang='lat' dir='ltr'>sive</span> <span class='ocrx_word' id='word_1_791' title='bbox 3510 4991 3596 5027; x_wconf 91' lang='lat' dir='ltr'>se-</span> 
     </span>
    </p>
   </div>
   <div class='ocr_carea' id='block_1_113' title="bbox 1955 5060 3600 5134">
    <p class='ocr_par' dir='ltr' id='par_1_113' title="bbox 1955 5060 3600 5134">
     <span class='ocr_line' id='line_1_115' title="bbox 1955 5060 3600 5134; baseline -0.001 -18"><span class='ocrx_word' id='word_1_792' title='bbox 1955 5062 2215 5116; x_wconf 90' lang='lat' dir='ltr'>cundum</span> <span class='ocrx_word' id='word_1_793' title='bbox 2248 5076 2521 5127; x_wconf 89' lang='lat' dir='ltr'>canones,</span> <span class='ocrx_word' id='word_1_794' title='bbox 2556 5060 2675 5115; x_wconf 90' lang='lat' dir='ltr'>sive</span> <span class='ocrx_word' id='word_1_795' title='bbox 2717 5063 2784 5115; x_wconf 89' lang='lat' dir='ltr'>ad</span> <span class='ocrx_word' id='word_1_796' title='bbox 2827 5063 3135 5117; x_wconf 89' lang='lat' dir='ltr'>arbitrium</span> <span class='ocrx_word' id='word_1_797' title='bbox 3186 5062 3441 5134; x_wconf 88' lang='lat' dir='ltr'>episcopi</span> <span class='ocrx_word' id='word_1_798' title='bbox 3489 5062 3600 5115; x_wconf 88' lang='lat' dir='ltr'>sibi</span> 
     </span>
    </p>
   </div>
   <div class='ocr_carea' id='block_1_114' title="bbox 1956 5148 3601 5221">
    <p class='ocr_par' dir='ltr' id='par_1_114' title="bbox 1956 5148 3601 5221">
     <span class='ocr_line' id='line_1_116' title="bbox 1956 5148 3601 5221; baseline -0.002 -17"><span class='ocrx_word' id='word_1_799' title='bbox 1956 5148 2210 5219; x_wconf 87' lang='lat' dir='ltr'>collegas</span> <span class='ocrx_word' id='word_1_800' title='bbox 2232 5152 2453 5218; x_wconf 88' lang='lat' dir='ltr'>septem</span> <span class='ocrx_word' id='word_1_801' title='bbox 2478 5149 2819 5221; x_wconf 84' lang='lat' dir='ltr'>conjungat,</span> <span class='ocrx_word' id='word_1_802' title='bbox 2854 5156 2913 5204; x_wconf 89' lang='lat' dir='ltr'>et</span> <span class='ocrx_word' id='word_1_803' title='bbox 2934 5152 3095 5221; x_wconf 87' lang='lat' dir='ltr'>juret</span> <span class='ocrx_word' id='word_1_804' title='bbox 3124 5150 3181 5204; x_wconf 94' lang='lat' dir='ltr'>in</span> <span class='ocrx_word' id='word_1_805' title='bbox 3211 5167 3375 5205; x_wconf 87' lang='lat' dir='ltr'>sacro</span> <span class='ocrx_word' id='word_1_806' title='bbox 3407 5166 3601 5203; x_wconf 86' lang='lat' dir='ltr'>coram</span> 
     </span>
    </p>
   </div>
   <div class='ocr_carea' id='block_1_115' title="bbox 1958 5235 3606 5308">
    <p class='ocr_par' dir='ltr' id='par_1_115' title="bbox 1958 5235 3606 5308">
     <span class='ocr_line' id='line_1_117' title="bbox 1958 5235 3606 5308; baseline -0.001 -16"><span class='ocrx_word' id='word_1_807' title='bbox 1958 5236 2146 5308; x_wconf 90' lang='lat' dir='ltr'>posito</span> <span class='ocrx_word' id='word_1_808' title='bbox 2186 5235 2521 5307; x_wconf 83' lang='lat' dir='ltr'>Evangelio,</span> <span class='ocrx_word' id='word_1_809' title='bbox 2572 5240 2728 5308; x_wconf 89' lang='lat' dir='ltr'>quod</span> <span class='ocrx_word' id='word_1_810' title='bbox 2782 5256 2913 5293; x_wconf 85' lang='lat' dir='ltr'>eum</span> <span class='ocrx_word' id='word_1_811' title='bbox 2967 5244 3169 5293; x_wconf 89' lang='lat' dir='ltr'>sancta</span> <span class='ocrx_word' id='word_1_812' title='bbox 3219 5240 3495 5304; x_wconf 85' lang='lat' dir='ltr'>Trinitas,</span> <span class='ocrx_word' id='word_1_813' title='bbox 3550 5246 3606 5290; x_wconf 67' lang='lat' dir='ltr'>et.</span> 
     </span>
    </p>
   </div>
   <div class='ocr_carea' id='block_1_116' title="bbox 1957 5326 3601 5397">
    <p class='ocr_par' dir='ltr' id='par_1_116' title="bbox 1957 5326 3601 5397">
     <span class='ocr_line' id='line_1_118' title="bbox 1957 5326 3601 5397; baseline -0.002 -14"><span class='ocrx_word' id='word_1_814' title='bbox 1957 5326 2228 5383; x_wconf 85' lang='lat' dir='ltr'>Christus</span> <span class='ocrx_word' id='word_1_815' title='bbox 2264 5326 2446 5382; x_wconf 81' lang='lat' dir='ltr'>Filius</span> <span class='ocrx_word' id='word_1_816' title='bbox 2482 5328 2575 5382; x_wconf 86' lang='lat' dir='ltr'>Dei</span> <span class='ocrx_word' id='word_1_817' title='bbox 2611 5329 2706 5397; x_wconf 91' lang='lat' dir='ltr'>qui</span> <span class='ocrx_word' id='word_1_818' title='bbox 2741 5329 2905 5382; x_wconf 88' lang='lat' dir='ltr'>illum</span> <span class='ocrx_word' id='word_1_819' title='bbox 2956 5329 3087 5382; x_wconf 82' lang='lat' dir='ltr'>fecit</span> <span class='ocrx_word' id='word_1_820' title='bbox 3115 5333 3170 5381; x_wconf 90' lang='lat' dir='ltr'>et</span> <span class='ocrx_word' id='word_1_821' title='bbox 3199 5328 3397 5381; x_wconf 89' lang='lat' dir='ltr'>docuit</span> <span class='ocrx_word' id='word_1_822' title='bbox 3448 5328 3601 5395; x_wconf 76' lang='lat' dir='ltr'>quod</span> 
     </span>
    </p>
   </div>
   <div class='ocr_carea' id='block_1_117' title="bbox 1958 5413 3608 5488">
    <p class='ocr_par' dir='ltr' id='par_1_117' title="bbox 1958 5413 3608 5488">
     <span class='ocr_line' id='line_1_119' title="bbox 1958 5413 3608 5488; baseline -0.002 -18"><span class='ocrx_word' id='word_1_823' title='bbox 1958 5414 2336 5486; x_wconf 87' lang='lat' dir='ltr'>Evangelium</span> <span class='ocrx_word' id='word_1_824' title='bbox 2362 5416 2719 5473; x_wconf 78' lang='lat' dir='ltr'>continetzet</span> <span class='ocrx_word' id='word_1_825' title='bbox 2748 5416 2935 5471; x_wconf 88' lang='lat' dir='ltr'>sancti</span> <span class='ocrx_word' id='word_1_826' title='bbox 2966 5420 3218 5488; x_wconf 90' lang='lat' dir='ltr'>quatuor</span> <span class='ocrx_word' id='word_1_827' title='bbox 3239 5413 3608 5485; x_wconf 64' lang='lat' dir='ltr'>evangelista:</span> 
     </span>
    </p>
   </div>
   <div class='ocr_carea' id='block_1_118' title="bbox 273 5555 3607 5635">
    <p class='ocr_par' dir='ltr' id='par_1_118' title="bbox 273 5555 3607 5635">
     <span class='ocr_line' id='line_1_120' title="bbox 273 5555 3607 5635; baseline 0.001 -24"><span class='ocrx_word' id='word_1_828' title='bbox 273 5560 385 5629; x_wconf 83' lang='grc'>(77)</span> <span class='ocrx_word' id='word_1_829' title='bbox 407 5560 480 5635; x_wconf 67' lang='grc' dir='ltr'>ΔΙιι</span> <span class='ocrx_word' id='word_1_830' title='bbox 508 5562 704 5635; x_wconf 90' lang='lat' dir='ltr'>codice</span> <span class='ocrx_word' id='word_1_831' title='bbox 734 5562 909 5635; x_wconf 82' lang='lat' dir='ltr'>Regio</span> <span class='ocrx_word' id='word_1_832' title='bbox 940 5562 1124 5619; x_wconf 90' lang='lat' dir='ltr'>variat</span> <span class='ocrx_word' id='word_1_833' title='bbox 1152 5562 1317 5632; x_wconf 88' lang='lat' dir='ltr'>ordo,</span> <span class='ocrx_word' id='word_1_834' title='bbox 1355 5562 1455 5617; x_wconf 85' lang='lat' dir='ltr'>sed</span> <span class='ocrx_word' id='word_1_835' title='bbox 1490 5577 1595 5619; x_wconf 88' lang='lat' dir='ltr'>nos</span> <span class='ocrx_word' id='word_1_836' title='bbox 1627 5578 1660 5619; x_wconf 88' lang='lat' dir='ltr'>a</span> <span class='ocrx_word' id='word_1_837' title='bbox 1690 5558 2020 5619; x_wconf 85' lang='lat' dir='ltr'>Coloniensi</span> <span class='ocrx_word' id='word_1_838' title='bbox 2054 5575 2169 5616; x_wconf 90' lang='lat' dir='ltr'>non</span> <span class='ocrx_word' id='word_1_839' title='bbox 2202 5558 2574 5617; x_wconf 88' lang='lat' dir='ltr'>recessimus.</span> <span class='ocrx_word' id='word_1_840' title='bbox 2616 5558 2787 5615; x_wconf 87' lang='lat' dir='ltr'>Joan.</span> <span class='ocrx_word' id='word_1_841' title='bbox 2840 5557 3038 5615; x_wconf 87' lang='lat' dir='ltr'>Molin.</span> <span class='ocrx_word' id='word_1_842' title='bbox 3090 5555 3278 5613; x_wconf 87' lang='lat' dir='ltr'>variat</span> <span class='ocrx_word' id='word_1_843' title='bbox 3324 5555 3502 5615; x_wconf 87' lang='lat' dir='ltr'>etiam</span> <span class='ocrx_word' id='word_1_844' title='bbox 3548 5558 3607 5614; x_wconf 92' lang='lat' dir='ltr'>in</span> 
     </span>
    </p>
   </div>
   <div class='ocr_carea' id='block_1_119' title="bbox 207 5631 671 5691">
    <p class='ocr_par' dir='ltr' id='par_1_119' title="bbox 207 5631 671 5691">
     <span class='ocr_line' id='line_1_121' title="bbox 207 5631 671 5691; baseline 0.011 -7"><span class='ocrx_word' id='word_1_845' title='bbox 207 5645 318 5687; x_wconf 81' lang='lat' dir='ltr'>ms.</span> <span class='ocrx_word' id='word_1_846' title='bbox 351 5631 671 5691; x_wconf 80' lang='lat' dir='ltr'>Victorino.</span> 
     </span>
    </p>
   </div>
  </div>
