3960 6072
377 314 482 369 495

1460 309 1524 357 Ι).
1566 303 1806 358 IVONIS
1841 301 2341 356 CARNOTENSIS
2380 304 2699 358 EPISCOPI

3687 295 3797 348 496

379 440 480 512 qui
511 437 655 494 illud
678 435 1061 506 scripserunt,
1093 432 1174 486 sic
1201 430 1472 500 adjuvent
1532 427 1685 499 quod
1723 424 1822 480 ille
1869 441 2018 496 prae-
2051 427 2102 492 Α
2133 431 2240 496 est,
2275 428 2622 500 deponatur,
2655 443 2770 484 non
2802 429 3000 481 tamen
3054 421 3469 480 communione
3498 420 3772 494 privetur

380 528 744 586 nominatam
770 523 1054 580 actionem
1079 521 1160 574 ita
1178 535 1290 574 non
1314 517 1678 590 perpetrarit,
1708 515 1862 571 sicut
1878 513 1929 569 ei
1953 515 2023 570 de

384 618 486 674 illo
547 614 807 671 oblatum
865 615 952 667 est
1001 610 1058 663 in
1117 608 1224 662 hac
1258 605 1660 662 satisfactione
1711 607 2020 675 purgatus,

384 722 588 764 secure
618 706 891 772 deinceps
922 715 1094 755 suum
1125 699 1387 752 exerceat
1410 693 2024 756 ministerium.Quam

388 793 845 852 satisfactionem
870 785 1132 844 nonnulli
1158 783 1610 858 priscedentium
1633 786 1872 837 Patrum
1896 798 2026 836 san-

387 891 544 939 ctum
605 895 817 952 papam
876 877 1126 931 Leonem
1198 873 1258 929 in
1329 872 1574 928 basilica
1631 871 1815 926 sancti
1875 869 2026 924 Petri

386 971 633 1044 apostoli
664 985 859 1025 coram
892 964 1380 1022 reverendissimo
1419 967 1642 1018 Caesare
1689 960 1917 1032 Carolo,
1961 976 2027 1016 ac

385 1063 534 1118 clero
566 1061 624 1114 in
657 1058 821 1129 plebe
854 1058 934 1110 ita
965 1054 1174 1110 fecisse
1204 1056 1692 1120 commemorant,
1725 1055 1901 1121 atque
1949 1049 2030 1104 ita

387 1167 521 1205 mox
543 1146 943 1203 venerandum
976 1143 1299 1215 principem
1329 1145 1529 1196 contra
1548 1141 1815 1210 ejusdem
1840 1138 2029 1194 sancti

391 1254 555 1310 papae
584 1234 970 1300 adversarios,
1005 1231 1191 1303 dignae
1215 1229 1458 1286 ultionis
1487 1228 1807 1284 vindictam
1867 1244 2031 1283 exer-

384 1328 600 1382 cuisse.

383 1416 510 1472 CAP.
545 1414 671 1468 230.
712 1441 772 1452 —-
803 1409 953 1478 Quod
980 1409 1172 1463 nullus
1202 1408 1490 1462 ordinatus
1522 1407 1592 1460 ab
1639 1406 1895 1476 episcopo
1935 1419 2034 1478 suo

454 1487 769 1549 damnatus,
799 1476 865 1538 ab
895 1481 1086 1552 aliquo
1117 1480 1392 1552 defensari
1420 1478 1630 1552 debeat.
1664 1480 1755 1552 Ea:
1797 1476 2035 1532 concilio

453 1559 740 1628 Africano,
771 1570 890 1626 cap.
925 1550 1002 1607 29‘
1026 1551 1146 1623 (sub
1176 1552 1360 1620 Boni].
1392 1553 1443 1604 et
1472 1550 1714 1618 Caetest.)

459 1647 566 1718 (2t.
605 1662 656 1717 q.
688 1645 742 1712 5,
801 1661 846 1698 c.
906 1643 967 1697 Si
1022 1642 1146 1712 quis
1174 1638 1514 1710 cujuslibet.)
1548 1638 1611 1691 Et
1658 1637 1801 1692 illud
1837 1643 2036 1708 peten-

391 1737 530 1790 dum
555 1738 620 1788 ut
641 1736 896 1788 statuere
921 1731 1257 1802 dignentur,
1285 1731 1347 1782 ut
1370 1727 1417 1780 si
1443 1725 1577 1797 quis
1595 1723 1914 1796 cujuslibet
1938 1727 2036 1779 ho-

2135 515 2282 572 Dicit
2311 517 2466 572 enim
2511 517 2812 588 Scriptura
2865 531 2878 570 :
2922 512 3049 571 Non
3085 511 3320 582 judicat
3362 509 3494 582 [hoc
3543 510 3793 565 verbum

2133 621 2247 660 non
2279 610 2368 661 est
2415 606 2473 660 in
2520 605 2658 676 orig.
2711 602 2811 657 οὐκ
2865 597 3138 668 ἐκδικήσει
3197 602 3376 656 Naum
3424 617 3462 669 ι,
3490 598 3797 655 secundum

2133 697 2305 752 aliam
2338 697 2579 752 litteram
2609 695 2751 767 apud
2801 695 2922 749 LXX
2969 691 3196 763 mterp.]
3251 690 3541 746 Dominus
3591 689 3685 745 bis
3731 688 3796 744 in

2135 785 2424 856 idipsum.

2135 877 2268 932 CAP.
2299 876 2426 929 235.
2459 905 2524 915 —
2557 876 2629 929 De
2657 871 2952 936 ordinatis,
2984 871 3034 925 si
3064 871 3192 938 quis
3236 869 3466 924 illorum
3502 883 3798 939 percussor

2312 948 2606 1002 exstiterit.
2640 947 2720 1000 Ex
2749 943 2988 1000 concilio
3018 942 3343 1013 Agat/censi,
3376 957 3497 1010 cap.
3532 941 3584 993 3.

2209 1035 2269 1090 Si
2302 1036 2434 1107 quis
2465 1035 2661 1107 aliquo
2691 1031 3090 1090 ecclesiastico
3121 1031 3309 1102 gradu
3357 1033 3624 1084 sacratus
3659 1043 3797 1099 per-

2140 1141 2346 1180 cussor
2367 1121 3037 1193 exstiterit,corripiatur
3068 1117 3443 1176 acerrime.Si
3468 1133 3583 1172 non
3605 1133 3801 1172 emen-

2141 1213 2385 1282 daverit,
2416 1213 2766 1284 deponatur.

2141 1306 2273 1356 CAP.
2306 1303 2432 1358 236.
2465 1332 2534 1342 -—
2562 1303 2635 1356 De
2662 1300 2995 1372 presbyteris
3025 1297 3123 1372 qui
3169 1312 3265 1372 suo
3301 1298 3448 1372 vitio;
3469 1294 3801 1372 _degradan-

2409 1384 2522 1429 tur.
2554 1369 3237 1442 Ex'conchogontiensi,
3271 1384 3391 1440 cap.
3422 1369 3512 1424 60.

2218 1463 2369 1532 (Dist.
2403 1462 2494 1532 81,
2525 1479 2571 1518 c.
2606 1461 2818 1516 Dictum
2848 1461 2975 1530 est.)
3033 1458 3263 1543 Dictum
3321 1461 3410 1512 est
3456 1456 3627 1512 nobis
3664 1471 3800 1527 pre-

2144 1552 2377 1623 byteros
2411 1557 2645 1622 propter
2675 1566 2841 1606 suam
2888 1547 3303 1620 negligentiam
3357 1546 3638 1602 canonice
3688 1546 3797 1601 de-

2145 1642 2442 1712 gradatos,
2475 1646 2530 1696 et
2561 1639 2903 1695 seculariter
2957 1638 3144 1709 gradu
3194 1635 3413 1692 amisso
3464 1635 3679 1703 vivere,
3741 1639 3801 1691 et

2147 1729 2498 1801 pcenitentize
2521 1730 2760 1802 agendae
2779 1729 2998 1783 bonum
3034 1725 3346 1798 negligere.
3390 1725 3554 1780 Unde
3583 1723 3799 1780 statui-

390 1824 552 1880 noris
582 1822 827 1878 clericus
849 1819 1074 1890 judicio
1105 1816 1361 1889 episcopi
1409 1832 1760 1886 quocunque
1789 1814 2035 1870 crimine
2066 1799 2115 1865 Β
2146 1835 2279 1874 mus
2314 1825 2379 1874 ut,
2408 1799 2590 1890 gradu
2616 1817 2857 1882 amisso,
2880 1815 3118 1887 agendae
3138 1814 3490 1886 pcenitentize
3515 1812 3709 1886 gratia
3732 1812 3794 1868 in

391 1914 568 1970 fuerit
623 1914 961 1978 damnatus,
1012 1925 1126 1964 non
1175 1907 1530 1970 liceateum,
1563 1905 1684 1960 sive
1731 1905 1800 1959 ab
1849 1903 2032 1958 eccle-

389 2003 493 2058 siis
525 2002 737 2074 quibus
769 1998 1003 2070 prasfuit
1034 1997 1175 2066 sive,
1207 2013 1240 2051 a
1273 1994 1536 2067 quolibet
1573 1993 1812 2048 homine
1840 1993 2035 2048 defen-

386 2091 525 2160 sari,
555 2089 901 2160 interposita
948 2103 1118 2158 pcena
1161 2085 1360 2140 damni
1393 2082 1650 2155 pecunia:
1683 2085 1739 2137 et
1768 2081 2030 2149 honoris,

385 2197 499 2253 quo
529 2195 632 2235 nec
659 2182 887 2234 atatem
922 2191 1025 2230 nec
1067 2189 1270 2230 sexum
1301 2172 1703 2228 excusandum
1735 2185 1864 2227 esse
1895 2188 2033 2242 pree-

385 2269 626 2340 cipiant.

384 2357 515 2412 CAP.
545 2357 674 2411 231.
706 2385 776 2395 —
835 2358 912 2408 De
957 2351 1274 2422 presbytero
1321 2366 1359 2405 a
1414 2348 1613 2419 populo
1642 2353 1919 2422 accusata.
1950 2348 2033 2404 Ea:

487 2428 644 2498 epist.
673 2427 928 2495 Gregorio
955 2420 1134 2496 pupis
1159 2422 1338 2495 (Greg.
1373 2422 1440 2487 II,
1473 2423 1632 2491 epist.
1665 2420 1752 2488 13,
1786 2437 1835 2474 c.
1868 2422 1920 2474 3.

452 2518 528 2588 (2,
561 2533 612 2586 q.
643 2515 699 2582 4,
731 2531 776 2570 c.
813 2513 1153 2584 Presbyter.)
1187 2512 1262 2566 De
1293 2509 1628 2582 presbytero
1651 2508 1736 2564 vel
1769 2507 2034 2580 quolibet

383 2604 724 2678 [sacerdote]
756 2603 816 2658 in
875 2601 1026 2658 clero
1085 2618 1119 2656 a
1177 2599 1392 2672 populo
1443 2602 1736 2668 accusato,
1788 2597 1836 2652 si
1891 2596 2032 2652 certi

383 2712 499 2751 non
561 2693 776 2749 fuerint
835 2695 1032 2757 testes,
1069 2688 1171 2761 qui
1227 2687 1460 2742 crimini
1506 2686 1668 2742 illato
1724 2687 2030 2742 veritatem

384 2781 1052 2851 dicant,jusjurandum
1086 2777 1197 2832 erit
1247 2776 1304 2830 in
1365 2774 1581 2842 medio,
1635 2779 1692 2829 et
1736 2773 1904 2829 illum
1947 2779 2029 2829 te-

385 2877 535 2928 stem
567 2870 821 2941 proferat
846 2869 917 2923 de
939 2865 1285 2922 innocentiae
1309 2880 1430 2919 suae
1456 2862 1728 2934 puritate,
1752 2862 1846 2918 cui
1870 2863 2030 2918 nuda

382 2964 439 3014 et
468 2962 669 3030 aperta
698 2959 838 3012 sunt
867 2953 1103 3022 omnia;
1137 2952 1340 3023 sicque
1396 2955 1631 3007 maneat
1685 2952 1743 3005 in
1794 2951 2028 3023 proprio

385 3048 596 3119 gradu.

382 3139 514 3192 CAP.
547 3134 673 3189 232.
719 3163 771 3172 —
805 3134 876 3187 De
905 3129 1122 3187 clericis
1156 3129 1420 3184 convictis
1455 3132 1507 3183 et
1535 3128 1819 3200 confessis,
1851 3129 1905 3184 si
1933 3130 2020 3185 in-

451 3216 540 3263 tra
596 3221 805 3260 annum
851 3218 1074 3258 causam
1146 3217 1302 3255 suam
1352 3200 1521 3268 ﬁnire
1567 3203 2019 3270 contempserint.

456 3281 543 3334 Ea:
570 3276 802 3334 concilio
833 3275 1124 3346 Africano,
1153 3289 1275 3344 cap.
1309 3272 1377 3324 46
1427 3275 1497 3342 (et
1527 3287 1678 3328 conc.
1725 3273 1912 3328 Carth.
1961 3290 2019 3340 v,

595 3349 749 3508 3.2)3,
777 3453 822 3490 c.
860 3436 1082 3489 Rursus.
1118 3433 1373 3488 Rursum
1424 3431 1814 3487 constitutum
1846 3436 1935 3487 est
1963 3435 2028 3486 ut

381 3526 686 3598 aliquoties
709 3523 900 3579 clerici
933 3521 1180 3578 convicti
1208 3526 1264 3578 et
1291 3521 1544 3578 confessi
1576 3519 1635 3574 in
1671 3519 1868 3591 aliquo
1910 3520 2026 3575 cri-

383 3615 560 3684 mine,
585 3613 670 3669 vel
703 3618 940 3686 propter
967 3628 1170 3667 eorum
1217 3627 1468 3683 quorum
1499 3610 1859 3665 verecundiae
1893 3627 2027 3681 par—

383 3703 534 3758 citur
564 3702 651 3758 vel
683 3707 920 3775 propter
949 3701 1212 3758 Ecclesim
1243 3699 1625 3773 Opprobrium
1650 3699 2026 3755 autinsolen-

382 3798 498 3848 tem
531 3791 982 3848 exsultationem
1041 3790 1449 3845 haereticorum
1485 3794 1661 3859 atque
1691 3787 2024 3859 gentilium,

381 3882 429 3938 si
456 3882 598 3937 forte
629 3897 816 3936 causae
848 3896 968 3935 suae
999 3879 1206 3933 adesse
1222 3877 1603 3942 voluerint,et
1625 3875 2022 3932 innocentiam

380 3987 546 4027 suam
590 3983 872 4034 asserere,
924 3967 1078 4022 intra
1125 3982 1346 4021 annum
1401 3964 2023 4020 excommunicationis

377 4057 485 4114 hoc
516 4057 755 4113 faciant.
817 4053 877 4110 Si
934 4069 1070 4109 vero
1123 4052 1279 4107 intra
1327 4068 1547 4107 annum
1579 4068 1821 4108 causam
1852 4068 2021 4107 suam

375 4162 627 4218 purgare
667 4141 1148 4215 contempserint,
1199 4139 1362 4196 nulla
1411 4157 1610 4198 eorum
1667 4157 1774 4195 vox
1819 4144 2022 4210 postea

373 4237 611 4305 penitus
643 4235 939 4290 audiatur.

371 4335 504 4386 CAP.
536 4332 661 4386 233.
697 4360 764 4372 --
816 4332 879 4386 Ut
925 4328 1116 4382 nullus
1164 4343 1236 4382 ea:
1287 4327 1563 4383 ordinatis
1623 4327 1768 4381 laico
1826 4329 2018 4395 iurare

582 4409 897 4472 prwsumat.
932 4402 1013 4454 Ex
1041 4399 1270 4454 concilio
1295 4401 1565 4468 Remensi,
1597 4415 1718 4466 cap.
1749 4399 1804 4452 5.

445 4489 554 4560 (22,
578 4508 628 4561 q.
651 4493 705 4557 5,
729 4490 980 4555 Nullus.)
1011 4491 1084 4542 Ut
1115 4487 1315 4543 nullus
1365 4505 1433 4544 ex
1473 4487 1867 4544 ecclesiastico
1925 4504 2017 4542 0r-

373 4577 508 4634 dine
539 4579 814 4650 cuiquam
848 4577 994 4633 laico
1035 4576 1360 4648 quidquam
1414 4595 1592 4649 supra
1641 4581 2017 4632 sacrosancta

372 4667 681 4740 Evangelia
703 4669 884 4738 juret,
910 4666 1011 4720 sed
1041 4665 1386 4736 simpliciter
1411 4683 1545 4722 cum
1574 4666 1817 4721 veritate
1839 4671 1895 4721 et
1920 4683 2015 4737 pu-

372 4758 542 4812 ritate
573 4757 891 4811 dioatzEst
929 4759 1037 4824 est,
1073 4771 1186 4810 non
1213 4772 1348 4810 non.
1383 4757 1516 4826 Sed,
1553 4756 1601 4812 si
1651 4760 1742 4811 est
1786 4755 2008 4826 aliquid

371 4846 526 4916 quod
556 4845 641 4900 eis
671 4861 704 4900 a
731 4844 896 4899 laicis
931 4843 1244 4914 objiciatur
1273 4845 1344 4899 ad
1379 4845 1719 4916 episcopum
1751 4844 1810 4899 in
1842 4845 2011 4914 cujus

368 4933 682 4999 territorio,
716 4936 804 4988 est
833 4931 1167 4998 deferatur;
1199 4936 1257 4986 et
1289 4934 1458 5002 juxta
1487 4933 1544 4988 id
1579 4934 1733 5006 quod
1786 4932 1870 4988 illi
1911 4931 2009 5003 qui

365 5022 632 5092 ejusdem
675 5023 812 5076 sunt
846 5019 1070 5076 ordinis
1117 5020 1519 5090 dijudicarint,
1553 5028 1654 5078 aut
1684 5023 2009 5093 corrigatur

366 5115 468 5165 aut
497 5113 879 5181 expurgatur.

362 5207 494 5263 CAP.
527 5209 654 5284 234.
681 5208 842 5284 --_De
869 5204 1263 5284 presbytero_si
1289 5207 1347 5261 in
1375 5206 1568 5284 aliqua
1582 5208 1871 5284 criminati
1889 5225 2008 5279 pec-

431 5283 552 5335 cato
581 5279 946 5406 ggprchensus
965 5277 1156 5346 fuerit.
1177 5277 1260 5332 Ea:
1288 5277 1590 5335 canonibus
1611 5277 2004 5352 apostolorum,

431 5368 551 5407 can.
660 5391 671 5403 .

431 5368 492 5407 ca
538 5393 551 5408 .
582 5368 671 5406 zz).

431 5368 591 5511 (Οἴει.
644 5441 735 5508 81,
783 5455 830 5494 c.
893 5437 1228 5508 Presbyter.)
1272 5437 1583 5513 Presbyter
1645 5439 2002 5511 [Episcopus

363 5529 558 5598 presb.
592 5529 652 5583 in
681 5527 846 5600 orig.]
877 5531 980 5584 aut
1008 5526 1289 5583 diaconus
1339 5528 1437 5600 qui
1479 5529 1537 5584 in
1597 5528 1998 5596 fornicatione,

363 5621 466 5672 aut
518 5619 794 5688 perjurio,
872 5620 973 5673 aut
1040 5615 1099 5670 in
1159 5616 1334 5688 furto,
1399 5618 1713 5675 homicidio
1793 5621 1998 5690 captus

2143 1908 2499 1963 monasterio
2523 1910 2624 1962 aut
2644 1906 2921 1961 canonico
2960 1909 3062 1960 aut
3083 1903 3336 1975 regulari
3367 1903 3701 1958 mittantur.
3736 1902 3792 1956 Si

2141 2013 2274 2052 vero
2305 1996 2441 2068 quid
2478 1997 2685 2051 horum
2730 1994 2852 2050 ﬁeri
2884 2010 3061 2048 causa
3091 1991 3363 2063 qualibet
3395 1990 3792 2063 prohibuerit,

2142 2084 2474 2155 ubicunque
2497 2083 2617 2139 sint
2641 2081 3043 2154 pmnitentiam
3066 2096 3236 2151 agere
3262 2097 3374 2134 non
3401 2079 3713 2135 desistant.
3733 2079 3795 2134 Si

2141 2179 2337 2229 autem
2369 2173 2587 2228 amisso
2611 2173 2795 2244 gradu
2827 2170 3187 2226 szeculariter
3206 2169 3395 2224 vivere
3418 2167 3800 2235 voluerint,et

2142 2262 2547 2336 pcenitentiam
2579 2278 2752 2332 agere
2793 2258 3174 2332 neglexerint,
3211 2258 3284 2313 ab
3325 2257 3590 2313 Ecclesiae
3633 2273 3800 2312 com-

2143 2352 2421 2408 munione
2454 2355 2823 2423 separentur.

2141 2442 2274 2498 CAP.
2308 2442 2531 2495 237.—
2561 2439 2830 2508 Quomodo
2888 2435 3225 2492 restituendi
3277 2435 3387 2490 sint
3435 2437 3536 2505 qui
3583 2435 3796 2502 iniuste

2210 2513 2620 2656 deqragdgntur.
2679 2514 2762 2566 Ea:
2819 2509 3008 2566 eodem
3057 2524 3206 2564 conc.
3254 2523 3374 2576 cap.
3425 2508 3495 2561 28
3542 2508 3676 2577 (Tot.
3712 2524 3788 2574 ιν,

2210 2602 2328 2656 rap.
2468 2627 2478 2640 .

2209 2602 2328 2656 cap.
2363 2602 2478 2656 τι).

2211 2675 2320 2745 (ii,
2355 2690 2405 2745 q.
2439 2673 2493 2743 3,
2522 2689 2568 2727 c.
2603 2673 2896 2743 EpiscOpus
2913 2669 3248 2742 presbyter.)
3278 2666 3626 2739 Episcopus,
3661 2682 3789 2738 pre-

2139 2763 2466 2836 sbyter,aut
2486 2762 2789 2826 diaconus,
2809 2759 2857 2814 si
2881 2777 2910 2813 a
2929 2759 3115 2832 gradu
3142 2773 3248 2812 suo
3273 2755 3493 2824 injuste
3519 2754 3788 2824 dejectus

2137 2853 2197 2907 in
2229 2851 2486 2908 secunda
2517 2849 2736 2922 synodo
2769 2849 3050 2904 innocens
3081 2845 3424 2918 reperiatur,
3457 2860 3569 2898 non
3598 2847 3796 2914 potest

2137 2959 2265 2997 esse
2291 2941 2447 3013 quod
2479 2941 2685 3005 fuerat,
2721 2937 2832 2992 nisi
2884 2937 3103 3008 gradus
3133 2933 3384 2990 amissos
3415 2933 3660 3004 recipiat
3689 2949 3793 2988 co-

2137 3046 2261 3086 rem
2291 3029 2462 3084 altari
2485 3030 2556 3084 de
2576 3045 2754 3083 manu
2777 3027 3204 3098 episcoporum.
3237 3023 3294 3078 Si
3325 3023 3639 3092 episcOpus
3671 3026 3790 3091 est,

2137 3119 2415 3187 orarium,
2449 3115 2758 3185 annulum,
2792 3120 2848 3170 et
2879 3115 3155 3170 baculum
3181 3129 3193 3168 :
3219 3113 3269 3168 si
3295 3111 3616 3182 presbyter,
3653 3126 3788 3166 ora-

2137 3207 2288 3262 rium
2319 3211 2378 3262 et
2410 3205 2736 3277 planetam;
2768 3204 2818 3259 si
2849 3205 3152 3269 diaconus,
3186 3199 3444 3256 orarium
3476 3203 3534 3254 et
3565 3198 3789 3267 albam;

2137 3296 2185 3352 si
2217 3295 2611 3351 subdiaconus
2639 3298 2910 3364 patenam
2943 3295 2998 3347 et
3027 3290 3291 3346 calicem.
3324 3288 3419 3344 Sic
3465 3293 3523 3343 et
3569 3286 3787 3358 reliqui

2135 3386 2353 3458 gradus
2385 3385 2443 3438 in
2478 3382 2845 3456 reparatione
2873 3382 2967 3437 sui
2993 3380 3298 3452 recipiant,
3324 3395 3450 3451 quas
3471 3393 3602 3432 cum
3630 3377 3791 3432 ordi-

2137 3479 2418 3530 narentur
2451 3476 2850 3545 perceperant.

2135 3567 2262 3619 CAP.
2304 3564 2429 3618 238.
2464 3593 2531 3603 —
2564 3566 2644 3616 De
2673 3559 2888 3616 clericis
2916 3559 3014 3630 qui
3036 3557 3288 3629 prorium
3313 3557 3788 3630 episcopumch-

2206 3633 2548 3705 tempserint.
2577 3637 2657 3689 Ex
2687 3626 3306 3695 concitio'Antiochcno,
3338 3626 3462 3700 cap.
3484 3629 3519 3681 5
3541 3626 3658 3698 (sub
3683 3628 3786 3682 Ju-

2207 3708 2280 3762 tio
2310 3709 2376 3777 Ι).

2206 3795 2262 3850 Si
2291 3795 2425 3866 quis
2456 3793 2758 3865 presbyter
2806 3797 2904 3846 aut
2946 3789 3232 3844 diaconus
3280 3786 3620 3858 episcopum
3655 3803 3788 3856 pro-

2133 3885 2327 3956 prium
2352 3886 2735 3939 contemnens
2759 3895 2819 3935 se
2853 3879 2925 3934 ab
2956 3876 3213 3934 Ecclesia
3245 3875 3790 3947 sequestravcrit,et

2131 3989 2396 4030 seorsum
2429 3970 2711 4042 colligens
2763 3968 2945 4023 altare
3006 3964 3398 4031 constituerit,
3432 3968 3488 4020 et
3518 3979 3786 4020 commo-

2130 4062 2289 4118 nenti
2321 4061 2591 4134 episcopo
2625 4075 2738 4113 non
2773 4055 3150 4128 acquieverit,
3183 4070 3288 4109 nec
3337 4052 3668 4108 consentire
3699 4053 3788 4109 vel

2130 4152 2366 4208 obedire
2395 4148 2664 4216 voluerit,
2715 4145 2898 4202 semel
2931 4149 2986 4200 et
3015 4145 3228 4200 iterum
3280 4147 3638 4198 convocatus
3690 4141 3788 4198 hic

2128 4242 2442 4296 damnetur
2473 4237 2733 4303 omnino,
2758 4251 2864 4290 nec
2908 4233 3063 4289 ultra
3095 4231 3422 4287 remedium
3454 4246 3784 4301 consequa-

2127 4334 2246 4397 tur,
2273 4328 2412 4399 quia
2471 4342 2640 4382 suam
2703 4341 2814 4379 non
2875 4327 3070 4395 potest
3122 4320 3377 4392 recipere
3408 4319 3782 4390 dignitatem.

2127 4418 2286 4482 Quod
2322 4417 2370 4473 si
2405 4414 2720 4472 Ecclesium
2749 4413 3101 4468 conturbare
3133 4414 3189 4465 et
3219 4408 3538 4464 sollicitare
3590 4407 3782 4479 persi-

2127 4512 2268 4576 stat,
2300 4510 2581 4576 tanquam
2615 4501 2932 4558 seditiosus
2954 4517 3054 4573 per
3077 4503 3394 4572 potestates
3417 4501 3646 4553 exteras
3674 4513 3776 4568 0p~

2125 4595 2412 4666 primatur
2444 4591 2830 4665 [castigetur].

2123 4684 2258 4740 CAP.
2290 4684 2414 4738 239.
2449 4713 2517 4722 —
2565 4683 2640 4736 De
2678 4679 3015 4752 presbytero,
3066 4676 3164 4747 qui
3180 4683 3398 4752 contra
3454 4673 3773 4752 episcopum

2191 4772 2354 4810 suum
2377 4754 2617 4810 schisma
2646 4745 2862 4822 fecerit:
2911 4745 3006 4804 Ere
3038 4745 3268 4822 concilio
3319 4745 3774 4822 Carthaginensi,

2190 4843 2308 4898 cap.
2345 4827 2399 4883 il
2440 4827 2576 4898 (alia
2606 4817 2808 4889 versio,
2840 4836 2988 4876 conc.
3024 4820 3208 4875 Carth.
3245 4836 3304 4886 ιι,
3337 4833 3460 4890 cap.
3493 4817 3567 4888 8).

2189 4915 2300 4986 (11,
2333 4932 2384 4987 q.
2425 4917 2478 4982 3,
2509 4931 2554 4970 c.
2588 4913 2649 4968 Si
2672 4911 2793 4983 quis
2822 4910 3146 4981 presbyter.)
3176 4909 3263 4964 Ab
3321 4904 3610 4962 universis
3659 4904 3776 4977 epi-

2119 5003 2312 5076 secpis
2343 5004 2566 5058 dictum
2597 5004 2685 5056 est
2720 5017 2731 5054 :
2767 4999 2822 5053 Si
2855 4998 2986 5070 quis
3019 4997 3321 5070 presbyter
3371 4994 3446 5050 ab
3487 4993 3770 5066 episcopo

2117 5108 2223 5147 suo
2255 5090 2795 5149 excommunicatus
2850 5086 2939 5142 vel
2995 5090 3298 5156 correptus
3356 5083 3561 5150 fuerit,
3602 5083 3775 5138 debet

2115 5181 2318 5252 utique
2349 5181 2502 5254 apud
2531 5177 2751 5234 vicinos
2773 5175 3078 5248 episcopos
3113 5173 3416 5244 conqueri,
3439 5177 3505 5226 ut
3527 5172 3600 5227 ab
3626 5170 3773 5242 ipsis

2115 5269 2242 5338 ejus
2274 5286 2455 5325 causa
2478 5267 2662 5340 possit
2683 5264 2894 5331 audiri,
2929 5279 2994 5318 ac
3018 5280 3120 5334 per
3149 5263 3309 5334 ipsos
3342 5277 3448 5317 suo
3493 5261 3769 5332 episcOpo

2114 5357 2495 5412 reconciliari.
2517 5355 2680 5418 Quod
2705 5354 2755 5408 si
2779 5369 2895 5408 non
2922 5351 3140 5419 fecerit,
3164 5351 3265 5406 sed
3291 5349 3590 5420 superbia,
3611 5349 3764 5420 quod

2111 5445 2292 5500 absit!
2323 5446 2562 5500 inﬂatus
2585 5442 3003 5498 secernendum
3029 5457 3090 5495 se
3111 5441 3182 5495 ab
3207 5439 3464 5511 episcopi
3488 5438 3582 5492 sui
3607 5453 3766 5496 com-

2111 5533 2390 5590 munione
2447 5532 2706 5601 duxerit;
2769 5547 2834 5586 ac
2880 5529 3223 5602 separatim,
3269 5544 3402 5584 cum
3455 5527 3765 5598 aliquibus

2109 5621 2366 5680 schisma
2388 5623 2628 5692 faciens,
2653 5619 3008 5677 sacriﬁcium
3036 5623 3148 5674 Deo
3182 5615 3479 5687 obtulerit,
3513 5615 3764 5672 anathe-
