3994 6052
228 319 331 372 497

1303 315 1614 370 DECRETI
1654 314 1838 366 PARS
1876 311 1970 363 VI.
2001 337 2066 347 —
2098 305 2192 362 DE
2230 310 2573 364 CLERICIS.

3537 316 3640 370 498

228 460 324 499 ma
367 444 657 499 habeatur
703 447 759 499 et
786 442 983 498 locum
1035 442 1288 498 amittat.
1341 440 1400 496 Si
1450 435 1874 510 querimoniam
1907 433 1959 499 Α
1992 433 2207 488 minum
2236 450 2398 488 suum
2438 434 2703 488 obtinebit
2755 438 2803 489 et
2844 437 3033 505 faciet,
3064 440 3117 490 et
3168 436 3309 492 docti
3338 438 3398 492 in
3437 440 3641 510 populo

219 536 443 605 justam
477 534 758 589 adversus
802 533 1143 605 episcopum
1193 548 1304 586 non
1362 528 1654 592 habuerit,
1686 525 1881 595 inqui-

225 625 474 678 rendum
510 623 640 677 erit.

223 713 358 768 Car.
391 713 517 766 240.
551 743 620 753 —-
651 712 877 787 Deillis
908 712 1004 783 qui
1054 711 1295 787 aliquem
1325 725 1395 764 ea:
1436 707 1708 787 ordinatis
1738 705 1881 787 falso

294 787 530 863 crimine
559 779 927 863 appetierint:
941 855 949 863 _
970 788 1054 863 Ege
1092 779 1286 863 eodem
1314 797 1433 851 cap.
1468 781 1503 831 5
1532 779 1882 849 (Annectitur

296 873 443 912 conc.
483 858 666 912 Carth.
701 872 785 922 ιιι,
816 855 1061 925 capitulo
1091 855 1165 924 3).

294 946 373 1015 (2,
402 962 454 1016 q.
488 946 523 998 3
552 961 599 999 c.
632 944 693 1000 Si
722 944 846 1016 quis
875 942 1234 1014 episcOpum).
1268 939 1324 995 Si
1350 940 1483 1012 quis
1514 939 1876 1010 episcopum,

221 1038 325 1089 aut
365 1034 796 1106 presbyterum,
827 1032 915 1087 vel
948 1032 1260 1088 diaconum
1314 1028 1477 1085 falsis
1529 1026 1878 1083 criminibus

221 1123 553 1194 appetierit,
586 1127 644 1177 et
672 1122 919 1193 probare
949 1138 1066 1176 non
1098 1120 1373 1192 potuerit,
1408 1117 1641 1175 nonnisi
1673 1116 1731 1170 in
1763 1116 1877 1170 line

218 1212 477 1266 dandam
510 1211 561 1267 ei
594 1227 723 1267 esse
755 1210 1258 1267 communionem.

216 1313 355 1365 CAP.
388 1310 513 1363 241.
546 1339 616 1350 --
652 1311 712 1366 Ut
744 1309 938 1363 nullus
961 1309 1289 1363 clericorum
1319 1306 1498 1360 alium
1529 1305 1645 1358 nisi
1671 1304 1875 1374 scripto

325 1382 673 1436 criminetur.
708 1383 789 1435 Em
816 1381 1051 1437 concilio
1084 1379 1494 1441 Aurelianensi,
1525 1393 1643 1446 cap.
1682 1376 1765 1428 10.

289 1468 440 1524 Illud
472 1475 754 1541 presteres
805 1469 967 1523 omni
1017 1467 1409 1523 ecclesiastico
1458 1464 1647 1521 ordini
1678 1462 1874 1519 omni-

217 1574 293 1614 no
324 1559 750 1613 observandum
781 1562 896 1623 est,
926 1562 990 1611 ut
1022 1556 1359 1611 nullatenus
1404 1554 1619 1625 aliquis
1651 1570 1876 1625 praesu-

216 1651 341 1701 mat
371 1646 431 1700 in
465 1646 709 1702 concilio
732 1646 818 1700 vel
845 1644 1110 1717 synodali
1134 1648 1421 1699 conventu
1453 1644 1709 1713 aliquem
1734 1658 1871 1696 con-

215 1734 467 1789 fratrum
537 1715 913 1790 accusatione
972 1733 1227 1804 pulsare,
1284 1733 1397 1786 nisi
1449 1732 1613 1802 prius
1672 1731 1869 1801 ipsum
1904 1803 1920 1804 ί
1980 1716 2113 1804 CAR-
2146 1717 2274 1771 247·
2305 1746 2373 1755 -’
2408 1717 2679 1804 ζῘίᾬΤηηίδ
2704 1715 3149 1804 ξῖνθδίὶξλίεζνξίίίξ
3178 1715 3435 1799 “abdito?

1602 1836 1629 1874 ε
1658 1786 1872 1873 Ηὶιθτίε
1900 1803 1948 1868 Β
2049 1788 2254 1874 discere
2282 1788 2644 1870 constringat.
2826 1788 3054 1842 concilio
3100 1786 3412 1855 Gangrensi
3447 1804 3567 1858 cap.
3599 1789 3634 1840 5

218 1824 610 1879 accusationis
645 1823 863 1879 crimen
914 1828 973 1878 et
1022 1821 1368 1893 litigationis
1421 1836 1597 1875 causa

217 1929 322 1984 per
371 1912 635 1967 ordinem
686 1912 1140 1983 comprehensas
1190 1927 1366 1991 manu
1419 1908 1654 1980 propria
1696 1924 1864 1964 cons-

216 2001 487 2072 cripserit
544 2002 1031 2073 [subscripserit].
1091 2006 1149 2056 et
1204 2000 1476 2072 episcopo
1541 1997 1629 2052 vel
1688 2014 1866 2053 sacras

214 2091 439 2162 synodo
490 2090 827 2162 porrexerit,
862 2094 927 2145 ut
973 2090 1127 2160 iuste
1177 2089 1454 2144 canonice
1504 2086 1860 2157 litigantium

213 2179 620 2234 controversiae
652 2179 954 2233 ﬁniantur.
1000 2179 1123 2233 Non
1177 2178 1330 2233 enim
1381 2177 1536 2242 licet,
1574 2180 1639 2230 ut
1669 2182 1864 2231 aucto-

210 2268 357 2324 ritas
390 2269 654 2323 Romana
695 2272 965 2338 testatur,
1000 2267 1113 2322 nisi
1162 2266 1543 2337 inscriptione
1572 2265 1864 2321 celebrata

208 2373 375 2412 reum
410 2373 770 2429 quemquam
811 2357 957 2427 fieri,
990 2373 1094 2411 nec
1126 2356 1195 2410 ad
1238 2355 1528 2425 judicium
1562 2354 1858 2423 exhiberi;

206 2445 369 2514 quia,
404 2445 555 2500 sicut
599 2445 926 2501 convictum
974 2445 1040 2500 de
1071 2443 1314 2499 crimine
1346 2460 1514 2515 paena
1563 2445 1860 2499 constrin-

204 2533 313 2602 git,
346 2533 430 2587 ita
481 2538 537 2588 et
586 2538 1009 2603 accusatorem,
1057 2532 1107 2589 si
1155 2549 1270 2588 non
1320 2532 1653 2603 probaverit
1702 2533 1858 2604 quod

206 2622 301 2692 obj
312 2620 443 2676 ecit.

200 2720 336 2773 CAP.
370 2719 494 2773 242.
529 2750 595 2759 -—
630 2721 693 2776 Ut
720 2719 909 2774 nullus
928 2736 1000 2773 ex
1028 2719 1174 2791 clero
1194 2717 1488 2774 conductor
1510 2722 1857 2791 privatorum

382 2791 503 2859 fiat.
537 2792 619 2846 Ea:
646 2791 829 2847 eodem
858 2806 977 2861 cap.
1012 2791 1077 2844 14
1111 2790 1329 2860 (Carth.
1372 2808 1456 2862 ιιι,
1484 2807 1531 2846 c.
1569 2793 1675 2864 i5).

278 2878 352 2948 (2,
387 2895 438 2948 q.
472 2879 527 2945 3,
557 2895 604 2933 c.
638 2880 853 2934 Placuit
881 2880 986 2949 ut).
1034 2879 1178 2933 Item
1212 2878 1434 2949 placuit
1476 2885 1540 2934 ut
1570 2881 1855 2954 episcopi,

200 2967 549 3038 presbyteri,
584 2967 943 3035 diaconi,vel
965 2967 1159 3022 clerici
1183 2984 1295 3024 non
1332 2968 1452 3023 sint
1473 2970 1857 3029 conductores

200 3061 305 3109 aut
353 3060 761 3127 procuratores
810 3057 1194 3128 privatorum,
1228 3074 1416 3129 neque
1464 3058 1582 3114 ullo
1614 3062 1769 3133 turpi
1800 3066 1857 3117 et

196 3144 512 3200 inhonesto
543 3146 776 3218 negotio
820 3145 1037 3201 victum
1080 3151 1365 3217 quierant,
1398 3148 1538 3219 quia
1577 3150 1864 3221 respicere
1895 3162 1937 3229 α

196 3232 416 3288 debent
445 3234 731 3306 scriptum
780 3251 908 3290 esse
941 3252 953 3289 :
987 3237 1172 3305 Nemo,
1224 3237 1473 3291 militans
1506 3241 1639 3309 Deo,
1673 3241 1863 3313 impli-

190 3326 285 3377 cat
315 3339 371 3377 se
396 3326 629 3394 negotiis
657 3324 1026 3382 saecularibus
1057 3327 1127 3394 (11
1159 3325 1294 3379 Tim.
1328 3327 1412 3397 ιι).

198 3422 339 3475 CAP.
371 3420 498 3475 243.
531 3453 600 3462 -
638 3423 700 3479 Ut
728 3410 962 3476 clericus
991 3438 1103 3477 non
1153 3423 1423 3477 habeatur
1453 3425 1551 3493 qui
1594 3426 1747 3481 intra
1782 3427 1861 3480 ci-

263 3493 495 3547 vitatem
511 3509 749 3548 manens
772 3493 841 3549 ad
863 3495 1255 3563 quotidianum
1276 3494 1425 3548 sacri
1428 3495 1615 3564 ﬁcium
1639 3513 1748 3552 non
1772 3514 1859 3553 ve-

273 3565 442 3619 nerit.
473 3566 556 3620 Ea:
583 3566 814 3620 concilio
850 3567 1102 3620 Toletano
1134 3582 1173 3632 1,
1207 3582 1328 3637 cap.
1362 3567 1417 3621 5.

266 3652 596 3725 Presbyter,
616 3654 1025 3720 diaconus,vel
1058 3654 1477 3723 subdiaconus,
1495 3655 1587 3709 vel
1611 3644 1860 3727 quilibet

190 3740 464 3796 Ecclesia:
498 3743 817 3813 deputatus
846 3742 1115 3811 clericus,
1143 3743 1192 3798 si
1225 3744 1381 3799 intra
1412 3744 1705 3801 civitatem
1740 3742 1858 3802 fue'

192 3830 291 3895 rit,
324 3829 412 3885 vel
445 3831 503 3884 in
536 3830 661 3886 loco
692 3830 751 3886 in
785 3848 900 3902 quo
932 3831 1179 3887 ecclesia
1222 3838 1332 3899 est,
1370 3848 1470 3887 aut
1501 3834 1560 3888 in
1593 3825 1853 3892 castello'

192 3922 299 3972 aut
325 3918 383 3973 in
416 3918 563 3987 vico,
596 3919 683 3974 vel
715 3920 774 3974 in
808 3919 966 3985 villa,
1002 3920 1051 3975 si
1084 3922 1155 3975 ad
1190 3921 1496 3977 ecclesiam
1528 3923 1597 3977 ad
1634 3924 1855 3979 sacriﬁ-

190 4006 349 4061 cium
401 4008 814 4078 quotidianum
866 4025 982 4063 non
1012 4009 1256 4075 venerit,
1305 4010 1552 4066 clericus
1603 4029 1718 4067 non
1752 4013 1853 4068 ba-

191 4098 423 4162 beatur,
456 4097 506 4152 si
538 4098 865 4169 castigatus
897 4114 1011 4152 non
1048 4099 1465 4156 emendaverit.

189 4188 327 4241 CAP.
360 4186 487 4240 244.
514 4217 582 4228 -ο
615 4188 688 4241 De
716 4186 904 4263 eadem
938 4203 1018 4241 re.
1075 4191 1156 4241 Ea:
1186 4188 1414 4263 concilio
1451 4189 1696 4245 Venetico
1726 4206 1847 4263 cap.

739 4260 775 4312 5
804 4260 1009 4329 (Venet.
1042 4275 1083 4328 1,
1116 4275 1161 4313 c.
1202 4260 1306 4327 14).

264 4344 523 4401 Clericus
554 4348 651 4418 qui
688 4347 841 4402 intra
873 4363 1072 4402 muros
1093 4347 1345 4401 civitatis
1379 4354 1595 4419 manet,
1620 4366 1737 4420 qua
1757 4351 1848 4406 die

191 4435 272 4503 [et
301 4449 370 4488 ea
400 4435 515 4504 die)
548 4435 859 4490 matutinis
912 4435 1145 4507 hymnis
1194 4436 1317 4491 sine
1370 4438 1712 4506 aegritudine
1743 4439 1844 4493 de-

1991 523 2257 577 docebunt
2286 524 2488 578 multos
2516 525 2676 593 (Dan.
2722 524 2821 594 x1).
2858 527 2989 596 Ipsa
3019 525 3173 580 enim
3204 526 3417 581 veritas
3448 544 3547 599 per
3581 546 3641 584 se

1989 611 2185 678 infert,
2218 615 2273 666 et
2305 612 2446 667 dicit
2480 628 2491 665 :
2526 615 2727 668 Beatus
2756 619 2833 668 est
2881 617 2977 686 qui
3022 630 3132 669 non
3160 618 3333 685 fuerit
3362 617 3645 671 scandali-

1988 705 2141 755 zatus
2169 702 2224 755 in
2280 717 2367 756 me
2415 702 2626 772 (Matth.
2660 720 2754 770 x1;
2803 704 2929 758 Luc.
2961 705 3038 773 7).
3090 704 3193 759 Ille
3233 705 3434 775 procul
3466 705 3643 761 dubio

1989 789 2426 845 scandalizatus
2460 795 2550 846 est
2605 792 2662 845 in
2696 796 2904 856 Deum,
2954 792 3054 863 qui
3086 797 3243 848 recta
3291 795 3494 864 [recte]
3527 812 3641 847 non

1989 880 2176 945 docet,
2209 883 2264 935 et
2295 880 2393 950 qui
2426 881 2552 950 ejus
2587 880 2944 936 scandalizat
2964 882 3303 953 episcopum
3334 882 3423 937 vel
3455 900 3643 938 sacer-

1986 969 2204 1024 dotem.

1987 1058 2118 1113 CAP.
2152 1059 2277 1113 246.
2312 1089 2377 1098 -—~
2416 1060 2475 1114 Ut
2506 1059 2817 1130 presbyteri
2835 1060 3073 1126 singulis
3094 1061 3255 1114 annis
3290 1062 3534 1129 episcOpo
3566 1062 3639 1116 de

2057 1131 2374 1185 ministerio
2404 1145 2501 1184 suo
2534 1133 2803 1185 rationem
2851 1131 3098 1185 reddant.
3150 1134 3235 1185 Ea:
3264 1132 3499 1187 concilio
3527 1133 3637 1186 Mo-

2054 1203 2333 1273 gontiensi
2360 1219 2393 1256 a
2425 1202 2723 1272 Richelpho
2764 1201 3029 1273 [Ricul/o]
3074 1203 3317 1273 ejusdem
3360 1202 3505 1258 sedis
3534 1220 3638 1258 ar-

2053 1272 2389 1343 chiepiscopo
2418 1274 2621 1340 habito,
2653 1290 2773 1343 cap.
2808 1274 2888 1327 10.

2054 1361 2473 1431 Unusquisque
2503 1362 2810 1433 presbyter
2858 1376 2960 1431 per
2991 1361 3256 1432 singulos
3295 1378 3481 1416 annos
3513 1363 3634 1433 epi-

1982 1464 2157 1520 scopo
2192 1466 2298 1504 suo
2332 1449 2621 1504 rationem
2664 1448 2979 1504 ministerii
3030 1450 3123 1504 sui
3156 1450 3381 1518 reddat,
3410 1454 3530 1505 tam
3565 1451 3635 1506 de

1981 1538 2096 1593 fide
2124 1538 2438 1604 catholica,
2470 1554 2647 1607 quam
2699 1539 2771 1592 de
2819 1538 3116 1609 baptismo
3149 1542 3323 1608 atque
3355 1538 3513 1593 omni
3543 1555 3633 1594 or-

1981 1626 2116 1681 dine
2148 1627 2457 1682 ministerii
2491 1626 2603 1681 sui.

3464 1714 3633 1785 ﬁdem

2048 1859 2412 1931 (Mogontiac.
2446 1876 2484 1926 1,
2517 1875 2635 1928 cap.
2673 1858 2779 1928 45).

2044 1947 2406 2015 Symbolum,
2438 1947 2593 2018 quod
2644 1950 2732 2001 est
2785 1944 3156 2017 signaculum
3208 1945 3364 2016 ﬁdei,
3396 1950 3452 2002 et
3480 1948 3628 2015 tora-

1973 2036 2191 2092 tionem
2226 2035 2587 2091 Dominicam
2620 2034 2841 2089 discere
2873 2051 3106 2106 semper
3153 2035 3509 2089 admoneant
3539 2050 3627 2089 sa-

1973 2126 2235 2180 cerdotes
2284 2123 2567 2196 populum
2612 2123 3012 2179 Christianum
3055 2143 3071 2178 :
3117 2123 3509 2194 volumusque
3562 2127 3628 2177 ut

1971 2214 2344 2286 disciplinam
2390 2214 2744 2285 condignam
2790 2214 3064 2280 habeant,
3096 2214 3196 2285 qui
3249 2213 3370 2268 haec
3401 2213 3629 2267 discere

1970 2304 2296 2375 negligunt,
2331 2302 2450 2357 sive
2484 2304 2542 2358 in
2565 2302 2814 2373 jejunio,
2841 2302 2958 2357 sive
2985 2302 3043 2356 in
3073 2302 3187 2357 alia
3218 2302 3623 2373 castigatione.

1970 2396 2283 2463 Propterea
2331 2392 2575 2463 dignum
2624 2396 2735 2457 est,
2790 2395 2855 2445 ut
2903 2391 3055 2445 ﬁlios
3104 2407 3244 2445 suos
3291 2392 3511 2444 ducant
3550 2390 3620 2443 ad

1970 2480 2251 2545 scholam,
2284 2480 2404 2535 sive
2437 2482 2506 2536 ad
2554 2480 3000 2547 monasterium,
3033 2479 3153 2533 sive
3185 2479 3340 2533 foras
3373 2478 3618 2549 presby-

1966 2571 2130 2637 teris,
2166 2574 2231 2623 ut
2260 2570 2435 2623 ﬁdem
2470 2568 2819 2623 catholicam
2851 2572 3005 2622 recte
3035 2567 3287 2635 discant,
3312 2571 3368 2620 et
3397 2565 3612 2620 oratio-

1968 2675 2100 2714 nem
2150 2657 2541 2724 Dominicam,
2572 2661 2638 2712 ut
2684 2655 2844 2711 domi
2894 2654 3041 2710 alios
3090 2656 3329 2710 edocere
3360 2654 3610 2709 valeant.

1965 2747 2073 2813 Qui
2105 2764 2236 2802 vero
2286 2746 2457 2802 aliter
2502 2763 2618 2801 non
2665 2744 2985 2817 potuerint,
3016 2743 3106 2799 vel
3154 2745 3212 2798 in
3260 2743 3464 2815 lingua
3507 2758 3617 2798 sua

1966 2836 2072 2892 hoc
2104 2836 2355 2891 discant.

1964 2927 2096 2982 CAP.
2130 2926 2254 2979 248.
2306 2955 2375 2965 -—-
2425 2925 2653 2991 Qualem
2692 2924 3086 2994 professionem
3134 2921 3474 2992 presbyteros
3521 2923 3621 2994 aut

2035 2997 2292 3053 diaconos
2324 2999 2566 3068 episcopo
2610 2992 2707 3050 suo
2752 2992 2934 3064 facere
2961 2995 3226 3068 oporteat.
3270 2996 3363 3048 Ex
3390 2992 3621 3046 conciiio

2037 3070 2317 3136 Toletano,
2348 3066 2468 3139 cap.
2494 3068 2565 3121 27
2595 3068 2857 3135 (Toletan.
2890 3081 2965 3132 1v,
2997 3066 3072 3136 6).

2046 3158 2205 3226 (Disl.
2238 3159 2307 3211 28
2332 3173 2379 3211 c.
2418 3156 2643 3224 Quando
2686 3155 2975 3226 presbyt.).
3027 3153 3268 3216 Quando
3300 3150 3624 3223 presbyteri

1977 3251 2078 3301 aut
2105 3246 2334 3301 diaconi
2365 3262 2468 3316 per
2483 3245 2766 3316 parcecias
2784 3244 3249 3309 constituuntur,
3276 3243 3505 3310 oportet
3527 3256 3624 3293 eos

1973 3334 2397 3405 professionem
2440 3333 2715 3405 episcopo
2764 3348 2870 3387 suo
2902 3332 3109 3397 facere,
3160 3333 3223 3384 ut
3254 3332 3413 3383 caste
3441 3332 3499 3382 et
3531 3328 3624 3397 pie

1971 3423 2191 3493 vivant,
2224 3424 2333 3478 sub
2369 3422 2464 3476 Dei
2496 3423 2727 3489 timore,
2753 3424 2838 3487 ut,
2871 3421 3012 3474 dum
3043 3436 3141 3475 eos
3172 3417 3308 3472 talis
3340 3415 3622 3487 professio

1973 3511 2197 3583 alligat,
2228 3511 2359 3565 vitea
2390 3515 2601 3565 sanctae
2636 3508 3009 3579 disciplinam
3042 3512 3298 3562 teneant.

1972 3611 2106 3665 CAP.
2136 3609 2263 3664 249.
2296 3639 2365 3649 -
2394 3609 2468 3663 Νε
2496 3607 2758 3663 monachi
2786 3607 2872 3661 vel
2894 3606 3027 3661 laici
3050 3606 3421 3675 qualicunque
3447 3606 3624 3659 scien-

2042 3684 2121 3736 tia
2152 3682 2407 3735 instructi
2434 3680 2742 3749 praedicare
2787 3678 3055 3732 audeant.
3106 3679 3189 3730 Eae
3234 3677 3461 3747 epistola
3491 3678 3619 3731 Leo-

2041 3755 2128 3807 nis
2156 3767 2312 3823 papae
2342 3752 2520 3823 (epist.
2554 3751 2624 3805 63
2653 3750 2723 3804 ad
2757 3749 3182 3818 Theodoretum).

2038 3842 2117 3896 De
2149 3842 2243 3897 his
2275 3857 2408 3895 vero
2453 3856 2579 3911 quas
2622 3839 2682 3893 in
2736 3854 2887 3909 saepe
2936 3836 3089 3891 dicto
3138 3834 3384 3891 concilio
3415 3834 3622 3890 illicita

1966 3935 2169 3986 contra
2198 3928 2559 3985 venerandos
2589 3927 2854 3982 Nicaenos
2876 3941 3132 3981 canones
3162 3923 3618 3996 praesumptione

1963 4021 2184 4073 tentata
2216 4022 2374 4078 sunt,
2409 4017 2478 4070 ad
2512 4017 2748 4071 fratrem
2795 4019 2851 4071 et
2901 4014 3313 4084 coepiscOpum
3347 4016 3616 4065 nostrum

1962 4106 2339 4161 Antiochense
2370 4106 2526 4161 sedis
2560 4104 2865 4175 praesulem
2900 4102 3269 4173 scripsimus,
3294 4100 3368 4169 (6,
3392 4114 3443 4167 q.
3482 4099 3536 4166 1,
3566 4114 3614 4152 σε

1961 4195 2273 4266 adjicimus)
2308 4195 2649 4265 adjicientes
2680 4196 2736 4247 et
2784 4191 2952 4260 illud,
2987 4190 3143 4260 quod
3176 4188 3345 4244 nobis
3379 4190 3616 4258 propter

1960 4284 2397 4354 improbitatem
2450 4282 2870 4337 monachorum
2920 4278 3314 4349 quorumdam
3354 4275 3613 4347 regionis

1958 4374 2053 4440 [al.
2093 4372 2413 4443 religionis]
2448 4374 2651 4427 vestrae
2676 4370 2848 4424 verbo
2869 4366 3198 4422 mandastis
3232 4382 3333 4438 per
3362 4365 3610 4421 vicarios

1958 4465 2285 4529 nostros,et
2316 4460 2423 4514 hoc
2456 4457 2788 4530 specialiter
2804 4460 3153 4521 statuentes,
3183 4460 3249 4509 ut
3276 4458 3483 4525 praeter
3503 4454 3613 4509 Do-

191 4522 390 4590 fuem:
422 4530 656 4614 septem
680 4524 806 4614 dies
839 4542 871 4578 ³
904 4524 1319 4579 communione
1350 4525 1844 4582 habeaturenra'
1878 4537 1924 4601 D
1958 4549 2104 4604 mini
2137 4549 2469 4604 sacerdotes
2502 4546 2700 4602 nullus
2733 4546 2947 4600 audeat
2977 4544 3311 4614 praedicare,
3346 4560 3448 4600 seu
3482 4560 3606 4597 mo-

192 4626 360 4676 neus,
394 4612 532 4681 quia
580 4612 923 4667 ministrum
971 4629 1271 4668 sacrorum
1325 4630 1391 4668 eo
1442 4618 1701 4687 tempore
1732 4633 1847 4687 quo

191 4715 309 4753 non
343 4703 536 4770 potest
561 4702 649 4756 'ab
702 4700 892 4756 ofﬁcio
924 4718 1032 4756 suo
1087 4702 1207 4757 ulla
1252 4702 1481 4758 honesti
1530 4706 1847 4761 necessitas

188 4802 499 4859 occupare,
533 4789 619 4845 fas
652 4807 766 4844 non
799 4793 888 4845 est
918 4807 950 4845 a
978 4789 1203 4845 salubri
1235 4807 1482 4846 cessare.

187 4888 319 4963 Car.
374 4886 498 4963 245,
548 4918 621 4963 -γ
672 4887 821 4963 Quod
869 4903 1053 4963 omnes
1098 4888 1400 4963 sacerdotes
1444 4889 1633 4963 doceri
1685 4908 1842 4963 opor-

260 4959 392 5031 teat,
425 4962 487 5012 ut
530 4962 747 5013 eceteros
794 4961 1096 5026 instruant,
1146 4968 1198 5014 et
1243 4959 1351 5014 sibi
1396 4959 1725 5031 proﬁciantf
1755 4966 1846 5018 Ea:

258 5030 417 5171 igiqi.
450 5031 721 5170 Aizzacletii)
750 5045 933 5101 papae,
964 5032 1181 5086 cunctis
1221 5032 1469 5099 ﬁdelibus
1498 5030 1687 5090 missa.
1720 5051 1841 5105 cap.

409 5118 467 5171 p.
540 5146 554 5170 ,
587 5117 633 5155 c.
730 5140 743 5154 .

409 5118 467 5171 p.
499 5117 554 5170 κ,
587 5117 633 5155 c.
675 5117 743 5170 ι).

258 5188 458 5246 Doceri
487 5206 623 5263 ergo
654 5206 858 5246 omnes
887 5196 1117 5263 Oportet
1140 5194 1240 5265 qui
1262 5192 1496 5251 Domini
1518 5194 1841 5252 sacerdotio

183 5279 537 5349 funguntur,
569 5284 623 5335 et
666 5284 729 5335 ut
782 5285 1020 5337 caeteros
1067 5281 1388 5355 instruant,
1421 5289 1476 5341 et
1524 5285 1634 5341 sibi
1668 5286 1840 5356 proli-

184 5368 367 5423 ciant.
404 5368 701 5439 Scriptum
732 5369 892 5424 enim
925 5375 1015 5426 est
1049 5389 1061 5426 ε
1101 5371 1208 5438 Qui
1230 5373 1372 5429 docti
1416 5377 1632 5445 fuerint
1658 5376 1841 5445 fulge-

187 5458 323 5513 bunt
354 5459 514 5528 quasi
541 5458 803 5530 splendor
832 5459 1181 5527 ﬁrmamenti
1198 5479 1218 5523 ;
1249 5466 1300 5516 et
1347 5467 1444 5534 qui
1471 5464 1539 5519 ad
1566 5465 1842 5534 justitiam

187 5547 455 5602 erudiunt
484 5548 707 5614 multos,
761 5548 923 5616 quasi
968 5550 1144 5605 stellae
1194 5551 1252 5603 in
1295 5556 1581 5621 perpetuas
1609 5554 1837 5609 aeterni-

189 5645 331 5693 tates
362 5638 517 5706 (Dan.
556 5641 659 5705 xu)
687 5653 703 5706 ;
733 5641 791 5691 et
823 5636 969 5691 alibi—
997 5652 1009 5691 :
1040 5638 1279 5708 P0pulus
1312 5650 1499 5696 autem
1528 5645 1700 5694 sciens
1730 5642 1835 5695 Do-

1959 4638 2205 4705 nachus,
2234 4637 2353 4692 sive
2384 4636 2481 4692 ille
2511 4636 2586 4691 sit
2616 4635 2821 4702 laicus,
2856 4634 2957 4705 qui
3003 4632 3320 4704 cujuslibet
3348 4632 3607 4689 scientias

1956 4728 2194 4784 nomine
2225 4725 2523 4800 glorietur.

1955 4818 2086 4874 CAP.
2118 4817 2244 4871 250.
2275 4847 2345 4857 —
2374 4817 2435 4872 Ut
2464 4811 2651 4869 clerici
2685 4813 2750 4867 ab
2779 4813 3048 4883 episcOpis
3098 4812 3214 4867 suis
3242 4827 3479 4868 canones
3510 4811 3603 4866 di-

2024 4893 2199 4945 scant.
2234 4890 2315 4942 Ex
2356 4886 2589 4942 concilio
2632 4884 3046 4949 Aurelianensi,
3075 4900 3193 4954 cap.
3226 4884 3260 4937 6
3291 4884 3463 4955 (conc.
3496 4885 3603 4938 Au-

2024 4961 2129 5015 rel.
2162 4977 2236 5028 rv,
2270 4976 2313 5014 c.
2346 4960 2424 5026 6).

2024 5049 2098 5103 Ut
2115 5048 2426 5120 parceciani
2455 5045 2650 5101 clerici
2674 5062 2707 5101 a
2727 5044 3107 5115 pontificibus
3128 5044 3253 5100 suis
3274 5045 3605 5102 necessaria

1953 5138 2065 5193 sibi
2099 5142 2319 5193 statuta
2340 5152 2631 5193 canonum
2652 5133 2897 5205 legenda
2915 5134 3263 5206 percipiant,
3288 5150 3357 5189 ne
3380 5134 3464 5188 vel
3489 5132 3601 5203 ipsi

1954 5227 2049 5298 [ne
2079 5228 2154 5283 rei
2190 5227 2323 5298 ipsi,
2358 5226 2492 5296 etc.)
2522 5224 2608 5280 vel
2640 5224 2841 5296 populi
2872 5240 2998 5294 quas
3045 5240 3144 5293 pro
3175 5223 3365 5277 salute
3396 5236 3596 5276 eorum

1953 5317 2182 5373 decreta
2213 5321 2369 5387 sunt,
2403 5319 2683 5373 excusent
2714 5330 2776 5370 se
2807 5313 3187 5385 postmodum
3218 5311 3540 5381 ignorasse.

1950 5416 2083 5470 CAP.
2115 5416 2240 5469 251.
2273 5446 2343 5457 —
2387 5416 2536 5486 Quod
2583 5413 2735 5486 nulli
2772 5411 3112 5486 sacerdotum
3162 5409 3328 5465 liceat
3359 5421 3596 5486 canones

2020 5488 2302 5612 quqoz'largl.)
2322 5478 2424 5612 E3x'
2441 5485 2672 5612 qqistola
2705 5482 2983 5539 Cwlestini
2997 5495 3181 5553 papae,
3207 5497 3324 5550 cap.
3358 5479 3426 5531 20
3459 5478 3594 5549 (Ca:-

2041 5573 2138 5612 est.
2173 5575 2212 5619 1,
2240 5574 2321 5627 ep.
2354 5573 2407 5619 δ,
2443 5573 2515 5627 1).

2017 5646 2177 5713 (Dist.
2209 5648 2297 5715 38,
2332 5664 2448 5715 cap.
2480 5644 2632 5698 Nulli
2662 5641 3043 5711 sacerdotum).
3076 5640 3428 5696 leestinus
3464 5638 3589 5696 uni-
