3960 6072
397 297 502 353 499

1485 292 1556 341 D.
1595 286 1834 340 IVONIS
1870 279 2370 337 CARNOTENSIS
2407 276 2723 332 EPISCOPI

3706 273 3817 328 5ὀο

390 420 578 476 versis
607 418 897 492 episcopis
927 432 1029 489 per
1057 413 1325 486 Apuliam
1357 415 1415 467 et
1460 408 1789 465 Calabriam
1822 403 2038 461 consti-
2069 405 2117 471 Α
2156 401 2540 492 Dominicam,
2568 399 2628 492 id
2663 402 2750 492 est
2781 397 2849 492 ad
2899 395 3272 492 collationem
3305 396 3816 492 verbi_sub-occa-

395 509 563 566 tutis.
597 507 756 565 Nulli
787 505 1072 562 sacerdoti
1104 503 1277 558 liceat
1305 516 1444 556 suos
1467 513 1720 554 canones
1750 496 2039 567 ignorare,

400 615 506 654 nec
537 597 860 669 quidquam
891 596 1096 660 facere,
1131 591 1285 662 quod
1334 590 1570 644 Patrum
1607 584 1791 658 possit
1823 581 2041 652 regulis

399 687 654 743 obviare.
689 687 818 749 Quae
850 685 1003 738 enim
1036 699 1069 736 a
1101 679 1268 734 nobis
1300 695 1392 732 res
1418 677 1592 749 digne
1621 674 1968 734 servabitur,
1993 669 2042 724 si

401 776 778 833 decretalium
822 788 1030 827 norma
1073 769 1523 825 constitutorum
1559 782 1660 837 pro
1711 762 2040 833 aliquorum

401 866 568 921 libitu
602 862 838 918 licentia
867 858 1098 931 populis
1129 856 1417 928 permissa
1451 853 1796 926 frangatur?

397 973 530 1027 CAP.
562 971 685 1023 252.
719 999 785 1009 —
818 969 881 1023 Ut
915 965 1239 1037 presbyteri,
1273 962 1486 1035 quando
1535 961 1607 1015 ad
1638 961 1918 1037 collectam
1952 972 2041 1037 ue-

467 1043 650 1109 niunt,
680 1029 995 1092 minime'se
1021 1029 1304 1092 inebriare
1329 1037 1684 1106 praesumant.
1705 1033 1786 1085 Ex
1813 1029 2044 1084 concilio

468 1112 826 1177 Nannetensi,
856 1126 982 1180 cap.
1017 1110 1100 1162 10.

464 1200 626 1271 (Dist.
663 1199 750 1268 44,
784 1214 906 1266 cap.
957 1197 1155 1253 Nullus
1200 1191 1684 1266 presbyterorum).
1739 1189 1810 1246 Ut
1845 1187 2044 1244 nullus

396 1289 869 1360 presbyterorum
900 1285 1135 1356 quando
1159 1285 1230 1339 ad
1255 1282 1716 1338 anniversarium
1738 1280 1890 1334 diem
1913 1295 2041 1333 xxx.

396 1382 497 1432 aut
523 1393 623 1431 vn.
656 1375 741 1430 vel
766 1392 851 1430 ιιι.
874 1374 1126 1444 alicujus
1148 1372 1431 1436 defuncti,
1451 1375 1554 1425 aut
1577 1383 1924 1440 quacunque
1948 1383 2043 1422 vo-

395 1466 623 1522 catione
654 1465 723 1521 ad
757 1463 1059 1519 collectam
1085 1461 1404 1533 presbyteri
1427 1458 1822 1524 convenerint,
1846 1473 1907 1511 se
1928 1456 2046 1510 ine-

399 1555 584 1611 briare
613 1552 947 1609 nullatenus
977 1555 1314 1623 pressumat,
1334 1565 1438 1604 nec
1470 1551 1738 1618 precatus
1767 1546 1826 1600 in
1850 1561 2046 1600 amore

397 1649 760 1712 sanctorum,
792 1640 879 1696 vel
906 1640 1112 1712 lipsius
1144 1638 1375 1708 animae,
1419 1637 1636 1703 bibere,
1665 1640 1767 1690 aut
1796 1634 1941 1690 alios
1973 1635 2043 1688 ad

397 1731 717 1787 bibendum
747 1745 974 1802 cogere,
997 1728 1084 1784 vel
1117 1745 1180 1784 se
1201 1728 1394 1782 aliena
1418 1725 1750 1797 precatione
1781 1722 2044 1794 ingurgi-

397 1827 542 1891 tare,
577 1837 680 1876 nec
711 1819 954 1891 plausus
979 1823 1036 1873 et
1059 1817 1210 1873 risus
1243 1815 1577 1872 inconditos
1600 1819 1656 1868 et
1679 1813 1904 1868 fabulas
1926 1813 2048 1867 ina-

396 1925 500 1967 nes
530 1909 611 1964 ibi
644 1909 857 1964 referre
888 1912 988 1963 aut
1018 1910 1252 1962 cantare
1277 1907 1611 1976 praesumat,
1634 1901 1720 1958 vel
1752 1902 2049 1973 turpiajo-

394 2015 481 2065 ca,
515 1998 603 2053 vel
638 2013 796 2062 urso,
838 1995 926 2051 vel
956 1994 1373 2050 tornatricibus
1421 1997 1554 2047 ante
1605 2008 1668 2047 se
1701 1992 1887 2046 facere
1919 2007 2047 2061 per-

395 2087 592 2142 mittat
625 2085 768 2152 [fieri
804 2083 1106 2157 patiatur].
1138 2083 1261 2154 _Nec
1311 2081 1503 2138 larvas
1549 2081 1879 2135 daemonum
1913 2083 2048 2134 ante

394 2194 455 2232 se
488 2176 622 2231 ferri
671 2173 1029 2243 consentiat,
1058 2173 1197 2245 quia
1246 2171 1356 2226 hoc
1387 2169 1741 2226 diabolicum
1790 2173 1900 2238 est,
1934 2172 1990 2223 et
2014 2184 2048 2223 a

394 2266 579 2322 sacris
609 2263 935 2320 canonibus
970 2261 1354 2336 prohibitum.

395 2374 528 2429 CAP.
561 2372 692 2430 253.
721 2402 790 2411 —
817 2372 988 2439 Quam
1019 2369 1276 2439 religiose
1303 2370 1363 2422 in
1385 2367 1630 2422 convivio
1657 2381 1716 2421 se
1740 2365 2050 2437 presbyteri

536 2445 736 2500 habere
767 2443 1015 2498 debeant.
1050 2442 1131 2495 Ex
1158 2442 1344 2496 eodem
1372 2442 1627 2507 concilio,
1659 2455 1780 2508 cap.
1818 2439 1902 2492 11.

466 2534 625 2606 (Dist.
670 2533 760 2602 44,
793 2549 911 2604 cap.
963 2529 1192 2601 Quando
1240 2527 1507 2599 veniunt).
1559 2527 1800 2592 Quando
1850 2530 2042 2581 autem

396 2622 771 2679 convenerint
799 2621 1119 2693 presbyteri
1153 2620 1225 2674 ad
1258 2618 1492 2689 aliquod
1515 2615 1864 2681 convivium,
1891 2615 2050 2687 prior

395 2711 632 2767 illorum
665 2726 897 2766 versum
922 2715 1056 2764 ante
1073 2724 1331 2762 mensam
1364 2703 1626 2776 incipiat,
1648 2709 1704 2758 ct
1724 2705 1918 2759 cibum
1945 2704 2046 2758 be-

395 2801 646 2866 nedicat,
680 2803 738 2853 et
768 2803 909 2852 tunc
937 2798 1257 2852 secundum
1305 2796 1569 2850 ordinem
1605 2794 1868 2860 sedeant,
1901 2792 2048 2846 alter

393 2888 559 2943 alteri
589 2887 868 2942 honorem
902 2885 1245 2956 praebentes,
1269 2887 1326 2938 et
1347 2899 1448 2954 per
1471 2882 1626 2936 vices
1647 2881 1843 2935 cibum
1869 2886 1923 2935 et
1945 2897 2044 2950 po-

391 2981 516 3030 tum
552 2974 922 3038 benedicant,
956 2976 1013 3027 et
1043 2971 1256 3042 aliquis
1305 2972 1376 3025 de
1407 2970 1644 3025 illorum
1675 2967 1903 3022 clericis
1933 2969 2043 3022 ali-

393 3064 532 3134 quid
562 3063 633 3118 de
661 3067 867 3118 sancta
890 3061 1192 3130 Scriptura
1212 3059 1386 3130 legat.
1413 3059 1481 3112 Et
1506 3062 1636 3129 post
1667 3057 2039 3112 refectionem

393 3151 666 3207 similiter
694 3155 960 3206 sanctum
1011 3148 1295 3219 hymnum
1346 3146 1563 3213 dicant,
1605 3147 1672 3199 ad
1709 3149 2036 3217 exemplum
2071 3141 2114 3208 C

394 3239 646 3310 Domini,
681 3239 834 3294 sicut
861 3239 919 3292 in
950 3253 1113 3292 cmna
1144 3236 1350 3291 fecisse
1382 3234 1596 3306 legitur
1625 3235 1829 3304 (Matth.
1863 3253 1989 3290 xxvi
2020 3255 2033 3304 ;

394 3334 566 3388 Marc.
598 3329 751 3399 xxv);
785 3332 843 3383 et
872 3326 957 3383 sic
988 3325 1328 3382 contineant
1371 3339 1436 3380 se
1481 3339 1684 3378 omnes
1717 3323 2037 3396 presbyteri

394 3418 647 3474 maxime
673 3417 732 3472 in
766 3415 985 3472 talibus
1022 3413 1186 3484 locis,
1221 3418 1286 3469 ut
1329 3429 1445 3468 non
1478 3413 1833 3484 vituperetur
1861 3413 2036 3469 mini-

393 3507 641 3564 sterium
675 3504 928 3560 illorum.

496 3612 632 3668 CAP.
661 3613 787 3667 254.
825 3643 889 3652 ——
919 3612 990 3666 De
1017 3611 1214 3666 eadem
1236 3627 1319 3676 re,
1343 3612 1423 3664 Ex
1452 3611 1653 3681 eodem,
1682 3627 1800 3681 cap.
1835 3611 1924 3666 i2.

457 3711 842 3782 Summopere
871 3710 1046 3766 etiam
1079 3710 1330 3780 quisque
1375 3709 1676 3780 presbyter
1706 3714 1918 3780 caveat,
1953 3710 2032 3764 si-

386 3805 486 3855 cut
515 3801 585 3855 de
617 3803 772 3855 statu
804 3816 912 3854 suo
951 3799 1078 3853 vult
1119 3799 1392 3870 gaudere,
1425 3805 1488 3852 ut
1537 3814 1651 3852 non
1684 3815 2034 3870 quacunque

385 3888 690 3944 occasione
723 3891 946 3960 patrem
997 3903 1174 3941 suum
1225 3891 1326 3940 aut
1370 3885 1552 3940 alium
1603 3886 1922 3956 quemlibet
1961 3888 2028 3941 ad

385 3978 529 4033 iram
559 3983 614 4033 et
643 3978 715 4032 ad
750 3977 955 4046 rixam,
981 3973 1402 4046 quantominus
1433 3975 1504 4028 ad
1539 3990 1816 4044 pugnam,
1844 3976 1930 4031 vel
1959 3978 2030 4030 ad

382 4068 595 4122 eaedem
625 4066 826 4138 aliquo
856 4064 1029 4121 verbo
1069 4063 1256 4119 irritet
1287 4079 1387 4118 seu
1423 4068 1711 4134 provocet,
1746 4079 1851 4118 nec
1898 4081 2031 4135 pro-

381 4162 622 4212 vocatus
652 4157 723 4211 ad
756 4155 879 4210 haec
909 4154 1226 4226 quisquam
1249 4151 1534 4224 prosiliat,
1560 4152 1699 4222 quia
1731 4152 1790 4206 in
1816 4153 2032 4208 talibus

383 4245 910 4302 comessationibus
961 4248 1018 4299 et
1066 4242 1470 4316 potationibus
1529 4257 1761 4313 semper
1807 4257 1869 4298 se
1925 4242 2033 4298 im-

385 4333 594 4389 miscet
622 4333 914 4388 diabolus.

423 4443 556 4495 CAP.
585 4438 710 4492 255.
738 4469 806 4478 -—-
836 4438 969 4493 Item
997 4437 1060 4494 de
1087 4437 1285 4494 eadem
1313 4454 1391 4494 re.
1423 4440 1507 4493 Ea:
1536 4437 1717 4494 eodem
1746 4454 1871 4510 cap.
1910 4440 1994 4494 13.

453 4535 612 4605 (Dist.
645 4535 734 4600 44,
765 4552 885 4607 cap.
919 4535 1144 4604 Quando
1191 4535 1548 4606 presbyteri).
1601 4507 1843 4599 Quando
1874 4552 2036 4607 pres-
2068 4507 2114 4571 Β

381 4623 565 4695 byteri
598 4639 698 4693 per
727 4623 1022 4680 Kalendas
1059 4624 1240 4680 simul
1293 4625 1651 4680 conveniunt
1683 4629 1813 4694 post
1846 4641 2042 4695 perac-

381 4721 504 4767 tum
534 4712 797 4768 divinum
828 4713 1231 4769 ministerium
1266 4713 1660 4784 [mysterium]
1687 4713 1753 4766 ad
1783 4728 2044 4768 necessa‘

383 4801 531 4856 riam
554 4799 1071 4871 collationem,non
1098 4802 1265 4872 quasi
1289 4802 1358 4856 ad
1391 4801 1621 4872 plenam
1647 4801 2041 4872 refectionem,

385 4906 448 4944 se
480 4905 626 4960 quas
657 4891 724 4944 ad
762 4891 1075 4960 prandium
1121 4889 1201 4944 ibi
1257 4890 1328 4944 ad
1362 4889 1590 4944 tabulas
1622 4889 1935 4957 resideant,
1969 4907 2040 4945 ne

384 4994 488 5049 per
515 4977 654 5033 talia
701 4978 1018 5033 inhonesta
1066 4977 1328 5034 convivia
1377 4994 1439 5032 se
1493 4979 1737 5033 invicem
1777 4984 2038 5048 gravent,

384 5067 523 5139 quia
551 5067 829 5123 indecens
849 5072 1010 5123 estet
1031 5084 1365 5123 onerosum.
1393 5068 1552 5138 Saepe
1577 5069 1752 5123 etiam
1783 5069 1944 5124 tarde
1965 5071 2034 5124 ad

383 5156 688 5212 ecclesiam
725 5156 1040 5211 redeuntes
1074 5157 1267 5227 majus
1302 5156 1584 5210 damnum
1616 5157 1686 5211 de
1723 5157 2034 5226 reprehen-

383 5245 547 5301 sione
578 5244 960 5316 conquirunt,
1013 5245 1186 5316 (quod
1222 5243 1324 5314 [et]
1355 5245 1424 5298 de
1473 5244 1787 5314 gravedine
1831 5249 2037 5300 mutua

382 5333 766 5404 contrahunt)
798 5349 976 5404 quam
1007 5333 1236 5387 lucrum
1270 5332 1351 5386 ibi
1383 5331 1620 5387 faciant.
1654 5332 1798 5386 Nam
1829 5332 1900 5386 de
1925 5331 2034 5387 hu-

374 5424 639 5493 jusmodi
670 5426 958 5479 conventu
1007 5419 1225 5476 Paulus
1274 5419 1607 5476 Corinthios
1635 5419 2030 5491 reprehendit,

385 5511 486 5582 qui
518 5511 993 5568 inconvenienter
1025 5526 1246 5566 ccenam
1279 5507 1645 5566 Dominicam
1679 5508 2033 5565 manducare

384 5599 807 5657 conveniebant
863 5601 906 5671 (ι
956 5599 1078 5656 Cor.
1109 5604 1195 5661 ιι).
1249 5600 1341 5655 Sic
1389 5604 1446 5656 et
1493 5599 1634 5670 quid
1681 5599 1753 5655 ad
1804 5615 2029 5656 caenam

2151 490 2316 546 sione
2341 488 2718 554 conveniunt,
2749 490 2806 540 et
2838 503 2904 540 ex
2935 483 3313 557 ingluvietate
3343 483 3628 557 [veritate]
3659 501 3808 541 ven-

2152 579 2256 634 tris
2309 594 2506 644 causa,
2552 576 3018 645 coniunguntur,
3067 573 3556 644 reprehensibiles
3605 591 3815 630 coram

2155 669 2265 722 Deo
2295 671 2351 722 et
2381 664 2726 720 hominibus
2746 662 3057 717 habentur.
3088 661 3304 716 Etideo
3329 661 3578 733 peractis
3610 664 3814 718 omni-

2149 756 2284 823 bus,
2318 754 2418 826 qui
2449 752 2762 821 voluerint,
2797 767 3008 823 panem
3040 766 3172 805 cum
3223 749 3508 806 cbaritate
3538 751 3598 806 in
3632 753 3814 808 domo

2153 843 2350 898 fratris
2383 841 2472 898 sui
2504 839 2685 896 simul
2717 856 2848 894 cum
2883 839 3159 893 fratribus
3189 837 3557 910 frangant,et
3589 841 3814 912 singuli

2152 931 2418 1003 singulos
2451 931 2650 984 bibere
2700 927 2934 994 faciant,
2968 927 3221 982 maxime
3251 933 3315 982 ut
3367 927 3520 983 ultra
3572 930 3815 984 tertiam

2149 1022 2333 1075 vicem
2366 1019 2644 1091 poculum
2676 1034 2792 1072 non
2823 1016 3191 1088 contingant,
3213 1020 3271 1073 et
3304 1017 3390 1072 sic
3419 1019 3492 1072 ad
3529 1019 3818 1075 ecclesias

2155 1110 2414 1165 redeant.

2153 1199 2284 1254 CAP.
2318 1199 2444 1252 256.
2477 1226 2546 1236 —
2576 1198 2651 1250 Nc
2679 1195 2870 1251 clerici
2886 1210 2988 1250 nec
3020 1195 3270 1262 religiosi
3291 1195 3424 1250 laici
3450 1199 3586 1250 ante
3617 1195 3822 1252 horam

2222 1272 2447 1396 ternuit;
2473 1269 2728 1323 convivia
2756 1269 2966 1322 ineant.
2990 1268 3074 1321 Ex
3099 1268 3329 1323 concilio
3361 1267 3822 1340 Carthaginensi,

2223 1357 2344 1396 can.
2455 1382 2468 1395 .

2289 1357 2344 1411 p.
2383 1357 2468 1396 re.

2224 1428 2350 1483 Non
2383 1432 2610 1500 oportet
2642 1427 2882 1482 clericos
2913 1425 2999 1482 vel
3024 1425 3204 1482 laicos
3226 1425 3528 1499 religiosos
3559 1431 3699 1484 ante
3723 1445 3820 1484 sa-

2154 1533 2311 1572 cram
2345 1516 2551 1573 boram
2583 1515 2697 1572 diei
2728 1516 2960 1570 tertiam
2993 1514 3144 1571 inire
3175 1515 3459 1584 convivia,
3493 1533 3684 1589 neque
3708 1517 3820 1572 ali-

2155 1607 2391 1678 quando
2421 1605 2662 1662 clericos
2702 1604 2818 1660 nisi
2849 1605 3068 1676 hymno
3119 1605 3274 1661 dicto
3307 1605 3561 1661 ecclesiae
3598 1623 3817 1678 panem

2155 1712 2411 1765 sumere,
2469 1699 2524 1750 et
2572 1699 2704 1766 post
2753 1695 2948 1749 cibum
3009 1693 3228 1766 gratias
3279 1696 3499 1750 auctori
3549 1695 3664 1752 Deo
3727 1713 3818 1751 re-

2081 1777 2125 1840 Β
2160 1785 2325 1840 ferre.

2156 1873 2284 1930 CAP.
2315 1873 2443 1928 257.
2475 1903 2542 1913 —
2577 1873 2640 1929 Ut
2667 1873 2976 1943 presbyteri
3018 1874 3312 1944 hospitales
3341 1880 3479 1929 sint.
3512 1875 3600 1930 Ea:
3631 1877 3823 1930 conci-

2632 1945 2705 1999 lio
2733 1945 3098 2010 Nannetensi,
3129 1961 3249 2016 cap.
3283 1946 3336 1998 3.

2227 2032 2295 2088 Ut
2335 2049 2537 2088 curam
2590 2032 2912 2103 hospitum,
2963 2034 3213 2088 maxime
3263 2050 3587 2106 pauperum
3643 2040 3825 2107 atque

2156 2119 2458 2186 debilium,
2479 2119 2876 2191 orphanorum
2901 2136 3136 2192 quoque
3162 2125 3339 2192 atque
3369 2121 3823 2194 peregrinorum

2155 2208 2368 2264 habeat
2399 2209 2705 2280 presbyter
2738 2226 2750 2264 :
2784 2209 2893 2264 hos
2925 2225 3156 2280 quoque
3186 2210 3255 2264 ad
3289 2209 3604 2280 prandium
3637 2227 3820 2266 suum

2155 2298 2416 2370 quotidie
2437 2298 2608 2368 juxta
2640 2297 3098 2370 possibilitatem
3146 2302 3441 2368 convocet,
3475 2300 3681 2372 eisque
3711 2300 3820 2356 ho-

2158 2386 2405 2458 spitium
2436 2387 2680 2441 tribuat.

2155 2485 2288 2540 CAP.
2321 2484 2448 2538 258.
2479 2515 2550 2524 -——
2579 2485 2651 2539 De
2679 2484 2873 2539 eadem
2900 2499 2982 2539 re.
3017 2485 3100 2538 Ex
3130 2483 3314 2539 eodem
3337 2485 3573 2540 concilio
3601 2501 3728 2556 cap.
3760 2487 3818 2540 5.

2229 2573 2300 2628 Ut
2323 2577 2522 2628 autem
2555 2573 2750 2628 omnis
2772 2573 2990 2644 rapinae
3009 2573 3252 2628 tollatur
3268 2573 3823 2646 occasio,(volumus

2157 2665 2222 2714 ut
2255 2661 2574 2732 presbyteri
2607 2661 2708 2731 qui
2742 2663 2960 2716 bonum
2984 2661 3318 2733 exemplum
3351 2661 3658 2717 charitatis
3682 2679 3818 2718 om-

2157 2747 2331 2804 nibus
2363 2750 2674 2804 ostendere
2708 2749 2944 2819 debent,
2995 2749 3339 2821 hospitales,
3371 2750 3626 2806 existant
3647 2751 3830 2820 juxta

2155 2837 2524 2893 Dominicum
2552 2843 2607 2893 et
2630 2838 3020 2910 apostolicum
3044 2844 3424 2910 praeceptum,
3450 2847 3511 2894 ut
3533 2839 3815 2895 humani-

2153 2930 2333 2981 tatem
2363 2927 2660 2997 prtsbeant
2689 2926 2799 2983 iter
2829 2927 3198 2994 facientibus,
3234 2928 3371 2998 quia
3417 2944 3520 2994 per
3548 2929 3819 3001 hospita-

2152 3011 2378 3069 litatem
2410 3015 2758 3086 placuerunt
2779 3015 3018 3086 quidam
3042 3015 3157 3072 Deo
3188 3016 3415 3089 angelis
3439 3017 3700 3090 hospitio
3725 3035 3817 3075 re-

2155 3104 2337 3176 ceptis
2368 3107 2550 3176 (Hebr.
2582 3106 2732 3176 xm).
2791 3107 2860 3161 Et
2909 3107 3194 3162 Dominus
3244 3106 3304 3163 in
3336 3107 3429 3164 die
3469 3109 3684 3178 judicii
3732 3109 3822 3164 di-

2153 3198 2360 3248 cturus
2393 3199 2481 3249 est
2529 3193 2772 3250 electis:
2807 3199 3023 3266 Hospes
3073 3212 3228 3251 eram
3274 3206 3326 3252 et
3371 3200 3692 3267 suscepistis
3730 3215 3822 3252 me

2151 3282 2362 3353 (Matth.
2401 3285 2550 3347 xxv).
2601 3288 2668 3338 Et
2716 3284 2826 3339 Job
2879 3283 3063 3340 dicit:
3103 3286 3311 3341 Ostium
3362 3303 3545 3343 meum
3599 3303 3820 3359 semper

2152 3374 2360 3427 viatori
2385 3375 2564 3444 patuit
2593 3373 2708 3440 (Job
2741 3373 2912 3443 xxx1).

2151 3461 2284 3518 CAP.
2317 3463 2440 3516 259.
2471 3491 2542 3501 —
2576 3461 2900 3535 Deheodem.
2951 3465 3045 3535 Ex
3091 3463 3325 3519 concilio
3355 3463 3502 3535 apud
3532 3465 3815 3520 Arvernos

2570 3532 2921 3603 (adjungitur
2951 3533 3081 3588 huic
3109 3535 3388 3606 concilio).

2226 3621 2449 3677 Placuit
2479 3624 2540 3676 ut
2571 3621 2891 3692 presbyteri
2927 3639 3065 3677 suas
3098 3622 3296 3694 plebes
3329 3624 3709 3694 admoneant,
3745 3629 3812 3680 ut

2152 3710 2264 3781 ipsi
2288 3709 2608 3782 hospitales
2629 3711 2766 3780 sint,
2791 3715 2850 3766 et
2873 3709 3020 3765 nulli
3042 3711 3154 3766 iter
3175 3711 3410 3767 facienti
3436 3713 3815 3768 mansionem

2152 3800 2460 3869 denegent.
2486 3803 2551 3853 Et
2570 3802 2633 3854 ut
2663 3799 2856 3854 omnis
2876 3799 3091 3870 rapina
3110 3800 3339 3856 occasio
3370 3799 3634 3871 tollatur,
3661 3801 3816 3856 nihil

2150 3889 2342 3944 carius
2359 3889 2612 3943 vendant
2627 3890 3073 3945 transeuntibus
3095 3890 3206 3946 nisi
3230 3897 3519 3962 quantum
3540 3893 3815 3964 [quanto]

2152 3977 2208 4031 in
2242 3983 2496 4032 mercato
2527 3978 2775 4034 vendere
2805 3979 3054 4050 possint.
3076 3981 3239 4048 Quod
3263 3981 3314 4036 si
3338 3981 3532 4036 carius
3561 3981 3820 4037 vendere

2150 4066 2461 4128 voluerint,
2515 4067 2586 4122 ad
2641 4067 3048 4138 presbyterum
3097 4074 3471 4124 transeuntes
3517 4069 3629 4124 hoc
3658 4071 3811 4126 refe-

2149 4159 2302 4223 rant,
2335 4159 2392 4210 et
2420 4155 2578 4210 illius
2602 4157 2778 4225 jussu
2820 4172 2954 4211 cum
2995 4155 3362 4212 humanitate
3400 4158 3484 4213 eis
3527 4159 3811 4216 vendant.

2148 4244 2282 4298 CAP.
2313 4245 2440 4298 260.
2473 4273 2541 4282 —
2575 4245 2637 4300 Ut
2680 4243 2815 4298 cibis
2862 4245 3205 4300 sacerdotum
3251 4261 3468 4316 semper
3493 4246 3689 4302 divina
3723 4249 3806 4302 1e-

2219 4316 2324 4440 ;tip
2352 4316 2786 4456 misceatur7.)Ea:
2813 4316 3045 4372 concilio
3094 4317 3376 4388 Africano,
3416 4334 3537 4387 cap.
3568 4319 3602 4370 7
3636 4321 3812 4389 (conc.

2256 4403 2284 4441 ο
2314 4429 2326 4441 .
2363 4403 2448 4456 ιιι,
2479 4403 2600 4458 cap.
2701 4429 2712 4442 .

2314 4429 2326 4441 .
2363 4427 2448 4456 ...,
2479 4427 2600 4456 νην.
2644 4427 2712 4456 .,.

2219 4473 2393 4544 (Dist.
2425 4475 2512 4543 44,
2545 4491 2591 4530 c.
2628 4479 2735 4530 Pro
2778 4476 3135 4544 reverentia).
3190 4481 3294 4534 Pro
3349 4478 3674 4533 reverentia
3710 4481 3814 4534 Dei

2151 4565 2207 4618 et
2235 4563 2628 4630 sacerdotum,
2660 4563 2717 4618 id
2749 4564 3022 4619 universa
3045 4570 3250 4620 sancta
3279 4566 3541 4638 synodus
3572 4569 3815 4639 statuit,

2150 4655 2214 4704 ut
2245 4649 2383 4721 quia
2413 4651 2601 4706 solent
2631 4651 2831 4708 crebro
2881 4653 3102 4708 mensis
3135 4653 3332 4709 otiosas
3380 4654 3589 4709 fabulas
3624 4654 3815 4711 inter-

2150 4739 2308 4811 poni,
2341 4740 2399 4794 in
2423 4741 2582 4795 omni
2605 4741 2954 4796 sacerdotali
2979 4742 3239 4798 convivio
3261 4741 3435 4798 lectio
3468 4743 3811 4801 divinarum

2149 4828 2585 4900 Scripturarum
2628 4829 2965 4886 misceatur.
3008 4835 3108 4885 Per
3157 4831 3267 4885 hoc
3303 4831 3456 4886 enim
3506 4837 3562 4887 et
3594 4832 3810 4888 anima:

2147 4919 2512 4974 aedificantur
2541 4920 2609 4973 ad
2646 4919 2884 4986 bonum,
2919 4925 2977 4976 et
3019 4919 3227 4976 fabulae
3263 4922 3398 4991 [non
3431 4925 3807 4993 necessariae,

2147 5008 2309 5078 orig.]
2341 5007 2628 5063 recenseri
2660 5009 3022 5079 prohibetur.

2147 5096 2281 5152 CAP.
2312 5097 2438 5151 261.
2471 5127 2540 5136 ——-
2572 5097 2642 5150 De
2671 5097 2887 5150 clericis
2917 5098 3063 5151 inter
3091 5097 3278 5167 epulas
3307 5099 3691 5156 cantantibus.
3725 5101 3810 5155 Ex

2479 5169 2714 5223 concilio
2745 5168 3190 5237 Carthaginensi,
3221 5185 3340 5239 cap.
3373 5170 3464 5224 62.

2212 5256 2324 5327 (22,
2356 5272 2407 5325 q.
2445 5256 2494 5321 1,
2527 5271 2652 5324 cap.
2684 5254 3000 5326 Clericum).
3023 5255 3230 5312 Clerici
3260 5257 3413 5314 inter
3435 5258 3644 5330 epulas
3664 5275 3807 5315 can-

2143 5347 2334 5398 tantes
2364 5344 2436 5398 ab
2467 5343 2657 5398 officio
2687 5343 3036 5400 detrahendi
3067 5349 3226 5400 sunt.

2142 5439 2279 5495 CAP.
2470 5439 2643 5520 -—MDe
2669 5438 2898 5496 clericis
2947 5441 3312 5520 scurrilibus_._
3348 5444 3431 5520 Eg:
3456 5444 3650 5520 eodem
3680 5462 3804 5520 cap.

2308 5511 2378 5563 80
2407 5513 2654 5580 (ponitur
2678 5521 2795 5584 post
2824 5513 3121 5570 concilium
3154 5513 3346 5571 Carth.
3377 5516 3432 5584 3,
3463 5532 3511 5571 c.
3546 5517 3624 5585 4).

2211 5598 2367 5669 (Dist.
2430 5599 2518 5668 46,
2570 5615 2694 5670 cap.
2750 5601 3072 5674 Clericum).
3125 5602 3186 5660 Si
3233 5605 3362 5674 quis
3409 5602 3659 5662 clericus
3705 5611 3812 5664 aut
