3994 6052
205 285 311 339 501

1285 282 1593 334 DECRETI
1632 275 1817 331 PARS
1851 272 1948 325 VI.
1982 297 2051 308 -—
2086 270 2182 321 DE
2219 265 2563 320 CLERICIS.

3519 257 3630 313 502

211 412 538 468 monachus
569 409 862 480 scurrilia,
889 409 1198 480 jocularia,
1229 409 1534 479 risumque
1565 401 1858 460 moventia
1887 398 1941 465 Α
1974 394 2073 466 qui
2108 395 2438 459 accusatur,
2460 388 2549 444 vel
2581 391 2682 444 aut
2710 386 2989 459 recipitur
3011 385 3113 458 qui
3162 384 3631 442 excommunica-

211 503 392 557 verba
419 500 704 572 loquitur,
738 498 1017 555 acerrime
1046 498 1419 569 corripiatur.

283 609 418 664 CAP.
449 608 576 663 263.
609 638 677 647 -—
708 608 782 661 De
809 604 1093 661 eademre.
1130 606 1223 659 Ex
1255 604 1514 672 Carthag.
1550 619 1666 674 cap.
1699 601 1789 654 60.

278 697 528 753 Clericos
558 695 836 752 scurriles
856 700 913 751 et
932 694 1123 750 verbis
1146 693 1420 767 turpibus
1442 692 1861 767 jocundatores

207 787 279 843 ab
311 786 503 843 ofﬁcio
533 784 949 842 detrahendos.

202 878 340 933 CAP.
370 877 496 931 264.
530 906 598 916 -—
633 876 695 933 Ut
712 875 942 931 clericus
970 873 1260 999 ﬁdeégssar
1287 888 1396 928 non
1441 872 1530 928 sit.
1566 874 1640 925 De
1669 867 1862 924 eodem

915 962 1035 999 can.
1144 987 1156 999 .

915 962 1035 1017 cap.
1079 962 1156 999 IU.

272 1039 380 1111 (Ea:
408 1053 612 1095 canon.
647 1039 844 1110 apost.,
878 1053 925 1091 c.
944 1036 1061 1108 20.)
1080 1034 1339 1091 Clericus
1361 1029 1860 1105 ﬁdejussionibus

199 1128 524 1185 inserviens
547 1126 885 1199 abjiciatur.

200 1241 333 1295 ΟΑΡ.
361 1237 491 1293 265.
523 1267 591 1278 —-
620 1237 705 1291 Ne
732 1232 970 1289 clericus
992 1248 1205 1289 comam
1234 1233 1320 1288 vel
1352 1232 1580 1288 barbam
1621 1229 1857 1285 nutriat.

735 1308 819 1363 Ex
858 1304 1047 1362 eodem
1076 1321 1201 1376 cap.
1236 1304 1325 1359 44.

274 1398 534 1455 Clericus
565 1411 669 1453 nec
698 1410 923 1451 comam
957 1409 1063 1449 nec
1093 1392 1332 1449 barbam
1367 1391 1606 1447 nutriat.

202 1508 335 1564 οη).
381 1507 508 1562 266.
549 1534 618 1547 -
668 1506 745 1560 Ne
787 1504 1021 1559 clericus
1068 1518 1167 1573 per
1208 1505 1524 1557 creaturam
1556 1500 1730 1571 juret.
1777 1498 1861 1552 Ea:

794 1576 993 1631 eadem
1020 1591 1145 1644 cap.
1180 1575 1271 1629 71.

279 1668 392 1735 (22,
423 1684 475 1738 q.
505 1667 551 1735 t,
593 1682 641 1720 c.
687 1664 1008 1737 Clericum.)
1053 1662 1336 1718 Clericum
1381 1678 1485 1731 per
1532 1665 1858 1716 creaturam

190 1758 498 1828 jurantem
526 1755 807 1811 acerrime
838 1754 1277 1825 objurgandum
1305 1771 1318 1821 ;
1354 1751 1404 1807 si
1450 1748 1772 1822 perstiterit
1800 1747 1858 1803 in
1891 1766 1938 1831 B

197 1847 363 1913 vitio,
397 1844 1025 1902 excomminicandum.

201 1936 336 1993 CAP.
388 1936 516 1990 267.
576 1964 647 1975 —-
704 1938 786 1989 De
846 1932 1071 1988 clericis
1146 1929 1551 1986 adulatoribus.
1623 1931 1706 1985 Ea:
1772 1944 1861 1984 co-

834 2004 956 2060 dem
995 2019 1115 2073 cap.
1149 2002 1239 2056 56.

269 2097 431 2169 (Dist.
461 2095 553 2163 46,
586 2111 635 2151 c.
666 2093 912 2150 Clericus
951 2092 1049 2163 qui
1093 2089 1555 2162 adulationibus.)
1603 2088 1862 2147 Clericus

202 2183 764 2260 quiadulationibus
786 2186 842 2237 et
865 2179 1300 2253 proditionibus
1323 2195 1529 2235 vacare
1548 2179 1865 2250 deprehen-

202 2275 384 2342 ditur,
418 2273 772 2346 degradetur
798 2271 871 2327 ab
903 2269 1115 2326 ofﬁcio.

202 2377 333 2429 Cm.
362 2371 493 2425 268.
517 2400 587 2410 -—
616 2370 692 2425 Ne
718 2369 843 2439 quis
872 2384 942 2424 ex
970 2368 1113 2423 clero
1163 2367 1284 2439 sine
1325 2381 1596 2439 consensu
1631 2362 1867 2439 episcopi

270 2443 342 2499 ad
371 2435 763 2510 imperatorem
791 2441 1200 2513 querimoniam
1235 2438 1465 2509 deferat.
1510 2438 1592 2493 Ea:
1632 2435 1866 2493 concilio

276 2513 628 2582 Antiocheno,
659 2529 785 2581 cap.
823 2513 907 2566 11.

278 2603 391 2672 (23.
424 2618 473 2674 q.
507 2603 563 2667 8,
595 2619 643 2657 ε.
674 2600 737 2657 Si
768 2600 889 2672 quis
930 2600 1255 2671 episcopus.)
1297 2597 1354 2653 Si
1404 2597 1503 2670 qui
1552 2596 1865 2668 episcopus

207 2698 310 2749 aut
339 2692 666 2765 presbyter,
702 2695 805 2746 aut
836 2688 1084 2761 quilibet
1106 2688 1317 2759 regulae
1347 2688 1648 2757 subjectus
1679 2684 1868 2741 Eccle-

203 2783 329 2846 siae,
365 2785 573 2854 praeter
603 2778 920 2835 consilium
953 2782 1010 2833 et
1036 2777 1263 2833 litteras
1296 2776 1705 2848 episcoporum
1728 2791 1859 2846 pro-

202 2871 409 2927 vincias
440 2874 498 2926 et
521 2869 814 2941 praecipue
843 2866 1278 2939 metropolitani
1290 2863 1864 2934 ,adieritimperato-

205 2977 354 3027 rem,
385 2959 544 3015 hunc
577 2956 898 3031 reprobari,
932 2958 990 3012 et
1022 2954 1195 3025 abjici
1227 2960 1488 3024 oportere
1520 2969 1636 3007 non
1668 2951 1861 3007 solum

209 3068 238 3105 a
274 3049 709 3118 communione,
740 3062 942 3102 verum
963 3048 1021 3102 et
1043 3045 1114 3100 ab
1133 3044 1352 3099 honore
1374 3043 1545 3112 cujus
1569 3041 1862 3113 particeps

203 3138 449 3194 videtur
478 3138 724 3194 existere
751 3153 763 3192 :
798 3135 937 3208 quia
964 3132 1280 3190 venerandi
1311 3130 1594 3204 principis
1625 3130 1867 3186 auribus
1898 3125 1943 3192 Ο

216 3226 551 3283 molestiam
583 3224 831 3281 tentavit
860 3223 1074 3279 inferre
1107 3224 1307 3278 contra
1338 3220 1496 3292 leges
1516 3216 1876 3275 Ecclesiae.Si

216 3316 401 3388 igitur
422 3314 581 3371 adire
616 3313 943 3386 principem
992 3310 1318 3367 necessaria
1363 3326 1542 3365 causa
1594 3307 1876 3379 deposcit,

222 3405 332 3461 hoc
367 3409 579 3477 agatur
600 3419 734 3459 cum
778 3403 1034 3457 tractatu
1066 3405 1123 3457 et
1160 3399 1404 3456 consilio
1444 3396 1877 3470 metropolitani

218 3497 278 3551 et
308 3497 651 3551 caterorum
683 3490 1089 3563 episcoporum
1125 3489 1227 3562 qui
1258 3489 1315 3543 in
1348 3488 1549 3544 eadem
1583 3485 1881 3558 provincia

229 3585 692 3646 commorantur,
726 3579 1019 3651 quietiam
1048 3578 1515 3651 proficiscentem
1542 3574 1667 3631 suis
1687 3590 1880 3647 prose-

229 3675 489 3743 quantur
516 3667 804 3742 epistolis.

228 3771 362 3824 CAP.
393 3766 521 3822 269.
551 3797 622 3806 --
655 3767 717 3823 Ut
744 3767 935 3821 nullus
956 3781 1025 3820 ex
1053 3764 1197 3819 clero
1212 3780 1268 3818 se
1287 3764 1581 3833 proclamet
1607 3762 1664 3833 iu
1678 3760 1880 3833 synodo

296 3839 412 3892 nisi
441 3839 679 3903 scriptis.
717 3842 794 3893 Ex
823 3837 1054 3893 concilio
1083 3834 1228 3905 apud
1265 3831 1517 3890 sanctum
1545 3831 1877 3905 Mcdardum.

296 3926 420 3980 cap.
448 3911 482 3963 8
509 3909 823 3981 (Sucssione
851 3910 952 3964 sub
986 3903 1159 3963 Leone
1199 3907 1287 3975 IV,
1338 3908 1522 3973 initio,
1572 3921 1690 3975 cap.
1728 3903 1879 3974 269).

296 3999 648 4055 Hincmarus
679 3997 1154 4069 archiepiscoqus
1183 4000 1499 4052 Remorum
1533 3993 1657 4048 suis
1705 4008 1882 4047 accu-

227 4088 527 4144 satoribus
553 4086 702 4143 dixit
731 4104 744 4142 :
777 4090 913 4154 Quae
937 4088 1028 4143 est
1048 4089 1242 4140 vestra
1264 4083 1488 4156 petitio,
1511 4082 1721 4138 fratres
1739 4080 1768 4135 ?
1783 4080 1883 4135 Mi-

229 4175 634 4242 sericordiam,
666 4175 965 4248 inquiunt,
1000 4174 1256 4246 petimus
1287 4171 1456 4228 nobis
1483 4188 1516 4227 a
1543 4173 1738 4226 vestra
1775 4185 1883 4241 pa-

229 4266 505 4323 ternitate
536 4266 797 4338 impendi
821 4265 893 4321 de
923 4261 1358 4319 ministratione
1400 4260 1673 4317 ordinum
1696 4257 1883 4315 eccle-

227 4354 628 4418 siasticarum,
661 4354 733 4410 ad
766 4369 916 4425 quos
946 4370 980 4408 a
1023 4350 1262 4408 domino
1303 4350 1542 4406 Ebbone
1586 4348 1882 4421 quondam

226 4442 510 4515 provecti,
530 4460 565 4498 a
591 4446 786 4498 vestra
802 4439 1152 4498 auctoritate
1170 4438 1442 4510 suspensi
1466 4453 1692 4495 sumus.
1708 4436 1883 4492 Hinc-

229 4548 432 4588 marus
453 4530 932 4604 archiepiscopus
956 4529 1136 4585 dixit:
1164 4528 1400 4585 Habetis
1421 4526 1686 4583 libellum
1705 4523 1888 4581 recla-

228 4621 511 4677 mationis
549 4619 670 4676 sive
717 4618 1135 4692 postulationis
1185 4617 1339 4673 sicut
1385 4615 1782 4673 ecclesiastica
1826 4630 1889 4670 se

228 4710 409 4767 habet
438 4709 679 4765 traditio
700 4707 728 4763 ?
757 4706 848 4764 Illi
872 4710 1070 4762 autem
1101 4706 1532 4777 responderunt
1552 4720 1615 4759 se
1636 4719 1754 4776 pra:
1771 4719 1889 4758 ma-

231 4799 410 4854 nibus
440 4796 675 4854 nullum
705 4796 923 4853 habere
954 4793 1239 4851 libellum.
1274 4792 1625 4849 Hincmarus
1663 4790 1889 4847 archie—

235 4888 516 4960 piscopus
538 4885 722 4942 dixit:
748 4884 964 4956 Legum
987 4882 1517 4939 ecclesiasticarum
1532 4879 1891 4936 consuetudo

234 4979 293 5031 et
318 4976 640 5033 auctoritas
668 4974 804 5030 talis
834 4976 944 5039 est,
977 4972 1038 5027 in
1070 4972 1263 5029 causis
1312 4975 1634 5043 gestorum,
1660 4984 1894 5039 semper

239 5064 592 5137 scripturam
615 5062 940 5136 requirant,
954 5061 1098 5117 adeo
1120 5064 1185 5116 ut
1200 5060 1301 5132 qui
1323 5061 1393 5116 ad
1413 5074 1646 5116 sacrum
1669 5058 1892 5112 fontem

238 5154 482 5221 accedit,
507 5169 683 5209 suum
716 5152 856 5207 dare
882 5155 1096 5207 nomen
1130 5148 1525 5222 praecipiatur,
1555 5152 1614 5203 et
1658 5145 1759 5217 qui
1819 5146 1891 5201 ad

236 5258 542 5299 summum
567 5239 965 5298 sacerdotium
980 5238 1340 5310 provehitur,
1362 5239 1595 5294 decreto
1617 5234 1895 5292 manibus

238 5330 507 5388 omnium
543 5328 813 5385 roborato
845 5326 1106 5400 eligitur.
1138 5326 1459 5383 Ordinatus
1488 5328 1685 5382 autem
1708 5340 1742 5379 a
1770 5323 1896 5379 suis

240 5418 681 5477 ordinatoribus
710 5416 940 5473 litteras
974 5416 1238 5488 accipere
1259 5417 1521 5487 jubetur.
1556 5412 1665 5481 Qui
1716 5412 1897 5469 etiam

242 5507 316 5563 ab
348 5504 751 5563 ecclesiastica
773 5502 1054 5560 societate
1073 5502 1335 5574 quolibet
1353 5518 1593 5559 excessu
1615 5499 1898 5557 discindi-

246 5597 365 5664 tur,
382 5593 633 5651 libellari
654 5589 1037 5663 inscriptione
1059 5591 1339 5662 recipitur
1360 5595 1460 5646 aut
1479 5589 1768 5661 dejicitur.
1784 5588 1893 5644 Sed

1975 490 2096 550 tur,
2120 497 2223 538 seu
2257 478 2692 547 reconciliatur,
2725 493 2830 549 per
2859 477 3212 548 scripturam
3245 475 3506 531 accusari
3536 474 3627 530 vel

1973 569 2619 640 reconciliarijubetur.
2643 571 2711 622 Et
2745 567 2830 622 sic
2860 565 2920 620 in
2953 564 3178 621 caeteris
3208 562 3547 634 hujusmodi
3568 563 3628 618 in

1970 667 2200 717 tantum
2231 658 2525 731 scriptura
2554 655 2987 729 deposcitur,ut
3008 652 3164 709 sicut
3182 652 3393 708 beatus
3415 650 3628 723 Grego-

1970 752 2093 806 rius
2118 750 2325 821 (regist.
2363 749 2402 803 ι.
2432 765 2493 818 ιι,
2524 749 2688 816 epist.
2720 746 2811 812 54,
2843 744 2903 799 in
2925 743 3057 814 ﬁne)
3090 742 3149 798 in
3182 740 3627 797 commonitorio

1970 841 2043 897 ad
2060 840 2343 895 Joannem
2368 837 2738 892 defensorem
2761 852 2830 891 ex
2843 831 3126 889 Romanis
3145 830 3368 902 legibus
3386 845 3629 885 sumens

1969 928 2158 1001 (codic.
2196 926 2294 981 lib.
2327 927 2383 983 7.
2417 928 2505 981 tit.
2540 925 2632 994 44)
2680 922 2922 979 scribit:
2978 919 3281 977 Sententia
3329 935 3454 988 quas
3502 918 3629 973 sine

1967 1018 2258 1091 scriptura
2291 1012 2554 1087 [scripto]
2586 1013 2879 1086 profertur
2908 1026 3014 1066 nec
3057 1023 3270 1064 nomen
3320 1005 3625 1063 sententiae

1969 1108 2182 1163 habere
2210 1122 2326 1161 non
2368 1108 2647 1160 meretur.
2708 1104 3075 1173 Quapropter
3118 1097 3329 1152 fratres
3385 1099 3443 1150 et
3488 1093 3615 1164 ﬁlii,

1968 1198 2196 1268 oportet
2216 1210 2320 1249 vos
2342 1192 2671 1249 secundum
2707 1187 3170 1246 ecclesiasticam
3220 1183 3630 1240 auctoritatem

1968 1282 2445 1340 reclamationem
2472 1284 2727 1336 vestram
2750 1276 2933 1334 libelli
2964 1275 3116 1332 serie
3147 1272 3422 1344 allegare,
3466 1287 3629 1327 eam-

1969 1389 2081 1445 que
2112 1370 2390 1427 manibus
2420 1368 2634 1425 vestris
2662 1367 3020 1432 roboratam,
3045 1362 3266 1435 synodo
3299 1375 3481 1417 sacrae
3496 1376 3629 1431 por-

1971 1464 2178 1534 rigere,
2201 1465 2267 1515 ut
2292 1457 2702 1515 convenienter
2732 1458 2789 1511 et
2818 1452 3094 1511 canonice
3122 1449 3289 1506 vobis
3316 1448 3510 1506 valeat
3538 1463 3628 1504 rc-

1967 1548 2263 1625 sponderi.
2298 1548 2365 1603 Et
2392 1552 2534 1603 tunc
2566 1545 2681 1618 ipsi
2713 1545 2920 1600 fratres
2952 1540 3218 1598 libellum
3249 1538 3626 1596 conscriben-

1966 1646 2077 1709 tes,
2108 1640 2279 1711 eique
2310 1653 2419 1693 sua
2450 1635 2695 1692 nomina
2731 1632 3192 1698 subscribentes,
3244 1630 3628 1700 porrexerunt

1971 1731 2282 1786 llincmaro
2314 1724 2780 1797 archiepiscopo,
2812 1721 2913 1794 qui
2942 1724 3084 1776 tunc
3113 1735 3229 1775 una
3254 1733 3384 1773 cum
3425 1715 3625 1771 Weni-

1968 1819 2102 1875 lone
2130 1815 2454 1874 Senonensi
2479 1812 2769 1886 [Muclone
2793 1809 3061 1879 Senensi]
3086 1806 3548 1878 archiepiscopo,
3572 1806 3630 1857 et

1969 1907 2261 1965 Amalrico
2284 1903 2625 1975 [Almariro]
2647 1898 2975 1957 Turonensi
2990 1912 3151 1969 eaque
3165 1894 3629 1967 archiepiscopo,

1972 1998 2084 2055 sub
2113 1994 2427 2069 praesentia
2455 1990 2696 2065 gloriosi
2727 1988 2883 2062 regis
2913 1985 3103 2044 Caroli
3152 1984 3375 2057 synodo
3425 1981 3632 2054 pransi-

1972 2086 2169 2141 debat.

1972 2173 2263 2249 CAp._27O.
2296 2202 2363 2249 τ-
2394 2173 2475 2249 Ne
2500 2167 2813 2249 presbyteri
2838 2164 3050 2249 relictis
3090 2161 3349 2249 pqrwciis
3394 2159 3634 2249 suisnatt

2044 2245 2188 2300 alias
2231 2232 2515 2315 migrent;
2541 2232 2705 2315 certis
2750 2237 2865 2295 nisi
2906 2237 2970 2293 de
3011 2232 3209 2292 causis.
3256 2237 3351 2291 Ea:
3394 2232 3636 2288 concilio

2046 2313 2423 2380 Cabiloneusi,
2452 2327 2573 2383 cap.
2607 2313 2695 2367 41.

2045 2405 2352 2476 Presbyter
2380 2400 2612 2473 proprio
2639 2398 2764 2455 loco
2787 2396 3033 2453 dimisso
3056 2395 3130 2450 ad
3164 2393 3344 2450 alium
3372 2390 3634 2464 migrans

1975 2508 2346 2566 nequaquam
2366 2488 2703 2560 recipiatur,
2727 2485 2842 2542 nisi
2862 2502 2981 2541 suae
3003 2480 3373 2556 migrationis
3391 2494 3633 2536 causam

1975 2580 2204 2649 dixerit,
2239 2583 2296 2634 et
2328 2593 2390 2633 se
2421 2576 2765 2631 innocenter
2792 2572 3007 2629 vixisse
3036 2570 3096 2625 in
3142 2567 3396 2642 parcecia
3426 2567 3487 2621 in
3519 2582 3636 2638 qua

1976 2669 2281 2727 ordinatus
2302 2670 2392 2721 est
2412 2665 2522 2720 sub
2542 2662 2794 2719 testibus
2816 2660 3166 2732 probaverit.
3192 2656 3432 2712 Litteras
3454 2654 3632 2710 etiam

1974 2758 2233 2827 habebit,
2265 2755 2322 2810 in
2356 2753 2573 2826 quibus
2604 2750 2722 2808 sint
2749 2749 2992 2806 nomina
3012 2746 3271 2820 episcopi
3292 2748 3349 2799 et
3370 2743 3630 2799 civitatis

1975 2847 2217 2921 plumbo
2236 2846 2544 2917 impressa.
2569 2840 2793 2906 Quibus
2815 2837 3090 2911 cognitis,
3113 2840 3171 2892 et
3188 2833 3407 2890 talibus
3432 2833 3628 2890 inven-

1977 2938 2074 3006 tis,
2098 2935 2314 3008 quibus
2347 2933 2493 2988 fides
2525 2927 2791 2987 adhiberi
2823 2926 3030 3000 possit,
3070 2924 3409 2996 recipiatur.

1975 3025 2109 3083 CAP.
2138 3025 2264 3079 271.
2295 3051 2366 3064 —
2399 3022 2464 3079 Ut
2504 3022 2852 3077 accusatores
2888 3016 3215 3071 clericorum
3262 3013 3313 3067 si
3366 3025 3543 3065 unum
3574 3008 3641 3083 tle

2047 3080 2273 3168 objectis
2304 3094 2546 3168 probare
2573 3090 3002 3168 nonp‘otuerint,
3035 3086 3106 3142 ad
3121 3093 3320 3142 cetera
3368 3097 3477 3168 gon
3505 3080 3636 3168 gadi-

2053 3154 2352 3222 mittantur
2408 3167 2495 3220 Ea:
2547 3154 2779 3220 concilio
2832 3159 3121 3233 Africano.
3185 3172 3306 3229 cap.
3369 3154 3424 3210 7.

2054 3238 2226 3310 Afric.
2256 3238 2347 3305 97,
2371 3245 2421 3292 et
2455 3236 2581 3291 Car.
2601 3236 2658 3301 7,
2688 3250 2808 3305 cap.
2839 3232 2921 3298 3.)
3512 3258 3515 3261 ν

2054 3327 2129 3399 (3,
2160 3344 2213 3398 q.
2239 3327 2305 3382 lO
2333 3341 2456 3395 cap.
2499 3322 2766 3393 Placuit.)
2815 3323 2958 3376 Item
3003 3316 3226 3390 placuit
3273 3320 3336 3370 ut
3378 3310 3639 3384 quoties-

1986 3431 2218 3488 cunque
2248 3414 2474 3471 clericis
2500 3413 2573 3468 ab
2596 3408 3039 3468 accusatoribus
3061 3405 3247 3461 multa
3266 3401 3516 3458 crimina
3536 3399 3641 3454 ob-

1978 3507 2556 3578 jiciuntur,etunum
2582 3516 2652 3556 ex
2672 3500 2820 3572 ipsis
2842 3499 2914 3553 de
2935 3512 3051 3569 quo
3076 3495 3236 3567 prius
3256 3490 3482 3565 egerint
3503 3505 3638 3562 pro-

1986 3598 2127 3652 bare
2156 3610 2271 3649 non
2302 3590 2614 3656 valuerint,
2649 3590 2719 3644 ad
2754 3591 2968 3644 caetera
2997 3602 3114 3641 non
3156 3582 3564 3639 admittuntur.

1987 3686 2122 3741 Car.
2170 3681 2296 3735 272.
2347 3710 2416 3718 —
2465 3677 2738 3745 Quomodo
2767 3675 3028 3747 episcopi,
3053 3673 3162 3747 ⁸υει
3205 3670 3516 3747 presbyteri
3545 3667 3637 3747 ac

2059 3754 2266 3822 objecta
2293 3738 2534 3806 crimine
2549 3764 2607 3804 se
2627 3738 2963 3822 expurgare
2979 3738 3227 3822 debeant.
3274 3738 3639 3822 Ex_'gpnciiio

2068 3812 2466 3892 Wormatiensi,
2489 3837 2589 3890 cap
2617 3820 2651 3873 8
2684 3812 2803 3890 (sub
2824 3812 3064 3873 )tdriano
3093 3816 3162 3884 II,
3190 3829 3313 3884 cap.
3356 3812 3466 3883 10).

2060 3916 2135 3986 (2,
2166 3930 2218 3985 q.
2252 3913 2305 3979 4,
2339 3927 2460 3982 cap.
2494 3908 2556 3964 Si
2603 3907 2894 3979 episcopo.)
2941 3905 3000 3960 Si
3050 3903 3320 3975 episcopo
3358 3905 3460 3955 aut
3504 3914 3641 3971 pre-

1989 4002 2221 4076 sbytero
2249 4016 2430 4055 causa
2448 3995 2795 4061 criminalis,
2816 3995 2925 4049 hoc
2938 3997 3027 4050 est
3047 3988 3453 4056 homicidium,
3476 3986 3645 4043 adul-

1988 4092 2224 4163 terium,
2250 4092 2472 4147 furtum
2497 4092 2554 4144 et
2576 4084 3307 4155 maleficiumimputatum
3324 4077 3516 4144 fuerit,
3541 4091 3646 4148 pro

1990 4181 2243 4255 singulis
2273 4180 2519 4237 missam
2552 4179 2801 4233 tractare
2831 4171 3167 4245 [celebrare]
3208 4168 3398 4235 debet,
3448 4168 3505 4255 et
3551 4180 3644 4218 se-

1991 4253 2211 4329 cretam
2245 4270 2475 4343 publice
2497 4267 2689 4323 dicere
2707 4269 2761 4320 et
2783 4260 3238 4327 communicare,
3260 4261 3317 4313 et
3345 4256 3416 4312 de
3443 4253 3646 4324 singu-

1989 4362 2065 4418 lis
2097 4359 2209 4417 sibi
2234 4340 2547 4430 i—mputatis
2578 4355 2947 4410 innocentem
2972 4366 3034 4408 se
3055 4347 3383 4406 ostendere.
3408 4343 3571 4411 Quod
3595 4340 3646 4396 si

1994 4467 2108 4506 non
2133 4447 2351 4515 fecerit,
2376 4441 2783 4518 quinquennio
2807 4458 2839 4498 a
2861 4439 3169 4497 liminibus
3185 4434 3440 4493 ecclesiae
3460 4436 3650 4490 extra-

1995 4553 2143 4593 neus
2172 4535 2483 4590 habeatur.

1995 4627 2128 4684 CAP.
2159 4623 2383 4678 273,—-
2425 4623 2487 4678 Ut
2538 4617 2731 4675 clerici
2778 4617 2982 4671 alienis
3023 4613 3310 4687 judicibus
3355 4623 3650 4687 ngp‘con-

2067 4698 2438 4765 stringantur.
2462 4692 2547 4765 Ea:
2565 4690 2802 4765 decretis
2818 4680 3062 4765 Adriani
3076 4700 3336 4765 papaetc.
3384 4682 3454 4738 38
3482 4680 3655 4751 (inter

2068 4756 2311 4824 concites
2337 4766 2408 4819 80
2436 4761 2680 4819 Adriani
2708 4762 2734 4815 1
2759 4757 2829 4815 ad
2849 4756 3306 4829 Inqelrahmum).

2070 4859 2133 4914 In
2159 4856 2507 4913 clericorum
2546 4866 2727 4907 causa
2756 4845 3097 4919 hujusmodi
3136 4845 3324 4900 forma
3369 4842 3652 4904 servetur,

1999 4951 2066 5003 ut
2094 4958 2469 5017 nequaquam
2503 4957 2603 4997 eos
2634 4938 2931 4995 sententia
2961 4952 3074 4992 non
3108 4951 3141 4990 a
3170 4949 3276 4989 suo
3292 4928 3491 5003 judice
3521 4927 3660 4983 data

2001 5034 2382 5103 constringat.

2002 5124 2137 5181 Cap.
2168 5122 2295 5175 274.
2326 5148 2395 5164 --
2429 5121 2494 5176 Ut
2514 5114 3082 5191 uerberibuspublice
3108 5111 3414 5191 castigatus
3456 5106 3656 5191 ἐρέφ-

2072 5177 2265 5251 silium
2296 5191 2608 5260 deputetur,
2665 5190 2762 5260 qui
2807 5177 2911 5243 alii
2956 5187 3178 5260 crimen
3216 5177 3425 5260 iniuste
3471 5177 3659 5260 iri-ten:

2405 5241 2879 5336 mephiticus
2894 5241 2985 5336 Ea:
3012 5256 3245 5336 registro
3272 5241 3554 5336 Creg‘ofriil
3569 5241 3662 5336 ,ρλά

2077 5314 2857 5394 liciiiiiim'hididc‘beum
2885 5314 3228 5401 Campaniae,
3260 5314 3508 5393 capf204
3538 5314 3660 5384 (lib.

2076 5427 2157 5481 ιχ,
2188 5407 2344 5481 epist.
2376 5407 2490 5478 66).

2077 5474 2227 5555 Cum.
2258 5474 2468 5554 fortius
2491 5492 2790 5568 punienda
2822 5490 2942 5547 sint
2994 5485 3242 5544 crimina
3283 5494 3411 5553 quis
3458 5474 3669 5532 inson-

2008 5587 2166 5643 tibus
2199 5586 2451 5643 maxime
2480 5579 2725 5639 sacratis
2757 5574 3450 5647 ordinibusingeruntur,
3484 5578 3666 5640 quam
