3972 6056
339 287 448 341 503
1436 289 1504 339 D.
1542 285 1786 339 IVONIS
1823 285 2312 342 CARNOTENSIS
2349 289 2662 346 EPISCOPI
3651 283 3768 338 504

344 410 474 468 sitis
507 409 832 482 culpabiles
863 425 1066 466 omnes
1099 410 1196 481 qui
1215 410 1272 464 in
1297 425 1472 465 causa
1487 409 1731 465 Joannis
1762 409 1991 464 diaconi
2022 413 2078 478 Α
2109 411 2400 468 instruere
2418 414 2673 483 studeat,
2700 413 2980 484 etjubeat
2999 411 3140 479 illis,
3164 414 3229 466 ut
3249 409 3449 475 nullus
3477 410 3551 466 de
3571 407 3772 464 eccle'

349 499 675 567 resedistis,
711 500 1019 566 attendite,
1053 504 1116 553 ut
1144 497 1429 554 Hilarium
1450 497 1758 568 [Hilarum]
1807 498 2000 553 crimi-
2109 498 2197 553 sia
2227 505 2391 556 exeat
2411 506 2728 573 antequam
2760 519 2794 558 a
2824 501 3162 573 presbytero
3192 500 3314 555 sive
3344 515 3377 554 a
3399 498 3647 554 diacono
3674 496 3776 552 ul-

350 595 615 644 natorem
643 589 834 660 ipsius
857 589 1015 643 nulla
1036 605 1104 642 ex
1121 586 1470 642 diffinitione
1491 591 1677 642 vestra
1715 604 1885 658 poma
1909 604 1998 642 ve-
2108 587 2252 643 tima
2283 587 2433 660 laus,
2463 591 2521 646 id
2554 597 2638 646 est
2666 592 3059 647 Benedicamus
3083 591 3335 659 Domino,
3367 593 3468 644 aut
3487 592 3575 643 Ite
3595 589 3778 641 missa

353 681 524 735 niens
545 679 875 750 castigaret.
897 678 1007 732 Nec
1031 676 1168 730 illud
1196 677 1267 730 ad
1286 676 1721 730 excusationem
1745 682 2000 731 vestram
2109 682 2188 731 est
2218 681 2649 748 pronuntietur.

355 786 486 824 esse
516 767 768 823 credatis
799 767 1092 835 idoneum,
1127 765 1280 835 quod
1313 765 1477 858 vobis
1526 767 1694 836 quasi
1736 766 2003 858 judicare
2112 781 2241 858 CAP.
2272 785 2396 839 280.
2430 817 2496 826 __
2527 788 2600 842 οδ
2651 786 2941 854 ordinatis,
2975 793 3100 858 quot
3141 785 3367 842 testibus
3413 784 3637 858 dis—cuti
3675 787 3777 858 def

355 857 686 913 volentibus
719 855 879 910 solus
909 855 1086 909 frater
1115 860 1171 908 et
1219 855 1599 926 coepiscopus
1653 860 1851 910 noster
1899 856 2002 909 Pa-
2186 853 2363 922 beant,
2395 859 2444 911 si
2488 861 2740 913 accusati
2781 853 3024 929 fuerint.
3076 859 3159 912 Ex
3201 858 3431 913 consilio
3483 855 3783 925 Carthagi-

357 946 622 1002 scbasius
653 942 866 998 dicitur
895 942 1217 998 distulisse.
1251 944 1419 1011 Nam,
1455 944 1499 999 si
1530 945 1690 999 zelus
1735 946 1793 1000 in
1841 946 1997 1000 vobis

2185 931 2364 994 nensi,
2385 946 2432 984 c.
2464 930 2534 983 20
2561 930 2706 1000 (con.
2735 930 2929 987 Carth.
2962 947 3047 996 ιιι,
3078 945 3126 984 c.
3158 930 3238 1000 2).

356 1032 727 1088 rectitudinis
758 1032 1064 1104 viguisset,
1090 1033 1320 1088 facilius
1346 1032 1445 1088 uni
1467 1051 1500 1088 a
1523 1033 1728 1088 multis
1752 1034 1997 1088 rationa-

2189 1018 2300 1088 (t5,
2333 1035 2384 1088 q.
2417 1020 2472 1073 7.
2504 1036 2551 1073 c.
2574 1018 2634 1074 Si
2663 1027 2851 1074 autem
2867 1019 3222 1092 presbyteri.)
3244 1017 3303 1072 Si
3324 1016 3423 1089 qui
3445 1013 3786 1104 presbyteri

355 1121 551 1176 binm.
578 1103 1021 1190 suaderi’quam
1070 1121 1238 1176 multi
1285 1122 1357 1176 ab
1403 1139 1518 1177 uno
1568 1127 1836 1193 poterant
1883 1123 2009 1177 sine
2116 1105 2202 1161 vel
2235 1107 2462 1162 diaconi
2495 1108 2710 1164 fuerint
2748 1108 3030 1178 accusati,
3080 1107 3361 1178 adjuncto
3416 1105 3528 1162 sibi
3574 1120 3644 1160 ex
3694 1103 3784 1193 vi-

361 1225 537 1264 causa
579 1209 827 1264 differri.
874 1209 1020 1272 Quia
1054 1227 1190 1283 ergo
1241 1215 1413 1266 tantae
1463 1211 1735 1282 nequitiae
1785 1210 2008 1266 malum

359 1299 485 1352 sine
511 1298 691 1368 digna
721 1314 837 1353 non
870 1299 1042 1354 debet
1085 1299 1308 1354 ultione
1356 1301 1628 1370 transire,
1679 1301 2012 1372 suprascri-

361 1391 530 1458 ptum
555 1387 795 1442 fratrem
820 1392 1084 1442 nostrum
1109 1388 1489 1444 Paschasium
1513 1390 1786 1444 volumus
1810 1391 2012 1445 admo-

363 1476 510 1541 neri,
546 1479 610 1530 ut
651 1477 920 1531 eumdem
955 1476 1238 1531 Hilarium
1269 1479 1433 1548 prius
1468 1478 1857 1544 subdiaconii,
1900 1494 2014 1548 quo

364 1564 646 1635 indignus
679 1564 964 1636 fungitur,
999 1565 1183 1636 privet
1214 1566 1428 1634 ofﬁcio,
1462 1571 1638 1636 atque
1677 1567 2014 1622 verberibus

363 1652 596 1724 publice
625 1653 996 1724 castigatum,
1032 1653 1279 1709 faciatin
1304 1655 1573 1710 exsilium
1615 1655 1927 1727 deportari,
1953 1662 2018 1710 ut

374 1743 549 1797 unius
581 1759 752 1812 pmna
778 1741 1095 1798 multorum
1128 1744 1314 1814 possit
1344 1759 1472 1800 esse
1502 1745 1800 1801 correctio.

2119 1195 2266 1251 cinis
2298 1195 2442 1252 locis
2475 1197 2786 1268 episcopus
2803 1197 3079 1269 proprius
3101 1197 3360 1266 legitimo
3379 1210 3626 1250 numero
3649 1191 3782 1249 col-

2120 1284 2408 1357 legarum,
2441 1301 2589 1357 quos
2619 1289 2691 1341 ab
2723 1287 2928 1342 eodem
2961 1285 3218 1342 accusati
3249 1285 3546 1357 petierint,
3583 1283 3642 1337 id
3691 1286 3790 1337 est

2121 1391 2239 1428 una
2269 1390 2466 1428 secum
2502 1374 2559 1428 in
2590 1374 2908 1446 presbyteri
2929 1373 3165 1430 nomine
3187 1390 3306 1444 sex,
3326 1373 3385 1428 in
3411 1371 3642 1429 diaconi
3668 1370 3785 1425 tri-

2124 1463 2255 1533 bus,
2287 1462 2552 1534 ipsorum
2579 1479 2790 1519 causas
2816 1463 3143 1536 (discutiat,
3193 1464 3398 1518 eadem
3444 1461 3677 1516 dierum
3727 1465 3793 1514 et

2125 1550 2498 1618 dilationum,
2533 1557 2591 1607 et
2619 1569 2652 1607 a
2681 1553 3098 1608 communione
3129 1552 3540 1615 remotionum,
3592 1555 3651 1606 et
3693 1549 3791 1604 di-

2126 1641 2428 1695 scussione
2455 1641 3031 1710 personarum,inter
3060 1644 3431 1695 accusatores
3460 1643 3518 1693 et
3545 1655 3648 1693 eos
3680 1637 3791 1708 qui

2127 1733 2480 1784 accusantur
2508 1730 2693 1784 forma
2723 1737 2974 1786 servata.
2994 1729 3373 1801 Reliquorum
3394 1733 3588 1783 autem
3609 1725 3789 1781 cleri-

367 1831 502 1885 CAP.
551 1832 676 1885 275.
729 1862 795 1870 —
842 1832 918 1886 Ne
963 1832 1335 1898 ecclesiastici,
1381 1835 1679 1889 saeculares
1724 1836 1997 1900 potestate.

2168 1835 2332 1872 orum
2363 1834 2574 1874 causas
2604 1818 2780 1874 etiam
2813 1819 2975 1875 solus
2997 1819 3312 1891 episcopus
3339 1817 3452 1873 loci
3501 1819 3793 1887 agnoscat

439 1903 643 1976 nabere
670 1902 999 1976 desiderent.
1030 1905 1112 1958 Ex
1153 1904 1380 1975 epistola
1411 1904 1657 1976 Gregorii
1705 1905 2020 1962 Secundino

443 1973 655 2029 incluso
683 1974 915 2030 directa.

441 2063 674 2116 Certum
707 2079 960 2135 namque
981 2069 1072 2120 est
1102 2081 1217 2120 non
1257 2082 1360 2122 vos
1406 2070 1540 2121 ante
1586 2067 1861 2123 exercitui
1906 2067 2018 2121 du-

369 2167 495 2206 cem
528 2168 884 2223 praeponere,
914 2153 1027 2208 nisi
1057 2155 1219 2210 vobis
1238 2154 1402 2211 labor
1421 2157 1550 2227 ejus
1572 2157 1836 2228 ﬁdesque
1858 2172 2016 2211 com-

365 2238 640 2310 placeret,
672 2245 728 2296 et
760 2240 872 2296 nisi
905 2259 1038 2297 eum
1071 2250 1351 2300 anteacta:
1381 2243 1512 2300 vita;
1539 2245 1727 2301 virtus
1757 2250 1814 2301 et
1853 2245 2018 2301 solli-

363 2328 560 2383 citudo
591 2334 794 2400 aptum
839 2347 962 2386 esse
1018 2336 1392 2389 monstraret.
1439 2333 1496 2387 Si
1537 2349 1670 2388 vero
1721 2350 1836 2388 non
1884 2333 2015 2389 aliis

357 2417 470 2472 nisi
493 2418 835 2490 bujusmodi
855 2420 995 2477 viris
1013 2422 1836 2494 committiturgubernandus
1858 2439 2016 2478 exer‘

355 2506 529 2578 citus,
563 2507 756 2579 qualis
787 2510 904 2564 dux
938 2527 1066 2566 esse
1089 2511 1298 2567 debeat
1321 2512 1678 2580 animarum,
1725 2529 1795 2568 ex
1840 2511 2014 2568 istius

355 2595 521 2651 bonae
551 2597 632 2652 rei
663 2599 1102 2671 comparatione
1132 2600 1446 2672 colligitur.
1480 2602 1590 2658 Sed
1616 2602 2010 2658 verecundum

356 2685 528 2742 nobis
559 2691 649 2742 est
679 2687 888 2760 dicere,
921 2693 977 2744 et
1007 2691 1210 2760 pudet,
1244 2691 1383 2761 quia
1412 2692 1741 2746 sacerdotes
1764 2691 1874 2746 sibi
1906 2692 2009 2745 du-

356 2779 554 2831 catum
575 2777 888 2849 arripiunt,
905 2777 1006 2850 qui
1025 2780 1328 2835 exordium
1349 2778 1633 2851 religiosae
1650 2779 1869 2834 militiae
1893 2797 2008 2835 non

359 2861 649 2920 viderunt.

360 2949 491 3004 CAP.
524 2951 650 3029 276.
675 2981 755 3029 —_
772 2954 834 3009 Ut
863 2969 1100 3029 poenam
1136 2958 1382 3029 accusati
1424 2955 1716 3029 suscipiat,
1757 2956 1853 3029 qui
1898 2973 2005 3012 non

421 3024 594 3094 potest
630 3022 864 3093 probare
895 3027 1038 3094 quod
1079 3026 1335 3082 intendit.
1383 3029 1466 3081 Ea:
1511 3022 1777 3083 concitio'
1802 3030 2006 3083 Bruca-

426 3092 597 3157 rensi,
627 3092 673 3148 c.
706 3094 759 3147 8.
791 3092 962 3161 (conc.
1001 3098 1154 3151 Brac.
1189 3114 1251 3162 ιι,
1284 3113 1329 3152 c.
1363 3098 1439 3167 8).

423 3179 498 3249 (2,
531 3197 582 3251 q.
613 3181 668 3248 5,
700 3197 746 3236 c.
777 3182 1042 3254 Placuit.)
1079 3185 1297 3239 Placuit
1348 3190 1432 3254 ut,
1467 3185 1516 3241 si
1563 3187 1693 3257 quis
1744 3187 1997 3260 aliquem

351 3267 697 3325 clericorum
729 3270 786 3324 in
819 3273 1192 3328 accusatione
1214 3275 1880 3347 fornicationisimpetit,
1905 3295 1998 3332 se-

351 3357 612 3414 cundum
644 3365 1000 3432 praeceptum
1055 3363 1304 3433 apostoli
1357 3363 1540 3430 Pauli,
1592 3365 1706 3420 duo
1750 3366 1836 3420 vel
1885 3367 2002 3422 tria

349 3447 692 3503 testimonia
729 3449 1106 3520 requirantur
1126 3451 1197 3506 ab
1229 3451 1401 3524 illo(I
1431 3454 1565 3508 Tim.
1610 3456 1687 3524 v).
1740 3457 1900 3520 Quod
1950 3457 2001 3512 si

353 3552 470 3591 non
503 3535 1625 3613 potueritdatistestimoniisapprobare
1646 3545 1800 3615 quod
1833 3545 1998 3616 dixit,

356 3625 787 3680 accusationem
853 3628 948 3697 (al.
1020 3631 1709 3689 excommunicationem.
1759 3633 1998 3705 Origin].

357 3715 614 3770 accusati
645 3722 949 3771 accusator
978 3718 1247 3789 accipiat.

356 3803 489 3857 CAP.
521 3803 646 3858 277.
674 3835 742 3846 —-
771 3806 831 3861 Ut
859 3808 999 3861 sicut
1039 3807 1180 3863 laici
1228 3809 1457 3865 clericos
1513 3811 1571 3865 in
1628 3829 1727 3867 sua
1775 3829 2000 3868 accusa-

425 3876 573 3930 tione
602 3877 663 3930 in
689 3878 1052 3956 saecularibus
1085 3895 1194 3956 non
1225 3883 1523 3956 recipiunt,
1559 3885 1768 3956 itanec
1798 3885 1907 3956 ipsi
1941 3888 2000 3940 in

424 3961 615 4027 eorum
645 3951 992 4075 acgusatione
1021 3952 1312 4022 recipiant.
1344 3954 1427 4007 Ex
1454 3954 1688 4010 concilio
1734 3951 1999 4012 Aurelia-

424 4033 601 4075 nensi.
631 4035 679 4074 c.
751 4062 764 4074 .

419 4033 601 4085 nensi,
631 4035 679 4074 c.
709 4033 764 4075 ξ).

420 4106 636 4164 Omnes
669 4109 928 4182 episcopi
960 4110 1020 4164 in
1053 4109 1227 4166 tertia
1245 4110 1506 4167 sessione
1529 4113 1999 4172 acclamaverunt

343 4195 494 4252 Sane
524 4197 772 4269 dignum
803 4204 892 4255 est
922 4203 987 4254 ut
1016 4199 1170 4254 sicut
1199 4201 1531 4256 sacerdotes
1566 4200 1649 4257 vel
1676 4202 1917 4259 clericos
1937 4204 1994 4258 in

342 4302 452 4341 sua
482 4287 876 4357 accusatione,
909 4286 996 4343 vel
1029 4287 1410 4344 saecularibus
1433 4290 1681 4361 judiciis
1713 4291 1844 4347 laici
1879 4309 1990 4348 non

345 4373 656 4444 recipiunt,
688 4375 770 4430 ita
789 4375 903 4446 ipsi
932 4375 991 4430 in
1019 4378 1388 4434 sacerdotum
1410 4378 1499 4434 vel
1528 4379 1872 4436 clericorum
1906 4399 1996 4437 ac-

347 4461 753 4518 cusationibus
784 4479 887 4518 seu
912 4463 1325 4523 ecclesiasticis
1357 4467 1625 4539 negotiis,
1649 4470 1761 4526 nisi
1787 4479 1993 4542 sponte

347 4547 733 4617 collaudetur,
778 4567 893 4606 non
956 4553 1332 4626 recipiantur.
1384 4558 1668 4622 Quoniam
1721 4560 1994 4617 inconve-

351 4636 520 4691 niens
550 4641 640 4692 est
668 4642 733 4692 ut
750 4638 808 4692 hi
828 4640 926 4710 qui
953 4639 1059 4697 bos
1077 4649 1383 4716 respuunt,
1407 4647 1479 4701 ab
1504 4647 1596 4702 his
1614 4648 1990 4719 recipiantur.

349 4733 484 4789 CAP.
531 4735 656 4791 278.
699 4766 770 4776 —-
816 4739 880 4793 Ut
927 4739 1307 4797 testimonium
1351 4743 1483 4798 laici
1530 4754 1724 4800 contra
1769 4747 1991 4803 clericos

453 4821 611 4862 nemo
639 4808 892 4878 recipiat.
917 4811 998 4865 Ex
1023 4813 1257 4869 concilio
1286 4815 1642 4882 Triburiensi,
1675 4833 1798 4885 cap.
1833 4819 1885 4872 4.

415 4895 530 4962 (11,
561 4912 610 4967 q.
645 4897 697 4966 1,
730 4913 776 4952 c.
816 4899 1247 4973 Testimonium.)
1281 4903 1705 4960 Testimonium
1751 4905 1885 4961 laici
1917 4909 1988 4962 ad

342 4999 551 5040 versus
573 4983 850 5043 clericum
878 5003 1049 5046 nemo
1079 4991 1384 5062 suscipiat.

341 5081 476 5138 ΟΑΡ.
526 5083 651 5164 279.
707 5115 775 5124 ——
826 5087 1352 5164 Deprazdicatione
1393 5092 1863 5164 presbyterorum.
1906 5097 1989 5149 Ex

508 5155 698 5210 eodem
726 5155 978 5225 concilio,
1009 5162 1101 5214 cui
1120 5161 1375 5231 interfuit
1393 5155 1668 5234 'Arnulfus
1698 5182 1816 5220 rex.

413 5241 790 5313 Praecipimus
817 5245 981 5301 vobis
1003 5251 1068 5301 ut
1098 5251 1504 5321 unusquisque
1534 5258 1789 5308 vestrum
1811 5271 1989 5324 super

340 5330 488 5386 duas
509 5347 612 5386 seu
644 5336 763 5388 tres
811 5333 1212 5392 hebdomadas
1258 5337 1464 5394 diebus
1513 5339 1830 5396 Dominicis
1880 5359 1984 5397 seu

343 5419 762 5477 festivitatibus
774 5425 1135 5492 sanctorum,
1151 5425 1432 5496 populum
1452 5427 1560 5484 sibi
1578 5429 1984 5498 commissum,

347 5507 630 5567 doctrinis
652 5509 974 5566 salutiferis
1005 5528 1074 5566 ex
1105 5528 1272 5568 sacra
1301 5515 1600 5587 Scriptura
1629 5517 1904 5589 sumptis,
1925 5519 1984 5574 in

345 5593 593 5654 ecclesia
621 5596 734 5656 sibi
756 5599 1092 5672 commissa,
1107 5608 1240 5673 post
1255 5603 1617 5678 evangelium
1639 5603 1985 5680 perlectum,

2127 1912 2183 1962 et
2211 1908 2398 1964 finiat.

2127 2016 2257 2070 CAP.
2291 2015 2414 2069 281.
2450 2045 2518 2055 -
2545 2016 2868 2070 Substantia
2896 2014 3142 2086 defuncti
3169 2014 3466 2070 sacerdotis
3481 2015 3644 2086 cujus
3662 2028 3788 2069 esse

2196 2086 2404 2141 debeat.
2439 2089 2521 2158 Ea;
2549 2089 2780 2142 concilio
2813 2084 3174 2158 Triburiensi,
3205 2103 3324 2158 cap.
3354 2087 3428 2142 25
3466 2084 3556 2141 cui
3602 2084 3787 2141 inter-

2195 2157 2308 2226 fuit
2328 2157 2600 2228 Arnul/‘us
2629 2176 2751 2213 rex.

2195 2250 2406 2301 Sancto
2437 2247 2684 2302 concilio
2710 2246 2957 2302 allatum
3005 2251 3095 2303 est
3141 2247 3299 2318 quod
3353 2246 3596 2318 quidam
3643 2245 3786 2301 laici

2126 2335 2390 2406 improbe
2421 2340 2600 2407 agant
2619 2340 2824 2392 contra
2847 2337 3222 2408 presbyteros
3253 2352 3416 2404 suos,
3471 2335 3550 2391 ita
3595 2339 3662 2390 ut
3711 2335 3787 2390 de

2125 2422 2501 2478 morientium
2535 2424 3006 2495 presbyterorum
3040 2423 3376 2479 substantia
3417 2427 3616 2495 partes
3662 2421 3786 2478 sibi

2117 2512 2436 2583 vindicent,
2482 2512 2636 2568 sicut
2685 2512 2756 2568 de
2806 2512 3056 2584 propriis
3104 2513 3312 2568 servis.
3367 2511 3784 2567 Interdicimus

2119 2601 2321 2672 itaque
2351 2601 2633 2656 canonica
2681 2601 3050 2670 auctoritate,
3089 2617 3162 2656 ne
3208 2601 3316 2657 hoc
3363 2600 3613 2656 ulterius
3655 2599 3780 2667 ﬁat,

2118 2692 2244 2757 sed,
2267 2691 2440 2745 sicuti
2464 2691 2632 2746 liberi
2657 2690 2946 2746 factisunt
2962 2691 3033 2746 ad
3057 2690 3504 2762 suscipiendum
3526 2689 3777 2761 gradum

2117 2784 2173 2833 et
2203 2781 2495 2851 agendum
2529 2779 2793 2834 divinum
2826 2779 3112 2848 officium,
3145 2779 3226 2835 ita
3253 2778 3401 2834 nihil
3426 2779 3498 2834 ab
3521 2778 3608 2834 eis
3651 2779 3780 2833 exi-

2116 2872 2305 2937 gatur,
2341 2876 2548 2939 praeter
2576 2868 2840 2923 divinum
2871 2867 3154 2923 ofﬁcium.
3185 2867 3265 2923 De
3309 2867 3587 2938 peculiari
3635 2883 3778 2922 vero

2117 2957 2486 3012 sacerdotum
2513 2955 2658 3011 nihil
2681 2954 2792 3012 sibi
2813 2961 3117 3027 usurpant,
3142 2957 3244 3012 sed
3267 2960 3454 3012 totum
3476 2956 3778 3011 dividatur

2115 3046 2175 3100 in
2204 3052 2456 3118 quatuor
2487 3051 2718 3117 partes:
2755 3062 2874 3100 una
2901 3047 3196 3116 episcopo,
3229 3044 3344 3100 alia
3373 3043 3563 3111 altari,
3596 3045 3778 3100 tertia

2033 3146 2074 3212 ρ
2116 3135 2495 3206 pauperibus,
2551 3139 2756 3203 quarta
2819 3134 3182 3204 parentibus.
3239 3135 3308 3188 Et
3357 3133 3406 3188 si
3457 3149 3574 3188 non
3629 3141 3776 3188 sunt

2112 3223 2304 3278 idonei
2336 3228 2632 3294 parentes,
2658 3224 2972 3296 episcopus
2998 3239 3125 3278 eam
3145 3221 3408 3294 recipiat,
3431 3228 3487 3278 et
3509 3222 3568 3276 in
3591 3238 3773 3278 usum

2111 3312 2380 3368 Ecclesia;
2411 3312 2724 3385 diligenter
2747 3311 3082 3368 distribuat.
3108 3312 3178 3367 Et
3199 3312 3248 3366 si
3273 3311 3406 3382 quis
3429 3317 3635 3367 contra
3657 3311 3774 3367 hoc

2111 3405 2298 3459 facere
2321 3405 2791 3476 praesumpserit,
2823 3403 3373 3459 anathematizetur.

2111 3512 2226 3568 CAP
2255 3512 2381 3567 282.
2415 3542 2484 3552 -—-
2513 3512 2586 3566 De
2616 3511 2832 3567 clericis
2851 3512 2950 3582 qui
2977 3512 3098 3565 sine
3138 3514 3458 3566 testamento
3506 3509 3773 3567 discesse-

2506 3587 2656 3638 runt.
2693 3583 2776 3637 Ea:
2801 3583 3000 3638 eodem
3019 3598 3194 3650 conc.,
3223 3582 3368 3637 ε.14.

2183 3673 2240 3728 Si
2274 3673 2616 3745 quicunque
2662 3688 2730 3726 ex
2759 3672 2943 3744 gradu
2976 3671 3373 3727 ecclesiastico
3413 3670 3539 3726 sine
3589 3675 3771 3727 testa-

2111 3774 2309 3817 mento
2341 3767 2398 3816 et
2427 3760 2756 3826 cognitione
2791 3761 3125 3828 decesserit,
3158 3759 3466 3815 haereditas
3513 3759 3642 3828 ejus
3693 3762 3768 3816 ad

2113 3851 2429 3906 Ecclesium
2464 3850 2557 3905 ubi
2591 3849 2827 3906 servivit
2855 3849 3212 3906 devolvatur.
3264 3847 3550 3905 Similiter
3595 3853 3654 3905 et
3693 3851 3769 3907 de

2111 3937 2683 3995 sanctimonialibus.

2110 4046 2243 4102 CAP.
2276 4047 2401 4101 283.
2433 4076 2502 4086 -—-
2560 4050 2635 4101 De
2681 4045 2900 4101 clericis
2948 4045 3045 4116 qui
3091 4046 3385 4101 laicalibus
3427 4047 3768 4104 vestimentis

2357 4117 2687 4174 induuntur.
2721 4119 2804 4172 Ea:
2831 4118 3018 4173 eodem
3046 4117 3305 4184 concilio,
3337 4134 3385 4172 c.
3417 4120 3509 4174 27.

2179 4207 2252 4262 Ut
2284 4206 2593 4262 laicalibus
2621 4206 2988 4262 vestimentis
3015 4206 3208 4262 clerici
3240 4223 3352 4262 non
3395 4210 3661 4274 utantur,
3706 4208 3764 4264 id

2107 4301 2195 4351 est
2247 4293 2526 4350 mantello
2574 4293 2662 4350 vel
2719 4297 2869 4365 coto,
2917 4295 3036 4351 sive
3087 4311 3292 4367 cappa,
3339 4310 3446 4350 nec
3485 4295 3765 4367 pretiosis

2105 4389 2162 4439 et
2190 4383 2404 4456 ineptis
2437 4383 2859 4452 calciamentis,
2889 4388 2946 4440 et
2973 4382 3106 4440 aliis
3137 4382 3462 4439 novitatum
3489 4385 3768 4441 vanitati-

2106 4472 2238 4540 bus,
2272 4473 2370 4528 sed
2393 4471 2665 4544 religioso
2687 4477 2744 4528 et
2765 4473 2991 4528 decenti
3016 4472 3218 4528 habitu
3241 4471 3436 4527 induti
3459 4473 3759 4532 incedant.

2103 4578 2238 4634 CAP.
2269 4579 2394 4634 284.
2426 4609 2495 4619 -
2529 4580 2600 4653 De
2626 4580 2818 4653 eadem
2847 4581 3035 4653 resEx
3055 4580 3288 4636 concilio
3309 4577 3759 4653 Carthaginensi,

2411 4667 2534 4723 cap.
2560 4652 2628 4705 44
2659 4651 2798 4721 (con.
2834 4651 3028 4706 Carth.
3064 4668 3142 4720 ιν,
3170 4667 3293 4720 cap.
3319 4651 3432 4720 45).

2172 4739 2333 4810 (Dist.
2393 4741 2483 4808 42,
2531 4755 2578 4794 c.
2645 4741 2935 4812 Clericus.)
3001 4740 3262 4796 Clericus
3326 4739 3759 4811 professionem

2100 4844 2268 4882 suam
2300 4828 2476 4883 etiam
2510 4827 2714 4884 habitu
2742 4835 2799 4884 et
2820 4829 3054 4884 incessu
3083 4829 3307 4900 probet,
3363 4832 3420 4884 et
3467 4828 3599 4884 ideo
3650 4846 3758 4888 nec

2098 4917 2157 4971 in
2186 4917 2469 4988 vestibus,
2502 4934 2606 4974 nec
2635 4917 3041 4974 calciamentis
3091 4919 3359 4975 decorem
3400 4923 3646 4988 quaerat.

2098 5023 2231 5080 CAP.
2257 5025 2382 5081 285.
2415 5057 2484 5066 -
2516 5026 2587 5082 De
2615 5026 2832 5082 clericis
2880 5028 2980 5098 qui
3004 5027 3188 5098 otiose
3235 5028 3295 5082 in
3343 5025 3622 5098 nundinis
3661 5026 3757 5084 de-

2165 5098 2473 5153 ambulant.
2506 5100 2589 5152 Ea:
2617 5099 2801 5154 eodem
2829 5097 3090 5168 concilio,
3119 5114 3246 5166 cap.
3287 5099 3356 5152 48
3398 5097 3678 5169 (ibidem).

2166 5185 2423 5242 Clericus
2456 5187 2555 5258 qui
2610 5204 2711 5258 pro
2757 5189 3064 5244 commodo
3113 5187 3310 5260 aliquo
3363 5185 3422 5241 in
3464 5189 3752 5245 nundinis

2095 5275 2219 5344 [qui
2243 5292 2358 5331 non
2389 5291 2491 5346 pro
2522 5277 2768 5330 emendo
2820 5275 3042 5347 aliquid
3084 5277 3142 5330 in
3189 5292 3247 5331 n.
3298 5274 3492 5348 orig.j.
3539 5274 3632 5332 vel
3688 5276 3751 5332 in

2093 5362 2218 5418 foro
2248 5363 2608 5431 deambulat,
2641 5364 2712 5418 ab
2745 5364 2936 5421 officio
2958 5382 3065 5422 suo
3097 5366 3470 5437 degradetur.

2093 5469 2226 5524 CAP.
2280 5469 2408 5522 286.
2455 5499 2525 5510 —-
2575 5471 2640 5526 Ut
2685 5471 2876 5526 nullus
2925 5487 2995 5527 ea:
3038 5473 3190 5528 clero
3249 5487 3409 5526 arma
3453 5468 3749 5526 militaria

2159 5542 2460 5686 ῗῗέιεὲΊΕςε
2489 5543 2716 5598 concilio
2764 5541 3041 5614 Meldensi,
3089 5559 3220 5616 cap.
3271 5545 3336 5599 18
3379 5541 3500 5614 (sub
3549 5540 3746 5613 Sergio

2219 5651 2233 5683 ,
2273 5650 2286 5668 .
2441 5649 2455 5666 .

2219 5649 2286 5683 ονο
2317 5649 2375 5667 ν’
2413 5649 2455 5683 ι·
