3994 6052
211 269 320 322 505

1278 261 1589 315 DECRETI
1628 260 1814 311 PARS
1852 258 1946 309 VI.
1982 285 2048 294 —-
2084 259 2179 310 DE
2218 258 2553 312 CLERICIS.

3515 250 3622 304 506

287 391 402 461 (23,
436 406 486 459 q.
518 388 573 455 8,
603 402 649 441 c.
687 382 1050 455 Quicunque.)
1080 383 1426 453 Quicunque
1458 398 1525 437 ex
1564 379 1718 435 clero
1743 395 1867 434 esse
1896 380 1951 446 Α
1980 379 2195 434 debent
2216 380 2387 450 juxta
2418 379 2705 451 regulam,
2730 378 2867 433 licet
2897 380 2954 432 et
2994 374 3159 431 valde
3194 389 3409 444 magna
3439 373 3515 427 sit
3544 372 3623 427 ci-

216 483 510 546 videntur,
540 493 701 533 arma
741 474 1019 530 militaria
1062 491 1177 529 non
1211 477 1471 542 sumant,
1525 488 1628 527 nec
1659 470 1868 526 armati

220 568 627 635 incedant,sed
663 564 1183 636 professionissuaa
1209 562 1557 618 vocabulum
1580 559 1871 631 religiosis

220 659 487 715 moribus
518 661 574 712 et
605 654 878 725 religioso
904 653 1109 708 habitu
1134 654 1448 723 praebeant.
1482 651 1644 714 Quod
1669 648 1718 703 si
1738 665 1874 703 con-

220 746 594 817 tempserint,
627 750 906 814 tanquam
943 758 1244 798 sacrorum
1286 756 1576 796 canonum
1608 742 1871 794 contem-

222 841 420 907 ptores
470 840 527 889 et
588 832 995 887 ecclesiastica:
1047 830 1379 885 sanctitatis
1444 828 1871 900 profanatores,

223 925 443 998 proprii
476 923 694 996 gradus
726 920 1043 976 amissione
1078 918 1574 989 multentur,quia
1607 934 1724 972 non
1748 933 1874 987 pos-

221 1018 363 1069 sunt
394 1012 573 1067 simul
602 1011 717 1066 Deo
747 1017 805 1064 et
836 1011 1048 1065 saeculo
1080 1008 1356 1064 militare.

222 1113 357 1168 CAP.
388 1112 514 1167 287.
546 1140 616 1151 —-
646 1111 718 1164 De
746 1107 935 1163 eadem
963 1124 1044 1162 re.
1081 1109 1165 1231 (gn:
1192 1106 1424 1162 concilio
1453 1104 1874 1170 Aurelianensi,

948 1195 1067 1231 can.
1141 1220 1153 1231 .

948 1195 1067 1248 cap.
1099 1195 1153 1231 ν.

293 1269 657 1327 Omnimodis
690 1269 1001 1323 dicendum
1034 1273 1123 1323 est
1158 1267 1509 1338 presbyteris
1539 1271 1596 1319 et
1624 1264 1877 1319 diaconi-

224 1363 336 1416 bus
369 1368 433 1415 ul
464 1375 629 1415 arma
658 1374 774 1413 non
807 1362 1063 1428 portent,
1096 1356 1197 1411 sed
1255 1355 1440 1425 magis
1486 1354 1786 1409 confidant
1815 1353 1875 1408 in

226 1449 565 1506 defensione
599 1448 693 1503 Dei
727 1463 902 1518 quam
936 1447 994 1500 in
1027 1445 1226 1500 armis.

227 1554 360 1604 CAP.
392 1548 517 1601 288.
550 1578 619 1586 —
642 1547 715 1600 Ne
731 1543 1114 1599 ecclesiaslicav.
1142 1558 1392 1613 personae
1417 1558 1651 1597 canones
1669 1544 1763 1596 aut
1784 1557 1878 1595 ar-

322 1621 545 1690 cipitres
574 1617 833 1672 habeant.
867 1618 947 1670 Ex
976 1615 1206 1670 concilio
1239 1614 1532 1680 Meldensi,
1564 1631 1690 1685 cap.
1723 1614 1776 1666 8.

302 1709 475 1779 (Dist.
525 1709 615 1774 34,
665 1724 710 1762 c.
755 1704 1107 1776 Episcopum,
1154 1703 1587 1774 presbyterum.)
1645 1702 1879 1773 Episco-

234 1815 399 1870 pum,
434 1798 975 1870 presbyterum,aut
1001 1795 1315 1849 diaconum
1349 1809 1524 1848 canes
1555 1794 1626 1847 ad
1661 1809 1881 1847 venan-

237 1888 400 1953 dum,
435 1891 539 1941 aut
568 1885 1006 1956 accipitres,aut
1036 1882 1374 1954 hujusmodi
1408 1899 1499 1937 res
1530 1882 1743 1937 habere
1767 1900 1883 1937 non

234 1975 393 2032 licet.
427 1976 591 2039 Quod
623 1975 671 2029 si
702 1974 835 2044 quis
876 1972 1083 2027 talium
1120 1988 1503 2043 personarum
1552 1971 1609 2025 in
1643 1971 1750 2025 hac
1780 1989 1881 2026 vo-

235 2064 458 2121 luntate
501 2064 717 2136 saepius
765 2063 1031 2118 detectus
1078 2061 1275 2127 fuerit,
1329 2059 1379 2116 si
1429 2061 1739 2132 episcopus
1770 2066 1879 2130 est,

232 2155 423 2211 tribus
448 2153 751 2210 mensibus
779 2169 813 2207 a
843 2150 1255 2206 communione
1287 2151 1718 2221 suspendatur:
1746 2168 1880 2223 pre-

234 2245 434 2316 sbyter
464 2243 696 2299 duobus
722 2241 1030 2296 mensibus
1060 2258 1073 2309 ;
1106 2239 1389 2295 diaconus
1429 2256 1565 2295 vero
1616 2241 1687 2295 ab
1720 2241 1876 2295 omni

229 2333 420 2388 ofﬁcio
452 2336 509 2389 et
538 2330 951 2388 communione
983 2330 1402 2401 suspendatur.

229 2432 362 2487 CAP.
394 2432 521 2487 289.
554 2462 624 2472 ——-
650 2431 725 2485 De
751 2429 945 2486 eadem
972 2444 1053 2482 re.
1087 2429 1170 2553 ξας
1199 2429 1438 2484 concilio
1460 2428 1875 2498 Aurelianensi,

951 2517 1068 2553 can.
1143 2544 1154 2553 .

951 2517 1068 2571 cap.
1102 2517 1154 2555 ὅ.

299 2594 462 2663 (Dist.
494 2593 583 2658 34,
616 2608 664 2647 c.
697 2590 965 2649 Omnibus
988 2590 1206 2660 servis.)
1231 2588 1520 2644 Omnibus
1552 2589 1736 2645 servis
1776 2590 1878 2645 Dei

227 2682 651 2747 venationes,et
680 2679 976 2736 silvaticas
1011 2678 1349 2749 vagationes
1381 2694 1515 2732 cum
1549 2678 1880 2745 canibus,et

232 2775 295 2825 ut
319 2770 631 2841 accipitres
661 2774 714 2825 et
747 2768 1002 2823 falcones
1026 2783 1135 2822 non
1165 2767 1419 2821 habeant
1450 2766 1874 2824 interdicimus.

228 2867 362 2922 CAP.
397 2868 523 2921 290.
556 2897 627 2909 ——
660 2869 722 2923 Ut
766 2866 991 2921 clericos
1037 2864 1405 2921 discordantes
1449 2866 1730 2937 episcopus
1776 2883 1880 2921 sua

298 2944 574 3007 potestate
602 2939 881 2993 conciliet.
916 2940 994 2992 E1
1023 2936 1261 2993 concilio
1308 2938 1585 3007 Africano,
1628 2936 1754 3009 cap.
1809 2940 1879 2992 59

297 3013 440 3081 (con.
477 3010 664 3065 Carth.
698 3027 774 3074 1v,
808 3026 855 3065 c.
889 3010 1003 3079 59).

296 3097 1105 3169 (Dist.90,c.Discordantes.)Di
1116 3098 1456 3152 scordantes
1470 3098 1709 3154 clericos
1724 3099 1874 3169 epis-
1904 3120 1945 3186 ρ

224 3203 407 3258 copus
435 3187 522 3243 vel
555 3187 779 3243 ratione
808 3186 895 3243 vel
926 3190 1215 3258 potestate
1246 3189 1313 3241 ad
1348 3188 1717 3244 concordiam
1749 3194 1863 3245 tra-

224 3276 759 3344 hat,inobedientes
775 3276 1032 3349 synodus
1064 3292 1167 3348 per
1206 3277 1565 3332 audientiam
1610 3279 1867 3336 damnet.

226 3373 359 3429 CAP.
393 3373 518 3427 291.
559 3405 629 3414 -—
659 3375 731 3429 De
770 3375 985 3429 clericis
1016 3375 1114 3445 qui
1137 3376 1497 3446 proruperint
1527 3378 1585 3431 in
1618 3386 1868 3432 mutuam

292 3446 633 3518 eademﬁx
661 3447 893 3501 concilio
932 3447 1260 3516 Hilerdensi,
1314 3464 1430 3518 cap.
1485 3448 1519 3501 6
1549 3448 1722 3518 (conc.
1758 3450 1864 3504 Hi-

296 3517 559 3583 lerdensi,
590 3533 637 3573 c.
676 3519 781 3587 11).

292 3604 350 3658 Si
382 3605 483 3675 qui
525 3605 718 3660 clerici
768 3606 826 3660 in
882 3612 1150 3662 mutuam
1205 3608 1419 3663 eadem
1471 3609 1866 3679 proruperint,

220 3696 396 3762 prout
426 3694 684 3765 dignitas
715 3693 1038 3749 ofﬁciorum
1072 3696 1131 3750 in
1166 3696 1267 3750 tali
1299 3712 1537 3751 excessu
1575 3702 1871 3752 contume-

220 3780 362 3835 liam
394 3781 721 3853 pertulerit,
756 3800 788 3837 a
820 3784 1094 3853 pontifice
1143 3785 1470 3841 districtius
1517 3785 1865 3842 vindicetur.

221 3878 357 3932 CAP.
388 3879 516 3935 292.
548 3910 615 3919 —
647 3880 719 3934 De
748 3880 937 3935 eadem
980 3896 1060 3935 re.
1108 3881 1194 3935 Ex
1232 3881 1439 3949 eodem,
1486 3898 1607 3952 cap.
1636 3882 1669 3933 7
1700 3882 1870 3952 (inter

858 3952 1221 4023 fragmenta).

294 4038 494 4094 Frater
520 4038 581 4094 in
632 4039 868 4095 fratrem
912 4042 961 4095 si
1008 4057 1188 4095 ausus
1237 4041 1412 4096 fuerit
1458 4058 1698 4097 manum
1729 4044 1867 4098 mit-

220 4129 364 4194 tere,
395 4127 719 4197 legitimam
753 4128 1127 4200 disciplinam
1157 4129 1424 4199 accipiat.

221 4214 359 4270 CAP.
392 4216 516 4271 293.
540 4247 609 4256 —
641 4218 801 4284 Quod
826 4226 1033 4286 septem
1061 4217 1284 4272 diaconi
1325 4219 1607 4287 sufﬁciant
1638 4222 1695 4274 in
1727 4237 1869 4276 una-

292 4288 800 4365 quaqueEcclesia.
839 4293 927 4345 Ε.»
956 4290 1187 4358 epistola
1215 4290 1451 4346 Fabiani
1477 4307 1658 4364 papae,
1692 4310 1812 4365 cap.
1837 4296 1873 4347 2

290 4359 473 4430 (epist.
504 4360 558 4427 1,
592 4358 799 4430 initio).

287 4450 522 4518 Septem
553 4464 689 4520 ergo
718 4448 949 4505 diaconi
980 4454 1121 4506 sunt
1152 4449 1210 4505 in
1244 4451 1387 4507 urbe
1431 4455 1615 4508 Roma
1644 4470 1747 4524 per
1777 4470 1869 4510 se-

218 4538 379 4603 ptem
412 4533 677 4606 regiones
717 4535 989 4606 civitatis,
1034 4537 1187 4592 sicut
1234 4556 1267 4593 a
1314 4540 1588 4596 Patribus
1638 4541 1865 4612 accepi-

219 4623 485 4693 mus,qui
501 4640 601 4694 per
615 4624 883 4697 singulas
898 4625 1300 4683 hebdomadas
1315 4633 1372 4684 et
1388 4628 1723 4685 Dominicos
1741 4631 1866 4685 dies

218 4714 395 4779 atque
425 4710 807 4768 festivitatem
840 4713 1294 4785 solemnia,cum
1326 4717 1786 4772 subdiaconibus
1808 4721 1867 4773 et

216 4797 460 4871 acolytis
490 4816 555 4855 ac
588 4803 960 4872 sequentium
980 4805 1254 4860 ordinum
1284 4804 1866 4876 ministris,injuncta

212 4886 331 4945 sibi
362 4889 670 4945 observent
700 4891 1051 4963 ministeria,
1081 4898 1135 4949 et
1165 4895 1353 4966 parati
1395 4894 1555 4949 omni
1603 4894 1745 4949 hora
1776 4895 1863 4948 di-

210 4978 418 5035 vinum
451 4980 711 5038 ofﬁcium
736 4982 941 5053 sint,et
973 4982 1257 5055 quidquid
1277 4982 1360 5039 eis
1384 4982 1716 5055 injungitur
1736 4999 1864 5055 per-

212 5069 818 5139 agendum.Similiter
847 5077 905 5127 et
936 5072 1300 5144 vobis,proul
1324 5077 1722 5144 opportunum
1749 5073 1866 5126 fue-

209 5156 419 5228 rit,per
440 5159 706 5230 singulas
727 5160 991 5216 civitates
1024 5166 1115 5216 est
1142 5162 1479 5218 faciendum
1513 5166 1578 5216 ut
1598 5161 1862 5217 divinum

210 5244 440 5316 absque
470 5246 591 5301 ulla
622 5263 784 5302 mora
817 5252 921 5303 aut
952 5248 1311 5321 negligentia
1359 5250 1623 5307 studiose
1671 5266 1737 5305 ac
1771 5266 1863 5305 so-

208 5332 489 5389 lemniter
521 5340 728 5406 agatur
756 5336 1041 5392 ofﬁcium.

212 5422 348 5477 CAP.
378 5421 505 5478 294.
536 5452 606 5464 -—
632 5423 709 5478 De
736 5423 1134 5553 eadem
1145 5427 1380 5483 concilio
1408 5427 1859 5497 Neoczsariensi,

536 5552 539 5553 ν
984 5514 1037 5553 υ.
1143 5537 1155 5553 .

980 5514 1037 5568 p.
1069 5514 1155 5554 ia.

287 5580 446 5652 (Dist.
477 5552 570 5653 93,
599 5596 647 5640 c.
678 5580 913 5641 Diaconi
940 5552 1190 5658 séptem).
1212 5586 1453 5645 Diaconi
1482 5592 1709 5660 septem
1732 5603 1862 5645 esse

1979 467 2421 539 vitas.Idipsum
2454 473 2649 523 autem
2682 472 2738 522 et
2768 471 3020 521 Actuum
3052 461 3447 535 apostolorum
3477 461 3625 515 liber

1980 557 2243 611 insinuat
2272 560 2408 625 (Act.
2443 560 2538 627 VI).

1982 642 2108 697 CAP.
2142 645 2267 698 295.
2312 675 2367 683 ——
2401 648 2540 698 Item
2571 644 2638 698 de
2676 642 2862 697 eadem
2909 658 2985 696 re.
3041 642 3122 693 Ea:
3159 640 3389 695 concilio
3419 639 3620 708 episeo-

2050 730 2257 838 porugi
2318 718 2413 785 qui
2464 718 2523 769 in
2569 718 2783 785 Ancyra
2826 718 2878 769 et
2923 716 3195 769 Caasareca
3238 716 3625 776 convenerunt,

2053 802 2171 838 σαυ.
2245 830 2257 838 .

2053 802 2171 856 cap.
2204 802 2257 841 θ.

2058 875 2289 930 Diaconi
2339 880 2558 946 septem
2614 892 2741 929 esse
2790 875 3003 928 debent
3062 873 3389 928 secundum
3453 887 3626 941 regu-

1984 963 2126 1033 lam,
2176 966 2449 1035 quamvis
2500 982 2716 1036 magna
2748 966 2824 1019 sit
2848 964 3085 1027 civitas;
3134 962 3227 1016 cui
3260 959 3475 1031 regulae
3526 976 3629 1013 au-

1986 1054 2224 1109 ctoritas
2267 1054 2375 1109 erit
2426 1054 2573 1107 liber
2618 1057 2869 1107 Actuum
2919 1050 3316 1121 apostolorum
3360 1050 3491 1118 (Act.
3524 1050 3627 1115 v1).

1985 1154 2120 1209 CAP.
2153 1153 2277 1207 296.
2314 1184 2379 1191 —
2418 1153 2479 1208 Ut
2509 1152 2733 1205 diaconi
2781 1166 2963 1204 coram
3009 1148 3351 1219 presbyteris
3382 1162 3497 1200 non
3544 1160 3629 1199 se-

2058 1226 2252 1279 deant.
2293 1226 2373 1278 Ea:
2403 1222 2647 1278 concilio
2698 1223 3043 1286 Laodicensi,
3093 1236 3212 1291 cap.
3263 1220 3334 1272 2O
3383 1220 3451 1289 (et
3480 1232 3629 1272 conc.

2058 1295 2345 1365 Agathen.,
2377 1312 2423 1349 c.
2456 1296 2545 1349 65.

2059 1387 2222 1447 (Dist.
2264 1384 2354 1452 93,
2406 1400 2452 1438 c.
2504 1385 2619 1438 Non
2683 1386 2935 1452 oportet.)
2986 1381 3145 1446 Quod
3204 1396 3318 1433 non
3370 1380 3635 1448 oporteat

1987 1473 2298 1527 diaconum
2332 1489 2526 1527 coram
2585 1472 2925 1543 presbytero
2976 1470 3197 1537 sedere,
3232 1468 3331 1522 sed
3358 1467 3630 1538 jussione

1986 1562 2311 1633 presbyteri
2339 1563 2561 1616 sedeat.
2594 1560 2879 1615 Similiter
2910 1568 3102 1613 autem
3156 1557 3418 1612 diaconis
3450 1558 3635 1611 honor

1989 1651 2276 1707 habeatur
2301 1652 2373 1706 ab
2404 1649 2950 1721 obsequentibus,id
2984 1653 3073 1703 est
3103 1665 3135 1702 a
3168 1646 3635 1713 subdiaconis,et

1910 1749 1958 1813 B
1991 1741 2266 1795 omnibus
2297 1739 2541 1795 clericis.

1995 1829 2127 1883 CAP.
2160 1828 2283 1883 297.
2314 1860 2385 1869 —
2419 1829 2494 1881 Ne
2540 1827 2758 1881 diaconi
2798 1824 3131 1897 presbyteris
3168 1841 3225 1878 se
3271 1832 3630 1895 anteponant.

1991 1902 2075 1955 Ea:
2102 1904 2334 1955 concilio
2368 1901 2631 1964 Toletano,
2665 1916 2788 1969 cap.
2824 1899 2892 1951 30
2918 1898 3089 1968 (conc.
3124 1897 3232 1951 Tol.
3274 1913 3352 1963 iv,
3384 1898 3626 1967 cap.38).

2062 1989 2221 2055 (Dist.
2253 1991 2341 2056 93,
2375 2006 2421 2045 c.
2464 1988 2738 2044 Nonnulli
2783 1987 3047 2055 diaconi.)
3097 1983 3372 2041 Nonnulli
3405 1984 3637 2039 diaconi

1991 2078 2051 2133 in
2082 2083 2306 2133 tantam
2337 2083 2657 2149 erumpunt
2678 2076 3110 2146 superbiam,ut
3132 2091 3258 2130 sese
3282 2074 3636 2146 presbyteris

1989 2172 2547 2238 anteponant,atque
2570 2166 2626 2220 in
2660 2167 2850 2235 primo
2882 2165 3060 2221 choro
3092 2164 3204 2234 ipsi
3238 2164 3460 2234 priores
3484 2169 3639 2218 stare

1989 2264 2363 2327 prmsumant,
2394 2254 2752 2326 presbyteris
2778 2254 2834 2307 in
2864 2253 3118 2307 secundo
3149 2252 3326 2307 choro
3357 2253 3637 2306 constitu-

1988 2345 2242 2415 tis.Ergo
2269 2350 2331 2398 ut
2351 2342 2727 2397 sublimiores
2756 2340 2867 2395 sibi
2901 2341 3277 2412 presbyteros
3300 2344 3638 2411 agnoscant,

1988 2438 2108 2487 tam
2140 2432 2199 2485 hi
2234 2448 2408 2502 quam
2446 2430 2527 2484 illi
2562 2430 2621 2484 in
2652 2436 2900 2499 utroque
2932 2430 3107 2483 choro
3137 2429 3485 2483 consistant.

1988 2528 2122 2583 CAP.
2154 2529 2279 2582 298.
2313 2559 2379 2568 —
2414 2528 2473 2583 Ut
2520 2525 2813 2581 exoreistae
2860 2526 3248 2593 energumenis
3294 2542 3495 2578 manus
3530 2525 3632 2578 im—

2052 2604 2283 2670 ponant.
2317 2600 2399 2653 Ea;
2440 2598 2675 2653 concilio
2728 2597 3168 2665 Carthaginensi,
3208 2612 3331 2664 cap.
3361 2598 3432 2649 20
3463 2597 3632 2666 (conc.

2060 2671 2245 2727 Carth.
2281 2687 2355 2738 iv,
2387 2687 2433 2724 c.
2467 2670 2581 2739 90).

2056 2760 2151 2831 (De
2178 2776 2322 2815 cons.
2352 2759 2456 2814 dis.
2483 2761 2537 2826 5,
2567 2759 2801 2814 c.0mni
2831 2757 2971 2828 die.)
3006 2754 3177 2811 Omni
3209 2756 3302 2811 die
3332 2755 3632 2811 exorcistae

1989 2848 2403 2920 energumenis
2441 2865 2646 2903 manus
2678 2848 3009 2919 imponant.

1987 2952 2118 3003 CAP.
2152 2949 2276 3003 299.
2310 2978 2377 2987 ——
2411 2952 2487 3002 De
2515 2947 2722 3001 honore
2764 2946 3036 2998 universis
3077 2944 3369 2998 ordinibus
3414 2924 3631 3013 compe-

2129 3021 2415 3074 tenteeEx
2442 3019 2669 3074 decretis
2700 3017 2753 3070 S.
2790 3016 3052 3086 Sylvestri
3077 3032 3254 3086 popae,
3285 3032 3403 3086 cap.
3434 3016 3486 3067 4.

2055 3112 2137 3164 Ita
2170 3110 2379 3163 fratres
2406 3108 2577 3179 jubet
2608 3106 2881 3161 actoritas
2912 3104 3109 3159 divina
3142 3109 3197 3158 et
3228 3104 3484 3159 afﬁrmat
3515 3109 3569 3155 ut
3600 3118 3632 3156 a

1983 3198 2345 3254 subdiacono
2378 3212 2565 3268 usque
2599 3197 2669 3250 ad
2705 3194 2977 3249 lectorem
3020 3209 3225 3248 omnes
3258 3191 3478 3247 subditi
3512 3190 3633 3244 sint

1979 3288 2242 3342 diacono.
2277 3284 2573 3340 Cardinali
2608 3284 2771 3339 urbis
2805 3284 3000 3338 Romae
3038 3283 3095 3335 in
3153 3280 3412 3336 Ecclesia
3444 3280 3631 3334 hono-

1978 3394 2100 3432 rem
2116 3378 2775 3446 repraesentantestantu
2788 3371 3135 3427 m.Pontiﬁci
3157 3388 3288 3426 vero
3304 3369 3628 3441 presbyter,

1976 3465 2283 3531 diaconus,
2318 3461 3037 3533 subdiaconus.acolytus,
3078 3459 3386 3523 exorcista,
3421 3458 3624 3525 lector,

1977 3554 2182 3619 abbas,
2218 3552 2545 3607 monachus
2570 3552 2625 3604 in
2660 3551 2820 3605 omni
2851 3550 2974 3605 loco
3007 3552 3425 3622 repraesentant
3456 3547 3624 3601 obse-

1979 3643 2208 3716 quium,
2241 3642 2358 3697 sive
2402 3641 2461 3695 in
2514 3639 2745 3711 publico
2796 3639 2915 3695 sive
2964 3640 3021 3693 in
3074 3640 3296 3709 gremio
3343 3635 3620 3691 ecclesias.

1978 3741 2107 3797 CAP.
2142 3741 2265 3795 300.
2297 3771 2365 3779 —
2398 3741 2470 3793 De
2498 3738 2874 3793 sacerdotibus
2923 3738 3019 3806 qui
3064 3738 3433 3790 ministerium
3462 3751 3623 3788 suum

2046 3813 2351 3882 adimplere
2378 3811 2652 3874 nesciunt,
2684 3827 2781 3865 nec
2799 3810 3010 3863 discere
3040 3809 3246 3863 volunt.
3280 3808 3361 3860 Ex
3390 3809 3622 3862 concilio

2048 3885 2463 3949 Aurelianensi,
2494 3899 2611 3953 cap.
2644 3884 2697 3935 6.

2051 3974 2395 4029 Sacerdotes
2425 3973 2526 4043 qui
2558 3972 2667 4026 rite
2699 3987 2813 4025 non
2842 3969 3080 4041 sapiunt
3103 3967 3425 4036 adimplere
3458 3965 3626 4019 mini-

1979 4064 2223 4118 sterium
2256 4078 2455 4126 suum,
2489 4077 2592 4115 nec
2641 4060 2864 4114 discere
2899 4060 3068 4127 juxta
3119 4060 3473 4125 praeceptum
3506 4053 3625 4123 epi—

1979 4167 2289 4223 scoporum
2335 4165 2602 4211 suorum,
2658 4164 2760 4217 pro
2807 4148 3029 4199 viribus
3072 4146 3367 4213 satagunt,
3403 4146 3457 4196 et
3488 4157 3625 4195 con-

1978 4244 2298 4311 temptores
2322 4252 2612 4291 canonum
2647 4233 3005 4299 existunt,ab
3022 4231 3213 4287 ofﬁcio
3228 4229 3462 4302 proprio
3486 4234 3626 4284 sunt

1981 4326 2389 4392 submovendi,
2423 4338 2731 4394 quousque
2762 4322 2881 4375 haec
2913 4320 3163 4389 pleniter
3192 4319 3500 4375 emendata
3528 4317 3629 4373 ha-

1980 4418 2178 4472 beant.

1900 4492 1949 4556 D
1982 4506 2107 4562 CAP.
2137 4503 2335 4557 301.—
2371 4502 2432 4557 Ut
2460 4501 2648 4555 clerici
2676 4515 2785 4554 non
2814 4503 3142 4568 reputentur
3162 4499 3261 4568 qui
3288 4496 3388 4550 sub
3414 4497 3627 4550 nullius

2043 4578 2287 4658 episcopi
2327 4573 2623 4700 digiplina
2652 4573 3034 4626 inveniuntur.
3068 4574 3155 4625 Ea:
3195 4568 3428 4623 concilio
3462 4571 3627 4623 Pari-

2044 4664 2239 4700 siensi.
2274 4662 2324 4699 c.
2433 4687 2445 4700 .

2044 4664 2239 4712 stensi,
2274 4662 2324 4699 c.
2361 4662 2445 4700 1U.

2044 4736 2204 4806 (Dist.
2234 4736 2326 4802 93,
2376 4750 2425 4787 c.
2469 4731 2634 4787 Nulla
2671 4729 2933 4801 ratione.)
2966 4727 3139 4784 Nulla
3173 4727 3397 4784 ratione
3429 4727 3627 4783 clerici

1976 4830 2076 4881 aut
2090 4825 2428 4880 sacerdotes
2441 4820 2699 4876 habendi
2722 4819 2987 4889 sunt,qui
3001 4819 3111 4874 sub
3131 4819 3354 4873 nullius
3367 4818 3627 4889 episcopi

1975 4914 2288 4985 disciplina
2320 4916 2377 4965 et
2410 4908 2774 4982 providentia
2802 4910 3228 4980 gubernantur.
3256 4906 3425 4962 Tales
3467 4907 3624 4961 enim

1973 5002 2306 5074 acephalos,
2342 5001 2395 5054 id
2429 5002 2519 5055 est
2551 4998 2677 5053 sine
2700 4997 2910 5069 capite,
2942 4998 3138 5070 prisca
3177 4995 3443 5052 Ecclesiae
3483 5012 3620 5050 con-

1974 5092 2221 5148 suetudo
2254 5086 2599 5145 nominavit.

1972 5186 2101 5237 CAP.
2133 5182 2258 5235 302.
2292 5210 2361 5219 —-
2396 5181 2458 5235 Ut
2480 5178 2672 5233 clerici
2701 5177 2863 5233 liberi
2890 5179 3025 5247 facti
3056 5196 3087 5233 a
3119 5178 3358 5233 dominis
3386 5177 3623 5247 suis,er

2041 5254 2303 5309 honorent
2331 5261 2383 5306 et
2409 5252 2671 5305 canonice
2699 5245 2959 5305 serviant.
2992 5252 3074 5306 Ex
3101 5250 3332 5305 concilio
3354 5246 3495 5317 apud
3526 5245 3620 5299 Αι-

2041 5326 2208 5380 theim
2241 5321 2501 5395 [Alteum]
2538 5322 2744 5389 habito,
2773 5339 2817 5378 c.
2852 5322 2939 5376 38.

2040 5414 2254 5470 Nullus
2268 5413 2517 5468 clericus
2540 5411 2611 5465 ad
2634 5410 2882 5482 gradum
2907 5409 3254 5481 presbyterii
3278 5419 3619 5477 promovea-

1968 5502 2205 5569 tur,nisi
2230 5507 2294 5558 ut
2315 5502 2601 5569 scriptum
2634 5500 2691 5552 in
2721 5498 3044 5552 canonibus
3066 5499 3349 5550 habetur:
3377 5493 3433 5547 Si
3459 5494 3617 5549 enim

1972 5596 2209 5663 propter
2239 5591 2339 5647 Dei
2370 5587 2742 5646 dilectionem
2776 5586 2908 5656 quis
2940 5585 3009 5639 de
3040 5584 3222 5639 servis
3262 5583 3389 5640 suis
3412 5599 3622 5654 quem-
