3994 6052
235 292 343 348 509

1303 292 1612 345 DECRETI
1656 293 1838 344 PARS
1870 288 1969 344 VI.
1995 317 2061 328 -—-
2094 291 2189 342 DE
2228 290 2570 343 CLERlClS.

3540 288 3648 341 510

232 419 481 473 diversa.
516 417 597 471 Ex
627 416 713 470 eis
742 430 880 486 ergo
911 414 1012 487 qui
1040 414 1293 469 voluerit
1333 414 1595 485 acquirat
1625 413 1886 485 corporis
1917 415 1964 477 Α
1989 413 2090 481 jus
2120 416 2335 469 sanctae
2367 413 2523 469 sedis
2555 412 2898 467 auctoritate
2927 411 3228 479 ﬁniantur,
3244 412 3485 468 sicutab
3508 428 3644 482 apo-

228 510 579 577 opportuna.
618 504 705 560 Ait
738 505 895 561 enim
930 502 1245 573 Apostolus
1280 520 1293 557 :
1354 503 1430 557 Ad
1473 519 1537 558 ea
1585 517 1711 572 qua:
1740 501 1889 556 mihi

230 612 362 667 Opus
388 599 569 661 erant,
602 598 657 648 et
708 593 793 647 his
841 594 937 663 qui
992 608 1207 647 mecum
1260 600 1389 647 sunt
1434 593 1889 646 ministraverunt

230 702 431 740 manus
462 686 585 740 istm
616 685 753 755 (Act.
785 684 900 752 xx).
937 685 1003 735 Et
1047 681 1167 737 hac
1215 680 1453 752 quidem
1504 679 1563 735 in
1613 680 1722 734 hac
1767 695 1887 734 ser-

229 775 420 829 vanda
453 774 616 827 urbe.
648 772 931 826 Caeterum
961 771 1019 825 in
1054 770 1204 825 villis
1238 788 1363 842 quae
1396 770 1538 825 foris
1568 773 1727 837 sunt,
1751 785 1888 840 pro-

228 868 357 934 pter
387 863 642 933 inopiam
672 860 986 916 hominum
1020 860 1413 930 indulgeatur.

225 962 361 1016 CAP.
396 961 519 1014 312.
554 990 623 999 —
653 961 787 1014 Ante
806 958 1201 1013 discussionem
1233 974 1344 1013 non.
1374 973 1487 1012 esse
1514 956 1889 1028 suscipiendos

297 1041 658 1087 accusatores.
692 1031 983 1085 Anacletus
1014 1032 1071 1084 in
1103 1031 1269 1085 tertio
1300 1030 1570 1085 decretali
1596 1045 1693 1084 suo
1725 1031 1887 1100 (Eva-

296 1106 441 1159 ritus
471 1120 556 1174 ep.
586 1104 642 1169 2,
673 1112 807 1157 ante
827 1102 1112 1170 medium).

297 1194 374 1265 (2,
407 1210 458 1263 q.
489 1193 546 1261 7,
578 1208 625 1248 c.
660 1191 720 1246 Si
750 1194 847 1264 qui
873 1195 1002 1247 sunt
1039 1190 1487 1262 vituperatores.)
1528 1190 1586 1246 Si
1618 1188 1718 1261 qui
1750 1195 1890 1247 sunt

222 1281 649 1352 vituperatores
681 1284 784 1334 aut
813 1284 1187 1335 accusatores
1208 1278 1618 1350 episcoporum
1642 1277 1729 1332 vel
1754 1277 1887 1332 reli-

225 1386 481 1441 quorum
515 1370 909 1437 sacerdotum,
945 1385 1059 1424 non
1093 1372 1322 1440 oportet
1360 1384 1459 1423 eos
1509 1384 1542 1422 a
1581 1366 1887 1438 judicibus

225 1458 499 1513 Ecclesiae
528 1458 741 1527 audiri,
773 1463 1091 1527 antequam
1124 1474 1327 1513 eorum
1358 1456 1711 1512 discutiatur
1739 1456 1889 1511 esti-

231 1547 513 1603 mationis
543 1546 827 1619 suspicio,
855 1546 947 1602 vel
978 1547 1197 1618 opinio,
1231 1563 1347 1617 qua
1395 1545 1739 1612 intentione,
1771 1562 1887 1616 qua

230 1637 370 1702 ﬁde,
424 1652 542 1708 qua
588 1635 938 1701 temeritate,
988 1652 1107 1706 qua
1154 1635 1296 1701 vita,
1344 1652 1460 1707 qua
1509 1633 1887 1698 conscientia,

230 1740 420 1797 quove
455 1723 682 1793 merito,
716 1726 764 1780 si
799 1740 902 1797 pro
936 1724 1073 1790 Deo,
1108 1733 1209 1779 aut
1240 1741 1343 1794 pro
1374 1740 1523 1779 vana
1553 1722 1759 1793 gloria,
1791 1728 1893 1778 aut

226 1814 540 1869 inimicitia
568 1813 653 1870 vel
686 1813 839 1881 odio,
876 1812 962 1869 vel
994 1812 1316 1885 cupiditate
1347 1812 1463 1868 ista
1493 1827 1887 1884 praesumpse-

227 1904 370 1970 rint,
406 1921 510 1960 nee
542 1921 632 1959 ne.

226 1993 363 2049 CAP.
400 1993 525 2047 313.
560 2024 627 2033 ——
652 1994 897 2050 Clericos
928 2008 1038 2047 non
1084 2007 1199 2047 esse
1243 1991 1579 2047 accusandos
1626 2007 1662 2046 α
1703 1992 1886 2048 laicis.

299 2065 646 2135 Telesphorus
686 2081 831 2135 papa
864 2066 923 2119 in
951 2066 1132 2136 primo
1181 2063 1445 2119 decretali
1492 2079 1587 2119 suo
1634 2063 1891 2118 omnibus

299 2138 562 2209 episcopis
594 2137 736 2207 (cap.
768 2136 845 2207 4).

299 2226 465 2281 Sicut
498 2225 630 2281 laici
658 2224 969 2281 saeculares
1001 2224 1273 2280 homines
1305 2224 1513 2280 nolunt
1543 2222 1783 2279 clericos
1806 2238 1891 2278 re-

230 2315 424 2386 cipere
455 2314 514 2370 in
546 2314 1023 2371 accusationibus
1054 2320 1111 2369 et
1142 2313 1627 2369 infamationibus
1657 2312 1893 2381 suis,ita

230 2421 338 2460 nec
370 2404 563 2460 clerici
587 2405 801 2460 debent
820 2420 915 2459 eos
934 2402 1189 2474 recipere
1209 2402 1265 2457 in
1286 2402 1725 2475 pulsationibus
1743 2400 1890 2465 suis,

232 2494 512 2564 quoniam
547 2494 605 2548 in
638 2493 917 2548 omnibus
948 2492 1201 2548 discreta
1230 2493 1403 2547 debet
1434 2508 1665 2563 semper
1685 2507 1813 2545 esse
1836 2494 1892 2544 et

233 2590 542 2655 segregata
568 2584 710 2649 vita,
731 2586 787 2638 et
818 2581 1180 2638 conversatio
1202 2582 1548 2638 clericorum
1572 2597 1638 2636 ac
1659 2580 1893 2636 saecula-

230 2672 383 2727 rium
420 2672 727 2727 laicorum.

229 2771 357 2827 CAP.
392 2770 519 2825 314.
552 2800 620 2810 —
649 2771 848 2838 Vulgus
876 2786 986 2824 non
1016 2786 1132 2825 esse
1164 2769 1555 2839 recipiendum
1584 2769 1643 2823 in
1671 2783 1891 2822 accusa-

297 2845 445 2984 tione
480 2843 858 2974 gqrerdotum.
890 2843 1067 2896 Paulo
1114 2846 1236 2913 post
1286 2843 1347 2896 in
1389 2841 1576 2895 eodem
1623 2839 1894 2895 decretali

322 2931 445 2984 cap.
545 2954 559 2967 .

302 3003 377 3074 (6,
411 3018 464 3073 q.
504 3003 551 3071 1,
581 3017 701 3072 cap.
733 3001 1100 3072 Sacerdotes.)
1147 3002 1492 3058 Sacerdotes
1524 3001 1624 3071 qui
1659 3000 1890 3072 proprio

233 3109 331 3147 ore
362 3108 576 3162 corpus
598 3090 826 3146 Domini
851 3091 1271 3157 conficiunt,ab
1295 3091 1571 3145 omnibus
1594 3094 1734 3145 sunt
1757 3090 1892 3144 obe-

1997 501 2165 557 stolis
2185 518 2502 571 eorumque
2524 501 2965 557 successoribus
2997 500 3317 557 multorum
3352 518 3641 557 consensu

1999 592 2429 663 episcoporum,
2472 593 2599 663 jam
2650 592 2969 647 difﬁnitum
3013 596 3121 647 est.
3166 590 3281 646 Nec
3330 592 3386 645 in
3440 608 3640 645 eorum

1998 680 2271 737 Ecclesiis
2304 681 2402 736 alii
2432 686 2533 736 aut
2564 685 2999 752 prmponantur,
3034 684 3136 735 aut
3166 682 3648 745 ordinentur,an-

1998 775 2234 842 tequam
2266 771 2359 825 hic
2390 787 2590 825 eorum
2616 771 2777 839 juste
2802 770 3192 825 terminentur
3221 770 3455 841 negotia
3484 770 3559 839 (3,
3593 786 3643 840 q.

1997 861 2051 926 6,
2083 876 2129 915 c.
2156 861 2448 931 quamvis.)
2493 859 2802 925 Quoniam,
2828 858 3095 929 quamvis
3127 858 3301 913 liceat
3331 859 3482 929 apud
3516 875 3646 929 pro-

1997 949 2274 1005 vinciales
2306 954 2360 1004 et
2391 947 2871 1019 metropolitanos
2902 953 3077 1018 atque
3110 948 3413 1018 primates.
3445 964 3645 1003 eorum

1997 1039 2277 1094 ventilare
2307 1038 2709 1094 accusationes
2730 1036 2816 1092 vel
2840 1036 3426 1105 criminationes,non
3450 1041 3646 1092 tamen

1998 1126 2135 1183 licet
2155 1128 2589 1184 difﬁniresecus
2604 1143 2778 1197 quam
2796 1127 3138 1198 prmdictum
3153 1125 3649 1197 est.Reliquorum

1999 1234 2131 1272 vero
2156 1215 2497 1273 clericorum
2532 1232 2740 1271 causas
2771 1216 2926 1286 apud
2958 1213 3346 1286 provinciales
3361 1218 3419 1269 et
3441 1217 3651 1269 metro-

1999 1306 2311 1377 politanos,
2336 1310 2394 1362 et
2424 1305 2704 1377 primates
2735 1302 3035 1373 ventilare,
3058 1304 3290 1372 etjuste
3309 1302 3650 1359 ﬁnirelicet.

1998 1394 2373 1449 Judicantem
2391 1398 2586 1448 tamen
2602 1396 2829 1465 oportet
2843 1396 3053 1447 cuncta
3074 1391 3365 1459 rimari,et
3387 1391 3648 1446 ordinem

2000 1499 2193 1538 rerum
2224 1482 2397 1555 plena
2427 1482 2809 1553 inquisitione
2840 1480 3567 1551 discutere,interrogandi
3587 1498 3653 1535 ac

1999 1571 2362 1643 proponendi
2423 1570 2854 1642 adjiciendique
2884 1570 3125 1641 praebita
3155 1570 3435 1641 patientia
3461 1570 3533 1625 ab
3565 1586 3650 1639 eo,

1999 1667 2065 1717 ut
2098 1660 2174 1715 ibi
2207 1661 2355 1716 actio
2386 1661 2697 1716 ambarum
2729 1659 2983 1730 partium
3017 1658 3269 1713 limitata
3291 1658 3652 1729 sitpleniter.

1923 1782 1967 1849 Β
1998 1768 2135 1824 CAP.
2176 1769 2300 1823 317.
2331 1797 2401 1849 7-—
2449 1768 2583 1849 Non_
2618 1765 3137 1849 essenfudicandum
3183 1765 3360 1849 donec
3395 1767 3655 1836 utrinque

2267 1848 2340 1895 szt
2363 1843 2707 1909 peroratum.
2739 1838 2941 1893 Ibidem
2971 1838 3385 1909 (consequente).

2068 1929 2181 1985 Nec
2210 1928 2579 2001 litigantibus
2605 1928 2784 1997 judex
2810 1927 2974 1997 prius
3026 1943 3135 1981 sua
3181 1926 3315 1982 velit
3366 1926 3656 1982 sententia

1997 2018 2371 2085 obviare,nisi
2395 2018 2627 2087 quando
2650 2017 2903 2088 ipsijam
2928 2015 3181 2088 peractis
3203 2016 3481 2071 omnibus
3505 2014 3651 2069 nihil

1997 2107 2250 2163 habeant
2279 2107 2339 2162 in
2391 2108 2714 2179 quaestione
2761 2106 2913 2177 quod
2964 2108 3308 2177 proponant,
3344 2109 3399 2161 et
3446 2105 3652 2160 tandiu

1999 2196 2150 2252 actio
2179 2195 2514 2262 ventilatur,
2548 2211 2857 2267 quousque
2888 2195 2958 2249 ad
2988 2194 3069 2249 rei
3099 2193 3400 2249 veritatem
3448 2210 3654 2265 perve-

1998 2286 2212 2341 niatur.
2250 2287 2601 2357 Frequenter
2630 2284 2988 2354 interrogare
3023 2288 3270 2355 oportet,
3305 2298 3376 2338 ne
3430 2281 3651 2354 aliquid

1999 2375 2463 2447 praetermissum
2498 2376 2645 2429 forte
2677 2376 2996 2442 remaneat,
3016 2373 3172 2443 quod
3197 2373 3427 2428 adnecti
3452 2388 3656 2427 conve-

2001 2464 2242 2534 niat.(3,
2270 2462 2665 2534 q.3,lnduciae
2684 2478 2795 2517 non
2815 2461 2985 2528 mod.)
3026 2461 3279 2515 Inducize
3328 2460 3481 2516 enim
3538 2478 3651 2515 non

2002 2551 2243 2606 modicae
2276 2552 2346 2606 ad
2380 2551 2799 2621 inquirendum
2859 2550 3063 2605 dandas
3112 2555 3272 2617 sunt,
3308 2566 3379 2604 ne
3429 2548 3654 2619 aliquid

2002 2656 2364 2711 praepropere
2378 2641 2471 2712 agi
2492 2658 2525 2694 a
2544 2655 2896 2710 quacunque
2913 2644 3076 2709 parte
3096 2637 3529 2708 videatur,quia
3553 2654 3653 2707 per

2000 2729 2435 2801 subreptionem
2496 2728 2681 2783 multa
2733 2727 3118 2799 proveniunt:
3152 2728 3231 2798 (2,
3263 2744 3313 2798 q.
3350 2728 3401 2796 1,
3424 2744 3469 2781 c.
3504 2727 3659 2781 Nihil

2000 2820 2244 2889 contra.)
2274 2818 2428 2873 Nihil
2463 2823 2656 2872 tamen
2685 2818 2908 2889 absque
2937 2816 3200 2888 legitimo
3231 2822 3288 2871 et
3319 2816 3527 2871 idoneo
3557 2831 3653 2869 ac-

2000 2910 2269 2962 cusatore
2293 2907 2565 2962 ﬂat.Nam
2591 2910 2647 2962 et
2668 2906 2951 2961 Dominus
2970 2910 3170 2961 noster
3189 2905 3364 2960 Jesus
3387 2904 3658 2959 Christus

1999 2997 2211 3053 Judam
2245 3013 2374 3052 esse
2406 2997 2594 3051 furem
2627 2996 2871 3063 sciebat,
2896 2996 3017 3064 sed,
3050 2994 3190 3066 quia
3220 3011 3335 3049 non
3368 2998 3458 3048 est
3490 3010 3659 3048 accu-

2002 3091 2189 3153 satus,
2211 3086 2339 3141 ideo
2372 3102 2486 3141 non
2533 3087 2622 3140 est
2660 3083 2910 3152 ejectus;
2934 3089 2990 3139 et
3015 3082 3303 3155 quidquid
3339 3083 3491 3137 inter
3519 3099 3660 3153 apo-

234 3179 433 3235 diendi
467 3153 629 3250 iforle
677 3179 1052 3248 obaudiendi]
1104 3153 1186 3235 et-
1208 3179 1478 3244 timendi,
1512 3196 1627 3234 non
1680 3178 1897 3234 dilace-
1928 3153 1971 3220 (ἶ
2003 3175 2183 3231 stolos
2213 3178 2347 3245 egit,
2370 3192 2473 3245 pro
2506 3174 2792 3246 dignitate
2822 3153 3156 3241 ministerii,
3183 3153 3381 3227 ratum
3417 3172 3657 3226 mansit.

235 3268 403 3323 randi
436 3273 538 3323 aut
566 3268 933 3338 detrahendi,
967 3268 1105 3339 quia
1135 3286 1169 3324 a
1198 3268 1414 3339 quibus
1445 3285 1507 3323 se
1540 3267 1763 3323 Domini
1794 3284 1893 3339 po-

240 3358 417 3430 pulus
450 3357 735 3423 benedici,
769 3357 983 3413 salvari
1015 3362 1073 3413 et
1096 3357 1310 3413 instrui
1343 3358 1524 3428 cupit,
1558 3355 1894 3411 nullatenus

235 3463 333 3503 eos
365 3446 539 3502 debet
567 3463 833 3519 arguere,
866 3464 972 3502 nec
1004 3446 1216 3519 vulgus
1250 3446 1305 3500 in
1341 3462 1542 3501 eorum
1578 3444 1895 3501 accusatio-

235 3553 370 3592 nem
404 3536 649 3608 suscipi.
683 3536 943 3609 Populus
976 3537 1133 3592 enim
1168 3536 1239 3591 ab
1272 3535 1355 3591 eis
1388 3535 1687 3590 docendus
1718 3538 1807 3589 est
1839 3537 1896 3589 et

236 3626 668 3698 corripiendus,
688 3643 803 3681 non
836 3626 948 3698 ipsi
982 3626 1054 3681 ab
1087 3625 1327 3696 co,quia
1343 3641 1454 3681 non
1483 3628 1563 3680 est
1592 3623 1894 3694 discipulus

232 3731 403 3786 supra
434 3715 761 3785 magistrum
792 3715 1002 3785 (Matth.
1028 3715 1146 3786 xx).
1181 3715 1332 3785 (Post
1356 3715 1583 3785 pauca.)
1627 3713 1722 3769 Dei
1754 3729 1890 3785 ergo

234 3804 664 3859 ordinationem
700 3808 962 3870 accusat,
997 3803 1099 3875 qui
1133 3820 1233 3860 eos
1281 3803 1382 3875 qui
1431 3804 1504 3858 ab
1553 3819 1618 3858 eo
1668 3803 1886 3858 consti-

234 3897 489 3948 tuuntur
519 3894 850 3949 sacerdotes
882 3896 1121 3949 accusat
1149 3891 1235 3948 vel
1267 3893 1548 3947 damnare
1577 3890 1759 3963 cupit.

233 3990 365 4046 CAP.
400 3990 524 4045 315.
555 4020 625 4031 —-
680 3990 1012 4047 Accusatori
1064 4005 1176 4045 non
1232 4004 1350 4045 esse
1402 3988 1744 4061 credendum,
1791 3991 1889 4061 qui

337 4063 616 4116 absentem
643 4071 881 4117 accusat.
916 4061 1122 4116 Ibidem
1163 4070 1282 4132 post
1324 4078 1501 4132 pauca
1531 4063 1670 4133 (cap.
1704 4060 1778 4130 4).

302 4153 686 4207 Accusatores
719 4156 776 4207 et
806 4150 1236 4218 accusationes,
1289 4167 1437 4222 quas
1486 4150 1644 4223 leges
1693 4149 1887 4205 saeculi

232 4256 349 4295 non
381 4239 725 4307 admittunt,
758 4244 816 4296 et
847 4256 953 4296 nos
1002 4239 1442 4306 submovemus,
1474 4242 1532 4295 et
1561 4238 1885 4295 accusatori

230 4328 473 4385 omnino
506 4345 621 4385 non
654 4330 810 4385 credi
842 4328 1239 4397 decernimus,
1273 4327 1374 4401 qui
1418 4328 1659 4383 absente
1687 4328 1888 4382 adver-

233 4417 389 4473 sario
421 4434 661 4473 causam
695 4417 960 4490 suggerit
980 4421 1115 4473 ante
1134 4416 1444 4488 utriusque
1460 4416 1645 4488 partis
1660 4417 1887 4488 justam

231 4506 684 4562 discussionem.
716 4510 833 4561 Nec
882 4505 942 4560 hi
993 4506 1094 4578 qui
1143 4523 1260 4562 non
1305 4509 1446 4561 sunt
1474 4506 1668 4561 idonei
1700 4506 1890 4561 susci-
1924 4521 1969 4586 ι)

229 4594 472 4666 piantur
500 4595 572 4649 ad
607 4595 1065 4662 accusationem,
1100 4599 1156 4651 et
1204 4611 1408 4651 omnes
1459 4595 1561 4666 qui
1609 4596 1890 4652 adversus

233 4688 453 4753 Patres,
486 4684 543 4738 id
579 4688 668 4739 est
699 4685 1030 4740 sacerdotes
1082 4684 1163 4753 [id
1210 4689 1321 4753 est,
1367 4685 1593 4739 sacerd.
1626 4686 1777 4739 abest
1826 4686 1893 4740 ab

230 4773 397 4843 orig.]
456 4778 785 4836 armantur.
832 4773 1083 4830 infames
1131 4790 1260 4829 esse
1311 4789 1642 4829 censemus.
1695 4776 1893 4829 Patres

226 4860 385 4914 enim
421 4858 724 4928 omnes,id
758 4863 847 4914 est
880 4858 1569 4925 sacerdotes,venerandi
1601 4864 1893 4925 sunt,non

227 4947 570 5019 respuendi,
603 4952 704 5003 aut
734 4949 1048 5004 accusandi
1081 4948 1167 5004 vel
1200 4948 1543 5004 insidiandi.

235 5044 372 5099 CAP.
407 5045 533 5099 316.
565 5076 631 5086 -—
664 5047 906 5101 Finitiva
955 5050 1173 5101 tantum
1202 5046 1526 5102 clericorum
1551 5044 1892 5116 judicia,de-

300 5116 528 5188 ferenda
588 5117 657 5171 ad
716 5116 1078 5188 apostolicam
1126 5118 1331 5173 sedem.
1365 5117 1696 5173 Eleutherus
1746 5133 1895 5187 papa

300 5187 619 5261 duodecimo
651 5187 769 5261 loco
794 5190 1077 5261 succedens
1108 5191 1270 5244 Petro
1303 5192 1362 5245 in
1387 5191 1576 5261 primo
1634 5189 1894 5244 decretali

296 5275 416 5328 suo,
452 5260 714 5315 Ecclesiis
745 5260 952 5317 Galliae
981 5260 1246 5332 (epistola:
1275 5260 1415 5328 sum,
1447 5278 1495 5317 c.
1528 5262 1606 5333 2).

300 5346 382 5401 De
428 5348 905 5404 accusationibus
964 5364 1099 5420 ergo
1155 5348 1531 5419 clericorum,
1563 5350 1635 5405 de
1674 5348 1893 5421 quibus

229 5434 484 5491 consulti
528 5452 759 5505 sumus,
793 5437 934 5508 quia
982 5453 1187 5493 omnes
1237 5454 1439 5495 eorum
1490 5440 1892 5496 accusationes

230 5523 473 5580 difﬁcile
522 5528 611 5581 est
648 5525 721 5581 ad
754 5526 953 5582 sedem
986 5526 1369 5599 apostolicam
1402 5529 1636 5599 deferri,
1667 5528 1894 5584 ﬁnitiva

230 5616 463 5669 tantum
497 5614 910 5688 episcoporum
936 5615 1160 5687 judicia
1189 5615 1304 5673 huc
1335 5618 1768 5686 deferantur,ut
1787 5617 1889 5673 hu.

2004 3264 2172 3333 Nam,
2197 3263 2245 3319 si
2276 3263 2434 3335 leges
2466 3263 2662 3318 saeculi
2694 3268 3064 3318 accusatores
3094 3260 3660 3332 requirunt,quanto

2006 3352 2192 3423 magis
2222 3353 2627 3407 ecclesiasticae
2660 3351 2903 3423 regulae?
2922 3352 3139 3406 Docent
3171 3350 3327 3405 enim
3360 3348 3658 3404 terrestria

2005 3445 2061 3496 et
2082 3441 2339 3496 humana
2370 3458 2495 3512 quas
2528 3442 2646 3497 sint
2676 3440 3072 3496 ecclesiastica
3101 3442 3276 3510 atque
3306 3437 3583 3494 ccelestia.

2006 3550 2139 3604 CAP.
2176 3549 2300 3603 318.
2329 3580 2398 3589 —
2447 3549 2601 3603 Intra
2655 3549 3001 3616 provinciam
3059 3549 3391 3603 exercendas
3438 3547 3659 3617 pulsati

2076 3625 2337 3675 actiones.
2362 3620 2566 3674 Ibidem
2594 3620 2735 3690 (cap.
2768 3621 2823 3687 3,
2854 3627 2907 3673 et
2937 3622 2998 3673 in
3028 3618 3185 3689 epist.
3224 3620 3248 3673 1
3279 3619 3472 3674 Felicis
3503 3619 3566 3686 I).

2077 3709 2153 3779 (3,
2184 3725 2235 3779 q.
2266 3710 2321 3773 6,
2353 3723 2399 3762 c.
2434 3707 2494 3761 Si
2518 3709 2639 3777 quis
2665 3707 2946 3776 clericus.)
2967 3713 3039 3761 De
3058 3706 3503 3762 accusatoribus
3522 3723 3655 3762 vero

1997 3796 2590 3869 comprovincialibus
2647 3795 2729 3850 ita
2785 3795 2997 3867 legitur
3053 3812 3181 3851 esse
3230 3800 3559 3851 statutum:
3596 3796 3653 3851 Si

1998 3887 2131 3957 quis
2164 3903 2342 3958 super
2370 3885 2730 3957 quibuslibet
2761 3885 3109 3941 criminibus
3136 3885 3461 3957 quemlibet
3492 3885 3660 3941 cleri-

1997 3992 2130 4031 cum
2186 3975 2541 4047 pulsandum
2592 3974 2927 4044 crediderit,
2962 3974 3019 4028 in
3072 3973 3391 4046 provincia,
3428 3974 3483 4028 in
3537 3990 3654 4044 qua

1996 4065 2266 4123 consistit
2296 4064 2392 4121 ille
2425 4065 2524 4137 qui
2558 4065 2850 4137 pulsatur,
2883 4080 3018 4118 suas
3079 4066 3343 4118 exerceat
3372 4062 3656 4118 actiones.

1997 4172 2101 4211 nec
2131 4155 2381 4210 aestimet
2409 4171 2542 4209 eum
2574 4154 2711 4209 alibi
2745 4158 2846 4207 aut
2872 4152 3104 4223 longius
3124 4151 3500 4221 adjudicium
3530 4168 3659 4222 pro—

1995 4244 2372 4300 trahendum.
2408 4242 2492 4298 Illi
2520 4259 2651 4298 vero
2686 4242 2783 4314 qui
2806 4240 3077 4312 pulsatus
3110 4240 3303 4307 fuerit,
3323 4238 3370 4295 si
3393 4239 3654 4311 judicem

1998 4336 2339 4403 suspectum
2373 4330 2665 4396 habuerit,
2699 4330 2872 4384 liceat
2902 4328 3218 4400 appellare.

1997 4424 2129 4480 ΟΑΡ.
2162 4423 2286 4478 319.
2318 4453 2386 4461 —
2416 4423 2531 4478 Non
2565 4437 2673 4477 esse
2712 4419 3086 4491 judicandum
3133 4418 3209 4491 de
3250 4418 3491 4476 absente.
3525 4421 3661 4475 Item

2406 4494 2497 4564 (ex
2528 4508 2678 4549 conc.
2714 4490 2903 4547 Carth.
2938 4508 3012 4557 Iv,
3045 4507 3091 4545 c.
3125 4490 3239 4562 30).

2074 4584 2149 4655 (3,
2182 4600 2232 4655 q.
2267 4584 2321 4649 9,
2354 4598 2402 4637 c.
2437 4584 2677 4639 Careant
2697 4580 2961 4653 judices.)
2986 4580 3238 4635 Caveant
3277 4580 3453 4637 etiam
3498 4580 3662 4651 judi-

2004 4690 2098 4729 ces
2129 4672 2417 4739 Ecclesiae,
2440 4686 2511 4726 ne
2543 4671 2784 4726 absente
2815 4687 2880 4726 eo
2911 4671 3083 4739 cujus
3115 4685 3295 4725 causa
3324 4669 3660 4735 ventilatur,

2004 4762 2356 4818 sententiam
2391 4760 2727 4832 proferant;
2763 4759 2901 4830 quia
2931 4758 3097 4813 irrita
3126 4758 3255 4824 erit,
3293 4759 3411 4813 imo
3444 4763 3499 4813 et
3529 4775 3659 4813 cau-

2004 4867 2129 4907 sam
2163 4850 2223 4905 in
2255 4851 2477 4922 synodo
2510 4866 2612 4921 pro
2632 4850 2783 4904 facto
2805 4846 3380 4903 dabunt.Proditoris
3401 4864 3535 4903 vero
3556 4864 3660 4902 nec

2004 4938 2294 4995 calumnia
2326 4955 2430 4994 nec
2460 4955 2566 4994 vox
2596 4937 2891 4992 audiatur.
2923 4935 3104 4991 Nemo
3145 4935 3301 4990 enim
3335 4936 3657 4991 debitorem

2003 5027 2261 5100 amplius
2292 5032 2484 5100 potest
2514 5042 2883 5099 cognoscere,
2905 5042 3082 5097 quam
3115 5024 3214 5081 ille
3245 5025 3345 5096 qui
3380 5025 3659 5096 injuriam

2003 5118 2249 5188 ejusque
2278 5116 2562 5172 sustinuit
2591 5116 2939 5187 nequitiam.

2003 5207 2136 5261 CAP.
2169 5207 2296 5261 320.
2330 5237 2396 5247 —
2429 5205 2577 5274 Quod
2618 5207 2749 5262 laici
2788 5222 2895 5261 non
2946 5205 3175 5261 debeant
3221 5206 3453 5261 clericos
3501 5220 3660 5257 acru-

2072 5294 2211 5333 sare.
2246 5279 2517 5333 Fabianus
2542 5280 2603 5333 in
2632 5278 2863 5334 secundo
2880 5278 3140 5333 decretali
3166 5294 3260 5333 suo
3291 5276 3657 5333 orientalibus

2072 5349 2340 5422 episcopis
2370 5352 2508 5421 (cap.
2543 5352 2620 5418 2).

2073 5440 2150 5511 (2,
2182 5457 2234 5511 q.
2262 5441 2316 5507 7,
2348 5457 2398 5495 c.
2429 5440 2581 5496 Sicut
2611 5439 2973 5510 sacerdotes.)
3008 5438 3172 5493 Sicut
3202 5435 3535 5493 sacerdotes
3569 5435 3657 5490 vel

2003 5527 2199 5584 clerici
2247 5528 2456 5600 reliqui
2490 5546 2523 5585 a
2552 5527 2923 5585 saecularium
2973 5526 3367 5582 excluduntur
3417 5538 3657 5580 accusa-

2004 5618 2183 5689 tione,
2217 5617 2297 5673 ita
2343 5616 2429 5672 illi
2476 5618 2549 5673 ab
2600 5618 2849 5673 istorum
2880 5620 3022 5671 sunt
3051 5612 3396 5670 excludendi
3427 5618 3484 5669 et
3513 5613 3657 5669 alie-
