3972 6056
367 261 467 314 511

1455 268 1520 318 D.
1563 267 1804 321 IVONIS
1843 270 2335 326 CARNOTENSIS
2372 273 2688 327 EPISCOPI

3676 272 3794 326 512

369 382 548 437 nandi
581 381 1009 440 criminatione.
1038 385 1126 454 Et,
1151 385 1306 439 sicut
1337 385 1432 440 isti
1465 387 1536 441 ab
1569 387 1708 455 illis,
1733 390 1812 444 ita
1840 394 1896 445 et
1925 389 2006 444 illi
2038 395 2090 460 Α
2121 394 2316 450 venire
2344 410 2690 450 concessum
2730 397 2837 449 est.
2859 395 2935 464 (3,
2957 410 3010 465 q.
3033 395 3088 462 9,
3111 409 3162 451 c.
3188 395 3389 450 Omnia
3436 395 3606 467 quae.)
3637 394 3792 450 0m-

367 475 438 528 ab
471 473 602 528 istis
627 491 740 528 non
764 475 1148 546 recipiantur;
1173 475 1474 545 quoniam,
1497 477 1647 532 sicut
1671 479 1896 534 Domini
1921 498 2012 536 sa-

367 563 668 616 cerdotum
684 567 990 634 segregata
1013 563 1181 618 debet
1203 580 1333 618 esse
1353 567 1713 622 conversatio
1728 569 1798 622 ab
1812 584 2011 623 eorum

367 651 923 718 conversatione,ita
958 656 1016 705 et
1065 651 1342 722 litigatio;
1365 655 1493 725 quia
1521 671 1740 710 servum
1773 659 1878 712 Dei
1904 674 2014 714 non

366 747 574 808 oportet
625 740 843 806 litigare
897 739 964 810 (II
1010 741 1142 794 Tim.
1177 742 1262 810 ιι).
1292 743 1416 796 Post
1459 760 1656 814 pauca.
1706 749 1837 801 Haec
1885 747 2013 802 ideo

367 828 761 899 praemisimus
782 833 1251 899 utcognoscatur
1280 831 1352 884 ab
1384 830 1477 885 his
1509 833 1726 903 quibus
1758 835 2014 906 incogni-

367 922 494 970 tum
527 921 636 984 est,
668 916 806 980 quia
836 925 894 971 et
923 918 1258 973 sacerdotes
1302 935 1450 989 quos
1483 921 1593 976 sibi
1626 922 1914 978 Dominus
1944 925 2014 978 de

367 1005 642 1060 omnibus
691 1003 916 1073 ascivit,
948 1010 1004 1060 et
1057 1023 1196 1061 suos
1228 1023 1352 1063 esse
1383 1008 1587 1078 voluit,
1622 1028 1736 1066 non
1764 1017 1904 1066 sunt
1935 1014 2015 1068 le-

361 1092 508 1148 viter
528 1094 950 1158 tractandi,nec
972 1093 1290 1164 lacerandi,
1317 1115 1422 1153 nec
1443 1103 1659 1154 temere
1676 1101 2015 1166 accusandi,

363 1185 469 1236 aut
514 1181 884 1253 reprehendi,
921 1183 1029 1238 nisi
1080 1201 1113 1238 a
1164 1186 1462 1257 magistris
1513 1188 1677 1255 suis;
1736 1189 2015 1258 quoniam

361 1285 564 1324 eorum
597 1287 805 1326 causas
838 1271 951 1326 sibi
987 1273 1270 1329 Dominus
1297 1291 1591 1333 reservare
1620 1277 1823 1346 voluit,
1838 1285 2016 1334 etsuo

356 1357 580 1426 judicio
610 1358 858 1427 iudicari
891 1361 1242 1432 [vindicari].

367 1453 501 1509 CAP.
534 1455 750 1533 321,—-
771 1457 1064 1533 Dcordine
1082 1475 1288 1525 causae,
1313 1465 1363 1515 et
1384 1478 1613 1516 numero
1632 1479 2014 1533 personarum.

629 1529 762 1582 Item
793 1528 1026 1598 (ibidem
1055 1546 1166 1584 non
1198 1534 1277 1586 ita
1303 1535 1496 1602 procul
1528 1552 1562 1588 a
1589 1528 1738 1605 ﬁne).

437 1615 511 1684 (4,
544 1633 595 1685 q.
628 1617 681 1680 4,
703 1633 750 1671 c.
780 1617 984 1672 Nullus
1013 1621 1302 1691 unquam.)
1335 1621 1544 1678 Nullus
1576 1641 1838 1694 unquam
1871 1643 2015 1696 prae-

365 1708 565 1759 sumat
596 1711 900 1760 accusator
949 1707 1127 1762 simul
1179 1725 1308 1764 esse
1357 1716 1414 1765 et
1451 1712 1654 1781 judex,
1705 1719 1760 1768 et
1805 1713 2010 1780 testis;

365 1792 644 1861 quoniam
676 1793 735 1848 in
769 1795 928 1848 omni
957 1796 1178 1866 judicio
1197 1805 1447 1869 quatuor
1469 1816 1749 1871 personas
1779 1819 2017 1857 necesse

363 1886 455 1934 est
482 1896 717 1951 semper
747 1883 974 1949 adesse,
1000 1885 1057 1938 id
1080 1893 1168 1940 est
1191 1887 1427 1956 judices
1457 1890 1756 1955 electos,et
1777 1907 2015 1946 accusa-

366 1971 544 2036 tores,
569 1986 635 2024 ac
655 1971 1010 2040 defensores,
1036 1979 1211 2044 atque
1233 1981 1432 2032 testes.
1449 1977 1731 2033 Similiter
1750 1984 2013 2036 statuen-

365 2059 453 2110 tes
471 2059 790 2127 apostolica
803 2063 1431 2134 auctoritatejubemus
1447 2083 1516 2121 ne
1531 2071 1820 2137 pastorem
1835 2085 2008 2125 suum

364 2159 497 2198 oves
529 2163 655 2217 quae
688 2149 738 2202 ei
770 2151 1100 2206 commissae
1143 2153 1377 2217 fuerint,
1412 2155 1522 2209 nisi
1555 2155 1613 2209 in
1640 2156 1754 2210 ﬁde
1783 2172 2007 2211 errave-

360 2233 455 2300 rit,
481 2235 901 2306 reprehendere
919 2240 1199 2309 audeant;
1227 2243 1364 2314 quia
1389 2243 1538 2298 t‘acta
1560 2244 2004 2315 praepositorum

358 2321 476 2377 oris
507 2323 700 2393 gladio
731 2325 990 2382 ferienda
1021 2345 1136 2383 non
1168 2335 1532 2402 sunt,neque
1555 2336 1746 2404 potest
1774 2350 1903 2389 esse
1924 2335 2005 2389 di'

352 2410 618 2481 scipulus
646 2431 826 2486 super
854 2417 1200 2488 magistrum
1231 2420 1453 2491 (Matth.
1488 2425 1564 2488 χ).

349 2510 483 2566 CAP.
517 2514 641 2570 3‘22.
676 2546 744 2556 -—
773 2517 905 2572 Item
937 2535 1048 2573 non
1079 2536 1192 2575 esse
1220 2522 1714 2579 contradicendum
1751 2525 1998 2580 auctori-

977 2594 1099 2646 tati.
1136 2593 1360 2649 Ibidem.

418 2675 529 2746 (11,
563 2692 612 2746 q.
645 2677 700 2744 3,
731 2694 776 2731 c.
804 2679 911 2746 Qui
941 2681 1303 2752 omnip.)Qui
1327 2685 1789 2756 omnipotentem
1811 2685 1995 2742 Deum

347 2763 580 2830 metuit,
608 2782 711 2820 nec
737 2772 938 2822 contra
967 2769 1369 2840 Evangelium,
1393 2789 1498 2828 nec
1528 2779 1734 2829 contra
1764 2779 1996 2845 aposto-

347 2850 458 2919 los,
488 2869 593 2907 nec
642 2860 846 2910 contra
893 2858 1230 2929 prophetas,
1263 2860 1350 2916 vel
1380 2867 1718 2916 sanctorum
1751 2867 1992 2919 Patrum

346 2939 617 2994 instituta
647 2941 868 3013 aliquid
904 2961 1073 3016 agere
1107 2947 1226 3002 ullo
1258 2951 1431 3004 modo
1461 2952 1772 3006 consentit.

345 3035 480 3090 CAP.
513 3037 638 3119 32ξᾶἶ
671 3069 737 3078 -
769 3041 844 3119 ρι’
873 3043 1236 3119 pulsatis‘ubi
1266 3047 1587 3119 respondere
1615 3049 1862 3119 debeant,
1896 3051 1993 3106 ubi

411 3123 540 3189 non.
573 3110 751 3198 Idem“
769 3114 825 3165 in
873 3110 1032 3168 tertio
1089 3110 1362 3171 decretali'
1403 3135 1501 3174 suo
1559 3120 1650 3190 (ad
1707 3110 1991 3178 Hilarium
2022 3132 2064 3198 α

408 3182 596 3236 enisa.
625 3198 670 3236 c.
704 3184 778 3236 3).

413 3195 436 3233 e
477 3197 572 3235 ise.
625 3198 670 3236 c.
704 3189 736 3236 3
766 3223 778 3236 .
1569 3189 1572 3190 ⁷

413 3197 486 3339 (ἕ.
519 3225 651 3337 6,ἐ.
685 3189 984 3343 Pitlsatus.)
1015 3274 1311 3345 Pulsatus,
1346 3283 1477 3334 ante
1500 3279 1762 3350 judicem
1813 3299 1988 3340 suum

342 3373 581 3414 causam
615 3359 790 3428 dicat,
811 3366 870 3416 et
902 3369 1034 3418 ante
1060 3382 1174 3420 non
1205 3369 1676 3439 suumjudicem,
1700 3371 1986 3442 pulsatus,

339 3446 388 3500 si
421 3447 925 3516 voluerit,taceat:
959 3458 1014 3507 et
1040 3459 1100 3508 ut
1131 3456 1378 3527 pulsatis
1399 3460 1629 3530 quoties
1659 3461 1987 3532 appellave-

341 3535 480 3601 rint,
514 3536 765 3592 induciae
796 3540 1026 3596 dentur.

336 3636 466 3687 CAP.
501 3633 728 3713 324._—-
758 3638 831 3713 pe
876 3643 1137 3713 conviciis
1183 3659 1280 3713 pro
1329 3649 1681 3704 accusatione
1723 3665 1833 3705 non
1883 3650 1984 3705 ha-

635 3707 840 3764 bendis.
875 3711 1020 3766 Idem
1047 3707 1292 3785 (ibidem,
1323 3720 1494 3787 paulo
1521 3721 1686 3791 post).

409 3792 484 3862 (2,
517 3811 567 3864 q.
602 3795 655 3863 3,
690 3813 738 3852 c.
772 3800 846 3853 De
872 3803 1156 3870 pwniten.,
1189 3803 1312 3860 dist.
1352 3807 1401 3874 1,
1433 3824 1480 3861 c.
1514 3807 1574 3862 Si
1603 3811 1726 3879 quis
1764 3811 1982 3882 iratus.)

337 3881 395 3936 Si
429 3883 562 3953 quis
596 3900 732 3956 ergo
762 3886 946 3943 iratus
980 3891 1195 3945 crimen
1232 3893 1467 3965 aliquod
1500 3897 1738 3953 cuilibet
1766 3881 1986 3956 temere

338 3971 634 4045 objecerit,
661 3977 987 4034 convicium
1031 3997 1146 4035 non
1191 3988 1280 4038 est
1326 4001 1429 4055 pro
1477 3987 1846 4044 accusatione
1877 3988 1982 4045 ha-

335 4060 634 4130 bendum;
669 4065 770 4121 sed
802 4068 1091 4138 permisso
1122 4072 1412 4127 tractandi
1463 4075 1672 4145 spatio,
1716 4077 1772 4132 id
1826 4079 1981 4148 quod

335 4148 520 4206 iratus
551 4153 699 4209 dixit
725 4171 826 4225 per
857 4157 1220 4229 Scripturam
1254 4177 1315 4216 se
1346 4163 1729 4234 probaturum
1749 4183 1876 4222 esse
1899 4168 1982 4222 fa-

332 4243 553 4297 teatur:
579 4248 644 4298 ut
689 4243 737 4297 si
789 4246 932 4302 forte
981 4248 1348 4320 resipiscens,
1382 4269 1513 4324 quae
1543 4271 1648 4326 pro
1679 4255 1983 4314 iracundia

331 4329 496 4396 dixit,
521 4331 733 4387 iterare
765 4333 867 4390 aut
893 4336 1148 4394 scribere
1181 4339 1456 4410 noluerit,
1481 4361 1595 4399 non
1625 4349 1688 4399 ut
1710 4362 1842 4402 reus
1869 4349 1980 4402 cri-

330 4417 509 4473 minis
541 4423 827 4477 teneatur.
862 4425 936 4495 (3,
963 4442 1012 4496 q.
1037 4428 1160 4495 6,c.
1187 4430 1292 4497 Qui
1320 4433 1574 4504 crimen.)
1609 4433 1812 4490 Omnis
1844 4452 1980 4510 ergo

2128 482 2225 537 nia
2256 500 2390 552 ergo
2423 501 2547 555 quis
2581 484 2863 539 adversus
2911 483 3184 539 absentes
3234 483 3293 538 in
3343 482 3500 538 omni
3549 484 3795 555 negotio

2127 578 2228 627 aut
2260 572 2385 628 loco
2418 577 2695 644 aguntur,
2729 578 2832 627 aut
2862 573 3227 643 judicantur,
3260 573 3497 628 omnino
3525 589 3794 628 vacuen-

2125 665 2248 728 tur;
2282 661 2563 732 quoniam
2597 661 2901 716 absentem
2935 660 3133 716 nullus
3165 661 3525 732 addicit,nec
3551 660 3676 717 ulla
3701 661 3795 716 lex

2124 751 2385 805 damnat.

2122 843 2253 895 CAP.
2287 840 2410 892 3‘26.
2429 871 2500 879 —
2531 839 2681 907 Quod
2701 841 3053 911 quicrimina
3082 837 3377 894 intendunt
3405 855 3506 909 per
3533 854 3590 894 se
3617 854 3789 894 aecu-

2193 927 2316 966 sare
2344 911 2608 983 debeant.
2645 911 2842 966 Lucius
2871 929 3011 982 papa
3043 911 3347 983 viqesimus
3374 913 3589 981 primus
3616 928 3651 965 a
3680 913 3788 966 Pe-

2195 987 2300 1046 tro,
2333 982 2394 1036 in
2423 985 2606 1051 primo
2633 983 2894 1038 decretali
2919 999 3038 1053 suo,
3070 982 3325 1038 oinnibus
3362 985 3636 1055 episcopis
3667 987 3792 1038 tam

2197 1055 2395 1111 Galliae
2424 1071 2590 1125 quam
2622 1055 2911 1126 Hispania:
2941 1055 3084 1127 (cap.
3117 1055 3196 1126 2).

2194 1143 2270 1211 (2,
2304 1158 2355 1213 q.
2387 1143 2442 1212 7,
2473 1159 2521 1198 c.
2555 1143 3024 1213 Criminaliones.)
3081 1143 3375 1200 Constitui
3444 1141 3667 1214 placuit
3725 1146 3793 1195 ut

2125 1230 2568 1288 criminationes
2600 1234 2893 1304 majorum
2924 1237 3065 1288 natu
3098 1250 3201 1305 per
3251 1232 3396 1288 alios
3447 1249 3564 1288 non
3616 1231 3792 1300 ﬁant,

2125 1320 2240 1374 nisi
2272 1337 2375 1391 per
2403 1321 2564 1392 ipsos
2596 1321 2696 1393 qui
2731 1323 2981 1378 crimina
3012 1321 3412 1390 intendunt,si
3443 1325 3642 1376 tamen
3667 1321 3790 1391 ipsi

2126 1409 2287 1480 digni
2319 1413 2375 1464 et
2403 1409 2948 1482 irreprehensibiles
2978 1411 3380 1483 apparuerint,
3409 1415 3467 1465 et
3496 1410 3644 1466 actis
3675 1409 3788 1464 do-

2123 1499 2351 1554 cuerint
2390 1500 2642 1570 publicis
2690 1501 2850 1556 omni
2881 1518 2944 1557 se
2974 1517 3173 1557 carere
3216 1499 3569 1572 suspicione,
3605 1504 3790 1570 atque

2125 1587 2434 1643 inimicitia
2463 1595 2522 1644 et
2552 1589 3124 1661 irreprehensibilem
3174 1591 3346 1645 [idem
3379 1607 3445 1645 ac
3470 1605 3786 1644 conversa-

2122 1676 2338 1732 tionem
2372 1677 2604 1732 ducere.
2632 1681 2706 1748 (2,
2738 1696 2791 1750 q.
2823 1679 2879 1743 6,
2903 1696 2948 1733 c.
2969 1680 3194 1734 Placuit
3225 1678 3330 1749 ut.)
3363 1677 3526 1733 Unde
3556 1677 3790 1749 placuit

2047 1761 2092 1826 B
2126 1770 2188 1820 ut
2219 1783 2252 1820 a
2281 1767 2731 1838 quibuscunque
2753 1767 3058 1837 judicibus
3079 1767 3495 1824 ecclesiasticis
3525 1767 3597 1822 ad
3631 1766 3788 1822 alios

2117 1854 2350 1924 judices
2371 1856 2796 1912 ecclesiasticos
2818 1857 2914 1911 ubi
2935 1858 3123 1928 major
3139 1861 3229 1913 est
3243 1856 3639 1927 auctoritas,si
3661 1858 3790 1911 fue-

2123 1943 2200 1998 rit
2230 1950 2626 2016 provocatum,
2661 1946 2959 2001 audientia
2988 1963 3106 2001 non
3137 1950 3400 2018 negetur.

2120 2045 2244 2096 CAP.
2280 2043 2403 2098 327.
2435 2075 2503 2084 ——
2535 2045 2669 2112 Quae
2714 2047 3092 2101 accusationes
3145 2044 3320 2112 recipi
3372 2059 3479 2099 non
3537 2042 3780 2098 debeant

2156 2113 2458 2184 Stephanus
2487 2132 2629 2186 papa
2660 2117 2701 2186 I,
2737 2118 2792 2172 in
2825 2117 3058 2172 secundo
3087 2115 3351 2172 decretali
3378 2131 3473 2170 suo
3502 2115 3738 2186 (cap.3).

2188 2203 2262 2273 (3,
2294 2221 2346 2276 q.
2379 2205 2433 2270 5,
2467 2221 2514 2260 c.
2548 2207 2945 2272 Accusatores.)
3003 2209 3408 2270 Accusatores,
3441 2209 3500 2260 et
3528 2220 3780 2260 accusa-

2115 2291 2304 2348 tiones
2331 2309 2478 2362 quas
2513 2293 2710 2348 saeculi
2741 2293 2898 2366 leges
2930 2310 3044 2349 non
3080 2293 3390 2366 recipiunt,
3425 2297 3483 2348 et
3511 2297 3777 2347 anteces-

2114 2397 2275 2436 sores
2335 2382 2518 2437 nostri
2581 2383 3032 2454 prohibuerunt,
3065 2387 3124 2438 et
3169 2400 3276 2439 nos
3325 2383 3775 2438 submovemus.

2112 2469 2322 2526 Nullus
2353 2471 2511 2526 enim
2546 2471 2872 2544 alienigena
2902 2477 3003 2528 aut
3029 2478 3336 2528 accusator
3390 2487 3592 2526 eorum
3647 2470 3774 2538 ﬁat,

2110 2563 2211 2614 aut
2251 2560 2454 2630 judex.
2487 2563 2638 2616 Item.
2675 2561 2838 2627 (Idem
2875 2577 3067 2633 supra,
3099 2578 3148 2617 c.
3181 2561 3332 2632 3l5.)
3386 2559 3772 2631 Repellantur

2108 2649 2443 2705 habitantes
2472 2667 2605 2705 cum
2638 2651 2896 2707 inimicis
2913 2656 2970 2706 et
2986 2667 3190 2706 omnes
3213 2649 3344 2705 laici
3366 2650 3508 2721 quia
3527 2649 3775 2704 infesta-

2104 2739 2324 2794 tionem
2349 2737 2728 2810 blasphemiae
2753 2739 2978 2794 affectio
3000 2738 3579 2794 inimicitiasincitare
3593 2737 3767 2793 solet.

2104 2827 2218 2882 Nec
2250 2827 2332 2882 illi
2366 2827 2425 2882 in
2457 2833 2649 2883 vestra
2678 2827 3038 2900 suscipiendi
3073 2833 3214 2884 sunt
3243 2827 3638 2890 accusatione,
3660 2827 3766 2899 qui

2101 2932 2201 2971 vos
2234 2916 2291 2971 in
2324 2934 2432 2973 sua
2464 2915 2672 2972 nolunt
2702 2918 2957 2989 recipere
2988 2917 3372 2974 infamatione
3429 2916 3505 2987 (3,
3537 2933 3590 2988 q.
3627 2917 3680 2984 4,
3713 2932 3763 2971 c.

2099 3005 2296 3060 Nullus
2326 3007 2636 3078 anathem.)
2667 3007 2875 3063 Nullus
2905 3006 3060 3063 enim
3093 3005 3612 3062 anathematizatos
3653 3022 3764 3060 su-

2099 3094 2332 3166 scipiat,
2368 3111 2472 3152 nec
2501 3112 2534 3151 a
2565 3112 2862 3168 quoquam
2924 3096 3259 3163 credantur,
3289 3111 3415 3167 quis
3447 3095 3519 3150 ab
3549 3095 3639 3148 eis
3669 3094 3761 3149 vel

2099 3183 2375 3239 dicuntur
2403 3183 2491 3240 vel
2523 3185 3125 3242 conscribuntur.Eos
3147 3185 3276 3241 dico
3298 3183 3762 3240 anathematiza-

2097 3277 2188 3328 tos
2219 3289 2370 3344 esse,
2394 3291 2542 3346 quos
2573 3275 2829 3346 episcopi
2864 3276 2989 3330 suis
3023 3274 3260 3346 scriptis
3293 3273 3761 3330 anathematiza-

2096 3367 2323 3430 verunt,
2356 3368 2456 3418 aut
2487 3381 2688 3419 eorum
2721 3367 2944 3420 statuta
2974 3364 3490 3420 anathematizant.

2097 3453 2222 3506 CAP.
2255 3452 2380 3506 328.
2413 3484 2480 3494 —
2513 3452 2662 3520 Quod
2687 3469 2787 3522 per
2815 3453 3083 3522 scriptum
3128 3453 3316 3508 nullus
3363 3454 3436 3508 sit
3484 3468 3757 3508 accusan-

2628 3525 2748 3579 dus.
2781 3525 2928 3580 Idem
2959 3527 3097 3596 (cap.
3135 3525 3211 3595 4).

2167 3613 2242 3683 (2,
2276 3629 2327 3684 q.
2361 3613 2418 3680 8,
2448 3629 2497 3670 c.
2529 3615 2636 3670 Per
2663 3615 2906 3686 scripta.)
2940 3618 3048 3669 Per
3078 3615 3299 3686 scripta
3337 3613 3490 3669 enim
3525 3612 3754 3670 nullius

2094 3702 2389 3758 accusatio
2420 3703 2800 3775 suscipiatur,
2825 3705 2924 3760 sed
2961 3703 3196 3776 propria
3224 3719 3385 3774 voce,
3404 3703 3453 3758 si
3485 3702 3754 3773 legitima

2094 3794 2150 3844 et
2174 3791 2463 3863 condigna
2493 3792 2854 3848 accusatoris
2885 3809 3134 3865 persona
3157 3792 3350 3858 fuerit,
3368 3794 3655 3864 praesente
3671 3791 3754 3844 vi-

2094 3877 2302 3934 delicet
2322 3895 2387 3934 eo
2410 3895 2584 3950 quem
2611 3897 2886 3936 accusare
2916 3881 3228 3946 desiderat,
3251 3881 3387 3950 quia
3417 3879 3620 3935 nullus
3650 3880 3755 3935 ab-

2094 3983 2229 4023 sens
2259 3973 2360 4023 aut
2389 3970 2652 4024 accusari
2683 3974 2896 4041 potest,
2925 3974 3027 4025 aut
3055 3987 3350 4025 accusare.

2092 4066 2384 4148 0.1.3.329:
2416 4100 2482 4106 ——
2509 4069 2582 4148 _De
2612 4067 2838 4148 incertis
2860 4068 3135 4148 iudiciis;
3150 4070 3308 4124 Felix
3356 4071 3580 4148 papa},
3612 4084 3687 4121 xv
3717 4085 3751 4123 a

2145 4139 2323 4208 Petro,
2350 4142 2405 4192 in
2428 4142 2609 4209 primo
2640 4141 2920 4196 decretali
2949 4157 3068 4206 suo,
3099 4142 3335 4195 Paterno
3363 4139 3696 4210 coepiscOpo.

2163 4227 2328 4298 (Idem
2358 4244 2528 4299 supra
2579 4230 2831 4297 habetur,
2865 4245 2911 4284 c.
2940 4229 3090 4300 318.)
3141 4230 3202 4284 In
3253 4245 3313 4284 re
3361 4229 3541 4282 dubia
3590 4233 3751 4282 certa

2091 4332 2206 4370 non
2252 4317 2552 4385 judicetur
2599 4318 2914 4388 sententia,
2946 4334 3048 4373 nec
3081 4316 3267 4372 ullum
3293 4315 3588 4387 judicium
3631 4315 3750 4370 nisi

2090 4405 2496 4461 ordinabiliter
2524 4406 2787 4462 habitum
2819 4412 3109 4462 teneatur.
3145 4406 3204 4461 Si
3235 4405 3369 4478 quis
3398 4422 3578 4475 super
3609 4405 3747 4476 qui-

329 4506 431 4576 qui
461 4508 680 4564 crimen
714 4491 934 4582 objicit,
966 4491 1185 4572 scribat
1202 4491 1277 4574 ise
1308 4491 1709 4591 probaturum.
1764 4491 1981 4582 Revera
2012 4502 2057 4567 D
2089 4491 3000 4591 malibefcrfmfnibusclari???
3020 4493 3746 4591 P_'flsa°flumgcr_edideritr

330 4595 411 4649 ibi
442 4612 674 4670 semper
703 4616 881 4656 causa
912 4608 1138 4678 agatur,
1165 4607 1262 4662 ubi
1296 4609 1516 4666 crimen
1549 4612 1975 4670 admittitur.Et

331 4686 431 4756 qui
465 4703 580 4742 non
605 4690 932 4760 probaverit
949 4696 1104 4766 quod
1123 4697 1354 4769 objecit,
1371 4718 1602 4772 poenam
1626 4719 1803 4774 quam
1821 4704 1979 4762 intu-

328 4773 483 4842 lerit,
515 4775 575 4831 in
608 4795 671 4834 se
701 4781 977 4852 patiatur.

327 4875 613 4965 CAP.
649 4909 714 4965 l—
753 4881 849 4965 ,οε
900 4882 1093 4965 alieno
1141 4886 1362 4965 judicio
1401 4891 1690 4965 Cornelius
1734 4908 1878 4965 papa
1916 4895 1977 4950 in

467 4950 700 5004 secundo
730 4951 994 5009 decretali
1019 4971 1117 5010 suo
1141 4950 1286 5028 ’Βιλίο
1319 4961 1564 5032 episcopo
1586 4950 1832 5036 (cupiit).

397 5045 608 5103 Nullus
639 5051 1009 5107 sacerdotum
1043 5069 1282 5111 causam
1303 5073 1472 5114 suam
1498 5060 1687 5117 alieno
1705 5063 1974 5119 commit-

332 5139 413 5191 tat
436 5137 684 5208 judicio,
711 5139 823 5196 nisi
855 5141 924 5196 ad
958 5144 1156 5200 sedem
1188 5146 1572 5217 apostolicam
1588 5150 1762 5206 fuerit
1780 5152 1977 5224 appel-

328 5225 553 5294 latum;
588 5229 689 5283 sed
742 5233 1150 5304 unusquisque
1201 5235 1585 5306 provinciales
1635 5240 1865 5310 judices
1918 5246 1975 5296 et

334 5321 499 5372 notos
531 5316 762 5386 habeat,
783 5320 897 5376 nisi
927 5321 1188 5392 aliquam
1219 5323 1335 5379 vim
1367 5329 1687 5382 temeraria:
1716 5329 1976 5385 multitu-

329 5405 484 5461 «linis
516 5405 636 5462 illic
669 5408 964 5481 timuerit;
1007 5420 1104 5467 aut
1133 5413 1377 5470 infestos
1396 5416 1481 5472 vel
1502 5421 1805 5488 suspectos
1825 5418 1972 5475 inibi

320 5492 552 5560 judices
586 5497 880 5568 habuerit;
918 5517 1020 5572 pro
1046 5503 1262 5573 quibus
1293 5505 1487 5563 causis
1517 5507 1587 5562 ad
1623 5508 1857 5577 majoris
1876 5526 1973 5565 au-

2089 4581 2148 4634 in
2170 4581 2466 4653 provincia
2495 4582 2554 4638 in
2583 4600 2700 4654 qua
2729 4582 3000 4640 consistit
3029 4582 3126 4639 ille
3156 4582 3256 4654 qui
3288 4581 3575 4654 pulsatur,
3601 4599 3746 4639 suas

2087 4675 2281 4726 exerat
2310 4671 2406 4743 [αι.
2439 4673 2720 4744 exerceat]
2755 4673 3032 4742 actiones,
3065 4689 3169 4728 nec
3197 4672 3445 4728 aestimet
3473 4687 3609 4727 eum
3641 4689 3747 4728 ac-

2088 4764 2324 4816 cusator
2354 4761 2492 4818 alibi
2523 4767 2621 4818 aut
2657 4763 2889 4834 longius
2930 4761 3392 4834 pertrahendum
3449 4761 3520 4817 ad
3571 4760 3746 4831 judi-

2087 4861 2262 4901 Clum.

2087 4939 2214 4996 CAP.
2245 4942 2370 4997 330.
2403 4973 2472 4983 —
2502 4943 2579 5020 De
2608 4943 2985 5020 appellatione
3013 4943 3131 5020 eius
3174 4945 3270 5016 qui
3305 4943 3522 5020 judices
3546 4961 3742 5020 suspe-

2422 5023 2528 5070 ctos
2559 5015 2736 5072 habet.
2769 5017 2901 5071 Item
2933 5015 3206 5087 (proxime
3230 5015 3396 5088 post).

2157 5099 2257 5156 Ille
2283 5118 2416 5158 vero
2447 5103 2547 5174 qui
2577 5103 2846 5175 pulsatus
2878 5104 3072 5175 fuerit,
3098 5105 3399 5176 sijudiees
3430 5111 3740 5180 suspectos

2083 5187 2377 5262 habuerit,
2407 5189 2542 5246 licet
2574 5192 2869 5264 appellare
2899 5193 3201 5265 primates.

2083 5277 2216 5361 CAP.
2249 5280 2371 5368 331.
2394 5309 2467 5363 .—-.
2495 5282 2626 5368 Item
2655 5281 2729 5368 de.
2745 5282 2948 5363 eodem,
2975 5291 3027 5338 et
3056 5299 3184 5368 quae
3215 5285 3581 5368 accusationes
3626 5301 3738 5368 non

2151 5352 2262 5404 sint
2291 5351 2639 5421 recipiendae.
2673 5354 2817 5409 Idem
2843 5351 3107 5426 episcopis
3148 5354 3346 5413 Galliae
3394 5359 3454 5411 in
3501 5357 3738 5414 secundo

2151 5421 2424 5477 decretali
2447 5439 2568 5481 suo.

2151 5508 2226 5579 (3,
2262 5526 2313 5581 q.
2346 5510 2404 5578 7,
2435 5529 2484 5568 c.
2514 5515 2789 5584 Infamis.)
2821 5515 3065 5570 Intamis
3114 5515 3269 5570 enim
3322 5532 3576 5588 persona
3626 5534 3733 5573 nec

328 5583 1050 5657 ctoritatisjudices,etad
1081 5591 1227 5650 alias
1257 5594 1583 5666 provincias
1613 5597 1972 5670 appellareet
2079 5604 2420 5670 procurator
2477 5583 2672 5674 potest
2737 5619 2886 5668 esse,
2947 5619 3051 5659 nec
3108 5583 3385 5675 cognitor.
3440 5607 3515 5676 (3,
3567 5623 3622 5678 q.
3673 5609 3732 5675 9,
