3994 6052
186 302 298 357 513

1251 294 1559 347 DECRETI
1601 293 1783 345 PARS
1822 292 1917 344 VI.
1952 319 2019 329 -—-
2062 292 2156 347 DE
2196 290 2539 344 CLERICJS.

3493 296 3599 351 514

182 444 230 483 c.
262 426 535 495 Absente.)
566 425 822 479 Absente
855 438 983 476 vero
1017 419 1353 477 adversario
1390 435 1504 474 non
1559 417 1833 473 audiatur
1864 423 1916 487 Α
1947 416 2013 469 Et
2042 414 2090 468 si
2124 414 2255 485 quis
2288 413 2531 467 clericus
2554 430 2836 467 accusans
2861 413 3135 469 clericum
3160 416 3219 471 in
3252 419 3472 474 curiam
3508 421 3601 475 in-

184 519 512 580 accusator,
537 529 642 568 nec
676 510 970 568 sententia
1000 510 1240 565 absente
1260 512 1425 580 parte
1448 506 1565 562 alia
1582 523 1615 561 a
1638 506 1839 577 judice

185 606 341 660 dicta
360 603 539 657 ullam
564 601 851 656 obtinebit
872 599 1237 655 ﬁrmitatem.
1264 598 1463 669 Neque
1482 597 1695 652 absens
1738 611 1842 665 per

184 695 370 751 alium
400 708 675 748 accusare
690 695 791 745 aut
809 689 1073 745 accusari
1097 693 1309 759 potest,
1330 703 1435 742 nec
1451 685 1650 741 afﬁnis
1674 683 1841 739 testis

185 783 554 839 admittatur.
588 781 891 834 Neminem
910 795 1047 850 ergo
1070 776 1330 831 exhiberi
1356 777 1426 830 de
1449 773 1749 847 provincia
1769 773 1839 827 ad

186 871 571 945 provinciam,
604 869 689 924 vel
714 871 783 923 ad
805 867 1155 923 comitatum
1187 870 1434 937 oportet,
1456 864 1570 919 nisi
1595 864 1664 918 ad
1690 862 1841 917 rela-

184 963 405 1017 tionem
431 960 655 1029 judieis
684 960 753 1013 ad
788 973 963 1022 quem
984 956 1157 1011 fuerit
1183 954 1565 1027 appellatum,
1588 953 1646 1007 id
1667 957 1758 1007 est
1781 955 1845 1007 ut

188 1056 353 1107 actor
383 1064 617 1119 semper
646 1048 729 1101 rei
760 1047 950 1101 forum
975 1049 1277 1115 sequatur.
1302 1043 1360 1096 Si
1382 1043 1517 1113 quis
1536 1042 1844 1111 autemju-

188 1141 391 1196 dicem,
412 1139 722 1193 adversum
756 1134 867 1190 sibi
901 1134 1405 1212 senseritkvocem
1431 1130 1842 1203 appellationis

189 1229 482 1291 exhibeat,
556 1242 734 1298 quam
795 1223 942 1278 nulli
996 1225 1225 1293 oportet
1291 1221 1514 1293 negari.
1562 1220 1637 1290 (3,
1686 1237 1736 1291 q.
1785 1220 1840 1285 6,

188 1335 236 1374 ο.
270 1314 622 1387 Peregrina.)
652 1312 964 1384 Peregrina
987 1327 1122 1367 vero
1140 1309 1373 1381 'judicia
1404 1308 1661 1381 generali
1705 1324 1842 1363 san-

192 1407 387 1460 ctione
420 1403 823 1475 prohibemus,
858 1401 999 1472 quia
1030 1400 1342 1471 indignum
1375 1404 1462 1453 est
1480 1403 1543 1452 ut
1565 1398 1635 1452 ab
1655 1402 1843 1453 exter-

188 1495 284 1549 nis
307 1492 628 1564 judicetur,
662 1491 763 1563 qui
810 1488 1332 1561 comprovinciales
1375 1492 1431 1543 et
1456 1504 1490 1543 a
1521 1502 1583 1542 se
1629 1486 1845 1542 electos

191 1581 369 1636 debet
396 1580 611 1635 habere
638 1579 891 1649 judices.

191 1699 325 1755 CAP.
390 1696 513 1752 332.
564 1724 633 1736 —
675 1699 758 1750 De
811 1695 1001 1752 ordine
1071 1695 1457 1761 accusationis,
1514 1698 1565 1750 et
1623 1692 1843 1757 vinculo

263 1767 644 1838 inscriptionis
675 1768 1048 1837 Eutychianus
1076 1784 1222 1839 papa
1251 1768 1521 1839 episcopis
1572 1782 1674 1837 per
1696 1764 1841 1820 Sici-

272 1841 410 1896 liam
432 1841 615 1912 (epist.
638 1842 693 1905 2,
722 1856 769 1894 ε.
801 1840 875 1911 2).

278 1946 687 2004 Accusationis
735 1946 999 2001 ordinem
1053 1945 1231 2001 talem
1281 1943 1619 2010 didicimus,
1653 1946 1851 1998 etser-

202 2038 325 2093 vari
350 2038 657 2107 jubemus,
682 2036 739 2089 id
773 2040 862 2090 est
885 2035 932 2090 si
974 2036 1105 2106 quis
1144 2034 1487 2089 clericorum
1524 2033 1581 2088 in
1608 2030 1852 2085 crimine

204 2126 528 2199 impetitur,
563 2142 678 2180 non
702 2125 901 2180 statim
934 2142 1067 2180 reus
1099 2124 1424 2179 aestimetur
1456 2124 1555 2194 qui
1590 2118 1853 2177 accusari

205 2215 415 2289 potuit,
440 2230 512 2269 ne
536 2222 869 2286 suspectam
894 2213 1290 2268 innocentiam
1308 2213 1611 2267 faciamus.
1634 2211 1777 2281 (2,q.
1796 2210 1849 2273 8,

204 2322 249 2360 c.
281 2305 596 2376 Quisquis.)
628 2304 735 2358 Sed
760 2302 1035 2374 quisquis
1065 2302 1161 2356 ille
1201 2305 1311 2367 est,
1342 2301 1439 2373 qui
1485 2300 1707 2354 crimen
1767 2298 1853 2352 in-

203 2393 394 2449 tendit
422 2392 789 2464 injudicium
808 2391 1018 2459 veniat,
1048 2406 1258 2445 nomen
1284 2390 1364 2444 rei
1390 2388 1627 2457 indicet,
1647 2386 1853 2441 vincu-

204 2481 747 2553 luminscriptionis
771 2480 1036 2552 arripiat,
1059 2480 1353 2535 custodiat
1375 2476 1853 2546 similitudinem,

207 2572 407 2627 habita
427 2577 623 2627 tamen
648 2571 949 2643 dignitatis
982 2569 1373 2625 aestimatione
1420 2566 1697 2640 potiatur.
1742 2566 1855 2621 Nec

209 2662 328 2717 fore
357 2662 665 2733 [patiatur,
690 2675 761 2715 ne
782 2660 945 2729 forte,
974 2659 1138 2730 orig.)
1167 2657 1385 2713 noverit
1412 2656 1521 2712 sibi
1556 2654 1855 2711 licentiam

212 2750 555 2820 mentiendi,
581 2766 713 2804 cum
739 2748 1167 2804 calumniantes
1198 2748 1269 2802 ad
1303 2746 1620 2802 vindictam
1655 2749 1861 2818 poscat.

214 2838 539 2896 similitudo
572 2837 869 2911 supplicii.

213 2958 343 3014 CAP.
380 2956 507 3012 333.
541 2986 609 2995 -—
637 2954 743 3022 Qui
770 2970 881 3009 non
909 2956 1024 3009 sint
1050 2953 1403 3019 admittendi,
1442 2953 1511 3009 ad
1553 2952 1857 3007 accusatio-

613 3044 763 3081 nem.
790 3026 936 3081 Idem
963 3026 1420 3098 (consequenter).

282 3132 547 3190 Heretici
578 3149 803 3199 omnes,
843 3137 900 3188 et
947 3133 1227 3204 suspecti,
1256 3138 1313 3187 et
1340 3129 1855 3195 excommunicati,
1883 3170 1925 3238 Ο

210 3222 508 3278 homicida
536 3238 770 3293 quoque
797 3226 972 3292 atque
1004 3220 1319 3289 malefacti,
1363 3222 1507 3288 fure,
1562 3220 1853 3291 sacrilegi,

208 3317 497 3383 raptores,
528 3310 794 3377 veneﬁci,
825 3310 1096 3375 adulteri,
1126 3311 1296 3380 etqui
1324 3314 1558 3380 raptum
1592 3310 1857 3375 fecerint,

207 3401 298 3456 vel
324 3400 537 3455 falsum
570 3400 975 3455 testimonium
998 3399 1273 3466 dixerint,
1300 3416 1401 3453 seu
1433 3399 1530 3469 qui
1550 3398 1861 3468 sortilegos

212 3505 532 3561 magosque
562 3488 967 3545 consuluerint
998 3488 1649 3560 [concurrerint,orig.],
1669 3486 1859 3542 nulla-

214 3584 385 3633 tenus
400 3579 472 3633 ad
488 3578 920 3633 accusationem
944 3583 1081 3633 sunt
1098 3578 1164 3632 ad
1176 3576 1465 3632 mittendi.
1483 3575 1638 3630 Nulli
1658 3575 1861 3631 infami

213 3684 500 3738 unquam,
524 3671 623 3723 aut
654 3666 935 3739 sacrilego
959 3668 1030 3721 do
1056 3680 1407 3737 quocunque
1429 3666 1659 3737 negotio
1692 3665 1865 3720 liceat

215 3758 499 3813 adversus
526 3755 866 3827 religiosum
886 3756 1310 3821 Christianum,
1339 3754 1607 3825 quamvis
1622 3754 1863 3809 humilis

215 3845 559 3916 servilisque
590 3861 839 3916 persona
870 3844 967 3909 sit,
991 3844 1400 3899 testimonium
1429 3844 1643 3908 dicere,
1670 3859 1773 3898 nec
1793 3845 1864 3899 de

215 3934 477 4006 qualibet
509 3934 753 4003 ratione,
785 3932 874 3988 vel
907 3932 1291 4005 inscriptione
1322 3933 1698 3989 Christanum
1749 3933 1864 3987 im-

214 4028 433 4095 petere.

214 4131 350 4187 CAP.
383 4131 507 4185 334.
534 4161 599 4171 -
620 4130 730 4185 Sub
762 4133 892 4199 quot
931 4129 1157 4184 testibus
1216 4128 1480 4199 cujusque
1531 4128 1746 4182 ordinis
1775 4143 1864 4182 ac-

283 4204 489 4257 cusatio
509 4203 635 4273 fieri
665 4202 875 4256 debeat.
905 4203 991 4254 Ex
1020 4200 1379 4271 synodalibus
1408 4204 1571 4271 gestis
1600 4200 1868 4268 Sylvestri

286 4290 461 4345 papae.

288 4380 597 4451 Presbyter
626 4384 821 4435 autem
853 4378 1171 4435 cardinalis
1203 4378 1315 4434 nisi
1373 4379 1430 4433 in
1474 4378 1868 4449 quadraginta

216 4474 471 4539 quatuor
489 4470 739 4524 testibus
772 4486 886 4525 non
918 4468 1316 4523 damnabitur.
1350 4468 1643 4522 Diaconus
1676 4468 1865 4522 cardi-

217 4556 369 4611 nalis
400 4558 757 4613 constitutus
787 4557 951 4612 urbis
992 4557 1208 4625 Roma,
1256 4556 1370 4610 nisi
1402 4557 1461 4609 in
1518 4574 1688 4611 xxxv1
1749 4574 1861 4612 non
1896 4545 1941 4609 Ι)

218 4645 725 4700 condemnabitur.
751 4645 1181 4709 Subdiaconus,
1202 4644 1528 4716 acolythus,
1553 4645 1861 4711 exorcista,

216 4732 420 4797 lector,
452 4734 749 4803 ostiarius,
777 4733 887 4789 nisi
913 4734 1090 4805 (sicut
1112 4732 1399 4803 scriptum
1420 4735 1525 4798 est)
1546 4734 1601 4787 in
1638 4738 1863 4804 septem

215 4822 467 4876 testibus
484 4839 599 4877 non
624 4821 1129 4877 condemnabitur.
1155 4822 1359 4875 Testes
1381 4826 1576 4875 autem
1605 4827 1660 4876 et
1690 4839 1863 4876 accu-

213 4915 462 4975 satores,
494 4912 621 4966 sine
651 4910 849 4982 aliqua
882 4911 1002 4965 sint
1038 4909 1305 4975 infamia,
1340 4925 1570 4975 uxores,
1605 4915 1662 4964 et
1716 4911 1867 4966 ﬁlios

216 5000 523 5066 habentes,
556 5004 613 5055 et
635 5001 872 5055 omnino
896 4999 1196 5055 Christum
1222 4998 1497 5052 timentes
1533 5000 1871 5069 [pradican-

210 5090 345 5156 tes].
381 5088 805 5144 Testimonium
836 5086 1031 5143 clerici
1082 5087 1364 5141 adversus
1425 5086 1641 5141 laicum
1698 5103 1870 5143 nemo

215 5175 479 5245 recipiat.
532 5177 712 5231 Nemo
778 5176 1057 5231 clericum
1131 5175 1459 5244 quemlibet
1510 5176 1569 5228 in
1633 5176 1869 5246 publico

217 5264 552 5319 examinare
584 5271 916 5336 przesumat,
950 5264 1063 5318 nisi
1105 5264 1165 5317 in
1196 5263 1461 5319 ecclesia.
1502 5268 1682 5320 Nemo
1714 5268 1870 5321 enim

219 5352 493 5421 clericus,
514 5353 603 5407 vel
635 5354 922 5408 diaconus
950 5357 1052 5408 aut
1082 5353 1388 5423 presbyter
1408 5359 1645 5423 propter
1663 5371 1873 5424 quam-

220 5441 364 5497 libet
394 5457 631 5498 causam
656 5442 836 5497 intret
855 5442 913 5497 in
936 5442 1183 5505 curiam,
1203 5456 1305 5495 nec
1325 5442 1730 5512 antejudicem
1755 5446 1878 5499 cin-

225 5536 387 5587 ctum
421 5548 661 5588 causam
684 5533 875 5588 dicere
897 5534 1216 5603 praesumat
1244 5531 1522 5600 quoniam
1555 5535 1748 5589 omnis
1769 5552 1876 5591 cu-

230 5620 337 5691 ria,
356 5640 389 5678 a
420 5616 622 5679 cruore
644 5622 860 5678 dicitur
888 5626 946 5678 et
975 5618 1375 5677 immolatione
1398 5620 1872 5680 simulacrorum.

1880 1810 1929 1875 Β
2030 1819 2223 1875 causa.
2289 1802 2458 1867 Idem,
2520 1803 2719 1875 c5747

1952 503 2195 571 troierit,
2230 502 2541 557 anathema
2574 502 2878 573 suscipiat.

1948 610 2256 684 CAP._335.
2289 637 2359 649 -
2408 610 2487 684 De
2517 608 2762 684 petendis
2814 610 3056 665 induciis
3106 612 3260 667 Felix
3326 630 3471 684 papa
3538 618 3598 669 in

2016 682 2194 755 primo
2224 681 2489 755 decretali
2518 697 2629 755 suo
2660 683 2952 735 Anastasio
3009 689 3060 737 et
3111 681 3459 755 /Egpytiis,c.
3513 688 3600 754 14,

2020 754 2199 823 (Felix
2228 754 2296 819 II,
2321 769 2405 822 ep.
2442 754 2492 817 1,
2524 768 2571 805 c.
2604 752 2681 821 8).

2022 842 2167 897 Cum
2197 842 2266 896 ad
2302 841 2587 911 judicium
2629 841 2761 911 quis
2786 841 3025 908 venerit,
3060 842 3106 895 si
3134 843 3377 900 voluerit
3402 850 3457 901 et
3497 864 3595 903 ne-

1952 948 2113 987 cesse
2138 931 2331 997 fuerit,
2348 930 2596 983 induciaa
2611 933 2661 984 ei
2685 930 2899 1001 petenti
2919 948 2950 985 a
2973 931 3244 987 Patribus
3268 936 3597 993 constituta:

1952 1020 2610 1091 absqueimpedimento
2660 1020 3076 1089 concedantur,
3108 1025 3163 1075 et
3199 1022 3483 1089 judicesa
3537 1043 3597 1081 se

1953 1110 2120 1165 electi
2154 1110 2507 1177 tribuantur,
2526 1112 2588 1161 ut
2618 1108 2676 1161 in
2700 1106 2823 1162 loco
2849 1110 3103 1164 undeest
3122 1109 3215 1164 ille
3234 1112 3332 1181 qui
3356 1130 3595 1169 accusa-

1954 1202 2069 1266 tur,
2103 1202 2223 1267 aut,
2257 1198 2305 1253 si
2337 1198 2416 1253 ibi
2449 1197 3040 1268 aliquamtemerarize
3058 1198 3451 1256 multitudinis
3480 1203 3594 1257 vim

1954 1288 2241 1357 metuerit,
2275 1286 2466 1342 locum
2501 1286 2678 1357 eligat
2706 1286 2819 1340 sxbi
2852 1304 3199 1358 congruum,
3228 1304 3341 1359 quo
3383 1292 3603 1362 absque

1953 1376 2162 1431 timore
2192 1392 2349 1440 suos,
2385 1375 2433 1430 si
2457 1374 2777 1431 necessitas
2795 1376 3141 1446 exposcerit,
3164 1380 3341 1432 testes
3365 1379 3601 1451 habere,

1954 1468 2011 1519 et
2042 1466 2262 1535 absque
2294 1464 2713 1534 impedimento
2745 1480 2912 1517 suam
2947 1464 3225 1520 canonice
3254 1470 3601 1523 sententiam

1956 1554 2123 1608 ﬁnire
2144 1552 2352 1621 valeat,
2387 1553 2527 1623 quia
2557 1551 2744 1607 multa
2764 1568 2867 1624 per
2896 1553 3335 1624 subreptionem
3376 1559 3603 1613 evenire

1955 1642 2164 1697 solent.

1954 1732 2087 1787 CAP.
2121 1731 2246 1785 336.
2279 1760 2349 1772 -—
2369 1731 2445 1785 De
2473 1728 2792 1801 differentia
2821 1731 3203 1787 ecclesiastica:
3237 1736 3285 1787 et
3321 1736 3605 1789 saecularis

2110 1819 2223 1882 usae.
2269 1803 2719 1882 _Idem,~_c,_.l7
2770 1803 3053 1882 (Eutych.
3124 1820 3279 1874 pap.,
3327 1809 3487 1877 epist.
3547 1811 3603 1876 2,

2031 1874 2303 1945 epispopis
2330 1891 2429 1944 per
2463 1873 2784 1943 Siciliam).)

2033 1962 2110 2033 (‘2,
2159 1979 2211 2032 q.
2260 1963 2315 2026 6,
2373 1977 2418 2015 c.
2450 1962 2567 2015 Non
2611 1961 2736 2028 ita.)
2795 1960 2919 2015 Non
2968 1960 3047 2015 ita
3074 1961 3131 2015 in
3194 1964 3604 2021 ecclesiasticis

1962 2051 2255 2121 agendum
2281 2049 2529 2121 negotiis
2560 2054 2669 2119 est,
2699 2049 2925 2104 sicutin
2952 2051 3351 2107 saecularibus.
3378 2059 3522 2109 Nam
3546 2057 3601 2109 in

1962 2137 2363 2205 saecularibus,
2380 2143 2690 2209 postquam
2716 2137 2941 2209 legibus
2962 2146 3199 2196 vocatus
3218 2143 3350 2213 quis
3364 2145 3606 2209 venerit,

1964 2232 2018 2282 et
2049 2229 2107 2282 in
2140 2228 2262 2282 foro
2289 2228 2582 2282 decertare
2616 2228 2854 2298 cmperit
2883 2227 3119 2298 aliquis,
3156 2248 3270 2285 non
3311 2231 3445 2287 licet
3474 2240 3605 2288 ante

1962 2321 2257 2387 peractam
2281 2331 2520 2371 causam
2550 2317 2837 2371 recedere.
2866 2318 2923 2371 In
2948 2317 3357 2375 ecclesiasticis
3371 2337 3503 2375 vero
3528 2323 3607 2375 di-

1964 2408 2056 2459 cta
2085 2420 2264 2458 causa
2294 2404 2727 2471 recederelicet,
2748 2405 3046 2461 sinecesse
3074 2407 3267 2475 fuerit,
3285 2412 3445 2465 autsi
3468 2428 3608 2481 prae-

1965 2492 2193 2565 gravari
2224 2493 2455 2548 viderit.

1964 2588 2096 2637 CAP.
2126 2582 2246 2635 337.
2284 2608 2355 2622 -
2398 2582 2470 2635 De
2514 2596 2635 2653 non
2676 2581 3067 2653 permiscendis
3114 2587 3362 2653 personis
3409 2602 3603 2641 causae.

2036 2655 2117 2707 Ex
2141 2652 2921 2727 epistola_decrelali_Damasi
2953 2652 3121 2724 papae
3142 2656 3212 2709 ad
3270 2656 3605 2727 Stephanum

2037 2724 2355 2795 archicpisc
2383 2724 2731 2779 Mauritania’
2762 2724 2865 2794 (ep.
2898 2724 2953 2791 4,
2984 2741 3030 2779 c.
3073 2727 3149 2795 7).

2038 2814 2114 2886 (4,
2147 2832 2198 2884 q.
2232 2814 2285 2880 4,
2317 2829 2364 2867 c.
2398 2813 2597 2870 Nullus
2628 2812 3026 2869 introducatui.
3084 2814 3292 2869 Nullus
3337 2816 3603 2873 introdu-

1967 2908 2135 2959 catur
2158 2901 2543 2973 personaliter
2566 2901 2633 2955 ad
2668 2918 2930 2969 causam,
2975 2904 3087 2958 sed
3127 2908 3497 2961 accusatores
3550 2914 3609 2963 et

1968 2991 2224 3047 accusati
2258 2990 2753 3060 aquaaudiantur
2775 2990 3209 3061 ratione,juxta
3228 2995 3379 3064 quod
3413 3001 3608 3067 gesto-

1969 3097 2099 3135 rum
2134 3080 2273 3135 ordo
2304 3078 2501 3150 exigit.
2537 3082 2921 3134 Accusatores
2963 3097 3094 3135 vero
3125 3086 3181 3136 et
3217 3084 3450 3152 judices
3492 3103 3606 3141 non

1970 3170 2148 3225 iidem
2181 3168 2320 3234 sint,
2345 3169 2443 3223 scd
2480 3183 2580 3239 per
2610 3184 2671 3221 se
2712 3173 3105 3237 accusatores,
3139 3187 3241 3241 per
3262 3188 3323 3227 se
3349 3174 3604 3243 judices,

1967 3276 2069 3331 per
2108 3275 2168 3314 se
2219 3262 2418 3329 testes,
2470 3273 2573 3329 per
2595 3273 2655 3312 se
2681 3260 2960 3325 accusati,
2984 3261 3389 3332 unusquisque
3416 3263 3473 3317 in
3499 3281 3607 3319 suo

1968 3348 2374 3405 ordinabiliter
2402 3348 2619 3402 ordine.
2654 3348 2797 3402 Nam
2832 3348 3133 3419 inscriptio
3158 3351 3346 3420 primo
3379 3367 3612 3425 semper

1972 3440 2088 3507 ﬁat,
2116 3442 2179 3493 ut
2210 3437 2485 3492 talionem
2527 3435 2916 3492 calumniator
2965 3438 3226 3510 recipiat,
3289 3432 3426 3511 quia
3476 3448 3612 3497 ante

1970 3527 2411 3598 inscriptionem
2428 3542 2597 3581 nemo
2620 3527 3050 3597 debetjudicari
3068 3528 3153 3583 vel
3171 3530 3459 3603 damnari,
3477 3549 3607 3589 cum

1970 3621 2025 3673 et
2056 3616 2250 3673 saeculi
2280 3615 2438 3686 leges
2470 3615 2591 3669 haec
2624 3616 2825 3669 eadem
2862 3616 3171 3672 retineant.

1972 3710 2101 3765 CAP.
2134 3708 2262 3781 338.
2294 3738 2363 3746 —
2394 3707 2465 3781 De
2496 3706 2729 3781 Maximo
2776 3708 3028 3781 episcopo
3066 3711 3153 3763 Ex
3191 3710 3423 3781 epistola
3449 3714 3614 3767 Boni-

2043 3780 2357 3918 facigpapae
2386 3777 2458 3833 ad
2474 3780 2745 3849 episcopos
2793 3777 3005 3846 Galliw,
3057 3797 3176 3852 cap.
3215 3777 3279 3835 15
3331 3785 3538 3855 (Bonif.
3571 3785 3613 3854 1,

2044 3869 2132 3922 ep.
2230 3891 2241 3904 .

2048 3942 2122 4011 (3,
2173 3956 2224 4010 q.
2284 3940 2339 4003 9,
2394 3954 2422 3993 c
2487 3938 2851 4007 Deci-nimus.)
2929 3940 3262 3997 Bonifacius
3325 3944 3617 4015 episcopis

1976 4029 2197 4085 Galliae.
2218 4026 2582 4083 Decrevimus
2597 4032 2847 4082 vestram
2864 4029 3077 4082 debere
3094 4030 3244 4084 intra
3264 4032 3616 4101 provinciam

1974 4116 2425 4187 essejudicium,
2458 4117 2861 4185 etcongregari
2882 4117 3169 4187 synodum
3186 4123 3317 4172 ante
3332 4120 3484 4174 diem
3510 4125 3621 4174 Ka-

1975 4207 2283 4263 lendarum
2310 4205 2749 4267 Novembrium,
2768 4209 2852 4268 ut,
2868 4206 2914 4259 si
2931 4205 3139 4260 adesse
3152 4206 3420 4273 voluerit,
3437 4209 3619 4265 Maxi-

1976 4311 2110 4349 mus
2144 4310 2420 4365 preesens,
2456 4294 2505 4347 ei
2529 4292 2787 4357 conﬁdit,
2813 4294 2883 4347 ad
2906 4295 3133 4362 objecta
3163 4297 3530 4366 respondeat.
3563 4298 3623 4353 Si

1974 4400 2106 4439 vero
2139 4384 2345 4438 adesse
2395 4381 2732 4451 neglexerit,
2796 4382 3139 4439 dilationem
3197 4387 3499 4440 sententiae
3551 4387 3623 4441 de

1977 4472 2243 4529 absentia
2258 4488 2365 4525 non
2384 4469 2659 4524 lucretur.
2676 4475 2822 4524 Nam
2841 4472 3217 4528 manifestum
3242 4478 3331 4529 est
3356 4475 3619 4529 conﬁteri

1975 4579 2107 4618 eum
2139 4562 2209 4615 de
2243 4558 2508 4627 crimine,
2540 4560 2637 4626 qui
2672 4558 2898 4613 indulto
2918 4566 2973 4615 et
2994 4563 3165 4616 toties
3182 4562 3624 4633 delegatojudi-

1973 4652 2083 4718 cio,
2116 4647 2407 4722 purgandi
2435 4663 2496 4701 se
2527 4646 2832 4702 occasione
2857 4665 2969 4702 non
3008 4650 3213 4704 utitur.

1975 4758 2109 4812 CAP.
2145 4756 2269 4809 339.
2301 4784 2369 4794 —
2421 4754 2491 4805 De
2536 4752 2863 4823 objiciendi:
2917 4754 3310 4823 familiaribus
3360 4758 3626 4814 inimicis.

2074 4830 2172 4882 Leo
2205 4842 2346 4896 papa
2376 4826 2631 4879 Anatolio
2650 4828 2893 4894 episcoco
2919 4827 3098 4895 (epist.
3150 4829 3273 4889 76).

2048 4918 2160 4988 (24,
2192 4932 2243 4984 q.
2279 4916 2331 4979 3,
2355 4929 2401 4966 c.
2427 4911 2578 4967 Illud
2627 4914 2805 4982 sane.)
2858 4913 3004 4969 lllud
3058 4932 3200 4969 sane
3253 4916 3397 4969 mihi
3449 4917 3630 4986 pluri-

1978 5020 2140 5058 mum
2174 4999 2480 5070 displicere
2513 4999 2805 5069 signiﬁco,
2840 5002 2995 5070 quod
3031 5001 3183 5056 inter
3227 5002 3466 5057 ditionis
3515 5008 3625 5057 tua:

1978 5090 2217 5146 clericos
2278 5086 2727 5155 (iurisdictionis
2782 5093 2891 5141 tuae
2942 5088 3159 5159 clerici]
3216 5090 3456 5159 quidam
3501 5108 3629 5146 esse

1980 5182 2277 5245 dicuntur,
2333 5178 2432 5247 qui
2482 5178 2953 5231 adversariorum
3009 5179 3362 5233 conveniant
3407 5179 3631 5248 [conni-

1980 5272 2174 5339 veant)
2199 5265 2491 5337 pravitati,
2523 5270 2580 5318 et
2604 5266 3004 5335 vesanimirm)
3040 5267 3192 5321 vasis
3219 5268 3627 5321 misericordiae

1982 5375 2122 5413 vasa
2154 5357 2536 5410 misceantur:
2557 5354 2773 5423 quibus
2804 5355 3234 5424 investigandis
3250 5360 3304 5409 et
3326 5356 3630 5409 severitate

1984 5462 2244 5518 congrua
2273 5442 2611 5497 coercendis
2642 5444 2813 5497 debet
2841 5442 3143 5512 diligentia
3178 5448 3277 5495 tua
3326 5440 3633 5511 vigilanter

1984 5536 2276 5597 insistere,
2302 5532 2383 5585 ita
2415 5536 2478 5586 ut
2510 5531 2601 5585 his
2632 5532 2847 5600 quibus
2890 5531 3162 5601 prodesse
3220 5545 3333 5584 non
3377 5532 3632 5599 potuerit

1986 5620 2285 5689 correctio,
2319 5635 2431 5673 non
2460 5623 2658 5688 parcat
2690 5617 2995 5673 abscissio.
3048 5616 3287 5687 Oportet
3333 5620 3488 5675 enim
3524 5636 3629 5675 nos
