3972 6056
361 295 469 350 515

1440 291 1509 342 D.
1549 287 1792 342 IVONIS
1828 284 2331 342 CARNOTENSIS
2367 289 2691 344 EPISCOPI

3665 297 3778 352 516

361 413 672 488 evangelici
697 410 1039 470 meminisse
1062 407 1346 475 mandati,
1371 423 1487 480 quo
1501 407 1716 479 abipsa
1746 407 2008 463 Veritate
2039 409 2092 473 Α
2122 422 2256 462 rum
2285 424 2484 464 rerum
2517 412 2709 466 ofﬁcia
2734 428 3045 469 censemus
3077 415 3522 474 committenda.
3558 421 3706 485 Quia
3726 425 3783 478 si

357 505 712 580 praecipitur,
749 505 814 557 ut
844 501 894 556 si
919 516 1024 555 nos
1057 497 1289 565 oculus,
1319 501 1423 552 aut
1452 513 1578 568 pes,
1621 500 1722 552 aut
1776 497 2014 552 dextera

356 592 841 655 scandalizaverit
870 606 1104 657 manus,
1138 606 1172 643 a
1197 603 1481 660 compage
1504 587 1766 659 corporis
1781 587 2012 642 aufera-

356 705 478 757 tur,
511 686 651 757 quia
674 681 884 738 melius
917 680 992 734 sit
1022 679 1114 733 his
1145 677 1205 732 in
1241 677 1498 732 Ecclesia
1524 677 1783 748 [saeculo]
1817 692 2014 732 carere

357 773 640 832 membris
665 787 845 843 quam
869 768 1173 838 cumipsis
1208 767 1267 822 in
1308 771 1530 822 aeterna
1599 767 1682 823 ire
1723 763 2013 838 supplicia

357 865 568 942 (Matth.
601 861 784 930 xvm).
809 858 956 913 Nam
989 855 1285 926 superfluo
1325 860 1485 911 extra
1532 855 1847 910 Ecclesiam
1906 871 2010 926 po-

342 953 475 1008 sitis
507 948 868 1014 resistimus,
891 945 941 1001 si
973 945 1045 1000 ab
1076 945 1168 1000 his
1184 945 1282 1017 qui
1307 944 1470 1000 intus
1485 945 1719 1014 sunt,in
1753 944 1837 1000 eis
1863 960 2010 1015 quos

345 1033 668 1104 decipiunt,
687 1028 1092 1085 vulneramur.
1108 1027 1451 1097 Abjicienda
1465 1043 1707 1097 prorsus
1732 1025 2008 1098 pestifera

338 1121 461 1176 haec
493 1137 526 1175 a
555 1115 905 1174 sacerdotali
933 1115 1132 1186 vigore
1165 1115 1447 1186 patientia
1467 1119 1574 1182 est,
1612 1131 1739 1186 quas
1763 1113 2003 1170 sibimet

336 1208 591 1281 peccatis
619 1206 870 1263 aliorum
895 1205 1193 1276 parcendo
1226 1221 1338 1260 non
1367 1205 1571 1276 parcit.

334 1307 469 1363 CAP.
502 1306 626 1361 340.
662 1336 728 1345 -
759 1305 1086 1375 Episcopum
1107 1313 1432 1358 accusatum
1458 1319 1570 1359 non
1599 1318 1714 1358 esse
1744 1302 1998 1375 deseren-

403 1380 535 1434 dum
563 1379 736 1433 asuis
793 1373 919 1429 ante
952 1373 1123 1444 ﬁnem
1164 1389 1368 1431 causae.
1422 1377 1484 1430 In
1532 1377 1731 1445 quinta
1787 1373 1992 1445 synodo

404 1447 728 1522 Symmachi
789 1461 960 1517 papae
1012 1448 1101 1517 (ex
1159 1447 1258 1501 lib.
1303 1446 1559 1515 Ennodii,
1609 1448 1670 1500 in
1719 1461 1774 1499 iv
1819 1447 1991 1516 syn.).

404 1540 481 1608 (8,
514 1555 567 1610 q.
600 1538 655 1602 4,
697 1553 744 1594 c.
795 1537 986 1592 Nonne
1029 1533 1289 1602 directa.)
1328 1534 1534 1592 Nonne
1583 1534 1804 1588 directa
1854 1537 1994 1589 sunt

328 1629 508 1684 verba
538 1641 858 1694 canonum,
883 1623 1224 1695 quicunque
1246 1623 1593 1678 clericorum
1620 1625 1690 1678 ab
1714 1623 1988 1695 episcopo

329 1735 438 1774 suo
462 1725 595 1773 ante
618 1714 923 1773 sententiae
952 1718 1188 1786 tempus
1211 1729 1313 1785 pro
1335 1713 1516 1768 dubia
1539 1712 1874 1785 suspicione
1898 1714 1985 1768 di-

329 1807 624 1874 scesserit,
649 1803 1023 1861 manifestam
1056 1819 1190 1859 eum
1216 1819 1452 1859 manere
1482 1819 1794 1859 censuram
1817 1803 1845 1859 ?

414 1918 547 1973 CAP.
580 1915 705 1970 341.
737 1943 803 1957 —
832 1918 909 1969 De
938 1912 1123 1970 eodem
1144 1912 1204 1968 in
1231 1913 1422 1969 eadem
1453 1912 1692 1984 (proxim
1727 1913 1888 1983 post).

398 2014 510 2069 Lex
539 2011 938 2070 ecclesiastica
969 2011 1302 2083 pontiﬁcem
1338 2010 1409 2067 ab
1436 2009 1568 2066 aliis
1609 2015 1977 2078 accusatum,

326 2104 677 2176 priusquam
710 2103 818 2159 sub
849 2101 978 2158 luce
999 2102 1230 2172 objecta
1249 2100 1642 2168 constiterint,
1667 2098 1845 2172 exigit
1863 2117 1977 2156 non

323 2192 604 2265 relinqui.

327 2292 464 2348 CAP.
480 2292 603 2346 342.
628 2322 695 2332 -
717 2291 790 2346 De
809 2289 1148 2360 depositione
1171 2289 1289 2360 ejus
1327 2287 1424 2359 qui
1461 2286 1979 2360 archzdiaconatum

397 2363 630 2420 alterius
652 2359 948 2418 invaserat.
976 2359 1270 2433 Gregorius
1307 2361 1499 2433 Natali
1517 2361 1777 2433 episcopo
1803 2360 1879 2414 Sa
1893 2359 1976 2414 lo-

399 2438 594 2491 nitauo
626 2436 747 2506 (lib.
775 2452 833 2501 ιι,
865 2434 1062 2489 indict.
1083 2432 1184 2499 ⁷10,
1215 2449 1298 2504 ep.
1331 2432 1398 2486 44
1430 2440 1480 2487 et
1504 2432 1612 2499 16).

402 2525 475 2596 (7,
509 2541 560 2594 q.
599 2528 646 2592 1,
674 2539 720 2578 c.
755 2525 894 2578 Eum
915 2524 1011 2594 qui
1038 2523 1280 2592 contra.)
1311 2521 1458 2575 Eum
1481 2520 1582 2592 qui
1633 2522 1837 2575 contra
1877 2519 1981 2590 ju-

330 2611 506 2669 stitiaa
536 2611 799 2685 regulam
831 2612 891 2667 in
913 2611 1455 2667 archidiaconatum
1483 2608 1722 2664 alterius
1753 2624 1815 2664 se
1844 2625 1980 2681 pro-

329 2701 462 2758 vehi
482 2701 800 2769 consensit,
834 2702 907 2757 ab
933 2701 1200 2772 ejusdem
1229 2699 1732 2756 archidiaconatus
1761 2698 1982 2754 honore

335 2791 707 2862 deponimus.
741 2790 848 2854 Qui
889 2790 938 2845 si
989 2789 1234 2845 ulterius
1265 2789 1325 2844 in
1382 2787 1510 2844 loco
1549 2789 1754 2844 eodem
1805 2787 1980 2842 mini-

333 2883 519 2934 strare
543 2878 1004 2951 praesumpserit,
1021 2895 1084 2934 se
1094 2877 1295 2949 partici
1305 2877 1537 2950 patione
1549 2877 1982 2934 communionis

335 2983 514 3023 sacras
538 2967 762 3023 noverit
790 2983 918 3022 esse
949 2967 1263 3037 privatum.

343 3066 476 3122 CAP.
505 3067 630 3121 343.
663 3097 731 3107 -
772 3065 920 3133 Quod
936 3064 1120 3120 ullam
1155 3067 1268 3120 vim
1315 3065 1552 3120 habeant
1598 3064 1808 3134 injusta
1827 3064 1981 3135 judi-

414 3140 518 3194 cia.
570 3140 774 3194 Joanni
845 3137 1120 3206 defensori
1176 3136 1486 3208 Gregorius,
1530 3152 1578 3192 c.
1631 3136 1699 3190 40
1736 3135 1861 3207 (tib.
1901 3154 1979 3206 xi,

410 3226 458 3266 ο.
488 3209 580 3282 50,
611 3210 696 3264 vel
724 3209 886 3280 epist.
907 3209 1022 3280 52).

415 3301 488 3370 (2,
511 3316 564 3370 q.
596 3299 651 3367 1,
691 3315 739 3354 c.
788 3301 856 3354 In
892 3296 1138 3369 primis.)
1190 3297 1352 3362 Quod
1402 3295 1643 3367 quidam
1693 3295 1870 3350 frater
1915 3295 1986 3350 de

342 3390 507 3447 falsis
540 3408 602 3448 se
625 3389 897 3461 capitulis
917 3393 1488 3460 accusatum,neque
1509 3387 1733 3460 aliquid
1749 3386 1986 3443 ordina-

341 3481 536 3536 biliter
567 3482 809 3549 factum,
829 3479 929 3534 sed
952 3479 1171 3549 injuste
1187 3494 1249 3534 se
1273 3476 1482 3535 asserit
1502 3479 1983 3544 condemnatum,

341 3569 654 3642 diligenter
679 3568 1060 3640 quaerendum
1087 3572 1196 3636 est,
1219 3568 1430 3640 primo,
1455 3567 1812 3638 sijudicium
1831 3566 1984 3622 ordi-

340 3657 613 3714 nabiliter
643 3663 733 3714 est
763 3657 1052 3725 habitum,
1082 3658 1131 3713 si
1164 3657 1260 3714 alii
1285 3662 1676 3725 accusatores,
1695 3655 1792 3712 alii
1810 3661 1984 3712 testes

339 3747 595 3816 fuerint;
628 3747 838 3804 deinde
868 3764 1182 3803 causarum
1213 3747 1491 3819 qualitas,
1513 3746 1758 3817 sidigna
1781 3744 1983 3801 exsilio

338 3835 428 3892 vel
459 3835 821 3906 depositione
846 3835 977 3901 fuit,
1001 3835 1050 3891 si
1073 3851 1139 3890 eo
1162 3839 1448 3906 praesente
1470 3833 1982 3905 subjurejurando

338 3927 542 3980 contra
585 3940 720 3980 eum
775 3923 1182 3979 testimonium
1253 3922 1472 3977 dictum
1510 3927 1620 3987 est,
1653 3921 1703 3976 si
1751 3922 1985 3993 scriptis

336 4019 531 4070 actum
565 4017 676 4080 est,
709 4013 760 4068 si
789 4012 916 4084 ipse
945 4011 1244 4068 licentiam
1277 4010 1668 4083 respondendi
1691 4026 1756 4064 ac
1781 4010 1985 4065 defen-

337 4103 511 4159 dendi
543 4120 604 4160 se
633 4100 858 4158 habuit.
885 4101 996 4157 Sed
1025 4105 1080 4155 et
1111 4100 1180 4155 de
1201 4099 1468 4172 personis
1495 4099 1895 4154 accusantium
1920 4115 1985 4153 ac

337 4192 776 4248 testiﬁcantium
815 4189 1108 4246 subtiliter
1129 4189 1508 4260 quaerendum
1537 4193 1624 4243 est
1654 4188 1825 4259 cujus
1854 4204 1987 4242 con-

335 4280 599 4348 ditionis,
621 4281 862 4350 cujusve
893 4277 1215 4351 opinionis,
1251 4281 1309 4332 et
1355 4293 1427 4332 ne
1476 4276 1680 4347 inopes
1725 4275 1863 4341 sint,
1915 4292 1985 4331 ne

337 4369 486 4424 forte
509 4367 738 4439 aliquas
769 4372 972 4424 contra
1002 4368 1303 4438 praefatum
1320 4370 1612 4438 pastorem
1644 4365 1984 4421 inimicitias

338 4456 707 4523 habuissent,
743 4459 943 4511 utrum
969 4455 1371 4512 testimonium
1391 4471 1460 4511 ex
1485 4454 1688 4511 auditu
1711 4454 1984 4524 dixerint,

336 4549 440 4601 aut
470 4549 626 4600 certe
657 4544 990 4617 specialiter
1021 4561 1083 4602 se
1105 4545 1253 4601 scire
1279 4545 1474 4602 testati
1495 4549 1656 4615 sunt,
1681 4544 1731 4600 si
1749 4542 1984 4615 scriptis

329 4633 668 4704 judicatum
702 4637 810 4705 est,
826 4638 883 4690 et
898 4634 1166 4706 partibus
1198 4633 1582 4706 praesentibus
1597 4633 1888 4690 sententia
1906 4647 1987 4688 re-

338 4723 515 4778 citata
549 4726 657 4777 est.
691 4723 854 4787 Quod
887 4724 934 4778 si
968 4723 1112 4778 forte
1135 4723 1255 4778 hinc
1304 4722 1648 4779 solemniter
1697 4725 1825 4777 acta
1871 4737 1987 4776 non

339 4816 503 4882 sunt,
535 4827 723 4883 neque
744 4828 920 4867 causa
941 4812 1184 4883 probata
1205 4816 1314 4876 est,
1340 4829 1464 4883 quas
1487 4811 1689 4867 exsilio
1711 4809 1794 4865 vel
1813 4810 1989 4881 dcpo-

340 4901 556 4957 sitione
587 4901 766 4974 digna
787 4901 883 4969 sit,
899 4901 957 4956 in
975 4901 1292 4957 Ecclesiam
1311 4917 1479 4956 suam
1499 4900 1688 4956 modis
1712 4899 1988 4955 omnibus

343 4994 670 5046 revocetur.

341 5101 475 5153 CAP.
509 5099 634 5152 344.
670 5128 736 5138 —-
800 5098 862 5155 Ut
907 5098 1146 5168 singulis
1178 5099 1422 5167 personis
1468 5097 1692 5165 singula
1734 5098 1989 5152 Ecclesiae

419 5170 742 5225 tribuantur
796 5169 1004 5239 ofﬁcia.
1064 5170 1366 5238 Gregorius
1423 5169 1674 5224 omnibus
1725 5169 1989 5240 episcopis

413 5241 583 5313 (apud
610 5243 769 5297 Joan.
802 5241 1094 5296 diaconum
1123 5243 1180 5296 in
1211 5243 1330 5296 Vita
1359 5246 1422 5295 Β.
1484 5240 1749 5310 Gregorii,
1781 5257 1840 5294 n.
1875 5240 1986 5307 54).

411 5332 573 5400 (Dist.
604 5331 695 5401 89,
726 5347 772 5387 c.
799 5330 1034 5401 Singula
1076 5329 1471 5400 ecclesiastici.)
1519 5327 1758 5401 Singula
1805 5327 1986 5384 eccle-

341 5420 567 5478 siastici
591 5421 746 5492 juris
773 5419 986 5486 ofﬁcia,
1019 5418 1266 5490 singulis
1315 5417 1648 5490 quibusque
1697 5417 1988 5488 personis,

341 5507 688 5580 singulatim
721 5509 931 5565 debere
960 5508 1244 5565 committi
1259 5507 1563 5578 jubemus.
1611 5507 1811 5579 Neque
1832 5507 1987 5564 enim

341 5597 442 5653 uni
468 5598 793 5668 quamlibet
813 5600 1144 5657 exercitata:
1159 5615 1421 5672 personae
1439 5614 1556 5654 uno
1569 5602 1829 5670 tempore
1850 5599 1989 5655 dua-

2123 502 2294 550 totum
2323 512 2518 569 corpus
2546 499 2736 556 oculus
2766 502 2863 557 ubi
2892 503 3124 558 auditus
3151 504 3178 559 ?
3209 505 3255 574 (ι
3285 505 3405 561 Cor.
3439 509 3564 578 xii.)
3611 510 3779 566 Sicut

2120 584 2278 641 enim
2311 587 2560 644 varietas
2593 591 2988 646 membrorum
3015 609 3116 664 per
3135 593 3366 650 diversa
3386 596 3576 653 ofﬁcia
3607 605 3663 654 et
3679 616 3774 657 ro-

2122 673 2234 729 bur
2254 676 2514 746 corporis
2527 683 2736 746 servat,
2762 679 3331 751 etpulcbritudinem
3366 692 3770 757 repraesentat,

2121 760 2203 817 ita
2234 763 2482 821 varietas
2514 782 2896 838 personarum
2930 769 3315 825 nihilominus
3349 774 3652 843 perofﬁcia
3675 777 3773 830 di-

2120 850 2394 922 stributa,
2425 859 2481 909 et
2512 855 2912 913 fortitudinem
2931 862 2987 912 et
3016 863 3384 915 venustatem
3423 870 3636 918 sanctae
3666 864 3774 920 Dei

2119 939 2385 996 Ecclesia:
2410 944 2764 1001 manifestat.
2799 948 2867 1002 Et
2897 948 3049 1003 sicut
3097 948 3436 1005 indecorum
3477 958 3566 1006 est
3613 958 3678 1008 ut
3710 954 3769 1008 in

2116 1045 2356 1101 corpore
2375 1031 2635 1089 humano
2659 1035 3004 1091 alterutrum
3022 1037 3347 1092 membrum
3365 1037 3608 1095 alterius
3631 1042 3769 1097 fun-

2113 1124 2286 1189 gatur
2315 1121 2525 1190 ofﬁcio,
2551 1123 2632 1178 ita
2655 1124 2934 1180 nimirum
2958 1126 3193 1181 noxium
3228 1127 3520 1198 simulque
3543 1133 3771 1202 turpis-

2111 1204 2352 1273 simum,
2387 1207 2436 1262 si
2468 1209 2700 1281 singula
2728 1229 2923 1267 rerum
2960 1212 3306 1283 ministeria,
3342 1217 3611 1287 personis
3652 1224 3770 1274 tot-

2107 1291 2263 1348 idem
2295 1311 2412 1351 non
2445 1298 2656 1354 fuerint
2687 1299 3025 1356 distributa.

2105 1405 2238 1463 CAP.
2270 1409 2395 1465 345.
2416 1413 2609 1492 —_U_bi
2636 1413 2763 1492 ﬁeri
2786 1415 3025 1492 debeant
3053 1417 3447 1492 ecclesiastica.
3473 1420 3554 1474 Ea:
3576 1423 3768 1492 prima

2410 1486 2644 1554 epistola
2677 1486 2972 1542 Clementis
3005 1487 3144 1559 (post
3173 1491 3448 1561 initium).

2171 1575 2281 1647 (11,
2305 1595 2357 1650 q.
2388 1581 2438 1648 1,
2471 1598 2519 1637 c.
2553 1582 2614 1638 Si
2644 1585 2744 1656 qui
2773 1601 2844 1639 ea:
2872 1586 3195 1659 fratribus.)
3217 1587 3276 1643 Si
3326 1587 3424 1660 qui
3449 1605 3519 1644 ex
3563 1590 3762 1645 fratri-

2097 1661 2210 1718 bus
2242 1668 2475 1739 negotia
2506 1669 2724 1726 habent
2747 1671 2898 1727 inter
2919 1690 3002 1744 se,
3029 1676 3183 1746 apud
3209 1677 3538 1747 cognitores
3563 1679 3760 1734 saeculi

2012 1775 2060 1840 B
2094 1765 2210 1806 non
2234 1755 2596 1828 judiccutur,
2614 1761 2713 1815 sed
2740 1762 2891 1832 apud
2909 1764 3286 1836 presbyteros
3306 1765 3564 1823 ecclesiae
3589 1769 3758 1838 quid-

2089 1841 2230 1910 quid
2265 1842 2409 1900 illud
2436 1852 2525 1903 est
2583 1849 2919 1920 dirimatur,
2960 1857 3018 1907 et
3074 1854 3414 1912 omnimodo
3472 1856 3752 1914 obediant

2087 1931 2328 1988 statutis
2359 1951 2584 1991 eorum.

2087 2033 2218 2090 CAP.
2253 2039 2376 2123 34g.
2403 2073 2471 2123 τ-
2501 2046 2575 2123 _De
2599 2043 2973 2123 abominabili
3007 2050 3243 2123 crimine
3293 2053 3749 2123 conspirationis.

2324 2111 2578 2169 Calirctus
2609 2119 2668 2170 in
2694 2119 2931 2173 secunda
2959 2120 3191 2189 epistola
3222 2123 3364 2194 (cap.
3401 2111 3477 2196 1').

2169 2212 2277 2283 (11,
2331 2228 2380 2282 q.
2436 2217 2486 2279 1,
2537 2228 2582 2267 c.
2635 2213 3166 2289 Gonspirationum.)
3227 2222 3744 2292 Conspirationum

2085 2317 2223 2358 vero
2254 2299 2504 2356 crimina
2532 2301 2592 2355 in
2625 2304 2834 2359 vestris
2868 2305 3137 2376 partibus
3169 2307 3358 2379 vigere
3389 2311 3747 2381 audivimus,

2088 2394 2145 2446 et
2177 2390 2375 2462 plebes
2406 2393 2609 2445 contra
2639 2392 2943 2464 episcopos
2993 2412 3132 2451 suos
3177 2399 3514 2469 conspirare
3574 2401 3752 2457 nobis

2091 2479 2436 2534 mandatum
2469 2484 2576 2533 est.
2602 2479 2782 2551 Cujus
2814 2482 3082 2538 criminis
3133 2487 3352 2541 astutia
3395 2504 3508 2542 non
3552 2489 3752 2547 solum

2089 2567 2241 2624 inter
2261 2567 2626 2623 Christianos
2665 2569 3077 2626 abominabilis
3107 2579 3212 2642 est,
3247 2576 3345 2630 sed
3381 2577 3555 2631 etiam
3592 2578 3752 2634 inter

2088 2657 2374 2725 ethnicos,
2399 2661 2455 2712 et
2485 2656 2555 2711 ab
2586 2658 2799 2713 exteris
2831 2658 3059 2731 legibus
3093 2663 3406 2732 prohibita.
3441 2666 3508 2719 Et
3533 2667 3752 2724 idcirco

2087 2745 2268 2817 hujus
2298 2746 2565 2801 criminis
2597 2762 2727 2802 reos
2778 2765 2892 2802 non
2939 2748 3128 2804 solum
3167 2751 3596 2821 ecclesiasticas,
3647 2758 3747 2812 sed

2088 2836 2262 2890 etiam
2295 2835 2492 2890 seculi
2523 2836 2810 2892 damnant
2842 2837 3019 2908 leges.
3048 2839 3113 2892 Et
3151 2855 3265 2896 non
3299 2841 3489 2897 solum
3514 2847 3750 2916 conspi-

2089 2929 2308 2989 rantes,
2359 2925 2459 2979 sed
2502 2925 2678 2980 etiam
2727 2927 3160 2983 consentientes
3201 2931 3744 2990 eis.Antecessores

2089 3029 2224 3066 vero
2257 3013 2444 3068 nostri
2476 3030 2608 3068 cum
2635 3014 2892 3085 plurima
2926 3017 3100 3073 turba
3133 3018 3564 3092 episcoporum,
3618 3024 3748 3094 qui-

2014 3141 2058 3209 C
2097 3117 2328 3171 cunque
2359 3117 2563 3156 eorum
2593 3103 2652 3156 in
2703 3105 3048 3159 sacerdotali
3101 3106 3321 3164 honore
3369 3113 3509 3164 sunt
3549 3113 3746 3182 positi,

2097 3189 2665 3246 autexistuntclerici
2678 3234 2691 3258 ,
2707 3191 2925 3249 honore
2939 3211 3054 3265 quo
3069 3202 3520 3255 utunturcarere
3537 3217 3748 3273 prisce-

2095 3283 2346 3351 perunt:
2382 3285 2619 3335 caeteros
2662 3297 2793 3337 vero
2845 3284 3260 3341 communione
3311 3289 3550 3360 privari,
3581 3295 3638 3346 et
3672 3291 3747 3346 ab

2094 3367 2338 3424 ecclesia
2369 3372 2626 3426 extorres
2661 3370 2785 3427 ﬁeri
2819 3373 3152 3443 jusserunt,
3198 3392 3521 3449 omnesque
3566 3379 3748 3438 simul

2095 3458 2406 3528 utriusque
2427 3458 2650 3514 ordinis
2679 3461 2835 3516 viros
2859 3461 3108 3519 infames
3129 3481 3257 3521 esse
3271 3477 3628 3524 censuerunt
3649 3486 3664 3525 :
3689 3477 3751 3527 et

2095 3564 2212 3603 non
2239 3546 2431 3603 solum
2460 3547 2741 3605 facientes
2775 3551 2875 3606 sed
2926 3556 2982 3607 et
3013 3552 3098 3608 eis
3134 3557 3584 3612 consentientes.
3633 3559 3744 3627 (25,

2093 3652 2145 3709 q.
2177 3637 2230 3690 3.
2262 3652 2310 3690 c.
2339 3639 2554 3693 Iustum
2586 3639 2710 3709 est.)
2742 3637 2978 3695 Justum
3003 3645 3090 3696 est
3123 3642 3279 3697 enim
3313 3649 3378 3698 ut
3407 3646 3507 3716 qui
3546 3646 3749 3702 divina

2093 3729 2483 3782 contemnunt
2512 3727 2810 3794 mandata,
2845 3735 2901 3784 et
2919 3728 3321 3787 inobedientes
3355 3733 3587 3790 Patrum
3621 3737 3748 3790 exi-

2093 3815 2657 3886 stuntjussionibus,
2682 3815 3073 3873 severioribus
3090 3819 3746 3890 corriganturvindictis

2095 3907 2382 3973 quatenus
2412 3903 2680 3958 timorem
2706 3905 2892 3959 caeteri
2917 3905 3172 3962 habeant
3192 3908 3332 3964 talia
3352 3912 3744 3983 committere,

2093 3995 2148 4044 et
2181 3994 2330 4045 Deus
2361 3992 2614 4062 gaudeat
2637 3993 3077 4049 fraternitateac
3095 3998 3429 4064 concordia,
3465 4006 3524 4055 et
3544 4006 3741 4060 cuncti

2094 4085 2331 4133 sumant
2351 4079 2678 4134 severitatis
2708 4097 2774 4136 ac
2805 4081 3084 4138 bonitatis
3105 4085 3459 4156 exemplum.
3502 4088 3670 4154 Nam,
3695 4091 3745 4145 si

2095 4166 2273 4236 (quod
2307 4167 2948 4238 absit)ecclesiasticam
2969 4171 3425 4230 sollicitudinem
3455 4177 3750 4248 vigorem-

2095 4271 2208 4324 que
2230 4255 2605 4327 negligimus,
2642 4258 2833 4328 perdit
2854 4259 3080 4314 desidia
3112 4261 3509 4335 disciplinam,
3532 4270 3590 4319 et
3621 4267 3750 4320 ani-

2096 4343 2306 4398 mabus
2336 4344 2595 4400 ﬁdelium
2629 4347 2886 4417 profecto
2908 4349 3230 4404 nocebitur.
3257 4352 3328 4418 (3,
3349 4369 3401 4422 q.
3428 4354 3478 4419 4,
3512 4370 3558 4408 c.
3580 4353 3721 4410 Cons

3465 4395 3478 4419 ν

2090 4433 2411 4504 piratores.)
2445 4433 2510 4487 lli
2539 4451 2673 4489 vero
2705 4435 2764 4489 in
2800 4435 3022 4492 nullius
3055 4443 3200 4494 sunt
3241 4442 3616 4496 accusatione
3665 4460 3752 4499 re-

2015 4511 2062 4578 D
2093 4521 2370 4593 cipiendi,
2405 4539 2510 4577 nec
2533 4539 2735 4578 eorum
2766 4524 3640 4600 velanathematizatorumvox,
3671 4533 3754 4588 ul-

2095 4610 2216 4665 lum
2242 4626 2448 4666 nocere
2479 4616 2580 4666 aut
2610 4629 2890 4670 accusare
2920 4620 3130 4687 potest.

2097 4718 2229 4773 CAP.
2257 4718 2382 4772 347.
2424 4748 2494 4758 —-
2544 4723 2622 4774 De
2676 4720 2832 4776 modo
2889 4723 3203 4778 accusandi.
3257 4726 3520 4782 Damasus
3547 4727 3608 4783 in
3665 4744 3757 4784 se-

2461 4791 2638 4846 cunda
2669 4793 2899 4862 cpistola
2927 4795 3104 4864 (epist.
3140 4797 3192 4863 4,
3223 4813 3268 4851 c.
3303 4799 3378 4869 8).

2167 4884 2244 4957 (3,
2277 4902 2330 4956 q.
2361 4886 2415 4954 9,
2447 4903 2494 4941 c.
2530 4887 2823 4960 Habctur.)
2856 4888 3116 4944 lIabetur
3149 4907 3382 4963 quoque
3411 4893 3469 4948 in
3503 4893 3757 4949 decretis

2097 4975 2355 5042 Patrum,
2390 4975 2681 5030 sancitum
2715 4993 2828 5031 non
2855 4977 2975 5033 fore
2997 4981 3369 5048 canonicum,
3395 4999 3755 5054 quemquam

2096 5063 2750 5134 sacerdotumjudicare
2770 5065 2854 5120 vel
2887 5068 3192 5135 damnare,
3227 5077 3543 5143 antequam
3576 5089 3755 5128 accu-

2098 5157 2320 5208 satores
2349 5152 2625 5208 canonice
2655 5153 3021 5210 examinatos
3058 5163 3376 5228 praesentes
3408 5159 3641 5229 habeat,
3678 5161 3759 5216 lo-

2096 5258 2348 5313 cumque
2378 5241 2728 5297 defendendi
2759 5244 3031 5317 accipiat,
3057 5247 3111 5300 id
3147 5252 3237 5304 est
3263 5248 3531 5305 inducias
3571 5249 3758 5305 eccle-

2097 5331 2368 5386 siasticas
2399 5330 2471 5385 ad
2504 5330 2798 5388 abluenda
2829 5334 3080 5391 crimina
3102 5343 3163 5392 et
3194 5342 3422 5406 caetera,
3457 5355 3561 5394 nec
3593 5345 3758 5395 extra

2097 5419 2394 5492 propriam
2429 5419 2527 5475 ﬁat
2557 5421 2918 5492 provinciam
2952 5425 3144 5496 prima
3166 5426 3558 5484 discussionis
3576 5443 3758 5483 acru-

2098 5507 2268 5574 satio,
2293 5506 2424 5565 sine
2455 5509 2774 5581 apostolica
2804 5513 3216 5585 praeceptione,
3250 5513 3345 5571 cui
3367 5514 3427 5571 in
3470 5517 3753 5574 omnibus

2097 5598 2294 5657 causis
2321 5598 2494 5657 debet
2523 5603 2846 5660 reverentia
2874 5603 3181 5677 custodiri,
3205 5606 3484 5678 quoniam
3513 5611 3572 5664 et
3591 5607 3750 5664 anti-
