3994 6052
161 339 271 393 517

1223 333 1535 386 DECRETI
1576 331 1762 383 PARS
1798 330 1895 381 VI.
1934 355 1996 366 -—
2032 328 2127 379 ΒΚ
2165 328 2509 382 CLERICIS.

3468 332 3575 386 518

162 480 282 537 qua
308 464 478 519 docet
505 459 615 515 hoc
643 458 883 512 Patrum
916 455 1159 526 regula;
1210 455 1269 509 in
1302 471 1418 526 qua
1447 458 1507 510 et
1535 453 1809 526 imperia-
1838 455 1893 520 Α
1922 451 2007 507 cis
2055 454 2411 507 revertentes
2463 450 2671 507 debere
2716 449 2775 505 in
2835 466 3011 507 suum
3059 451 3324 509 ordinem
3374 457 3575 530 recipi.

160 554 241 609 lia
270 552 489 625 pariter
518 550 742 605 statuta
772 544 1111 600 concinunt.

160 665 295 718 CAP.
330 660 454 714 348.
483 686 550 697 -—-
583 657 655 711 De
685 652 875 708 eadem
915 668 998 706 re.
1032 651 1182 706 Idem
1234 650 1296 704 in
1344 650 1583 722 epistola
1616 650 1815 706 ultima

580 727 755 798 (epist.
789 726 843 792 7,
876 723 945 777 ad
974 722 1140 794 episc.
1174 722 1391 790 Italiae).

234 822 307 890 (3,
341 837 391 892 q.
422 818 478 884 9,
509 834 556 872 ο.
593 814 696 882 Qui
724 816 1019 881 accusare).
1046 812 1153 877 Qui
1174 811 1355 866 alium
1386 826 1663 866 accusare
1696 808 1815 865 ele-

160 909 335 980 gerit,
379 921 637 979 praesens
687 918 791 974 per
834 917 897 956 se
927 905 984 956 et
1030 917 1146 955 non
1196 917 1298 971 per
1345 898 1525 955 alium
1558 902 1813 970 accuset,

160 997 543 1068 inscriptione
590 991 858 1048 videlicet
906 988 1232 1061 praemissa.
1281 988 1480 1060 Neque
1511 988 1670 1044 ullus
1707 1005 1813 1043 un-

161 1103 341 1160 quam
365 1084 691 1156 judicetur,
742 1082 1062 1150 antequam
1109 1077 1402 1149 legitimos
1451 1082 1814 1133 accusatores

161 1179 478 1249 presentes
525 1171 754 1234 habeat,
804 1170 1121 1239 locumque
1169 1166 1517 1223 defendendi
1568 1167 1816 1238 accipiat

160 1270 234 1323 ad
268 1264 556 1323 abluenda
591 1260 862 1317 crimina.

158 1375 294 1430 CAP.
328 1373 452 1427 349.
486 1399 555 1410 -η
586 1370 662 1423 De
691 1365 998 1421 curialibus
1027 1363 1096 1419 ad
1120 1364 1328 1419 clerum
1356 1379 1465 1418 non
1494 1377 1816 1434 promoven-

227 1446 336 1500 dis.
373 1439 735 1500 Innocentius
773 1435 1031 1493 Victricio
1073 1434 1503 1504 Rothomagensi
1536 1434 1815 1505 archiepi-

227 1532 386 1587 scopo
416 1516 600 1586 (epist.
632 1515 693 1577 2,
723 1526 770 1565 ε.
806 1511 915 1579 11).

226 1605 387 1677 (Bist.
418 1604 508 1673 51,
542 1619 586 1657 c.
640 1602 918 1656 Praeterea
967 1596 1329 1669 frequenter).
1382 1599 1673 1651 Praeterea
1705 1596 1819 1650 fre-

154 1698 407 1766 quenter
436 1689 678 1761 quidam
726 1705 793 1743 ex
835 1685 1115 1741 fratribus
1164 1684 1373 1739 vestris
1425 1683 1699 1752 curiales,
1731 1683 1817 1739 vel

154 1780 519 1857 quibuslibet
536 1776 787 1851 publicis
808 1774 1212 1831 functionibus
1230 1772 1818 1845 occupatos,clericos

154 1832 760 1929 Face-rev—contgndunt
792 1882 803 1919 :
839 1864 1055 1936 quibus
1106 1867 1311 1935 postea
1356 1832 1823 1933 major'tristitia
1849 1832 1897 1897 Β
1937 1927 1959 1936 _
1998 1837 2015 1908 (

162 1978 302 2019 cum
334 1962 403 2015 de
435 1954 778 2013 revocandis
808 1954 892 2010 eis
922 1952 1144 2024 aliquid
1196 1952 1267 2007 ab
1299 1951 1651 2023 imperatore
1683 1968 1822 2021 prie-

165 2051 405 2124 cipitur,
439 2062 617 2118 quam
646 2043 834 2116 gratia
878 2042 1141 2098 nascitur
1188 2042 1259 2097 de
1307 2041 1549 2096 adscito.
1584 2041 1824 2096 Constat

164 2138 323 2194 enim
354 2152 455 2191 eos
486 2135 543 2189 in
583 2132 729 2205 ipsis
782 2131 1003 2187 muniis
1036 2130 1259 2201 [nimis]
1303 2129 1630 2201 voluptates
1662 2130 1821 2185 exhi-

163 2229 323 2296 bere,
356 2241 504 2297 quas
528 2242 560 2278 a
590 2220 823 2277 diabolo
858 2221 1123 2275 inventas
1146 2235 1275 2275 esse
1306 2236 1419 2273 non
1443 2219 1689 2275 dubium
1712 2224 1821 2287 est,

163 2322 222 2372 et
253 2314 531 2369 ludorum
558 2317 661 2367 aut
692 2326 1003 2365 numerum
1038 2308 1404 2379 [mimorum]
1441 2309 1824 2381 apparatibus

164 2409 268 2461 aut
326 2418 601 2475 praeesse,
653 2406 753 2455 aut
804 2400 1049 2454 forsitan
1101 2398 1403 2452 interesse.
1454 2398 1511 2451 Si
1560 2402 1714 2454 certe
1762 2398 1823 2452 in

166 2493 502 2563 exemplum
553 2489 889 2545 sollicitudo
942 2493 998 2541 et
1044 2486 1290 2541 tristitia
1340 2487 1610 2553 fratrum,
1646 2502 1823 2557 quam

166 2599 321 2654 saepe
351 2580 729 2652 pertulimus,
752 2578 1105 2647 imperatore
1129 2579 1573 2646 prasente,cum
1604 2591 1706 2645 pro
1732 2574 1823 2629 his

167 2672 387 2744 saepius
407 2684 773 2741 rogaremus,
798 2682 976 2738 quam
998 2665 1122 2735 ipse
1146 2664 1456 2719 nobiscum
1483 2664 1711 2735 positus
1734 2680 1828 2718 co-

166 2759 445 2832 gnovisti,
474 2758 687 2829 quibus
722 2773 838 2811 non
866 2754 1055 2811 solum
1080 2754 1384 2809 inferiores
1416 2752 1607 2808 clerici
1633 2770 1701 2807 ex
1723 2770 1824 2808 cu-

169 2849 439 2913 rialibus,
472 2862 672 2902 verum
705 2846 877 2900 etiam
904 2844 1029 2914 jam
1072 2859 1139 2897 ex
1186 2842 1509 2897 sacerdotio
1541 2841 1823 2897 constitu-

170 2938 240 3008 ti,
274 2938 485 3009 ingens
518 2934 786 2990 molestia
819 2938 882 2988 ut
915 2932 1321 2999 redderentur,
1350 2931 1627 2987 instabat.

170 3049 306 3102 CAP.
351 3043 480 3098 350.
529 3072 597 3081 —
645 3040 801 3111 Quod
848 3040 905 3093 id
955 3038 1093 3109 quod
1139 3038 1679 3111 necessitasrreperit
1723 3054 1829 3110 pro

244 3114 508 3180 remedio,
538 3110 785 3168 cessante
816 3113 1157 3174 necessitate,
1185 3110 1341 3165 debet
1370 3110 1563 3181 utique
1594 3127 1824 3166 cessare.

1922 541 2083 606 Quod
2102 543 2185 596 ita
2202 558 2316 595 non
2334 555 2485 608 esse,
2510 539 2689 596 etiam
2710 538 2855 594 illud
2886 540 3139 595 maxime
3160 543 3316 612 quod
3342 544 3410 598 de
3432 549 3577 601 Pau-

1920 629 2176 685 lianistis
2193 629 2411 685 dictum
2435 633 2546 696 est,
2570 628 2785 701 poterit
2805 629 3173 698 confirmare,
3200 648 3232 685 a
3253 634 3467 703 quibus
3488 652 3576 691 ve-

1924 718 2152 774 nientes
2183 720 2357 773 etiam
2382 718 2661 789 baptizari
2688 718 3126 789 praecipiuntur.
3156 720 3574 793 Nunquidnam

1924 824 2058 863 cum
2091 809 2162 863 de
2183 806 2561 864 Paulianistis
2578 808 2808 877 jubent,
2831 824 3032 863 omnes
3059 810 3159 879 qui
3192 811 3264 865 ab
3288 812 3578 870 haereticis

1924 901 2317 965 revertuntur,
2351 902 2524 953 erunt
2556 900 2661 953 hoc
2692 897 2954 969 exemplo
2998 898 3330 968 baptizandi
3352 901 3379 954 ?
3411 904 3573 968 Quod

1925 1003 2059 1043 cum
2082 986 2279 1042 nullus
2301 988 2515 1042 audeat
2535 986 2743 1053 facere,
2767 986 2837 1039 de
2864 986 3008 1057 ipsis
3033 990 3263 1043 tantum
3288 1005 3411 1045 esse
3434 1007 3581 1062 pras-

1925 1081 2159 1148 oeptum
2193 1076 2339 1132 ratio
2367 1076 2495 1147 ipsa
2526 1077 2913 1131 demonstrat.

1923 1177 2053 1231 CAP.
2086 1176 2211 1232 351.
2248 1206 2313 1215 —
2344 1175 2417 1229 De
2442 1173 2528 1228 his
2557 1175 2654 1245 qui
2682 1172 3016 1243 virginitatis
3060 1175 3405 1245 sponsionem
3436 1178 3569 1231 irri-

1994 1246 2387 1389 tarit8)faciunt.
2446 1245 2589 1301 Idem
2642 1246 2816 1316 (conc.
2867 1251 3076 1315 Ancyr.
3126 1247 3224 1301 sub
3276 1246 3571 1319 Sylvestro,

1995 1334 2083 1372 c.‘
2174 1362 2187 1374 .

1995 1334 2043 1372 Ο.
2082 1334 2187 1374 ιδ).

1999 1407 2107 1475 (27,
2140 1424 2191 1478 q.
2225 1405 2277 1475 Ι,
2308 1420 2354 1461 c.
2381 1404 2693 1475 Quotquot).
2715 1406 3011 1475 Quotquot
3027 1403 3421 1475 virginitatem
3446 1422 3577 1478 pro-

1926 1494 2250 1565 mittentes,
2283 1494 2509 1549 irritam
2545 1492 2762 1548 faciunt
2799 1492 3199 1564 sponsionem,
3233 1494 3384 1551 inter
3416 1496 3576 1567 biga-

1927 1600 2056 1639 mos
2088 1588 2460 1639 censeantur.

1927 1675 2058 1732 CAP.
2090 1676 2214 1730 352.
2249 1704 2319 1717 -—
2347 1677 2422 1731 De
2449 1690 2672 1745 peregre
2717 1674 3029 1745 baptizatis.
3082 1676 3165 1729 Ex
3212 1676 3441 1732 concilio
3471 1676 3581 1731 Eti-

2478 1748 2745 1813 beritano,
2779 1762 2901 1817 cap.
2935 1746 3026 1800 24.

2024 1837 2156 1891 Dist.
2208 1836 2302 1902 98,
2350 1851 2399 1890 c.
2459 1833 2652 1890 Omnes
2708 1835 2844 1905 qui).
2906 1834 3125 1890 Omnes
3185 1834 3286 1907 qui
3344 1851 3584 1907 peregre

1932 1927 2172 1982 fuerunt
2203 1924 2502 1997 baptizati,
2530 1941 2596 1980 eo
2627 1925 2782 1997 quod
2816 1940 3016 1979 eorum
3071 1924 3314 1981 minime
3341 1927 3417 1981 sit
3449 1941 3581 1998 cog-

1933 2015 2058 2071 nita
2086 2015 2225 2083 vita,
2258 2014 2471 2085 placuit
2501 2015 2571 2069 ad
2606 2013 2827 2069 clerum
2851 2030 2965 2069 non
2999 2030 3127 2070 esse
3156 2016 3585 2086 promovendos

1932 2106 1992 2161 in
2025 2106 2231 2162 alienis
2262 2104 2604 2177 provinciis.

1932 2209 2058 2261 CAP.
2091 2206 2215 2259 353.
2252 2233 2319 2245 -—
2352 2208 2429 2258 De
2459 2204 2632 2258 servis
2661 2204 2785 2257 sine
2816 2218 3080 2257 consensu
3124 2202 3471 2259 dominorum
3502 2221 3585 2259 or-

2056 2275 2284 2331 dinatis.
2320 2276 2569 2332 Getasius
2600 2273 2877 2345 Martyrio
2906 2282 2956 2329 et
2982 2276 3132 2329 Iusto
3162 2278 3446 2347 episcopis.

2005 2369 2244 2420 Actores
2270 2364 2563 2435 siquidem
2598 2362 2845 2418 illustris
2874 2361 2982 2416 viri
3014 2362 3117 2417 filii
3154 2364 3338 2419 nostri
3370 2368 3585 2420 Aman-

1934 2453 2090 2509 diani
2111 2454 2364 2525 graviter
2381 2455 2827 2522 conqueruntur
2852 2451 3142 2520 homines,
3165 2454 3407 2523 suojuri
3432 2454 3589 2509 dedi-

1932 2547 2044 2610 tos,
2078 2542 2224 2598 alios
2266 2541 2460 2597 adhuc
2494 2540 2756 2609 clericos,
2792 2538 2935 2595 alios
2962 2542 3089 2611 jam
3123 2541 3399 2597 diaconos
3432 2542 3587 2598 ordi-

1933 2636 2263 2695 natos,cum
2283 2647 2400 2685 non
2425 2627 2614 2684 solum
2650 2633 2781 2699 post
2811 2630 3158 2683 modernum
3191 2630 3370 2700 (quod
3393 2635 3583 2685 tanto-

1933 2737 2063 2776 rum
2078 2720 2420 2791 pontificum
2437 2717 2775 2774 collectione
2788 2718 2897 2773 sub
2913 2718 3178 2772 omnium
3195 2718 3586 2773 saluberrimae

1934 2809 2285 2883 provisionis
2316 2824 2564 2863 assensu
2597 2811 2824 2862 constat
2846 2822 2977 2862 esse
3008 2806 3351 2878 perfectum)
3384 2807 3563 2877 hujus

1936 2900 2089 2955 modi
2121 2914 2402 2970 personas
2434 2895 2651 2966 suscipi
2686 2912 2799 2950 non
2832 2896 3285 2961 debere,verum
3308 2896 3507 2961 etiam,
3534 2896 3586 2951 si

1934 2989 2032 3059 qui
2052 2988 2195 3043 forte
2212 2989 2271 3042 in
2290 2987 2498 3041 divinae
2515 2985 2740 3041 cultum
2761 2983 3005 3053 militiae,
3032 2988 3164 3040 ante
3187 2984 3401 3041 fuerint
3422 2985 3586 3056 igno-

1936 3078 2128 3133 rantia
2148 3076 2394 3132 faciente
2417 3073 3006 3145 suscepti,eliminare
3029 3078 3357 3145 prorsus,et
3380 3078 3587 3130 exutos

809 3164 1038 3239 Eusebio
1111 3164 1494 3237 Macedonibus
1518 3164 1825 3254 episcopis
1857 3199 1903 3264 Β
1942 3164 3593 3264 religiosoprivilesi0§f1dominorurgpofesgionefjusta

250 3260 431 3330 (epist.
462 3258 554 3322 22,
586 3273 631 3311 c.
664 3256 741 3326 5).

250 3350 326 3417 (1,
361 3365 411 3418 q.
446 3347 503 3415 7,
528 3362 573 3397 c.
610 3344 763 3413 Quod
787 3358 889 3415 pro
921 3341 1202 3413 remedio).
1232 3342 1632 3411 ,Sacerdotum
1666 3358 1828 3397 sum-

174 3452 277 3491 ma
307 3434 647 3490 deliberatio
680 3433 801 3487 haec
834 3432 965 3500 fuit,
1008 3436 1072 3485 ut
1119 3448 1266 3502 quos
1300 3433 1565 3487 Bonosus
1596 3430 1826 3486 ordina-

1943 3258 2255 3313 debuerint
2301 3255 2703 3311 admonitione
2750 3252 3047 3324 compelli.
3098 3254 3165 3308 Et
3196 3253 3347 3319 ideo,
3382 3254 3592 3309 fratres

1940 3345 2299 3411 charissimi,
2319 3362 2417 3400 eos
2451 3360 2598 3416 quos
2615 3342 2935 3414 supradicti
2968 3341 3075 3397 viri
3100 3346 3325 3396 actores
3348 3340 3407 3396 in
3429 3341 3594 3397 cleri-

1943 3439 2107 3490 catus
2158 3433 2349 3489 ofticio
2398 3431 2859 3488 monstraverint
2900 3430 3157 3497 attineri,
3206 3431 3507 3487 discussos
3539 3435 3599 3486 et

179 3528 364 3593 verat,
399 3539 470 3578 ne
503 3539 637 3577 cum
669 3522 870 3577 eodem
904 3525 1297 3585 remanerent,
1331 3537 1396 3575 ac
1424 3538 1493 3575 ne
1526 3521 1687 3575 fieret
1718 3537 1833 3575 non
1944 3524 2223 3580 obnoxios
2255 3540 2321 3579 ac
2353 3522 2629 3595 probatos
2656 3520 2949 3576 custodito
2978 3520 3171 3591 legum
3208 3520 3443 3576 tramite
3473 3520 3601 3577 sine

182 3614 477 3669 mediocre
493 3609 1125 3679 scandalum,ordinati
1150 3609 1834 3679 reciperentur.Vicimus
1943 3612 2378 3669 intermissione
2410 3610 2817 3675 restituite,ita
2834 3612 2898 3664 ut
2927 3608 2975 3664 si
2999 3608 3272 3679 quisjam
3299 3610 3605 3681 presbyter

184 3703 275 3770 (ut
306 3701 529 3771 opinor)
561 3700 857 3770 ambigua.
906 3698 975 3768 (l,
1009 3714 1061 3769 q.
1095 3698 1149 3768 4,
1181 3715 1229 3753 c.
1264 3697 1413 3766 Quod
1462 3714 1567 3767 pro
1611 3700 1835 3753 necessi-

1948 3704 2254 3775 reperitur,
2284 3702 2342 3756 in
2375 3701 2573 3756 eodem
2624 3700 2832 3771 gradu,
2880 3700 3093 3771 peculii
3126 3700 3251 3754 sola
3283 3700 3605 3756 amissione

183 3792 337 3859 tate).
367 3790 497 3845 Jam
532 3805 666 3861 ergo
716 3788 869 3858 quod
920 3804 1023 3858 pro
1078 3788 1335 3843 remedio
1386 3804 1451 3843 ac
1493 3788 1839 3843 necessitate
1948 3795 2307 3865 permaneat.
2341 3790 2634 3845 Diaconus
2683 3804 2816 3843 vero
2866 3791 2969 3844 aut
3013 3788 3296 3843 vicarium
3344 3793 3605 3861 praestet,

184 3880 466 3950 temporis
494 3882 784 3933 statutum
816 3880 925 3946 est,
950 3880 1176 3932 constat
1198 3877 1474 3948 primitus
1496 3894 1612 3932 non
1636 3878 1839 3944 fuisse,

186 3985 253 4024 ac
286 3969 467 4023 fuisse
498 3966 731 4039 regulas
759 3970 981 4021 veteres
1012 3982 1160 4037 quas
1180 3966 1250 4021 ab
1275 3966 1557 4038 apostolis
1579 3971 1679 4021 aut
1704 3983 1841 4037 apo-

187 4056 415 4114 stolicis
448 4055 695 4112 traditas
726 4056 983 4111 Ecclesia
1033 4059 1293 4111 Romana
1338 4056 1612 4126 custodit,
1646 4060 1843 4111 custo-

1952 3890 2049 3938 aut
2081 3882 2130 3936 si
2162 3897 2275 3936 non
2296 3877 2586 3943 habuerit,
2608 3877 2907 3932 reddatur.
2931 3876 3186 3933 Residua
3207 3876 3396 3934 officia
3418 3878 3610 3934 sciant

1953 3970 2249 4026 neminem
2284 3984 2455 4041 posse
2484 3968 2555 4022 ab
2582 3967 2974 4036 obnoxietate,
2998 3967 3045 4022 si
3078 3966 3465 4031 convincitur,
3488 3968 3607 4021 vin-

1955 4060 2155 4129 dicari,
2190 4064 2479 4130 quatenus
2518 4056 2722 4113 ordine
2754 4056 3047 4111 custodito
3079 4073 3183 4111 nec
3228 4056 3603 4110 dominorum

187 4148 556 4217 diendasque
577 4146 815 4200 mandat
838 4145 1056 4215 his,qui
1085 4161 1213 4199 eam
1238 4145 1439 4200 audire
1462 4149 1840 4202 consuerunt.
1947 4149 2105 4219 jura,
2140 4164 2243 4202 nec
2276 4146 2577 4218 privilegia
2608 4145 2729 4200 ulla
2754 4144 2979 4199 ratione
3013 4144 3343 4198 turbentur.

186 4238 300 4291 Sed
335 4236 656 4291 necessitas
690 4232 971 4305 temporis
1002 4233 1061 4287 id
1097 4234 1221 4289 fieri
1256 4250 1607 4307 magnopere
1641 4240 1844 4307 postu-

186 4325 369 4379 labat.
416 4328 560 4395 Ergo
594 4325 747 4395 quod
800 4321 1122 4378 necessitas
1171 4338 1273 4393 pro
1323 4324 1578 4380 remedio
1610 4325 1844 4395 reperit,

192 4419 462 4469 cessante
494 4412 865 4482 necessitate,
910 4412 1084 4467 debet
1135 4412 1338 4483 utique
1368 4429 1599 4469 cessare
1629 4415 1851 4484 pariter

193 4500 351 4570 quod
382 4500 647 4571 urgebat,
683 4499 822 4569 quia
869 4498 1020 4554 alius
1052 4504 1141 4554 est
1190 4501 1331 4555 ordo
1382 4501 1704 4572 legitimus,
1736 4500 1851 4556 alia

2036 4255 2170 4309 CAP.
2204 4254 2329 4308 354.
2356 4284 2419 4293 -
2456 4258 2531 4307 De
2558 4251 2746 4305 eadem
2778 4265 2855 4305 re.
2892 4248 3150 4305 Gclasius
3181 4249 3527 4305 Herculentio

2366 4324 2636 4395 Stephano
2661 4326 2711 4377 et
2739 4324 2891 4378 Justo
2916 4322 3201 4392 ερίεεορίδ.

2028 4414 2226 4484 Nuper
2254 4413 2470 4468 etenim
2520 4415 2745 4465 actores
2795 4409 3043 4466 illustris
3087 4411 3315 4466 feminas
3348 4409 3615 4466 Placidia)

1961 4503 2217 4577 petitorii
2249 4501 2543 4557 oblatione
2560 4500 2862 4569 conquesti
2887 4504 3047 4567 sunt,
3068 4501 3352 4556 Sabinum
3376 4499 3619 4555 Marcel-

197 4589 525 4659 usurpatio,
560 4605 738 4659 quam
771 4588 841 4643 ad
874 4605 1130 4659 praesens
1160 4589 1283 4644 fieri
1314 4593 1548 4662 tempus
1577 4588 1847 4662 impellit.
1880 4578 1928 4641 D
1960 4592 2242 4649 lianensis
2274 4591 2393 4646 sive
2436 4588 2774 4645 Cusilinatis
2826 4589 2987 4644 urbis
3036 4590 3381 4657 antistitem,
3414 4588 3618 4646 Antio-

196 4678 306 4732 Sed
340 4694 593 4733 canones
627 4677 783 4750 apud
815 4677 1065 4733 Nicmam
1098 4678 1398 4733 constituti
1422 4681 1491 4734 de
1513 4678 1850 4733 Novatianis

196 4766 317 4822 ﬁeri
347 4767 763 4837 permiserunt.
780 4766 1058 4820 Priusille
1073 4784 1257 4822 canon
1275 4783 1305 4821 a
1320 4768 1587 4821 Patribus
1611 4767 1847 4822 institu-

197 4860 296 4909 tus
330 4856 638 4924 ponendus
670 4859 777 4921 est,
804 4858 868 4909 ut
901 4855 1194 4925 possimus
1218 4856 1543 4922 advertere,
1574 4855 1660 4910 vel
1688 4856 1849 4926 quid,

196 4943 291 4997 vel
330 4943 581 5014 qualiter
613 4944 683 4998 ab
719 4943 941 4998 eisdem
974 4961 1214 4999 sensum
1247 4945 1323 5000 sit
1353 4944 1444 5000 vel
1478 4950 1851 5017 przrceptum.

196 5031 355 5103 (Can.
388 5034 444 5099 8,
475 5033 593 5087 Nic.
627 5035 798 5104 syn.).
838 5034 912 5087 De
937 5033 1048 5101 his,
1073 5034 1291 5104 inquit,
1316 5034 1413 5105 qui
1438 5035 1745 5089 nominant
1766 5050 1855 5088 se-

196 5122 359 5191 ipsos
383 5122 677 5191 catharos,
706 5122 761 5175 id
785 5126 874 5177 est
897 5123 1171 5189 mundos,
1199 5129 1255 5178 et
1279 5124 1594 5195 aliquando
1618 5122 1860 5177 veniunt

198 5211 270 5265 ad
304 5210 653 5266 catholicam
686 5210 1024 5279 Ecclesiam,
1058 5212 1277 5282 placuit
1301 5218 1516 5269 sanctae
1549 5216 1607 5267 et
1634 5228 1857 5283 magna:

201 5300 425 5371 synodo
458 5305 522 5376 ut
551 5306 790 5372 accepta
820 5318 1030 5355 manus
1055 5302 1453 5373 impositione,
1479 5302 1563 5357 sic
1590 5306 1863 5357 maneant

202 5390 261 5443 in
290 5388 464 5444 clero.
498 5391 819 5446 Possumus
853 5405 982 5446 vero
1014 5392 1205 5446 dicere
1260 5393 1331 5447 de
1363 5392 1503 5448 solis
1534 5392 1644 5448 hoc
1675 5392 1863 5447 Nova-

204 5476 384 5533 tianis
404 5495 532 5534 esse
554 5483 1042 5551 praeceptummec
1062 5482 1130 5535 ad
1157 5480 1405 5537 aliarum
1428 5483 1727 5538 haereseon
1750 5480 1863 5536 cle-

208 5568 359 5623 ricos
383 5569 692 5641 pertinere.
718 5569 885 5637 Nam,
910 5570 958 5624 si
997 5570 1196 5641 utique
1219 5572 1289 5627 de
1319 5574 1595 5627 omnibus
1620 5572 1701 5626 ita
1724 5571 1864 5626 defi-

213 5658 427 5725 nirent,
470 5658 838 5715 addidissent
884 5676 918 5714 a
967 5659 1327 5730 Novatianis,
1361 5660 1611 5732 aliisque
1642 5661 1865 5716 haereti-

1961 4682 2139 4738 chum
2174 4696 2405 4737 servum
2429 4679 2586 4749 juris
2637 4682 2891 4749 patrona:
2927 4695 3046 4733 suae
3074 4679 3336 4734 absentis
3367 4678 3615 4733 dominia

1961 4772 2263 4827 occasione
2294 4774 2547 4842 captata,
2580 4768 2650 4823 ad
2700 4768 3044 4839 presbyterii
3091 4768 3369 4824 honorem
3425 4784 3619 4839 usque

1966 4862 2337 4933 perductum,
2390 4860 2636 4929 ejusque
2686 4856 2926 4912 fratrem
2980 4858 3285 4913 Leontium
3336 4857 3623 4913 clericalis

1968 4950 2143 5005 ofﬁcii
2180 4948 2482 5019 privilegio
2518 4948 2845 5002 decorasse.
2880 4950 2947 5000 Et
2977 4946 3127 5013 ideo,
3163 4947 3372 5003 fratres
3405 4946 3627 5002 charis-

1967 5038 2124 5103 simi,
2148 5038 2302 5091 inter
2331 5036 2701 5106 supradictos
2720 5040 2969 5103 actores,
2994 5040 3051 5091 et
3081 5053 3178 5091 eos
3205 5038 3304 5108 qui
3337 5034 3630 5090 conditio-

1968 5127 2061 5182 nis
2092 5132 2360 5181 extremm
2388 5129 2755 5196 repetuntur,
2782 5126 3068 5196 objectam
3096 5125 3492 5197 cognitionem
3534 5140 3630 5178 vo-

1970 5218 2061 5272 bis
2094 5220 2296 5271 nostra
2328 5214 2676 5269 auctoritate
2698 5214 3077 5284 deputamus,
3101 5220 3185 5280 ut,
3210 5212 3366 5270 omni
3390 5212 3629 5267 veritate

1972 5306 2262 5373 discussa,
2300 5304 2347 5359 si
2381 5320 2578 5358 revera
2600 5302 2892 5372 objectam
2917 5304 3027 5358 sibi
3056 5302 3345 5359 maculam
3367 5300 3629 5372 justitize,

1972 5394 2381 5467 reiragationis
2428 5409 2543 5447 non
2594 5390 2849 5462 potuerit
2890 5393 3115 5447 ratione
3165 5391 3411 5457 diluere,
3446 5390 3629 5443 Leon-

1972 5483 2121 5539 tium
2150 5484 2451 5550 clericum,
2478 5497 2652 5553 quem
2677 5482 2895 5551 gradus
2920 5482 3243 5552 praefinitus
3266 5479 3493 5551 legibus
3515 5494 3631 5533 non

1977 5573 2256 5643 defendit,
2291 5573 2363 5627 ad
2395 5570 2757 5641 sequendam
2788 5570 3142 5640 cognitionis
3174 5587 3293 5625 suae
3326 5568 3635 5625 necessita-

1979 5667 2099 5718 tem
2152 5663 2347 5718 modis
2394 5660 2668 5716 omnibus
2720 5658 3047 5713 redhibete.
3098 5660 3448 5716 Antiochum
3480 5676 3633 5727 vero,
