3972 6056
396 308 500 361 519

1484 311 1547 361 Ι).
1595 307 1830 362 [VONIS
1864 305 2355 363 CARNOTENSIS
2391 307 2708 363 EPISCOPI

3705 309 3823 365 520

397 432 536 501 quia
561 447 664 502 per
691 430 1084 486 sacerdotium
1117 447 1232 485 non
1275 430 1400 500 jam
1432 434 1623 500 potest
1653 428 1864 497 retolli,
1897 428 1945 484 si
1979 429 2037 482 in
2068 432 2117 497 Α
2153 430 2384 499 quando
2418 429 2710 500 promisit,
2732 446 2922 502 neque
2943 445 3048 502 ego
3081 434 3247 502 pater
3267 431 3396 500 ejus
3427 431 3582 502 palla
3606 431 3818 487 altaris

395 537 564 575 suam
597 519 913 574 Ecclesiam
944 519 1001 573 in
1043 519 1151 574 hoc
1183 535 1297 591 quo
1344 523 1434 573 est
1478 519 1720 585 honore,
1751 518 2042 573 desiderat

393 609 696 669 collocare.
727 625 841 662 non
868 607 1024 663 velut
1065 607 1357 663 redditum
1391 606 1527 678 sibi,
1559 609 1660 663 sed
1692 607 1906 664 habeat
1937 623 2039 679 pro

395 697 851 754 ministeriorum
877 697 1268 752 celebratione
1300 702 1665 768 susceptum.

392 803 524 853 CAP.
558 800 679 853 355.
713 829 782 837 --
820 798 892 852 De
922 797 1227 852 reverentia
1274 797 1584 852 exhibenda
1614 799 1775 866 prius
1811 797 2038 853 ordina-

2152 516 2480 572 involutum
2515 517 2614 588 [aL
2649 517 2826 588 pallio
2867 517 2968 574 alt.
3023 519 3323 590 indutum]
3376 519 3544 575 illum
3597 519 3814 585 obtuli,

2150 623 2339 677 neque
2371 623 2403 662 a
2451 623 2799 678 quocunque
2850 608 3154 664 sacerdote
3196 607 3284 663 vel
3319 608 3548 675 abbate,
3582 614 3647 664 ut
3678 625 3817 664 mos

2149 695 2429 767 deposcit,
2463 696 2869 752 benedictione
2900 702 3170 770 percepta
3194 696 3395 769 regula
3428 714 3689 770 unquam
3713 715 3815 754 su-

2149 785 2384 840 bactum
2417 785 2600 840 fuisse
2631 786 2985 840 monachum
3021 787 3105 855 [se
3131 785 3254 840 ﬁeri
3284 787 3639 842 monachum
3670 787 3815 842 sub-

465 871 553 924 tis.
615 869 884 948 Nicotaus
918 885 1060 940 papa
1107 868 1365 924 Michaeli
1399 871 1726 940 imperatori
1775 870 1953 940 (epist.
2005 871 2038 923 8
2139 875 2366 944 jectum
2414 873 2727 945 promisit].
2779 879 2966 946 Super
2993 874 3088 930 his
3135 875 3415 931 omnibus
3457 875 3636 931 etiam
3670 892 3812 948 pro-

460 948 590 996 an/e
617 939 910 1010 medium).

458 1029 616 1098 (Dist.
641 1030 732 1096 2t,
762 1045 808 1082 c.
843 1028 1124 1098 Denique).
1164 1029 1444 1100 Denique,
1479 1030 1528 1084 si
1580 1032 1638 1084 in
1668 1029 1930 1099 Epistola
1963 1031 2034 1084 ad

386 1119 654 1173 Hebra‘os
687 1117 920 1189 legitur,
951 1120 1106 1188 quod
1131 1119 1324 1174 minor
1343 1138 1375 1174 a
1402 1122 1624 1192 majore
1655 1121 2035 1176 benedicatur

381 1207 562 1278 (Hebr.
594 1207 718 1276 vn),
750 1211 933 1262 restat
954 1208 1209 1277 profecto
1233 1213 1297 1262 ut
1320 1210 1585 1280 exigente
1613 1210 1836 1264 ratione
1859 1208 2034 1264 etiam

381 1295 788 1351 maledicatur.
824 1295 882 1350 Si
927 1295 1164 1366 quidem
1215 1296 1322 1351 hoc
1371 1297 1572 1368 utique
1604 1302 2034 1369 praenoscentes

380 1384 710 1455 periculosa
738 1388 1024 1454 tempora,
1056 1384 1142 1438 illi
1176 1385 1272 1456 qui
1308 1390 1441 1441 ante
1489 1403 1594 1440 nos
1629 1387 1864 1441 fuerunt
1895 1403 2032 1456 pro-

377 1473 574 1528 vidam
604 1473 664 1527 in
697 1473 973 1528 Ecolesiis
997 1475 1482 1530 consuetudinem
1514 1476 1900 1545 tradiderunt,
1925 1475 2028 1529 ho-

377 1563 586 1632 dieque
616 1562 674 1616 in
707 1562 969 1617 Romana
999 1562 1261 1618 Ecclesia
1294 1563 1444 1634 (qua:
1481 1564 1762 1636 magistra
1793 1568 1880 1619 est
1902 1580 2026 1618 om-

375 1652 538 1706 nium
571 1650 980 1720 Ecclesiarum)
1017 1651 1499 1722 impraatermisse
1531 1658 1814 1723 servatur,
1847 1653 1931 1708 ita
1962 1657 2027 1708 ut

374 1739 573 1795 nullus
605 1740 876 1795 sacerdos
913 1740 1119 1809 majori
1143 1756 1248 1794 suo
1282 1741 1701 1797 interveniente
1721 1757 2023 1797 consacer-

375 1829 509 1884 dote
539 1828 779 1884 cuilibet
808 1827 886 1882 rei
912 1803 1252 1884 benedicere
1275 1829 1514 1884 nitatur.
1543 1831 1652 1885 Sed
1685 1836 1742 1887 et
1773 1830 2030 1887 anterior
2061 1803 2106 1868 B

372 1922 538 1973 stans
568 1919 635 1972 ad
673 1917 1168 1988 pronuntiandum
1202 1918 1460 1988 aliquam
1493 1919 1827 1983 lectionem,
1855 1921 2028 1975 bene-

375 2007 687 2060 dictionem
719 2006 956 2077 quidem
993 2006 1270 2077 postulat,
1296 2008 1396 2061 sed
1428 2009 1474 2061 ei
1511 2008 1758 2078 quilibet
1789 2009 2028 2064 inferior

373 2110 489 2148 non
523 2095 700 2148 audet
732 2095 1092 2150 benedicere.
1127 2097 1242 2150 Cur
1276 2096 1379 2151 hoc
1401 2096 1429 2150 ‘I
1473 2097 1747 2167 Nunquid
1783 2097 2026 2152 benedi-

371 2199 499 2237 cere
526 2188 828 2254 peccatum
852 2184 988 2238 est?
1016 2184 1181 2238 Absit
1208 2185 1220 2238 ι
1256 2185 1334 2240 De
1368 2185 1673 2240 maledicis
1703 2186 1882 2252 enim,
1909 2203 2025 2241 non

369 2271 668 2326 benedicis
718 2271 858 2324 dicit
907 2272 1268 2343 Apostolus:
1304 2273 1443 2340 Quia
1492 2290 1723 2345 regnum
1772 2275 1871 2330 Dei
1912 2293 2025 2330 non

363 2359 717 2431 possidebunt
749 2359 794 2430 (I
825 2359 947 2415 Cor.
972 2361 1068 2431 vn).
1094 2361 1206 2415 Sed
1239 2378 1342 2433 per
1366 2362 1471 2417 hoc
1495 2362 1765 2417 innuitur
1794 2370 2026 2434 quantas

368 2465 628 2504 censurae
661 2449 822 2504 freno
855 2447 1160 2504 inferiores
1210 2451 1430 2523 quique
1485 2452 1554 2506 ad
1588 2468 1726 2507 suos
1749 2453 2025 2523 judican-

368 2537 474 2591 dos
507 2537 850 2608 przepositos
882 2539 1184 2592 coercendi
1213 2544 1372 2606 sunt,
1400 2540 1447 2594 si
1476 2539 1568 2595 his
1600 2557 1705 2596 nec
1733 2541 1909 2597 etiam
1935 2543 2029 2596 be-

374 2626 678 2681 nedicendi
705 2627 829 2697 jus,
862 2626 1026 2680 illum
1064 2628 1297 2699 penitus
1329 2629 1651 2684 obtineant.

370 2725 503 2798 Cap.
539 2725 778 2798 356.‘—_
797 2725 870 2779 De
895 2741 1066 2796 puero
1095 2729 1216 2782 sine
1245 2730 1466 2798 propria
1517 2729 1797 2783 voluntate
1839 2732 2024 2785 cucul-

442 2797 570 2872 l._ato_.
618 2795 880 2872 Nicotaus
924 2812 1070 2872 papa
1101 2800 1126 2852 I
1153 2795 1402 2872 omnibus
1447 2800 1716 2872 episcOpis
1766 2800 1827 2854 in
1857 2818 2025 2870 regno

439 2866 702 2922 Ludovici
732 2866 812 2937 (in
845 2868 1127 2934 rescriptis
1158 2870 1376 2926 Nicolai
1404 2873 1425 2925 I
1457 2866 1542 2925 tit.
1578 2866 1664 2938 13,
1696 2888 1742 2925 c.
1774 2873 1851 2939 2).

438 2956 548 3027 (20,
581 2973 631 3026 q.
663 2956 715 3023 3,
749 2970 795 3010 c.
839 2957 1090 3012 Praesens
1140 2958 1420 3029 clericus).
1479 2959 1740 3014 Praesens
1773 2958 2021 3016 clericus

368 3044 602 3099 nomine
652 3044 1021 3108 Lambertus,
1074 3063 1192 3101 una
1239 3063 1375 3101 cum
1431 3051 1592 3117 patre
1644 3063 1750 3102 suo
1783 3049 2022 3104 nomine

363 3134 532 3199 Atho,
567 3133 864 3235 qu‘ondam
915 3133 1181 3235 videlicet
1213 3135 1444 3199 comite,
1478 3152 1633 3189 nunc
1664 3141 1860 3190 autem
1893 3137 2011 3192 cle-
2045 3167 2088 3235 Ο

366 3222 505 3287 rico,
539 3221 607 3275 ad
642 3220 850 3276 limina
894 3220 1290 3291 apostolorum
1344 3237 1664 3293 properans
1695 3224 1840 3278 adiit
1870 3241 2015 3295 prte-

356 3311 606 3368 sentiam
631 3316 917 3373 nostram,
951 3325 1221 3364 asserens
1245 3310 1496 3380 qualiter
1518 3311 1669 3366 idem
1705 3317 1870 3384 pater
1890 3315 2015 3384 ejus

365 3400 422 3454 in
458 3399 647 3452 laicali
698 3398 892 3452 adhuc
942 3397 1140 3451 habitu
1193 3400 1422 3466 [ordine
1470 3401 1634 3471 orig.)
1687 3400 1744 3454 in
1781 3401 2015 3472 praediis

365 3486 618 3558 propriis
665 3487 1016 3540 aedificasset
1067 3489 1440 3555 monasteria,
1493 3490 1608 3544 duo
1652 3489 2012 3546 voluntatem

364 3590 590 3646 gerens,
616 3578 681 3627 ut
710 3578 845 3644 post
867 3591 1045 3629 suum
1073 3575 1401 3631 discessum
1428 3595 1684 3648 praesens
1708 3579 1864 3634 ﬁlius
1884 3579 2012 3650 ejus

360 3663 712 3718 Lambertus
741 3661 800 3717 in
830 3663 1021 3718 locum
1055 3665 1104 3718 ei
1138 3666 1499 3722 succederet.
1535 3669 1716 3732 Quem
1743 3668 1894 3723 infra
1922 3673 2008 3723 te-

359 3766 558 3805 neram
591 3754 823 3806 (etatem
869 3752 1024 3807 inter
1063 3755 1098 3807 8
1129 3758 1186 3808 et
1219 3755 1277 3808 11
1334 3771 1554 3809 annum
1607 3757 1993 3811 constitutum

357 3843 722 3894 memoratus
755 3844 917 3911 pater
949 3842 1182 3913 proprio
1233 3843 1474 3898 arbitrio
1507 3844 1730 3915 absque
1763 3829 2017 3916 regulari

355 3927 726 3984 institutione
740 3933 900 3984 extra
914 3947 1148 3986 omnem
1163 3931 1522 3987 voluntatem
1539 3932 1700 3987 illius
1723 3933 2013 3988 cucullam

356 4017 570 4072 induit.
607 4016 812 4088 Igitur,
845 4023 975 4090 post
1006 4020 1298 4090 quoddam
1345 4021 1536 4091 ipsius
1564 4020 1845 4092 temporis
1877 4038 2010 4092 spa-

355 4106 526 4174 tium,
561 4110 625 4161 ut
653 4106 779 4179 ipse
806 4105 967 4175 dicit,
1027 4108 1300 4163 Salomon
1351 4109 1664 4180 episcopus
1712 4126 1843 4164 eum
1879 4127 2011 4167 cum

352 4197 704 4268 quibusdam
721 4197 852 4253 aliis
869 4197 1057 4252 eidem
1078 4198 1634 4270 Lamberto,absque
1650 4199 1832 4271 patris
1854 4199 2012 4254 obla-

350 4285 507 4340 tione
526 4285 612 4340 vel
636 4286 867 4341 abbatis
882 4292 1152 4358 percepta
1174 4288 1598 4348 benedictione,
1615 4288 2008 4344 monasticum

354 4371 523 4426 illum
557 4371 798 4428 induere
831 4375 967 4429 fecit
997 4375 1290 4444 habitum,
1324 4380 1389 4430 ut
1423 4377 1623 4446 fertur,
1657 4377 1926 4445 invitum,
1952 4381 2008 4432 et

353 4460 463 4516 sub
496 4461 604 4516 hac
633 4463 939 4518 occasione
971 4468 1211 4535 paterna
1241 4483 1341 4520 seu
1379 4472 1640 4522 materna
1670 4466 2006 4522 haereditate

352 4567 385 4603 a
409 4549 688 4604 fratribus
715 4551 840 4606 suis
861 4552 1148 4622 privatum
1174 4569 1322 4616 esse.
1349 4558 1522 4626 atque
1543 4559 1748 4610 contra
1769 4572 2003 4610 omnem
2037 4536 2080 4600 D
2114 4523 2160 4577 Cl

351 4639 440 4707 (ut
469 4637 692 4692 dictum
724 4641 826 4709 est)
859 4640 1218 4696 voluntatem
1253 4659 1419 4698 suam
1472 4644 1638 4715 quasi
1673 4643 2003 4716 regularem

348 4725 517 4780 illum
537 4727 892 4782 monachum
914 4745 1256 4796 permanere
1272 4731 1470 4786 voluit.
1499 4734 1685 4803 Super
1707 4749 1820 4804 qua
1836 4749 1895 4787 re
1913 4733 2000 4787 di-

349 4813 551 4886 ligenti
571 4831 710 4870 cura
730 4816 1170 4887 investigantes,
1187 4819 1361 4874 etiam
1389 4821 1497 4875 sub
1521 4820 1887 4891 adjuratione
1906 4837 2003 4891 pa-

353 4906 500 4959 trem
530 4903 718 4975 ipsius
752 4905 798 4960 si
846 4922 1046 4960 verum
1096 4907 1314 4961 diceret
1343 4907 1856 4980 interrogavimus.
1888 4910 1999 4965 Sed

351 4991 504 5046 idem
540 4991 787 5048 clericus
820 4995 962 5050 Atho
997 4995 1299 5066 respondit
1331 5012 1391 5050 se
1423 4995 1597 5052 talem
1638 4997 1916 5054 habuisse
1946 5002 2004 5053 et

353 5080 566 5136 habere
595 5079 976 5148 voluntatem,
1009 5089 1074 5138 ut
1102 5101 1248 5139 suus
1278 5083 1435 5140 ﬁlius
1473 5101 1644 5140 verus
1676 5087 2002 5142 monachus

350 5169 580 5236 fuisset,
613 5174 670 5223 et
699 5169 756 5224 in
792 5170 986 5227 locum
1018 5172 1068 5226 ei
1095 5172 1496 5227 successisset.
1519 5175 1627 5228 Sed
1661 5175 1770 5229 sub
1803 5175 2002 5229 testiﬁ-

351 5258 970 5330 cationejurejurando
989 5261 1280 5326 firmabat,
1297 5262 1452 5332 quod
1481 5263 1712 5333 quando
1728 5263 2002 5334 primitus

348 5350 401 5404 ei
435 5347 729 5404 cucullam
755 5349 967 5415 induit,
988 5351 1140 5406 idem
1170 5351 1514 5406 Lambertus
1537 5367 1766 5423 semper
1788 5354 2002 5410 restitit

351 5441 409 5492 et
441 5454 743 5508 nunquam
775 5456 838 5494 se
870 5439 1221 5496 monachum
1265 5439 1386 5494 ﬁeri
1419 5440 1737 5507 consensit,
1765 5442 1866 5496 sed
1897 5443 1999 5499 de-

351 5542 510 5580 mum
543 5527 615 5581 ab
643 5527 1090 5600 insequentibus
1117 5527 1456 5585 monachico
1487 5529 1692 5585 habitu
1723 5530 2003 5588 violenter

347 5615 590 5672 indutus
614 5616 808 5685 fuerit,
834 5636 1102 5676 asserens
1127 5620 1264 5692 quia
1287 5636 1588 5692 nunquam
1615 5621 1874 5693 regulam
1901 5621 1999 5678 ali-

2146 966 2395 1017 testatus
2453 966 2542 1017 est
2599 963 2877 1034 prtefatus
2929 962 3174 1018 clericus
3224 963 3394 1034 Atho,
3453 965 3590 1034 quia
3628 965 3679 1019 si
3739 982 3813 1020 eo

2144 1055 2405 1122 tempore
2436 1055 2556 1106 tam
2588 1052 2747 1106 dursa
2792 1051 3172 1107 observantiae
3206 1052 3591 1107 monasticam
3624 1051 3810 1108 intel-

2145 1138 2383 1195 lexisset
2425 1139 2711 1211 regulam,
2746 1157 3048 1212 nunquam
3099 1143 3372 1196 eumdem
3405 1140 3592 1196 filium
3624 1157 3807 1197 suum

2149 1229 2523 1284 Lambertum
2556 1229 2840 1302 coegisset
2859 1233 3088 1301 portare
3107 1229 3419 1286 cucullam.
3439 1232 3812 1302 Quapropter

2147 1317 2579 1390 Psalmographi
2635 1318 2900 1374 consulte
2956 1319 3133 1375 verba
3181 1319 3530 1389 recolentes,
3579 1321 3807 1390 quibus

2140 1406 2464 1462 voluntarie
2495 1424 2556 1464 se
2587 1407 2702 1463 Deo
2726 1409 3056 1464 sacriﬁcare
3081 1412 3424 1480 pronuntiat
3455 1408 3625 1479 (Psat.
3653 1408 3805 1478 Lm),

2140 1501 2197 1551 et
2225 1495 2555 1551 voluntaria
2577 1497 2693 1552 oris
2716 1497 2808 1552 sui
2842 1497 3205 1568 beneplacita
3229 1497 3353 1552 ﬁeri
3386 1497 3445 1551 in
3478 1502 3803 1569 conspectu

2139 1585 2239 1640 Dei
2274 1585 2542 1641 obsecrat
2575 1587 2746 1656 (Psal.
2783 1587 2974 1657 cxvm)
3010 1603 3022 1641 :
3057 1591 3425 1658 praesentem,
3457 1591 3523 1640 ut
3569 1585 3801 1641 dictum

2139 1678 2248 1738 est,
2280 1674 2558 1730 clericum
2598 1675 2838 1731 nomine
2883 1676 3256 1732 Lambertum
3308 1675 3552 1731 minime
3585 1675 3804 1731 debere

2138 1764 2602 1819 existimavimus
2630 1767 2738 1820 sub
2771 1763 2868 1820 tali
2922 1763 3200 1820 violentia
3252 1765 3376 1820 fieri
3410 1763 3795 1819 monachum.

2139 1853 2296 1917 Quod
2332 1853 2489 1907 enim
2522 1854 2654 1924 quis
2688 1871 2798 1908 non
2831 1853 3029 1926 elegit,
3055 1870 3157 1909 nec
3189 1858 3370 1925 optat,
3396 1855 3650 1926 profecto
3677 1869 3799 1908 non

2139 1940 2350 2010 diligit.
2380 1943 2541 2006 Quod
2577 1948 2771 1997 autem
2827 1959 2942 1997 non
2991 1941 3205 2014 diligit,
3243 1941 3410 1997 facile
3443 1941 3797 1997 contemnit.

2135 2028 2373 2084 Nullum
2405 2030 2622 2102 quippe
2639 2031 3012 2097 bonum,nisi
3038 2030 3458 2087 voluntarium.
3493 2029 3715 2086 Idcirco
3739 2032 3801 2084 et

2138 2119 2422 2172 Dominus
2455 2135 2568 2173 non
2621 2119 2921 2174 ferendam
2958 2119 3015 2173 in
3069 2121 3159 2173 via
3203 2119 3426 2191 virgam
3459 2118 3672 2190 (Matth.
3708 2121 3795 2188 x),

2136 2222 2240 2278 per
2270 2223 2446 2278 quam
2497 2207 2772 2262 violentia
2803 2207 2906 2261 ulli
2955 2207 3261 2275 inferatur,
3292 2207 3602 2280 [praecepit
3637 2207 3796 2271 Qua-

2138 2300 2373 2367 propter
2401 2294 2731 2351 consultius
2763 2295 2978 2366 agitur,
3009 2295 3057 2351 si
3090 2296 3203 2366 piis
3235 2296 3618 2352 suasionibus
3651 2312 3794 2351 con-

2135 2390 2422 2456 temptum
2444 2385 2669 2450 mundi,
2692 2389 2748 2438 et
2772 2400 3030 2439 amorem
3061 2384 3158 2439 Dei
3195 2383 3585 2455 praedicando,
3611 2401 3796 2455 quam

2134 2473 2470 2529 violentiam
2511 2473 2810 2528 inferendo
2861 2473 2933 2527 ad
2986 2473 3280 2528 caelestem
3328 2488 3588 2527 amorem
3621 2471 3794 2527 illum

2137 2563 2540 2618 accenderitis.
2576 2562 2740 2618 Unde
2771 2562 3036 2617 omnium
3061 2567 3318 2616 vestrum
3341 2560 3611 2616 charitati
3637 2561 3796 2617 hanc

2139 2652 2320 2706 nostri
2355 2651 2716 2723 apostolatus
2753 2653 3033 2706 mandare
3055 2650 3416 2705 decrevimus
3450 2649 3789 2721 epistolam,

2137 2746 2442 2796 monentes
2474 2745 2648 2812 atque
2696 2740 3126 2811 praecipientes,
3164 2743 3455 2810 quatenus
3505 2738 3554 2793 si
3586 2739 3668 2794 ita
3699 2746 3794 2795 est

2133 2845 2356 2895 verum,
2392 2836 2455 2884 ut
2486 2830 2582 2885 isti
2616 2829 2840 2891 dicunt,
2873 2828 3071 2883 nullus
3121 2827 3433 2900 episcopus
3484 2827 3571 2882 vel
3603 2828 3791 2883 abbas

2133 2935 2234 2972 seu
2273 2917 2688 2972 monachorum
2713 2918 3074 2988 reliquorum
3098 2922 3418 2972 conventus
3440 2917 3789 2972 monasticis

2130 3005 2296 3059 illum
2327 3005 2545 3076 regulis
2576 3005 2824 3060 invitum
2879 3005 3184 3074 subjacere
3213 3003 3560 3074 compellat;
3597 3020 3791 3077 neque

2131 3093 2248 3148 ullo
2283 3095 2453 3148 modo
2486 3095 2695 3148 fratres
2717 3092 2877 3148 illius
2909 3110 3010 3164 per
3031 3093 3182 3148 hanc
3207 3095 3571 3154 occasionem
3599 3093 3790 3150 licen-

2126 3182 2267 3238 tiam
2293 3182 2545 3238 habeant
2567 3186 2808 3252 paterna
2831 3200 2932 3237 seu
2960 3187 3224 3237 materna
3253 3182 3440 3248 illum,
3457 3183 3611 3254 quob
3630 3183 3793 3238 absit

2127 3272 2464 3327 hzereditate
2497 3272 2742 3342 privare,
2775 3271 2876 3326 sed
2914 3287 3101 3342 usque
3134 3271 3274 3325 dum
3307 3271 3508 3326 divina
3538 3271 3789 3342 inspira-

2123 3360 2280 3415 tione
2311 3364 2700 3430 compunctus
2733 3359 2967 3431 propria
2989 3359 3286 3414 voluntate
3317 3359 3540 3430 regulis
3561 3376 3624 3414 se
3649 3361 3787 3416 sub-

2123 3451 2245 3514 dat,
2278 3449 2446 3504 liceat
2476 3449 2639 3503 illum
2661 3466 2693 3503 a
2712 3449 3048 3515 mundanis,
3074 3453 3130 3502 et
3150 3447 3461 3504 laicalibus
3486 3455 3783 3504 remotum

2121 3538 2527 3610 vagationibus
2557 3537 2643 3593 vel
2678 3537 2927 3608 negotiis
2972 3537 3126 3593 inter
3173 3537 3477 3609 religiosos
3509 3543 3566 3592 et
3593 3537 3781 3593 eccle-

2121 3629 2390 3683 siasticos
2423 3626 2576 3682 viros
2613 3629 2668 3680 in
2702 3627 2986 3682 canonica
3034 3627 3241 3696 degere
3273 3626 3415 3681 vita.
3458 3626 3584 3682 Non
3616 3625 3777 3682 enim

2120 3722 2415 3786 putamus,
2439 3717 2594 3787 quod
2619 3716 2802 3770 absit!
2833 3714 3138 3786 religiosos
3159 3715 3469 3770 canonicos
3493 3733 3526 3769 a
3547 3719 3780 3771 sancto-

2129 3821 2259 3858 rum
2294 3805 2716 3859 monachorum
2742 3804 2861 3858 vita
2891 3810 2948 3857 et
2978 3803 3267 3858 consortio
3294 3804 3612 3873 sejunctos,
3638 3803 3782 3875 quia

2125 3892 2502 3963 unusquisque
2549 3892 2872 3946 secundum
2922 3891 3263 3963 Apostolum
3311 3891 3598 3964 propriam
3627 3909 3780 3948 mer-

2121 3982 2300 4036 cedem
2329 3980 2561 4052 accipiet
2586 3980 2884 4035 secundum
2913 3997 3077 4035 suum
3117 3981 3356 4036 laborem
3387 3981 3436 4053 (Ι
3466 3980 3588 4036 Cor.
3623 3982 3779 4052 νιιι).

2119 4096 2255 4152 CAP.
2292 4097 2412 4151 357.
2447 4126 2514 4136 ——
2558 4095 2707 4163 Quod
2756 4096 2988 4150 clericus
3036 4111 3075 4150 a
3123 4111 3222 4150 suo
3271 4095 3778 4150 excommunicatus

2189 4169 2436 4238 episc0po
2467 4169 2534 4219 ab
2573 4169 2684 4222 alio
2732 4168 2977 4238 episcopo
3027 4183 3139 4222 non
3168 4170 3244 4223 est
3291 4167 3658 4238 recipiendus.
3692 4169 3776 4223 Ea:

2188 4239 2419 4294 concilio
2451 4239 2790 4302 Sardicensi,
2819 4256 2937 4310 cap.
2975 4240 3057 4293 16.

2187 4346 2357 4401 Osius
2390 4345 2700 4418 episcopus
2738 4345 2884 4400 dixit
2915 4363 2928 4401 :
2963 4345 3022 4399 Si
3072 4345 3180 4400 hoc
3229 4361 3462 4416 quoque
3492 4345 3775 4400 omnibus

2116 4433 2325 4506 placet,
2361 4440 2426 4489 ut
2458 4434 2578 4490 sive
2610 4434 2916 4502 diaconus,
2952 4435 3074 4490 sive
3123 4435 3445 4506 presbyter,
3482 4433 3606 4490 sive
3636 4435 3775 4505 quis

2168 4523 2454 4578 ericorum
2487 4525 2557 4578 ab
2589 4522 2861 4594 episcOpo
2887 4539 2994 4578 suo
3019 4521 3192 4577 fuerit
3213 4523 3627 4577 communione
3653 4523 3774 4593 pri-

2113 4617 2297 4674 vatus.
2331 4619 2386 4666 et
2417 4613 2486 4666 ad
2521 4612 2770 4666 alterum
2806 4611 3122 4684 perrexerit
3142 4610 3506 4682 episcopum,
3539 4616 3596 4665 et
3627 4611 3775 4666 scie-

2114 4703 2189 4756 rit
2219 4701 2314 4755 ille
2345 4703 2416 4757 ad
2450 4717 2623 4773 quem
2670 4702 3015 4773 confugerit,
3067 4716 3201 4755 eum
3251 4701 3324 4755 ab
3355 4700 3627 4772 episcOpo
3660 4717 3769 4756 suo

2114 4791 2294 4847 fuisse
2335 4791 2649 4859 abjectum,
2687 4807 2799 4844 non
2834 4794 3062 4860 oportet
3110 4793 3174 4843 ut
3203 4788 3254 4843 ei
3286 4789 3765 4846 communionem

2111 4879 2432 4952 indulgeat.
2467 4880 2628 4944 Quod
2662 4879 2711 4933 si
2753 4879 2972 4940 fecerit.
3006 4877 3154 4932 sciat
3184 4895 3246 4932 se
3275 4879 3606 4933 convocatis
3637 4879 3765 4950 epi-

2112 4969 2304 5040 scopis
2336 4985 2576 5023 causam
2619 4983 2747 5022 esse
2793 4967 3112 5020 dicturum.
3148 4965 3413 5021 Universi
3443 4966 3715 5022 dixerunt
3749 4983 3763 5022 :

2114 5059 2228 5112 Hoc
2275 5061 2563 5112 statutum
2613 5058 2669 5109 et
2719 5070 2919 5126 pacem
2973 5055 3244 5118 servabit,
3286 5059 3344 5110 et
3387 5055 3761 5111 concordiam

2111 5145 2423 5202 custodiet.

2111 5265 2245 5320 CAP.
2275 5263 2398 5317 358.
2435 5291 2500 5301 —
2536 5259 2826 5331 Ulrcterici
2855 5260 3129 5331 episcopis
3178 5262 3300 5316 suis
3349 5260 3582 5331 subjecti
3632 5261 3765 5316 sint.

2211 5337 2291 5389 Ex
2318 5332 2557 5388 concilio
2587 5330 3050 5397 Chalcedonensi,
3065 5347 3189 5402 cap.
3229 5333 3264 5385 8
3295 5330 3530 5400 (actiOne
3563 5331 3673 5403 45).

2183 5441 2292 5508 (18,
2325 5456 2376 5510 q.
2411 5455 2459 5494 ο.
2516 5437 2747 5506 Quidam
2795 5437 3098 5506 monach.).
3151 5436 3356 5493 Clerici
3403 5437 3464 5492 in
3495 5439 3764 5509 parcnciis

2109 5528 2384 5603 [ptochiis
2431 5527 2620 5597 orig.],
2666 5529 2724 5581 et
2771 5525 2829 5581 in
2885 5526 3260 5596 monasteria,
3312 5531 3412 5581 aut
3465 5527 3763 5598 martyriis

2111 5619 2433 5689 constituti,
2468 5617 2578 5674 sub
2610 5619 2894 5688 potestate
2917 5615 3037 5672 sint
3065 5616 3218 5688 ejus,
3250 5614 3351 5686 qui
3389 5614 3446 5671 in
3478 5630 3546 5672 ea
3567 5619 3656 5672 est
3679 5615 3754 5671 ci-
