3994 6052
221 244 323 300 521

1276 249 1587 305 DECRETI
1627 251 1812 306 PARS
1848 248 1948 304 VI.
1987 278 2055 290 —-
2099 253 2195 308 DE
2234 252 2579 313 CLERICIS.

3524 270 3632 328 5‘32

219 370 395 425 vitate
422 369 753 442 episcopus,
787 368 1114 424 secundum
1131 369 1511 428 traditionem
1532 377 1870 429 sanctorum
1900 373 1956 439 Α
1983 372 2071 428 vel
2103 374 2292 432 civilis
2323 393 2502 435 causa
2534 381 2708 437 fuerit
2727 390 3042 454 commota,
3075 385 3123 441 si
3156 389 3426 449 derelicto
3456 396 3636 452 eccle-

219 460 457 516 Patrum
483 501 497 527 ,
548 475 652 515 nec
697 472 800 526 per
846 458 1366 529 praesumptionem
1400 462 1674 517 recedant
1700 480 1733 517 a
1762 478 1871 517 suo

214 549 511 621 episcopo.
545 548 655 604 Eos
682 564 818 603 vero
840 545 941 619 qui
969 546 1098 602 ausi
1131 547 1349 604 fuerint
1380 550 1713 606 rescindere
1760 550 1871 605 hu-

205 637 475 710 jusmodi
505 635 940 693 institutionem
973 651 1329 708 quocunque
1360 639 1556 706 modo,
1580 639 1670 694 vel
1694 640 1742 695 si
1767 657 1870 695 no-

214 727 435 785 luerint
454 727 760 798 subjacere
780 724 1016 797 proprio
1031 725 1329 798 episcopo,
1353 726 1638 797 siquidem
1654 727 1874 784 fuerint

212 816 408 874 clerici
424 832 806 888 personarum
821 815 1211 886 ordinatione,
1227 816 1574 886 subjaceant
1593 816 1868 873 condem-

212 905 553 963 nationibus
584 920 905 961 canonum.

211 1004 344 1061 CAP.
377 1004 502 1061 359.
538 1035 603 1046 —
635 1008 719 1059 De
742 1004 937 1059 eadem
965 1018 1043 1058 re.
1077 1002 1159 1057 Ex
1188 1002 1374 1058 eodem
1406 1001 1639 1073 (ibidem
1680 1003 1773 1059 sed
1802 1019 1872 1060 ex

768 1080 779 1087 ’
820 1075 940 1130 alia
966 1078 1264 1146 versione).

288 1164 495 1222 Clerici
526 1164 627 1237 qui
659 1180 984 1237 pauperum
1016 1163 1387 1234 dispositioni
1435 1163 1526 1219 vel
1574 1167 1868 1220 monaste-

215 1254 438 1309 riorum
470 1253 559 1309 vel
592 1252 1006 1331 martyriorum
1032 1253 1439 1324 praesunt,sub
1455 1252 1869 1324 potestatesin-

211 1341 484 1414 gularum
502 1341 807 1397 civitatum
834 1341 1270 1414 episcoporum,
1291 1342 1618 1396 secundum
1642 1346 1868 1397 sancto-

214 1447 344 1485 rum
370 1446 665 1487 canonum
686 1429 1061 1486 traditionem
1084 1431 1421 1502 perdurent,
1444 1446 1549 1487 nec
1574 1447 1675 1502 per
1693 1447 1865 1487 suam

212 1520 610 1577 temeritatem
640 1520 899 1593 episcopi
928 1519 1023 1576 sui
1059 1518 1519 1575 moderationem
1551 1519 1863 1576 declinent.

213 1608 323 1674 Qui
354 1613 549 1665 autem
573 1608 919 1680 hujusmodi
943 1608 1393 1681 dispositionem
1417 1607 1677 1680 quolibet
1695 1608 1864 1665 modo

206 1698 545 1754 subvertere
577 1699 707 1754 ausi
741 1697 979 1765 fuerint,
1013 1705 1069 1753 et
1099 1701 1369 1771 episcopo
1407 1716 1513 1755 suo
1563 1715 1678 1753 non
1727 1698 1862 1753 obe-

207 1788 446 1855 dierint,
478 1788 528 1844 si
559 1786 796 1859 quidem
830 1787 1021 1843 clerici
1047 1787 1287 1856 fuerint,
1307 1786 1603 1843 cononicze
1625 1788 1864 1843 damna-

204 1877 351 1933 tioni
383 1878 730 1949 subjaceant
762 1877 810 1932 si
844 1881 1038 1932 autem
1075 1876 1346 1933 monachi
1382 1880 1485 1932 aut
1507 1876 1641 1932 laici
1665 1875 1802 1942 sint,
1838 1892 1872 1931 a

215 1967 634 2022 communione
663 1966 1122 2038 suspendantur.

215 2063 353 2119 CAP.
382 2064 509 2119 360.
544 2095 610 2104 —
643 2064 791 2134 Quod
814 2082 921 2120 non
953 2068 1200 2135 oporteat
1225 2066 1472 2132 clericos,
1502 2066 1869 2135 praetermisso

288 2137 556 2207 episcopo,
579 2139 828 2261 adgsaecu
838 2135 984 2192 [aria
1006 2136 1225 2209 judicia
1245 2151 1568 2193 commeare.
1588 2137 1670 2192 Ea:
1688 2135 1872 2192 eodem

289 2223 467 2261 conc..
503 2224 625 2261 cap.
697 2249 709 2261 .

289 2223 467 2274 conc.,
503 2224 625 2280 cap.
654 2223 709 2263 υ.

287 2298 399 2365 (11,
448 2312 503 2368 q.
557 2298 609 2366 1,
658 2312 705 2351 c.
752 2294 813 2351 Si
861 2296 1141 2368 clericus.)
1187 2295 1247 2351 Si
1297 2294 1543 2352 clericus
1590 2295 1871 2351 adversus

215 2382 495 2439 clericum
527 2385 704 2440 habet
734 2385 1055 2458 negotium,
1090 2401 1206 2440 non
1231 2384 1523 2456 relinquat
1549 2402 1721 2441 suum
1745 2384 1871 2456 epi-

216 2488 486 2544 scopum,
515 2478 573 2529 et
599 2474 667 2529 ad
685 2473 1222 2546 saeculariajudicia
1243 2478 1578 2543 concurrat;
1595 2474 1693 2530 sed
1706 2472 1872 2546 prius

216 2563 518 2633 negotium
548 2561 804 2635 agitetur
833 2564 989 2634 apud
1022 2563 1322 2635 proprium
1368 2563 1733 2635 episcopum,
1784 2560 1874 2617 vel

216 2652 460 2724 certe(si
487 2652 1167 2725 fueritjudiciumipsius
1186 2653 1493 2724 episcopi);
1518 2653 1671 2724 apud
1687 2650 1873 2706 arbri-

219 2745 342 2797 tros
373 2757 443 2796 ex
476 2746 722 2812 utraque
749 2747 909 2812 parte
930 2742 1145 2798 electos
1167 2742 1441 2798 audiatur
1465 2741 1786 2813 negotium.
1812 2738 1872 2794 Si

221 2829 353 2901 quis
376 2846 510 2885 vero
542 2835 744 2886 contra
774 2830 894 2885 haec
944 2830 1162 2898 fecerit,
1202 2846 1491 2885 canonum
1544 2828 1875 2897 subjacebit

221 2918 704 2975 correctionibus.
737 2920 806 2974 Et
835 2920 885 2974 si
916 2919 1160 2975 clericus
1186 2920 1499 2976 adversum
1545 2934 1719 2973 suum
1767 2933 1871 2972 seu

221 3006 402 3062 alium
437 3008 777 3080 episcopum
801 3009 1017 3065 habeat
1038 3024 1299 3073 causam,
1324 3008 1477 3079 apud
1509 3007 1869 3063 audientiam

221 3095 430 3166 synodi
464 3097 774 3167 provinciae
805 3102 1199 3169 conqueratur
1245 3096 1536 3167 [conquir.
1560 3096 1776 3167 'orig.].
1810 3096 1867 3150 Si
1900 3119 1944 3189 α

224 3202 355 3240 vero
385 3190 588 3241 contra
618 3186 805 3257 ipsius
837 3185 1142 3258 provinciae
1186 3185 1700 3257 metropolitanum
1745 3184 1869 3256 epi-

220 3285 462 3344 seopum
489 3275 799 3346 episcopus
830 3275 951 3330 sive
980 3273 1229 3330 clericus
1272 3273 1489 3330 habeat
1536 3279 1869 3330 controver-

219 3364 394 3433 siam,
418 3369 619 3435 pergat
642 3364 713 3418 ad
733 3364 919 3435 ipsius
940 3363 1210 3419 diceeesis
1227 3364 1571 3435 primatem;
1598 3367 1699 3419 aut
1717 3367 1871 3419 certe

220 3453 287 3507 ad
323 3452 982 3524 Constantinopolitanae
1023 3452 1193 3523 regim
1238 3451 1492 3507 civitatis
1536 3453 1755 3521 sedem,
1807 3455 1871 3506 ut

218 3557 421 3596 eorum
454 3541 532 3596 ibi
559 3542 859 3612 proprium
896 3540 1195 3612 negotium
1230 3540 1592 3613 exquiratur.

217 3647 346 3702 CAP.
381 3647 507 3701 361.
541 3677 607 3687 —
637 3646 786 3715 Quod
824 3646 1060 3702 minime
1111 3647 1275 3702 liceat
1324 3648 1548 3702 clericis
1598 3648 1868 3701 transmi-

287 3734 455 3791 grare
484 3717 543 3771 in
565 3718 739 3791 aliam
767 3716 1071 3791 civitatem,
1105 3720 1220 3773 nisi
1244 3734 1344 3789 pro
1363 3720 1759 3791 persecutione.
1788 3720 1870 3772 Ea;

288 3790 473 3845 eodem
499 3788 752 3854 concilio,
785 3805 906 3860 cap.
937 3790 1029 3843 20.

289 3876 540 3933 Clericos
579 3877 638 3933 in
689 3877 941 3949 singulis
992 3876 1248 3933 ecclesiis
1295 3877 1666 3944 constitutos,
1717 3876 1870 3933 sicut

210 3967 334 4036 jam
367 3965 758 4033 decrevimus,
791 3982 908 4021 non
930 3964 1104 4021 licere
1136 3967 1192 4020 in
1223 3967 1464 4023 alterius
1494 3966 1742 4022 civitatis
1770 3983 1867 4022 ec-

217 4054 412 4110 clesiis
441 4055 699 4111 ordinari
731 4055 831 4109 sed
865 4054 1228 4125 acquiescere
1260 4055 1318 4111 in
1349 4056 1490 4111 eain
1519 4072 1635 4128 qua
1654 4055 1726 4111 ab
1754 4054 1868 4110 ini-

216 4144 295 4198 tio
321 4143 655 4198 ministrare
680 4148 1042 4210 meruerunt,
1066 4144 1325 4215 exceptis
1348 4144 1466 4200 illis
1487 4144 1867 4216 quiproprias

216 4231 479 4287 civitates
509 4232 909 4302 perdiderunt,
933 4237 990 4287 et
1019 4249 1087 4287 ex
1119 4233 1465 4289 necessitate
1496 4234 1567 4288 ad
1599 4233 1744 4288 alias
1769 4249 1863 4289 ec-

213 4319 423 4375 clesias
452 4321 854 4390 migraverunt
887 4360 900 4374 .
933 4320 989 4373 Si
1024 4337 1158 4376 vero
1184 4321 1516 4391 quicunque
1554 4321 1866 4394 episcopus

214 4414 347 4479 post
366 4408 769 4463 definitionem
804 4408 977 4464 istam
1011 4409 1083 4463 ad
1108 4407 1288 4464 alium
1322 4410 1659 4481 episcopum
1695 4410 1866 4481 perti-

218 4502 451 4553 nentem
478 4496 752 4553 clericum
781 4498 1129 4569 susceperit,
1163 4496 1382 4569 placuit
1411 4503 1623 4553 sanctae
1645 4499 1864 4570 synodo
1892 4491 1944 4556 D

213 4589 270 4640 et
303 4586 458 4641 hunc
491 4584 589 4657 qui
616 4585 886 4657 suscipit,
912 4590 969 4641 et
989 4602 1122 4642 eum
1149 4587 1247 4659 qui
1271 4591 1576 4659 susceptus
1597 4592 1708 4657 est,
1728 4592 1861 4642 tan-

212 4674 313 4729 diu
345 4674 881 4731 excommunicatos
912 4690 1147 4731 manere
1173 4675 1434 4746 quandiu
1465 4676 1589 4748 ipse
1615 4675 1863 4732 clericus

213 4762 284 4816 ad
320 4762 614 4835 prepriam
645 4767 971 4819 revertatur
999 4764 1328 4820 ecclesiam.

211 4868 345 4925 CAP.
381 4869 506 4925 362.
537 4900 609 4911 —
641 4870 705 4927 Ut
737 4870 931 4926 clerici
954 4872 1180 4943 publica
1192 4871 1410 4943 judicia
1436 4887 1546 4927 non
1568 4872 1861 4943 appellent.

460 4942 543 4996 Ex
572 4943 803 4997 concilio
833 4942 1262 5013 Carthaginensi
1292 4959 1371 5010 ιιι,
1406 4959 1527 5015 cap.
1560 4942 1614 4999 9.

283 5030 400 5099 (ll,
433 5046 483 5100 q.
520 5033 575 5096 1,
607 5045 656 5085 c.
687 5030 952 5101 Placuit.)
1003 5031 1077 5085 De
1127 5031 1370 5087 diversis
1403 5031 1706 5087 ordinibus
1752 5036 1866 5088 Ec-

213 5117 405 5173 clesiae
442 5118 858 5183 servientibus,
893 5122 958 5173 ut
988 5119 1036 5174 si
1061 5120 1193 5189 quis
1223 5120 1284 5175 in
1316 5136 1551 5176 causam
1603 5119 1866 5176 criminis

211 5205 549 5272 incurrerit,
579 5210 638 5262 et
655 5207 1232 5277 abnueritjudicium
1253 5208 1737 5274 ecclesiasticum,
1766 5211 1866 5264 de-

212 5295 350 5350 beat
393 5293 739 5366 periclitari,
789 5299 854 5351 ut
884 5301 941 5351 et
983 5296 1088 5352 lilii
1124 5299 1491 5354 sacerdotum
1532 5298 1868 5371 spectacula

214 5381 521 5438 saecularia
552 5399 668 5438 non
703 5384 937 5439 adeant.
960 5387 1099 5441 Item
1125 5385 1348 5457 placuit
1368 5387 1720 5462 utquisquis
1742 5388 1865 5460 epi-

214 5488 555 5545 scoporum,
577 5473 1050 5546 presbyterorum
1076 5479 1132 5532 et
1153 5474 1554 5546 diaconorum,
1579 5493 1677 5535 seu
1701 5477 1865 5535 cleri-

217 5577 445 5631 corum,
466 5577 601 5617 cum
623 5560 683 5617 in
707 5562 951 5619 ecclesia
973 5564 1025 5619 ei
1049 5564 1269 5621 crimen
1301 5565 1476 5623 fuerit
1495 5566 1867 5642 intentatum,

541 5689 803 5751 PATROL.
850 5691 1050 5752 CLXI.

1983 461 2469 556 siasticopjudicio
2514 470 2766 542 publicis
2804 474 3051 544 judiciis
3090 481 3324 549 purgari
3370 482 3630 556 voluerit,

1981 553 2155 607 etiam
2187 554 2236 609 si
2260 572 2364 626 pro
2396 556 2525 628 ipso
2578 560 2751 615 fuerit
2803 564 3028 634 prolata
3075 570 3387 637 sententia,
3438 553 3630 629 locum

1982 656 2158 732 suum
2189 644 2455 732 amittat;
2488 651 2545 703 et
2574 647 2683 704 hoc
2707 649 2764 704 in
2798 651 3089 709 criminali
3122 656 3347 713 actione
3393 659 3632 732 [judicio

1980 731 2180 801 orig.];
2213 730 2272 786 in
2335 733 2487 789 civili
2534 752 2666 792 vero
2714 740 2916 809 perdat
2959 745 3112 813 quod
3146 746 3318 802 evicit
3345 730 3406 802 si
3440 748 3630 805 locum

1981 833 2157 874 suum
2192 820 2457 879 obtinere
2487 824 2757 884 maluerit
2790 828 3061 900 [voluerit
3088 834 3276 906 orig.].

1979 924 2113 1015 (Σιιλιςἶ
2140 925 2266 1015 363..
2300 960 2367 1012 —.—
2401 930 2543 1015 Quid
2565 934 2841 1015 agendum
2886 936 2964 1015 sit
2993 940 3047 1015 si
3076 946 3433 1015 provocatum
3464 947 3635 1015 fuerit

2050 997 2116 1084 de
2136 997 2557 1084 ecclesiasticis,
2590 997 2659 1060 ad
2682 1007 2829 1063 alios
2856 997 3243 1067 ecclesiasticos
3288 997 3636 1084 JudicésiiEa:

2051 1068 2258 1137 eodem,
2292 1088 2412 1144 cap.
2448 1076 2534 1130 10.

2050 1159 2127 1227 (2,
2160 1175 2214 1231 q.
2240 1162 2296 1227 6,
2328 1178 2375 1216 c.
2408 1164 2672 1233 Placuit.)
2703 1165 2821 1221 Hoc
2851 1166 3028 1224 etiam
3072 1169 3290 1241 placuit
3322 1178 3387 1249 ut
3429 1192 3462 1231 a
3497 1175 3634 1247 qui-

1976 1247 2332 1323 buscunque
2355 1253 2663 1325 judicibus
2695 1256 3110 1315 ecclesiasticis
3138 1263 3208 1316 ad
3242 1247 3633 1334 aliosjudices

1979 1337 2431 1409 ecclesiasticos,
2468 1344 2567 1398 ubi
2600 1348 2688 1400 est
2715 1347 2903 1418 major
2934 1349 3269 1420 auctoritas,
3303 1353 3477 1409 fuerit
3506 1371 3635 1425 pro-

1971 1432 2267 1495 vocatum,
2321 1448 2434 1486 non
2482 1433 2568 1487 eis
2598 1434 2752 1489 obsit
2782 1451 3035 1507 quorum
3069 1439 3243 1494 fuerit
3273 1442 3468 1496 soluta
3499 1460 3631 1497 sen-

1972 1517 2177 1587 tentia,
2201 1517 2250 1572 si
2283 1520 2549 1575 convinci
2582 1538 2697 1577 non
2721 1526 3035 1594 potuerint,
3059 1527 3144 1582 vel
3168 1528 3406 1585 inimico
3428 1531 3629 1587 animo

1964 1604 2379 1677 judicasse,vel
2405 1607 2602 1681 aliqua
2619 1612 2938 1683 cupiditate
2960 1620 3059 1669 aut
3081 1616 3268 1688 gratia
3288 1619 3634 1691 depravatos

1972 1708 2102 1749 esse
2132 1695 2206 1764 (‘2,
2240 1712 2291 1767 q.
2324 1698 2378 1763 6,
2407 1713 2454 1754 c.
2510 1698 2701 1771 Sane.)
2756 1700 2907 1756 Sane
2952 1702 3001 1757 si
3051 1719 3119 1758 ex
3168 1721 3455 1762 consensu
3498 1725 3632 1780 par-

1969 1781 2117 1836 tium
2134 1783 2367 1851 judices
2391 1785 2557 1842 electi
2583 1788 2822 1858 fuerint,
2844 1789 3023 1846 etiam
3042 1808 3076 1847 a
3094 1794 3367 1862 pauciorc
3391 1813 3632 1852 numero

1979 1887 2155 1941 quam
2180 1873 2569 1931 constitutum
2598 1881 2708 1948 est,
2744 1894 2859 1933 non
2892 1877 3066 1935 liccat
3091 1884 3409 1952 provocari.

1979 1977 2113 2034 CAP.
2146 1979 2270 2034 365.
2308 2012 2371 2019 -——
2395 1983 2632 2050 Quinam
2662 1983 2732 2039 ad
2764 1985 3146 2042 testimonium
3178 2005 3289 2045 non
3318 1990 3431 2046 sint
3458 1991 3634 2047 admit

2110 2050 2282 2105 tendi.
2317 2056 2402 2108 Ex
2430 2056 2669 2111 concilio
2706 2057 3138 2127 Carthaginensi
3160 2078 3259 2126 v11,
3290 2078 3408 2133 cap.
3442 2064 3493 2117 4.

2050 2137 2123 2208 (2,
2148 2156 2199 2210 q.
2231 2141 2285 2194 2.
2315 2157 2363 2198 c.
2402 2144 2574 2199 Testes
2599 2146 2825 2218 autem.)
2857 2148 3062 2204 Testes
3111 2154 3304 2205 autem
3350 2153 3419 2206 ad
3468 2152 3635 2208 testi-

1983 2227 2250 2284 monium
2285 2247 2400 2286 non
2424 2233 2843 2303 admittendos,
2868 2236 2969 2307 qui
2992 2254 3097 2293 nec
3117 2240 3189 2294 ad
3212 2240 3637 2297 accusationem

1982 2316 2211 2372 admitti
2241 2322 2512 2392 praecepti
2545 2327 2708 2389 sunt,
2731 2326 2816 2379 vel
2847 2326 3022 2380 etiam
3055 2344 3203 2398 quos
3232 2334 3539 2385 accusator
3568 2332 3640 2386 de

1982 2420 2092 2460 sua
2120 2406 2296 2463 domo
2328 2410 2684 2479 produxerit.
2719 2413 2798 2467 Ad
2831 2414 3233 2471 testimonium
3268 2421 3461 2473 autem
3488 2419 3642 2474 infra

1982 2510 2169 2550 annos
2212 2499 2655 2567 quatuordecim
2710 2501 2895 2557 aetatis
2953 2519 3074 2558 suae
3138 2520 3255 2559 non
3315 2506 3640 2562 admittan-

1981 2585 2098 2639 tur.

1981 2654 2096 2709 CAP
2125 2656 2263 2736 365..
2282 2687 2351 2736 -_—-
2385 2658 2532 2736 Quott
2560 2657 2868 2736 electorum
2873 2660 3131 2736 judicnm
3148 2666 3421 2720 sententia
3439 2666 3634 2736 sperni

2089 2743 2199 2782 non
2229 2728 2435 2783 debeat.
2462 2733 2556 2787 Ex
2584 2730 2815 2787 concilio
2846 2728 3159 2790 Milevitana
3192 2752 3253 2806 ιι,
3285 2753 3403 2807 cap.
3433 2728 3523 2791 2'4.

2053 2815 2127 2886 (2.
2164 2833 2216 2887 q.
2245 2818 2299 2885 6,
2322 2835 2370 2872 c.
2398 2818 2787 2889 Ajudicibus.)
2815 2825 2861 2874 A
2885 2821 3192 2891 judicibus
3239 2829 3436 2880 autem
3488 2843 3638 2897 quos

1983 2905 2311 2960 communis
2343 2922 2666 2963 consensus
2687 2909 2945 2980 elegerit,
2971 2928 3084 2966 non
3103 2911 3275 2969 liceat
3298 2930 3631 2986 provocare.

1984 2990 2051 3045 Et
2080 2991 2352 3063 quisquis
2384 2994 2665 3065 probatus
2693 2997 2868 3052 fuerit
2914 3015 3019 3069 pro
3067 3001 3440 3057 contumacia
3478 3002 3637 3073 [per—

1982 3085 2162 3146 cont.,
2185 3082 2351 3152 orig.)
2382 3082 2533 3138 nolle
2566 3084 2967 3156 obtemperare
2987 3087 3316 3158 judicibus,
3350 3108 3484 3145 cum
3526 3092 3634 3148 hoc

1982 3168 2182 3239 primae
2213 3170 2371 3227 sedis
2402 3172 2674 3246 episcopo
2708 3174 2884 3230 fuerit
2907 3177 3361 3248 probatum,det
3382 3179 3631 3249 litteras,

1981 3261 2045 3313 ut
2061 3257 2261 3316 nullus
2283 3260 2334 3316 ei
2356 3262 2749 3318 communicet
2769 3263 3199 3336 episcoporum,
3214 3268 3397 3323 donec
3411 3270 3632 3325 obtem-

1977 3351 2153 3419 peret.

1977 3438 2107 3493 CAP.
2141 3437 2279 3518 366.
2296 3467 2362 3478 —
2384 3439 2465 3518 pe
2493 3443 2911 3518 @ntumacibus
2939 3444 3173 3518 clericis,
3211 3455 3263 3501 et
3295 3446 3365 3500 att
3385 3448 3633 3518 officium

2260 3510 2465 3564 tardis.
2498 3511 2583 3566 Ex
2608 3527 2760 3569 conc.
2789 3514 3108 3587 Agathensi,
3140 3510 3259 3589 cap.
3290 3520 3344 3574 2.

1976 3598 2164 3663 (Dist.,
2203 3597 2296 3663 50,
2345 3613 2392 3653 c.
2446 3598 2839 3673 Contumaces.)
2886 3607 3273 3661 Contumaces
3322 3622 3457 3662 vero
3514 3607 3630 3664 cle-

1978 3684 2101 3750 rici,
2136 3692 2304 3755 prout
2334 3685 2639 3757 dignitatis
2671 3689 2812 3744 ordo
2844 3690 3198 3761 permiserit,
3232 3694 3304 3748 ab
3334 3696 3631 3767 episcopis

1977 3771 2365 3843 corrigantur.
2402 3777 2467 3828 Et
2497 3775 2546 3830 si
2571 3774 2672 3846 qui
2691 3776 2903 3848 prioris
2925 3780 3144 3848 gradus
3166 3780 3308 3836 elati
3332 3785 3627 3854 superbia,

1975 3858 2447 3915 communionem
2464 3860 2710 3918 fortasse
2721 3867 2946 3919 contem
2955 3867 3277 3936 pserint,au
3289 3875 3305 3922 t
3318 3868 3626 3926 ecclesiam

1975 3949 2368 4020 frequentare,
2390 3949 2480 4005 vel
2502 3950 2761 4007 ofﬁcium
2784 3969 2956 4008 suum
2974 3954 3219 4026 implere
3243 3957 3624 4028 neglexerint,

1975 4036 2278 4110 peregrina
2309 4038 2394 4093 eis
2426 4041 2764 4097 communio
2786 4042 3105 4109 tribuatur,
3140 4043 3223 4098 ita
3255 4053 3316 4099 ut
3346 4061 3479 4100 cum
3527 4063 3625 4102 eos

1974 4126 2317 4198 paenitentia
2335 4127 2667 4197 correxerit,
2684 4129 2951 4200 rescripti
2975 4130 3034 4185 in
3059 4131 3364 4187 malricula
3376 4135 3514 4204 grad
3527 4151 3622 4189 um

1974 4234 2147 4276 suum
2183 4216 2649 4289 dignitatemque
2674 4218 2979 4290 recipiant.

1974 4307 2104 4361 CAP.
2136 4306 2262 4381 367.
2296 4335 2366 4347 —
2402 4306 2488 4381 AUt_
2506 4306 2745 4381 clericus
2775 4306 3082 4365 inconsulto
3127 4310 3375 4381 episcopo
3419 4327 3517 4366 suo
3559 4311 3627 4366 ad

2042 4380 2362 4451 saecularem
2381 4377 2627 4448 judicem
2656 4394 2765 4433 non
2804 4383 3011 4450 pergat.
3045 4382 3128 4436 Ea:
3153 4377 3341 4438 eodem
3368 4384 3625 4451 concilio,

2042 4465 2162 4520 cap.
2194 4449 2282 4502 32.

2044 4537 2156 4609 (Μ,
2190 4553 2242 4607 q.
2278 4537 2304 4590 1
2338 4544 2392 4591 et
2418 4539 2472 4606 2,
2505 4553 2551 4592 c.
2586 4536 2910 4606 Clericum.)
2961 4538 3221 4597 Clericus
3272 4558 3376 4598 nec
3422 4559 3625 4613 quem-

1972 4642 2148 4698 quam
2174 4629 2493 4697 praasumat
2514 4626 2669 4697 apud
2689 4626 3029 4685 saecularem
3045 4630 3331 4701 judicem,
3353 4631 3626 4703 episcopo

1972 4731 2084 4770 non
2123 4713 2524 4786 permittente,
2556 4714 2828 4785 pulsare;
2863 4718 2966 4772 sed
2999 4719 3100 4789 qui
3133 4718 3405 4791 pulsatus
3452 4720 3628 4775 fuerit

1972 4821 2087 4860 non
2119 4803 2490 4874 respondeat,
2521 4818 2628 4859 nec
2659 4809 2964 4876 proponat,
2988 4824 3093 4863 uec
3125 4809 3294 4864 adeat
3323 4807 3625 4865 criminale

1974 4891 2273 4963 negotium
2308 4892 2366 4946 in
2390 4890 2617 4962 judicio
2648 4892 2935 4948 saeculari.
2972 4894 3032 4950 Si
3067 4896 3198 4967 quis
3219 4912 3355 4952 vero
3377 4896 3625 4952 szrcula-

1974 4981 2129 5037 rium
2160 4995 2264 5051 per
2293 4979 2651 5035 calumniam
2682 4981 2987 5038 ecclesiam
3020 4989 3123 5039 aut
3169 4985 3446 5042 clericum
3492 4986 3624 5040 fati-

1975 5085 2111 5143 gare
2141 5069 2470 5136 tentaverit,
2503 5073 2561 5124 et
2587 5070 2774 5127 victus
2800 5071 2996 5139 fuerit,
3022 5074 3093 5129 ab
3117 5073 3371 5131 ecclesiae
3406 5074 3624 5130 limini-

1976 5160 2088 5214 bus
2121 5162 2178 5213 et
2194 5157 2613 5214 catholicorum
2636 5162 3074 5233 communione,
3099 5164 3212 5219 nisi
3235 5164 3411 5235 digne
3436 5163 3624 5236 poeni-

1976 5247 2176 5317 tuerit,
2210 5256 2498 5304 arceatur.

1976 5341 2100 5393 CAP.
2150 5337 2275 5393 368.
2321 5369 2395 5411 7——
2447 5336 2595 5406 Quod
2626 5337 2786 5394 liceat
2830 5340 3150 5411 presbytero
3194 5340 3279 5395 vel
3306 5340 3532 5395 diacono
3585 5355 3626 5392 α

2046 5410 2431 5467 communione
2457 5425 2741 5482 suspenso,
2775 5411 2825 5465 si
2852 5410 3061 5468 necesse
3108 5414 3277 5482 fuerit
3325 5412 3621 5481 baptizare.

2050 5484 2133 5539 Ex
2161 5483 2394 5540 concilio
2424 5481 2834 5551 Aurelianensi,
2869 5499 2991 5556 cap.
3022 5484 3055 5539 8
3078 5481 3291 5552 (Aurel.
3326 5498 3368 5550 ι,
3414 5496 3460 5536 c.
3517 5482 3625 5550 14).

2057 5573 2215 5645 (Dist.
2249 5573 2338 5644 81,
2379 5589 2426 5628 c.
2462 5571 2523 5628 Si
2566 5571 2876 5645 diaconus.)
2925 5571 2984 5629 Si
3028 5571 3309 5628 diaconus
3354 5570 3443 5629 vel
3494 5587 3631 5645 pre-

3233 5700 3306 5758 17
