3972 6056
357 231 465 286 523
1294 236 1305 265 ι

1438 226 1507 276 D.
1549 221 1791 275 IVONIS
1829 220 2332 278 CARNOTENSIS
2369 228 2686 283 EPISCOPI

3665 232 3777 287 524

345 355 544 427 sbyter
572 367 676 423 pro
707 352 870 406 reatu
900 361 1008 403 suo
1027 361 1090 402 se
1111 344 1183 401 ab
1206 314 1408 401 altaris
1428 342 1862 406 communione,
1887 340 1998 396 sub
2030 344 2086 410 Α
2113 346 2373 413 castrati,
2406 353 2463 404 et
2495 350 2760 407 moribus
2791 350 2955 423 digni
2985 351 3203 407 fuerint
3243 352 3376 422 visi,
3426 352 3534 409 hos
3583 371 3777 412 canon

347 439 683 517 pcenitentis
713 435 1086 494 confessione
1119 431 1547 502 submoverint,
1572 431 1655 486 sic
1687 444 1920 502 quoque
1955 429 2006 484 si

346 529 445 587 alii
478 527 790 592 defuerint,
824 530 882 582 et
912 539 1090 581 causa
1122 526 1290 577 certae
1324 519 1691 575 necessitatis
1723 518 2004 589 exoritur,

348 622 687 691 poscentem
718 615 1081 687 baptismum
1113 610 1284 665 liceat
1332 608 1647 680 baptizare.

350 728 486 781 CAP.
514 725 640 779 369.
673 754 739 764 —
773 723 837 778 Ut
867 719 1055 776 clerici
1084 719 1134 772 si
1161 715 1294 787 quid
1309 716 1673 787 prastiterint
1692 714 2007 787 sineiusura

423 794 840 867 recipiantsEx
883 788 1123 847 concilio
1172 786 1587 857 Tarraconensi,
1635 803 1755 858 cap.
1805 786 1838 839 3
1882 786 2004 855 (sub

423 864 764 934 Hor'misda).

422 956 533 1027 (14,
567 970 619 1025 q.
651 955 703 1021 4,
735 968 781 1007 c.
816 950 876 1005 Si
904 948 1024 1022 quis
1049 948 1287 1004 clericus
1314 947 1330 1018 )
1359 947 1413 1001 Si
1467 945 1598 1018 quis
1650 945 1898 1001 clericus
1943 945 2003 1001 in

350 1041 696 1098 necessitate
718 1039 974 1096 solidum
1007 1035 1364 1110 praestiterit,
1396 1035 1506 1090 hoc
1533 1035 1604 1090 de
1634 1033 1769 1090 vino
1796 1033 1885 1089 vel
1934 1034 2020 1090 de-

350 1131 646 1186 frumento
670 1127 938 1199 accipiat,
970 1126 1121 1197 quod
1173 1123 1471 1181 mercandi
1522 1139 1703 1178 causa
1744 1126 2006 1194 tempore

350 1222 575 1275 statuto
603 1218 897 1273 decretum
924 1214 1101 1270 fuerit
1116 1211 1456 1270 venundari.
1483 1210 1768 1267 Caeterum
1792 1210 1841 1266 si
1875 1226 2007 1282 spe-

354 1308 504 1364 ciem
538 1323 655 1363 non
677 1304 950 1361 habuerit
978 1303 1390 1373 necessariam,
1419 1301 1617 1373 ipsum
1651 1300 1805 1373 quod
1848 1300 2008 1355 dedit

355 1396 482 1451 sine
514 1395 633 1450 ullo
664 1397 975 1467 augmento
1007 1391 1269 1465 recipiat.

351 1483 486 1541 CAP.
518 1484 644 1541 370.
674 1514 746 1524 —
777 1484 843 1540 Ut
890 1482 1081 1537 nullus
1128 1481 1454 1536 clericorum
1481 1493 1700 1534 servum
1731 1478 1815 1533 vel
1835 1477 2005 1532 disci-

420 1556 617 1627 pulum
644 1571 807 1627 suum
836 1554 902 1627 ab
933 1553 1161 1627 ecclesia
1190 1552 1484 1606 extrahere
1508 1548 1734 1605 audeat.
1769 1550 1850 1603 Ea;
1876 1563 2003 1603 con-

420 1624 553 1683 cilia
584 1626 917 1693 Hilerdensi,
947 1640 1067 1695 cap.
1099 1624 1154 1677 8.

2118 432 2374 490 admittit
2406 435 2479 492 ad
2512 438 2821 495 clericatus
2851 439 3112 496 ofﬁcium
3147 442 3499 513 promoveri.
3547 443 3605 497 Si
3640 445 3780 516 quis

2117 518 2312 577 autem
2337 541 2516 581 sanus
2540 542 2654 582 non
2679 542 2782 599 per
2802 527 3170 599 disciplinam
3193 529 3495 602 religionis
3517 537 3573 587 et
3594 533 3779 589 absti'

2117 611 2350 680 nentiae,
2383 614 2483 669 sed
2515 631 2620 686 per
2648 615 3363 690 abscissionemplasmati
3383 637 3415 674 a
3436 620 3779 694 Deoeorpo-

2117 699 2217 767 ris,
2248 702 2595 761 existimans
2627 722 2799 777 posse
2831 723 2865 761 a
2886 722 2948 763 se
2974 709 3240 765 carnales
3263 711 3779 783 concupiscentiae

2117 792 2434 862 amputari,
2454 796 2795 851 castraverit
2824 812 2886 851 se
2917 812 3032 851 non
3063 813 3196 853 eum
3230 798 3469 855 admitti
3508 800 3778 856 decerni-

2117 895 2248 934 mus
2281 881 2352 936 ad
2375 880 2611 954 aliquod
2654 883 2963 940 clericatus
3011 886 3296 943 ofﬁcium.
3348 888 3511 952 Quod
3562 889 3610 944 si
3643 890 3775 959 jam

2116 972 2249 1023 ante
2281 969 2469 1026 fuerat
2497 977 2802 1043 promotus
2825 974 2895 1029 ad
2946 974 3165 1031 clerum
3216 976 3548 1048 prohibitus
3579 995 3613 1034 a
3662 995 3777 1035 suo

2117 1056 2444 1114 ministerio
2477 1060 2826 1132 deponatur.

2117 1144 2250 1201 Cap.
2275 1147 2398 1203 375.
2425 1179 2489 1189 —
2506 1150 2655 1217 Quod
2674 1166 2788 1226 non
2804 1151 2967 1208 liceat
2986 1152 3222 1226 diacono
3242 1154 3369 1209 ante
3382 1154 3779 1226 presbyterum

2693 1222 2903 1291 sedere,
2936 1240 3056 1294 cap.
3088 1225 3176 1280 40.

2186 1308 2314 1361 Non
2346 1306 2516 1364 liceat
2546 1313 2677 1365 ante
2709 1311 3112 1384 presbyterum
3138 1313 3385 1369 diacono
3405 1313 3629 1385 sedere,
3652 1315 3777 1372 nisi

2117 1409 2250 1447 cum
2283 1394 2553 1464 iussione
2582 1399 2931 1471 presbyteri.

2115 1484 2245 1537 CAP.
2268 1484 2393 1538 376.
2429 1516 2491 1525 —
2541 1488 2605 1542 Ut
2654 1488 3002 1544 ordinandus
3044 1489 3115 1545 ad
3160 1490 3516 1548 diaconatum
3561 1494 3777 1549 matri-

2521 1557 2706 1613 monio
2734 1563 3034 1626 renuntiet,
3064 1562 3202 1633 [cap.
3237 1563 3349 1634 39].

2188 1643 2344 1712 (Dist.
2372 1644 2464 1713 27,
2495 1661 2541 1700 c.
2564 1647 2838 1703 Diaconus
2862 1649 3000 1721 qui.)
3046 1649 3340 1706 Diaconus
3373 1651 3474 1723 qui
3507 1651 3773 1725 eligitur,

423 1715 534 1786 (t7,
572 1731 622 1787 q.
657 1715 709 1784 4,
729 1730 775 1771 c.
811 1713 1005 1769 Nullus
1033 1712 1191 1779 cler.)
1239 1708 1449 1766 Nullus
1500 1709 1846 1764 clericorum
1888 1724 1988 1809 ser

2196 1736 2557 1789 contestatus
2588 1735 2762 1791 fuerit
2794 1754 2894 1807 pro
2928 1737 3263 1809 accipiendo
3294 1741 3689 1813 matrimonio,
3714 1747 3776 1798 et

351 1821 491 1858 vum
524 1808 628 1859 aut
659 1801 1016 1873 discipulum
1041 1815 1214 1855 suum
1240 1800 1310 1853 ad
1334 1798 1640 1853 ecclesiam
1668 1798 2007 1870 confugien-

352 1898 474 1947 tem
494 1891 796 1947 extrahere
816 1890 1050 1955 audeat,
1067 1889 1155 1943 vel
1175 1886 1468 1959 ﬂagellare
1487 1891 1822 1958 praasumat.
1846 1887 2008 1952 Quod

357 1980 409 2035 si
442 1980 663 2045 fecerit,
694 1980 879 2033 donec
910 1978 1087 2048 digne
1116 1976 1412 2047 poeniteat,
1447 1991 1480 2031 a
1509 1976 1635 2029 loco
1675 1974 1767 2029 cui
1823 1974 2011 2030 hono-

362 2084 485 2121 rem
512 2084 630 2122 non
662 2066 823 2121 dedit
854 2055 1655 2136 sequestretur[ségregetur,
1688 2062 1880 2132 orig.].

361 2173 490 2229 CAP.
523 2173 648 2228 371.
682 2202 749 2213 —-
778 2173 852 2227 De
880 2170 1092 2255 clericis
1123 2169 1218 2242 qui
1248 2168 1638 2224 monachorum
1660 2167 2009 2294 propositum

428 2246 710 2294 appetunt.
746 2248 835 2294 Ea:
861 2242 1094 2294 concilio
1152 2242 1430 2294 Toletano.
1461 2256 1581 2294 can.
1622 2240 1657 2293 5
1738 2240 1877 2294 (Tol.
1929 2255 2006 2294 IV.

428 2246 710 2387 apﬁgtpnt.
745 2248 835 2299 Ex
861 2242 1094 2299 concilio
1132 2240 1430 2297 'Toletano.
1461 2256 1581 2312 cap.
1622 2240 1690 2294 54
1738 2240 1877 2308 (Tol.
1929 2255 2006 2310 ιν,

428 2333 473 2371 c.
606 2358 619 2370 .

425 2333 473 2371 ϐ.
508 2333 619 2371 ιιυ).

421 2404 534 2475 (t9,
564 2419 617 2474 q.
650 2420 691 2473 ι,
720 2417 752 2459 c
776 2402 983 2460 Clerici
1008 2400 1149 2474 qui.)
1180 2398 1387 2456 Clerici
1438 2398 1540 2470 qui
1586 2398 2004 2454 monachorum

352 2491 720 2564 propositum
753 2495 1061 2564 appetunt,
1091 2489 1232 2561 quia
1262 2488 1564 2543 meliorem
1607 2488 1787 2542 vitam
1837 2487 2005 2558 sequi

347 2579 614 2653 cupiunt,
647 2580 863 2635 liberos
892 2579 978 2635 eis
1009 2579 1081 2633 ab
1111 2577 1383 2649 episcopo
1404 2575 1464 2631 in
1488 2575 1862 2631 monasteriis
1884 2575 2007 2631 lar-

342 2668 454 2741 giri
503 2673 734 2742 Oportet
782 2668 1111 2739 ingressus,
1168 2681 1272 2721 nec
1313 2663 1584 2720 interdici
1637 2665 2003 2735 propositum

341 2774 565 2824 eorum,
598 2757 700 2830 qui
730 2758 802 2812 ad
834 2753 1348 2826 contemplationis
1370 2752 1729 2809 desiderium
1754 2753 2004 2808 transire

347 2847 644 2901 nituntur.

349 2936 482 2989 CAP.
516 2934 641 2989 372.
674 2964 744 2974 —-
771 2934 850 2988 Ne
892 2929 1174 3002 stipendia
1221 2930 1547 3002 clericorum
1586 2946 1659 3002 a_
1688 2931 1811 2997 iure
1856 2930 2001 2985 alie-

418 3013 626 3060 nantur
679 3000 1034 3060 ecclesiarum
1059 3044 1072 3057 .
1130 3003 1215 3056 Ea:
1269 3001 1498 3056 concilio
1568 3000 1823 3057 Toletano
1881 3018 1956 3056 νη
1983 3043 1998 3070 ,

422 3093 543 3131 can.
574 3077 628 3130 5.

654 3164 711 3230 2,
742 3179 789 3218 c.
819 3162 978 3233 Swpe
1003 3160 1118 3231 ﬁt.)
1145 3159 1307 3231 Sapo
1340 3160 1405 3214 fit
1435 3163 1501 3214 ut
1524 3159 1860 3231 preprietati
1882 3159 2001 3215 ori-

348 3253 506 3326 ginis
548 3252 798 3308 obsistat
841 3248 1241 3322 longinquitas
1286 3248 1590 3319 temporis.
1641 3247 2005 3320 Quapropter

344 3341 717 3413 providentes
748 3338 1143 3403 decernimus,
1177 3341 1242 3391 ut
1270 3336 1318 3391 si
1351 3336 1484 3407 quis
1515 3334 1856 3391 clericorum
1894 3336 2004 3392 sti-

344 3429 627 3502 pendium
664 3429 733 3484 de
756 3428 930 3482 rebus
980 3424 1236 3481 ecclesia:
1286 3425 1695 3495 cujuscunque
1744 3425 2005 3497 episcopi

344 3518 593 3590 percipit
616 3516 906 3588 largitate,
941 3514 1051 3570 sub
1084 3514 1357 3586 precariae
1391 3513 1629 3568 nomine
1647 3514 1853 3569 debeat
1871 3530 2002 3586 pro-

345 3607 661 3661 fessionem
694 3605 972 3672 scribere,
993 3619 1098 3658 nec
1122 3618 1223 3674 per
1245 3602 1630 3658 retentionem
1655 3602 1998 3657 diuturnam

348 3693 758 3767 praeiudicium
791 3693 996 3748 afferat
1025 3690 1303 3757 ecclesiae,
1336 3696 1390 3746 et
1413 3707 1775 3763 quaecunque
1797 3691 1854 3745 in
1886 3707 1997 3746 usu

349 3783 693 3857 perceperit,
718 3783 925 3837 debeat
942 3779 1464 3846 utiliterlaborare,
1490 3786 1554 3835 ut
1577 3797 1679 3836 nec
1702 3797 1794 3836 res
1817 3779 1997 3835 divini

343 3873 500 3946 juris
528 3872 837 3928 videantur
865 3870 1063 3941 aliqua
1088 3867 1394 3924 occasione
1441 3868 1679 3940 negligi,
1704 3874 1760 3924 et
1801 3868 1999 3925 subsi-

353 3963 514 4016 dium
550 3961 622 4015 ab
653 3958 898 4015 ecclesia
930 3957 1023 4011 cui
1056 3956 1395 4011 deserviunt
1422 3955 1719 4027 percipere
1767 3958 1997 4028 possint

347 4049 563 4105 clerici.
598 4049 759 4115 Quod
789 4046 835 4102 si
883 4044 1015 4118 quis
1062 4060 1264 4101 eorum
1319 4045 1735 4116 contempserit
1783 4045 1995 4114 facere,

343 4138 470 4213 ipse
501 4154 564 4195 se
588 4136 875 4211 stipendio
907 4151 1014 4191 suo
1035 4133 1334 4190 videbitur
1364 4132 1609 4205 privare.

340 4248 472 4303 ΟΑΡ.
505 4245 629 4299 373.
663 4272 729 4283 —-
781 4241 938 4313 Quod
985 4239 1202 4313 clericis
1244 4237 1815 4313 servis_ecctesiarum
1860 4239 1996 4313 dare

411 4317 642 4370 debeant
704 4310 1346 4385 epiicopirlibcrtatem.
1422 4311 1553 4366 Item
1616 4326 1686 4366 ea:
1754 4310 1993 4367 concilio

417 4388 664 4442 Tolrtano
695 4384 774 4455 xx,
807 4400 929 4454 cap.
961 4384 1016 4438 9.

2120 1818 2330 1875 dixerit
2350 1838 2412 1877 se
2435 1838 2549 1877 non
2574 1839 2745 1893 posse
2767 1825 2825 1879 in
2853 1826 3121 1881 castitate
3143 1843 3507 1898 permanere,
3530 1829 3625 1884 hic
3649 1848 3772 1887 non

2120 1908 2442 1964 ordinetur.
2478 1912 2638 1973 Quod
2670 1912 2716 1966 si
2744 1912 2801 1967 in
2834 1914 3202 1969 ordinatione
3234 1917 3502 1985 tacuerit,
3531 1921 3589 1972 et
3608 1918 3771 1973 ordi-

2120 2000 2295 2052 natus
2320 1998 2510 2069 fuerit,
2544 2004 2597 2054 et
2621 2005 2823 2071 postea
2848 2003 3290 2059 matrimonium
3324 2005 3768 2076 desideraverit,

2119 2083 2345 2141 alienus
2377 2086 2453 2141 sit
2484 2104 2516 2142 a
2547 2088 2894 2160 ministerio,
2930 2095 2987 2146 et
3018 2096 3177 2147 vacet
3208 2111 3240 2148 a
3271 2092 3444 2151 clero.

2118 2172 2250 2229 CAP.
2284 2175 2407 2229 377.
2437 2206 2507 2217 —
2532 2180 2698 2246 Quod
2719 2194 2827 2234 non
2858 2180 3019 2235 liceat
3047 2182 3275 2237 cuilibet
3295 2201 3425 2237 vasa
3474 2184 3775 2242 Dominica

2259 2255 2499 2318 tangere.
2533 2250 2615 2303 Ea:
2642 2249 2827 2305 eodem
2855 2267 3001 2307 conc.
3046 2269 3167 2323 cap.
3201 2254 3289 2308 42.
3323 2255 3481 2326 (ibid.
3515 2256 3625 2328 41).

2189 2335 2354 2405 (Dist.
2381 2336 2471 2391 ‘33.
2503 2353 2550 2390 ο.
2585 2338 2701 2392 Νοη
2725 2338 2927 2407 liceat.)
2960 2340 3082 2395 Non
3117 2341 3285 2397 liceat
3316 2343 3638 2414 quemlibet
3663 2346 3781 2400 mi-

2116 2423 2359 2479 nisteria
2388 2428 2648 2496 tangere,
2674 2427 2786 2482 nisi
2817 2428 3200 2501 subdiacono,
3226 2438 3329 2488 aut
3350 2432 3573 2504 acolyto
3594 2433 3653 2489 in
3684 2450 3779 2490 se-

2116 2511 2361 2567 cretario
2394 2529 2534 2568 vasa
2565 2514 2886 2571 Dominica.

2114 2604 2245 2656 CAP.
2278 2601 2401 2655 378.
2435 2633 2504 2643 -—
2524 2604 2599 2657 De
2624 2604 2897 2660 tondenda
2924 2621 3079 2660 coma
3107 2607 3435 2664 clericorum
3480 2618 3531 2666 ct
3577 2576 3780 2668 habitu

2431 2678 2643 2729 ornato.
2669 2676 2754 2730 Ea:
2779 2677 2962 2731 eodem
2991 2693 3142 2733 conc.
3182 2695 3302 2749 cap.
3335 2682 3427 2734 66.

2183 2759 2347 2831 (Dist.
2382 2762 2468 2831 13,
2499 2778 2545 2816 c.
2593 2763 2716 2817 Non
2764 2766 3013 2835 Oportet.)
3066 2766 3192 2822 Non
3242 2772 3469 2838 oportet
3517 2768 3767 2828 clericos

2112 2862 2339 2903 comam
2372 2850 2594 2906 nutrire
2623 2855 2680 2906 et
2711 2852 2795 2908 sic
2820 2852 3179 2923 ministrare,
3206 2856 3308 2911 sed
3326 2860 3556 2913 attonso
3582 2859 3778 2930 capite

2112 2936 2449 3005 patentibus
2483 2938 2766 3007 auribus,
2799 2944 2857 2995 et
2903 2943 3229 2998 secundum
3275 2950 3466 3000 Aaron
3519 2946 3772 3003 talarem

2113 3023 2373 3080 tunicam
2407 3027 2674 3096 [vestem,
2708 3029 2873 3098 orig.)
2904 3029 3168 3100 induere,
3196 3041 3256 3087 ut
3284 3032 3403 3088 sint
3454 3033 3513 3088 in
3558 3035 3771 3092 habitu

2112 3119 2316 3168 ornato
2331 3154 2343 3169 .

2111 3200 2245 3278 CAP.
2280 3202 2404 3278 379.
2437 3233 2507 3278 τ-
2538 3207 2619 3278 ῼθ
2638 3219 2754 3278 non
2768 3205 3097 3263 ordinandi:
3117 3209 3308 3264 invitis
3328 3208 3418 3266 vel
3438 3211 3489 3266 ἀι
3508 3213 3773 3278 jz'ciendis

2182 3274 2494 3355 immeritis.
2520 3275 2821 3355 firegorius
2838 3293 2995 3355 papa
3030 3282 3222 3336 Natali
3239 3283 3489 3352 episcopo
3508 3274 3562 3338 in
3584 3287 3772 3355 primo

2182 3344 2322 3399 libro
2352 3344 2588 3418 registri
2610 3350 2792 3417 (epist.
2830 3344 2938 3419 i9).

2183 3432 2340 3503 (Dist.
2372 3434 2463 3503 74,
2495 3450 2614 3505 cap.
2663 3435 2825 3491 Gesta
2872 3438 3044 3509 quae.)
3092 3441 3268 3495 Gesta
3307 3457 3437 3512 quas
3483 3442 3651 3498 nobis
3702 3444 3765 3499 in

2109 3520 2339 3575 concilii
2373 3522 2546 3577 vestri
2581 3525 2844 3579 confecta
2874 3527 3187 3581 secretario
3213 3528 3502 3599 direxisti,
3535 3533 3593 3585 in
3626 3532 3764 3603 qui-

2107 3608 2216 3664 bus
2247 3609 2693 3667 archidiaconus
2726 3613 3045 3669 honoratus
3077 3615 3390 3685 addicitur,
3424 3618 3599 3689 plena
3635 3635 3770 3676 esse

2109 3698 2484 3769 cognovimus
2517 3700 3106 3773 seminejurgiorum,
3133 3720 3266 3758 cum
3295 3723 3411 3761 uno
3443 3708 3769 3779 eodemque

2106 3789 2367 3859 tempore
2400 3805 2516 3844 una
2547 3805 2795 3861 persona
2826 3790 3031 3846 nolens
3064 3793 3132 3846 ad
3166 3794 3477 3850 sacerdotii
3499 3798 3763 3854 ordinem

2106 3876 2461 3945 provehitur,
2488 3864 2905 3951 quaetanquam
2934 3880 3228 3937 immerita
3251 3883 3647 3941 adiaconntus
3679 3887 3766 3941 of-

2104 3962 2235 4017 ﬁcio
2257 3969 2603 4020 removetur.
2631 3966 2697 4020 Et
2727 3967 3135 4037 sicutjustum
3169 3974 3259 4025 est
3310 3976 3373 4026 ut
3423 3989 3591 4029 nemo
3640 3991 3763 4030 cre-

2103 4069 2264 4108 scere
2293 4052 2932 4125 compellaturinvitus,
2949 4056 3028 4111 ita
3043 4059 3403 4114 censendum
3421 4066 3580 4131 puto,
3595 4063 3764 4117 simi-

2101 4140 2257 4206 liter,
2289 4158 2361 4197 ne
2393 4143 2709 4214 quisquam
2741 4143 2945 4200 insons
2974 4145 3045 4200 ab
3067 4147 3291 4203 ordinis
3317 4149 3408 4205 sui
3434 4150 3764 4207 ministerio

2104 4231 2419 4301 dejiciatur
2451 4231 2694 4302 injuste.

2101 4322 2229 4398 CAP:
2265 4319 2391 4398 3_80.
2425 4350 2491 4359 —
2523 4318 2666 4398 Quid
2718 4321 2987 4398 agendum
3026 4324 3100 4377 sit
3149 4322 3426 4398 de_rebus
3483 4327 3765 4398 lapsorum

2171 4389 2527 4471 clericprum,
2590 4389 2880 4461 Gregorius
2940 4395 3100 4449 Petro
3156 4396 3488 4453 subdiacono
3535 4389 3646 4454 'lib
3714 4416 3759 4471 ι,

410 4475 572 4546 (Dist.
603 4474 694 4539 54,
733 4444 1090 4543 σὶιρίραίεω
1136 4472 1420 4539 familiis.)
1471 4470 1579 4536 Qui
1631 4487 1699 4526 ex
1751 4470 1992 4526 familiis
2024 4444 2070 4508 Ι)
2169 4444 2443 4533 male).

341 4561 598 4618 ecclesiae
630 4560 900 4617 servituri
933 4559 1295 4616 devocantur
1315 4560 1374 4617 in
1399 4560 1649 4627 clerum,
1673 4561 1744 4615 ab
1766 4554 1992 4632 episco-

343 4651 433 4723 pis
460 4649 583 4705 suis
614 4648 899 4704 libertatis
932 4664 1168 4704 necesse
1199 4653 1289 4704 est
1320 4653 1384 4703 ut
1415 4648 1737 4720 percipiant
1767 4650 1989 4704 donum

342 4745 399 4794 et
419 4740 468 4793 si
497 4739 754 4793 honestis
775 4737 904 4791 vitas
934 4736 1256 4792 claruerint
1287 4736 1531 4803 meritis,
1555 4743 1695 4792 tunc
1726 4737 1988 4805 demum,

342 4827 669 4899 majoribus
701 4825 1026 4896 fungantur
1056 4824 1456 4888 ofﬁciis.Quos
1483 4841 1616 4880 vero
1638 4825 1876 4896 ﬂagitiis
1899 4843 1990 4881 or-

340 4914 628 4972 dinaverit
650 4911 1072 4984 incorrigibilis
1094 4930 1265 4982 noxa,
1292 4918 1545 4985 pepetua
1567 4914 1819 4969 servitus
1849 4930 1989 4969 eon-

338 5004 579 5060 ditionis
611 5002 819 5074 religet
848 5003 907 5056 in
941 5005 1168 5057 catena.

330 5114 465 5169 CAP.
498 5111 625 5166 374.
658 5128 729 5161 :
754 5109 831 5180 De
860 5107 1125 5180 eunuchis
1147 5107 1243 5178 qui
1273 5107 1349 5180 ab,
1370 5108 1501 5162 aliis
1548 5109 1710 5177 ﬁunt,
1762 5108 1844 5163 vel
1892 5108 1990 5180 qui

399 5184 512 5239 sibi
529 5179 825 5236 naturalia
844 5179 1193 5233 abscindunt.
1222 5181 1302 5233 Ea:
1317 5178 1548 5232 decretis
1561 5180 1785 5233 Martini
1797 5178 1985 5251 pupae,

398 5273 447 5312 ε.
478 5256 585 5310 245
612 5258 709 5324 (ea:
740 5252 975 5307 decretis
994 5251 1222 5304 Martini
1251 5252 1629 5319 Bracarensi).

401 5345 559 5416 (Dist.
594 5342 687 5411 55,
717 5355 768 5398 ε.
799 5339 859 5395 Si
888 5339 985 5410 qui
1007 5353 1108 5409 per
1137 5336 1574 5409 agritudinem.)
1604 5336 1659 5389 Si
1714 5336 1850 5407 quis
1885 5353 1988 5408 pro

329 5432 672 5504 aegritudine
695 5426 983 5485 naturalia
1014 5444 1045 5483 a
1076 5426 1320 5483 medicis
1346 5424 1615 5480 habuerit
1637 5426 1988 5491 secta,simi-

330 5518 463 5575 liter
492 5524 549 5576 et
573 5516 1014 5593 quiabarbaris
1064 5522 1166 5573 aut
1214 5513 1469 5572 dominis
1526 5513 1722 5571 stultis
1770 5514 1987 5572 fuerint

2173 4551 2284 4621 (l6,
2316 4567 2367 4620 q.
2404 4551 2477 4605 De
2512 4549 2730 4621 lapsis.)
2754 4556 2831 4606 De
2854 4549 3039 4623 lapsis
3062 4555 3594 4621 sacerdotibus,vel
3618 4557 3762 4614 levi-

2101 4638 2198 4705 tis,
2230 4639 2319 4694 vel
2351 4639 2617 4709 quolibet
2647 4656 2715 4694 ex
2745 4638 2920 4704 clero,
2944 4641 3251 4699 observare
3282 4648 3339 4700 te
3368 4644 3661 4702 volumus.
3686 4646 3763 4704 Ut

2101 4729 2160 4783 in
2185 4729 2358 4783 rebus
2379 4744 2582 4783 eorum
2602 4727 2764 4784 nulla
2788 4730 3285 4786 contaminatione
3310 4732 3632 4806 miscearis,
3655 4738 3759 4794 sed

2101 4818 2472 4888 pauperrima
2502 4816 2791 4885 regularis
2819 4820 3179 4874 monasteria
3219 4822 3469 4893 require,
3503 4841 3629 4896 quae
3662 4843 3759 4882 se-

2101 4907 2359 4960 cundum
2384 4906 2567 4962 Deum
2596 4906 2785 4961 vivere
2802 4908 3075 4962 sciuntur
3094 4908 3358 4980 [sciunt],
3378 4915 3437 4966 et
3456 4912 3514 4966 in
3538 4913 3758 4971 eisdem

2101 4994 2477 5049 monasteriis
2505 4995 2574 5047 ad
2612 4994 3012 5064 paenitentiam
3044 4995 3242 5067 lapsos
3264 5000 3449 5068 trade,
3484 5005 3548 5055 ut
3565 5018 3659 5057 res
3680 5002 3758 5059 la-

2098 5098 2341 5154 psorum
2362 5083 2418 5135 in
2443 5083 2645 5138 eodem
2668 5082 2793 5137 loco
2815 5083 3145 5153 proﬁciant,
3169 5086 3227 5141 in
3247 5102 3364 5158 quo
3387 5105 3556 5160 agere
3580 5092 3759 5162 poeni~

2100 5173 2341 5226 tentiam
2377 5171 2711 5238 traduntur,
2747 5176 3036 5242 quatenus
3066 5172 3180 5245 ipsi
3212 5191 3280 5229 ex
3326 5177 3500 5234 rebus
3550 5194 3754 5236 eorum

2099 5260 2432 5315 subsidium
2467 5258 2738 5325 habeant;
2774 5259 2873 5331 qui
2897 5260 2967 5315 de
2989 5262 3349 5319 correctione
3372 5280 3575 5324 eorum
3600 5268 3753 5325 solli-

2099 5347 2145 5401 ci
2157 5347 2416 5401 tudinem
2433 5351 2664 5417 gerunt.
2684 5346 2744 5402 Si
2762 5364 2890 5402 vero
2905 5354 3176 5419 parentes
3191 5351 3532 5417 habent,res
3549 5373 3752 5414 eorum

2096 5434 2377 5505 legitimis
2409 5436 2755 5505 parentibus
2770 5437 3001 5507 dentur,
3028 5437 3109 5495 ita
3126 5443 3325 5497 tamen
3351 5449 3414 5499 ut
3435 5460 3637 5501 eorum
3657 5448 3761 5504 sti‘

2102 5523 2313 5595 pendia
2344 5523 2442 5596 qui
2478 5524 2535 5579 in
2558 5524 2961 5597 poenitentiam
2987 5527 3106 5583 dati
3132 5529 3371 5605 fuerint,
3395 5534 3761 5595 sufﬁcienter
