3994 6052
209 306 317 360 525

1263 307 1575 360 DECRETI
1614 304 1800 357 PARS
1836 304 1930 355 VI.
1974 329 2040 338 ——-
2078 302 2174 353 DE
2212 302 2558 356 CLERICIS.

3509 307 3615 361 526

210 430 462 485 debeant
493 430 816 501 procurari.
849 430 904 483 Si
942 429 1042 501 qui
1074 446 1204 485 vero
1237 447 1303 485 ex
1336 428 1555 483 familia
1583 427 1858 483 ecclesia—
1887 428 1941 494 Α
1973 440 2105 480 mus
2125 425 2787 495 undedigressisumus.
2808 425 2919 484 Nec
2935 426 3124 483 siduae
3149 432 3250 485 aut
3265 434 3381 487 tres
3396 432 3613 503 pariter

210 520 361 573 stica
392 520 725 575 sacerdotes
756 520 845 574 vel
878 520 1083 587 levite,
1120 518 1209 573 vel
1258 518 1553 585 monachi,
1602 516 1691 572 vel
1733 516 1858 570 cle-

211 608 339 673 rici,
374 607 461 662 vel
495 608 738 679 quilibet
771 608 870 663 alii
906 608 1054 679 lapsi
1089 608 1327 677 fuerint,
1362 606 1486 662 dari
1518 623 1616 662 eos
1648 606 1706 659 in
1741 621 1858 675 poe-

212 696 519 751 nitentiam
542 696 837 762 volumus,
863 698 961 751 sed
990 714 1081 752 res
1099 714 1299 751 eorum
1325 695 1719 751 ecclesiastico
1737 692 1859 763 juri

211 800 324 838 non
346 784 635 839 subtrahi.
655 786 743 840 Ad
770 802 943 839 usum
964 789 1159 840 tamen
1186 802 1361 840 suum
1383 784 1670 855 accipiant
1689 782 1860 851 {unde

210 874 279 927 ad
315 873 713 943 paenitentiam
748 876 1096 939 subsistant,
1124 892 1194 928 ne
1217 874 1266 928 si
1297 874 1615 941 nudentur,
1638 871 1778 925 locis
1801 870 1857 923 in

210 962 427 1034 quibus
462 964 719 1017 damnati
753 963 915 1031 [dati,
950 962 1117 1036 orig.)
1153 962 1627 1031 fuerint,oncrosi
1662 962 1820 1015 sunt.

207 1072 341 1125 CAP.
374 1070 496 1139 331.
530 1099 599 1107 —
633 1068 767 1136 Quin
810 1084 975 1137 paena
1016 1073 1279 1139 sequatur
1322 1070 1521 1123 occulte
1574 1070 1860 1139 iii/aman-

278 1144 408 1193 tem.
444 1137 729 1209 Gregorius
760 1142 905 1194 clero
940 1149 989 1194 et
1038 1137 1232 1211 populo
1282 1142 1552 1195 Ravennae
1598 1138 1655 1191 in
1718 1137 1858 1192 tibro

279 1219 439 1264 cex'o
470 1213 694 1277 registri
724 1212 783 1281 (t.
818 1229 869 1273 v,
903 1228 986 1281 ep.
1021 1212 1131 1279 30).

280 1299 727 1370 Quia(quidam,
759 1300 902 1370 orig)
957 1299 1200 1370 maligni
1219 1299 1493 1370 spriritus
1513 1296 1757 1352 concilio
1776 1312 1859 1351 re-

206 1388 421 1460 pletus,
457 1392 658 1443 contra
685 1388 1012 1443 Castorium
1039 1388 1330 1442 notarium
1366 1404 1431 1442 ac
1464 1384 1856 1456 responsalem

208 1483 479 1531 nostrum
496 1481 781 1531 nocturno
798 1475 1032 1529 silentio
1056 1477 1111 1529 in
1139 1474 1393 1529 civitatis
1420 1475 1542 1529 loco
1566 1477 1855 1527 contesta-

207 1568 429 1620 tionem
465 1564 663 1635 posuit
696 1565 749 1618 in
782 1566 910 1634 ejus
943 1564 1163 1618 crimen
1199 1562 1557 1634 loquentem,
1593 1562 1857 1631 mihique

204 1654 384 1709 etiam
419 1654 489 1707 de
522 1653 787 1707 facienda
818 1669 958 1723 pace
990 1653 1201 1707 callide
1246 1652 1766 1717 contradicentem,
1801 1653 1858 1704 et

205 1743 347 1812 quia
378 1741 650 1811 quisquis
678 1742 959 1795 veraciter
982 1740 1263 1811 loquitur,
1286 1740 1668 1810 semetipsum
1694 1739 1855 1793 inno-

203 1797 425 1885 tescere
460 1797 573 1883 non
616 1830 788 1883 debet
841 1797 1179 1897 formidare,
1233 1797 1461 1899 oportet
1498 1797 1579 1881 ἰη
1626 1824 1854 1896 publice
1886 1797 1930 1860 Β

204 1922 463 1983 exeat,et
484 1934 845 1988 quaecunque
869 1918 923 1970 in
951 1917 1370 1972 contestatione
1390 1932 1497 1971 sua
1518 1915 1677 1985 loqui
1702 1931 1851 1985 prae-

203 2007 478 2077 sumpsit,
516 2006 806 2059 ostendat.
843 2008 1001 2069 Quod
1039 2006 1085 2059 si
1122 2021 1235 2059 non
1269 2004 1496 2069 exierit,
1532 2018 1716 2072 neque
1742 2020 1851 2073 pu-

203 2095 351 2150 blice
406 2096 709 2148 confessus
764 2094 958 2155 fuerit,
995 2093 1263 2164 quisquis
1316 2092 1413 2146 ille
1462 2092 1541 2147 sit
1597 2092 1694 2161 qui
1745 2090 1851 2145 hoc

202 2200 374 2253 agere
391 2182 881 2253 priesumpsit,vel
903 2198 1260 2236 consensum
1285 2181 1344 2235 in
1370 2185 1543 2233 tantaa
1568 2179 1851 2250 iniquita-

209 2271 285 2325 tis
316 2271 565 2325 consilio
598 2271 864 2340 praebuit,
899 2287 967 2325 ex
992 2269 1088 2324 Dei
1119 2275 1177 2324 et
1208 2270 1431 2325 Domini
1478 2268 1659 2323 nostri
1709 2272 1847 2322 Jesu

202 2359 413 2413 Christi
441 2360 739 2412 sententia
764 2358 1189 2429 [spiritu,orig.)
1213 2358 1553 2425 definimus,
1578 2362 1642 2411 ut
1665 2356 1850 2411 sancti

204 2450 331 2516 ejus
370 2448 635 2519 corporis
668 2452 724 2501 et
754 2446 1062 2518 sanguinis
1104 2444 1549 2517 participatione
1591 2445 1849 2517 privatus

205 2536 299 2590 sit.
336 2536 394 2589 Si
429 2552 583 2604 vero,
619 2535 755 2605 quia
789 2534 928 2589 latet
958 2540 1015 2589 et
1048 2534 1321 2605 quoniam
1358 2535 1630 2598 nescitur,
1666 2533 1849 2589 teneri

204 2642 236 2679 a
268 2624 583 2695 disciplina
613 2641 728 2678 non
759 2623 935 2692 valet,
958 2624 1007 2678 si
1030 2624 1174 2677 tanti
1206 2622 1341 2677 mali
1365 2622 1623 2687 concius,
1645 2626 1699 2675 et
1722 2639 1852 2692 pro-

202 2712 446 2775 hibitus,
482 2728 693 2781 corpus
758 2717 814 2765 et
864 2712 1211 2781 sanguinem
1271 2710 1501 2765 Domini
1555 2710 1850 2780 percipere

198 2799 523 2871 priesumit,
556 2799 950 2854 anathematis
983 2798 1205 2854 ultione
1238 2814 1555 2869 percussus
1588 2802 1652 2851 ut
1675 2797 1848 2851 fallax

201 2906 264 2943 ac
295 2888 552 2957 pestifer,
590 2906 621 2942 a
654 2892 867 2943 sanctis
888 2885 1154 2942 Ecclesia:
1173 2904 1412 2958 corpore
1435 2886 1769 2940 sitdivisus.
1788 2885 1846 2939 Si

204 2977 328 3046 quis
362 2982 560 3031 autem
594 2977 841 3031 fortasse
873 2976 1007 3031 talis
1040 2982 1149 3041 est,
1184 2993 1355 3047 quem
1384 2993 1487 3030 nos
1512 2976 1688 3043 hujus
1712 2975 1847 3029 facti

207 3073 502 3119 auctorem
538 3082 602 3119 ac
636 3065 981 3135 participem
1016 3082 1145 3119 esse
1198 3064 1549 3129 nescientes,
1588 3064 1655 3117 ad
1712 3078 1845 3117 eum

1973 514 2070 569 Dei
2115 513 2337 568 ancillis
2389 517 2711 583 morentur,
2746 516 2937 570 solum
2970 517 3039 571 ad
3073 534 3141 573 ea
3188 520 3352 575 decet
3382 520 3611 594 ingredi

1971 604 2353 659 sacerdotem.
2382 602 2440 658 Si
2473 602 2601 673 quis
2623 603 2738 656 haec
2756 610 3043 675 praecepta
3071 624 3184 662 non
3199 609 3611 679 observaverit,

1970 691 2158 746 hostis
2185 697 2273 746 est
2304 692 2509 746 animae
2545 709 2683 745 suae.
2720 694 2879 756 Quod
2907 695 2952 746 si
2989 700 3119 765 post
3150 701 3348 751 nostra
3367 699 3609 764 monita,

1969 786 2245 851 agapetas
2277 780 2492 850 aliquis
2523 779 2767 834 clericus
2802 781 3055 851 amplius
3092 786 3385 852 (IUEBSiCI‘lt
3415 804 3612 843 amare

1969 886 2145 940 quam
2164 869 2483 937 Christum,
2505 870 2828 923 secundum
2847 870 3183 941 synodalem
3202 873 3461 945 regulam
3482 892 3615 930 con-

1968 958 2253 1024 veniatur,
2294 963 2349 1011 et
2384 963 2668 1028 praecepta
2700 958 2937 1013 Patrum
2972 960 3027 1012 in
3060 960 3248 1016 Nicaea
3278 963 3530 1019 difﬁnita
3562 965 3613 1019 ei

1968 1046 2256 1117 legantur.
2280 1046 2406 1100 Jam
2433 1062 2563 1099 vero
2588 1045 2635 1099 si
2660 1062 2974 1101 conversus
3002 1049 3274 1118 przedicta
3293 1050 3613 1121 reliquerit,

1969 1136 2263 1190 consecuti
2298 1151 2506 1189 sumus
2533 1133 2856 1189 maximum
2890 1134 3139 1191 lucrum.
3175 1137 3449 1208 Alioquin
3480 1141 3616 1195 talis

1968 1223 2039 1278 ab
2062 1223 2315 1277 Ecclesia
2345 1222 2937 1278 anathematizandus
2959 1230 3067 1279 est.
3089 1226 3435 1281 Germinant
3456 1229 3613 1283 enim

1967 1312 2194 1367 femina:
2217 1328 2349 1365 cum
2371 1311 2513 1366 viris
2536 1311 2868 1366 habitantes
2890 1312 3111 1381 spinas,
3131 1320 3189 1368 et
3218 1331 3431 1370 arcana
3454 1333 3615 1370 men-

1962 1401 2113 1454 tium
2147 1405 2313 1454 acuto
2344 1415 2620 1454 mucrone
2650 1399 3005 1469 percutiunt.
3034 1401 3179 1456 Proh
3213 1404 3373 1457 nefas
3394 1404 3420 1457 ?
3443 1403 3616 1459 Dolor

1964 1494 2054 1543 est
2083 1488 2291 1555 dicere,
2318 1488 2416 1541 sed
2453 1489 2744 1559 praeterire
2770 1505 2883 1543 non
2906 1490 3091 1557 decet,
3117 1490 3343 1547 Christo
3369 1493 3491 1547 ista:
3516 1511 3612 1548 vo-

1966 1581 2168 1632 verunt
2199 1577 2437 1641 nubere,
2472 1592 2585 1630 non
2619 1576 2869 1631 clericis.

1967 1685 2098 1738 CAP.
2150 1684 2273 1736 383.
2324 1713 2393 1723 —-
2442 1683 2505 1737 Ut
2572 1682 2879 1738 Christiani
2916 1684 3229 1741 scholastici
3276 1688 3612 1744 solas'cismos

2036 1754 2394 1825 quorumdam
2448 1755 2685 1827 tolerent
2736 1755 3106 1827 sacerdotum.
3160 1758 3495 1827 Augustinus
3537 1778 3608 1816 ea:

2036 1827 2173 1880 libro
2207 1827 2278 1880 De
2308 1825 2712 1879 catechizandis
2744 1826 2971 1881 rudibus
2994 1829 3131 1898 (cap.
3164 1829 3241 1900 9).

2035 1914 2291 1985 (Dist.38,
2308 1930 2351 1968 c.
2371 1913 2565 1968 Sedqu
2580 1914 2747 1983 mon.)
2766 1914 2979 1969 Sedulo
3000 1918 3609 1974 monendisuntscho-

1962 2004 2172 2070 lastici,
2203 2008 2264 2057 ut
2294 2002 2623 2057 humilitate
2653 2002 2843 2057 induti
2876 2002 3188 2059 Christiani
3221 2006 3449 2061 discant
3488 2026 3601 2061 non

1960 2097 2331 2148 contemnere
2349 2107 2495 2162 quos
2511 2091 2885 2161 cognoverint
2901 2108 3127 2146 morum
3147 2094 3473 2165 vitiaquam
3489 2113 3610 2151 vcr-

1961 2182 2101 2236 horu
2117 2200 2165 2234 m
2184 2180 2437 2252 amplius
2453 2179 2727 2243 devitarc,
2743 2181 2980 2236 etcorde
2993 2186 3151 2236 casto
3170 2182 3433 2255 linguam
3449 2201 3605 2239 exor-

1961 2272 2196 2326 citatam
2232 2286 2335 2325 nec
2358 2269 2617 2324 conferre
2640 2270 2913 2337 audeant,
2940 2287 3115 2341 quam
3138 2273 3312 2327 etiam
3334 2276 3604 2345 praeferre

1961 2363 2398 2415 consueverant.
2421 2359 2787 2428 (Paulopost.)
2807 2358 2905 2412 llis
2921 2359 3072 2414 enim
3095 2362 3608 2429 maximeutilecst

1960 2465 2131 2503 nosse
2145 2448 2225 2502 ita
2239 2463 2364 2501 esse
2380 2448 2796 2518 praeponendas
2811 2448 3001 2501 verbis
3016 2449 3358 2513 sententias,
3384 2456 3447 2504 ut
3468 2470 3607 2521 prae-

1960 2537 2199 2609 ponitur
2226 2535 2817 2605 animuscorpori.Ex
2851 2552 2964 2606 quo
2984 2536 3215 2590 {itutita
3245 2537 3416 2593 malle
3432 2540 3607 2593 debe-

1960 2631 2061 2680 ant
2074 2625 2324 2680 veriores
2353 2640 2529 2695 quam
2544 2624 2878 2679 disertiores
2898 2626 3100 2679 audire
3114 2641 3434 2689 sermones,
3455 2627 3535 2681 sic
3548 2632 3609 2681 ut

1960 2714 2133 2769 malle
2149 2713 2778 2784 debentprudentiores
2800 2729 2977 2783 quam
2993 2714 3368 2769 formosiores
3384 2715 3607 2770 habere

1960 2803 2200 2857 amicos.
2254 2802 2529 2856 Noverint
2558 2802 2730 2854 etiam
2780 2818 2891 2855 non
2927 2817 3053 2856 esse
3084 2818 3281 2856 vocem
3316 2804 3387 2856 ad
3431 2820 3607 2860 aures

1963 2892 2079 2961 Dei,
2116 2891 2224 2946 nisi
2260 2890 2432 2945 amici
2459 2890 2756 2944 affectum.
2778 2891 2863 2943 Ita
2888 2890 3043 2944 enim
3068 2907 3179 2944 non
3205 2891 3527 2945 irridebunt
3557 2893 3605 2947 si

1958 2982 2187 3051 aliquos
2237 2979 2529 3035 antistites
2564 2983 2620 3032 et
2657 2979 2960 3033 ministros
2994 2978 3261 3033 Ecclesia:
3296 2979 3442 3035 forte
3476 2982 3607 3034 ani-

1961 3068 2397 3137 madverterint,
2446 3067 2533 3122 vel
2568 3084 2700 3122 cum
2746 3066 3124 3122 barbarismis
3158 3072 3215 3121 et
3264 3068 3606 3125 solzecismis

201 3152 350 3206 bona
381 3158 649 3223 optantes
680 3152 958 3224 epistolas
980 3152 1474 3214 transmittamus,
1502 3152 1628 3222 ipsa
1659 3168 1760 3223 pro
1780 3169 1844 3206 eo
1879 3154 1919 3220 C
1961 3160 2143 3213 Deum
2178 3158 2462 3223 invocare,
2498 3156 2583 3211 vel
2623 3158 2825 3211 eadem
2861 3158 3035 3211 verba
3065 3173 3191 3227 qua:
3224 3158 3607 3227 pronuntiant

200 3241 350 3311 apud
374 3242 837 3312 omnipotentem
864 3246 1038 3296 Deum
1074 3240 1405 3310 deprecatio
1430 3241 1505 3293 sit
1530 3257 1728 3295 vacua.
1746 3241 1845 3295 Sin

214 3336 408 3384 autem
440 3330 495 3383 in
531 3333 732 3385 eadem
763 3330 992 3385 civitate
1020 3346 1293 3401 egressus
1315 3331 1382 3384 ad
1408 3329 1850 3400 publicum,po-

201 3419 739 3490 tueritdocerequm
764 3420 928 3481 dixit,
948 3420 1033 3473 vel
1058 3424 1210 3473 certe
1232 3420 1425 3473 sciens
1453 3434 1513 3473 se
1541 3435 1655 3472 non
1682 3435 1851 3489 posse

202 3526 373 3581 quem
410 3510 983 3581 scripsitostendere,
1000 3526 1253 3565 errorem
1272 3525 1443 3564 suum
1468 3510 1850 3579 fueritapcrte

198 3600 527 3659 confessus,
554 3597 832 3652 Dominici
858 3598 1116 3668 corporis
1139 3602 1195 3651 et
1218 3596 1523 3667 sanguinis
1542 3596 1851 3666 participa-

194 3688 349 3740 tione
376 3702 489 3740 non
524 3687 601 3739 sit
634 3685 1111 3756 privatus,neque
1141 3703 1172 3739 a
1200 3689 1414 3740 sanctae
1433 3683 1698 3739 Ecclesia}
1724 3701 1847 3739 cor-

201 3790 335 3843 pore
363 3774 595 3829 alienus
627 3774 861 3841 existat,
896 3776 1033 3844 quia
1066 3790 1170 3827 nos
1202 3774 1356 3844 apud
1382 3772 1845 3844 omnipotentem

202 3868 379 3917 Deum
413 3880 483 3918 ex
531 3864 749 3917 nostris
798 3864 1061 3932 quotidie
1115 3862 1306 3934 culpis
1351 3862 1750 3931 agnoscimus,
1784 3866 1848 3915 ut

198 3952 471 4022 quamvis
504 3958 733 4006 servato
767 3952 1090 4023 disciplinas
1134 3951 1555 4018 moderamine,
1592 3949 1844 4004 aliorum

198 4048 399 4102 tamen
432 4042 725 4095 erratibus
763 4058 1092 4110 parcamus.

194 4130 326 4184 CAP.
360 4130 482 4183 382.
521 4159 585 4169 —
620 4134 699 4184 De
730 4130 963 4196 bigamis
992 4137 1048 4183 et
1076 4129 1517 4183 concubinariis.
1544 4128 1760 4182 Hieron.
1784 4129 1841 4180 in

273 4200 560 4340 gpz'stb‘ati
609 4202 880 4255 Oceanum
931 4201 1097 4270 (tomo
1151 4201 1223 4267 Il,
1266 4198 1461 4269 incipit
1506 4198 1845 4269 Saphronius

321 4288 411 4325 use
454 4288 537 4325 ius
566 4314 576 4325 .

269 4359 437 4414 Nullo
472 4364 640 4429 pacto
674 4358 941 4429 digamos
974 4357 1059 4411 vel
1109 4357 1572 4412 concubinarum
1624 4356 1843 4411 catenis

195 4448 453 4503 insertos
478 4449 643 4502 decet
674 4448 873 4501 subire
908 4447 1319 4501 ministerium.
1358 4447 1416 4500 In
1443 4445 1681 4499 Levitico
1704 4446 1841 4499 scri-

200 4544 365 4608 ptum
402 4543 511 4599 est,
545 4553 608 4590 ac
630 4535 975 4607 praeﬁnitum
1001 4536 1205 4604 quales
1228 4534 1361 4605 eligi
1387 4535 1635 4589 debeant
1658 4550 1843 4588 sacer—
1875 4520 1921 4583 D

195 4625 381 4679 dotes.
419 4626 512 4679 Sic
544 4624 762 4691 habes;
802 4624 865 4676 Et
910 4624 1057 4678 dixit
1113 4624 1397 4677 Dominus
1445 4623 1515 4677 ad
1570 4627 1841 4693 Moysen;

191 4713 473 4767 Sacerdos
490 4728 724 4765 uxorem
742 4711 1280 4782 accipiatvirginem
1296 4713 1361 4765 de
1377 4710 1594 4765 semine
1612 4715 1842 4781 patrum

195 4819 481 4863 suorum;
522 4800 761 4854 viduam
812 4817 942 4854 vero
995 4806 1051 4854 et
1096 4802 1463 4865 destitutam,
1495 4804 1595 4852 aut
1640 4816 1671 4851 a
1718 4798 1843 4853 vivo

195 4890 407 4943 marito
435 4888 775 4943 derelictam
827 4905 941 4942 non
989 4890 1239 4960 accipiat
1286 4888 1475 4957 (Leuit.
1530 4890 1658 4955 xxx).
1694 4887 1844 4941 Bene

198 4978 396 5033 audivi
423 4977 793 5048 praecipiente
824 4976 1069 5031 Domino
1122 4977 1326 5048 Moysi,
1363 4976 1502 5046 quia
1546 4992 1651 5029 nec
1702 4992 1844 5029 uxor

192 5068 366 5121 debet
436 5065 724 5119 sacerdoti
782 5064 1018 5134 digama
1080 5065 1410 5126 convenire,
1445 5080 1514 5117 ne
1561 5064 1840 5117 honorem

194 5152 936 5225 polluatsacerdotii.Sicut
953 5153 1128 5208 unius
1146 5152 1649 5219 uxorisvirum,sic
1666 5153 1841 5207 unius

188 5243 295 5297 viri
332 5242 575 5297 mandat
607 5258 869 5296 uxorem.
903 5241 960 5294 Si
989 5258 1125 5312 ergo
1158 5242 1405 5297 clericus
1450 5257 1841 5312 monogamus

191 5334 391 5397 fuerit,
420 5338 477 5387 et
507 5349 649 5386 uxor
690 5333 819 5401 ejus
870 5329 1125 5401 digama,
1159 5333 1276 5385 noli
1332 5349 1466 5387 eum
1516 5331 1841 5386 ministerio

192 5421 527 5494 applicare;
556 5422 851 5491 digamam
888 5419 1047 5473 enim
1079 5421 1242 5473 duxit
1270 5437 1529 5475 uxorem.
1561 5420 1687 5473 Ilmc
1712 5421 1840 5472 Tito

194 5515 484 5584 praecepta
525 5506 845 5580 Apostolus
894 5508 963 5562 de
1010 5510 1354 5564 ordinandis
1406 5509 1633 5564 clericis
1682 5508 1843 5563 dedit

192 5602 314 5672 (Tit.
354 5604 415 5673 1).
448 5602 513 5658 Et
543 5598 850 5671 quialiher
882 5598 1060 5654 finem
1094 5603 1409 5671 exspectat,
1444 5600 1514 5655 ad
1549 5598 1605 5653 id
1639 5598 1841 5654 redea-

1963 3267 2075 3304 non
2090 3248 2438 3317 intelligere,
2456 3252 2618 3318 pertu
2632 3247 2907 3316 rbateque
2936 3246 3317 3316 distinguere,
3339 3264 3451 3301 non
3468 3247 3606 3318 quia

1960 3339 2071 3392 ista
2097 3336 2340 3391 minime
2372 3335 2714 3405 corrigenda
2738 3338 2896 3402 sunt,
2932 3334 3258 3403 utpopulus
3273 3336 3342 3387 ad
3369 3334 3424 3388 id
3451 3339 3603 3405 quod

1958 3426 2130 3496 plane
2147 3424 2443 3495 intelligit,
2464 3424 2619 3477 dicat
2640 3438 2821 3491 amen,
2846 3422 2948 3478 sed
2975 3427 3163 3478 tamen
3190 3423 3282 3492 pie
3303 3423 3607 3478 toleranda

1958 3518 2099 3568 sunt
2126 3512 2197 3565 ab
2228 3512 2313 3565 eis
2343 3509 2795 3581 quididicerint,
2831 3513 2893 3562 ut
2924 3526 3072 3563 sono
3105 3508 3164 3562 in
3190 3509 3335 3577 foro,
3369 3509 3451 3563 sio
3474 3514 3607 3563 voto

1958 3603 2015 3656 in
2032 3599 2274 3655 ecclesia
2288 3597 2782 3667 henedici.ltaque
2805 3596 3052 3651 forensis
3069 3596 3165 3651 illa
3185 3614 3604 3668 nonnunquam

1957 3690 2103 3744 forte
2135 3690 2288 3743 bona
2310 3687 2511 3756 dictio,
2543 3702 2845 3756 nunquam
2879 3691 3070 3740 tamen
3121 3686 3454 3742 benedictio
3488 3687 3602 3740 dici

1959 3782 2167 3849 potest.

1955 3887 2089 3940 CAP.
2139 3883 2263 3936 384.
2297 3913 2363 3923 -
2413 3883 2516 3935 Pro
2552 3897 2772 3937 excessu
2815 3882 3173 3936 correctionis
3204 3896 3310 3934 non
3360 3897 3474 3936 esse
3506 3898 3601 3935 ve-

2026 3957 2179 4009 niam
2208 3954 2501 4024 petendam
2531 3971 2569 4007 a
2600 3953 2854 4008 subditis.
2885 3953 3219 4024 Augustinus
3260 3954 3334 4007 De
3355 3956 3471 4007 vita
3486 3955 3599 4007 cle-

2026 4030 2269 4082 ricorum
2298 4027 2480 4096 (epist.
2520 4026 2637 4089 109,
2672 4026 2739 4078 ad
2762 4025 3099 4093 monac/ias).

2024 4118 2183 4187 (Dist.
2207 4116 2296 4178 86,
2329 4130 2375 4168 c.
2410 4113 2643 4183 Quando
2665 4115 2803 4181 nec.)
2822 4112 3062 4176 Quando
3087 4110 3407 4165 necessitas
3425 4110 3601 4163 disci-

1954 4206 2123 4276 plinae
2157 4203 2418 4258 moribus
2454 4200 2821 4266 [minoribus,
2845 4199 3013 4267 orig.]
3047 4198 3384 4252 coercendis
3407 4198 3599 4253 dicere

1952 4310 2052 4347 vos
2083 4294 2230 4346 dura
2260 4292 2435 4345 verba
2464 4288 2777 4357 compellit,
2812 4286 2859 4341 si
2892 4287 3067 4340 etiam
3104 4286 3162 4339 in
3187 4285 3329 4356 ipsis
3356 4286 3597 4341 modum

1953 4398 2053 4436 vos
2102 4380 2423 4435 excessisse
2463 4376 2715 4442 sentitis,
2752 4392 2864 4429 non
2900 4392 2932 4429 a
2963 4374 3127 4428 vobis
3160 4374 3429 4445 exigitur,
3474 4380 3536 4429 ut
3568 4392 3601 4429 a

1953 4470 2117 4525 vobis
2148 4468 2403 4523 subditis
2435 4466 2660 4521 veniam
2688 4463 3017 4536 postuletis,
3045 4478 3115 4517 ne
3139 4463 3293 4534 apud
3322 4479 3420 4517 eos
3456 4479 3600 4533 quos

1955 4562 2185 4627 oportet
2215 4554 2831 4623 essesuhjectos,dum
2853 4552 3103 4605 nimium
3120 4556 3386 4606 servatur
3408 4550 3603 4606 humi-

1954 4648 2112 4707 litas,
2156 4644 2391 4715 regendi
2428 4645 2726 4710 frangatur
2756 4640 3100 4696 auctoritas.
3133 4641 3242 4695 Sed
3279 4644 3469 4694 tamen
3500 4657 3601 4711 pe-

1954 4736 2131 4790 tenda
2162 4740 2250 4789 est
2280 4733 2445 4787 venia
2477 4734 2547 4785 ab
2579 4730 2841 4784 omnium
2881 4729 3144 4797 Domino,
3178 4730 3275 4799 qui
3312 4730 3471 4783 novit
3502 4746 3601 4783 eos

1954 4841 2101 4894 quos
2127 4823 2435 4892 plusjusto
2457 4820 2601 4875 forte
2616 4818 2934 4889 corripitis,
2958 4823 3176 4889 quanta
3203 4817 3603 4874 benevolentia

1954 4909 2237 4981 diligatis.

1952 5019 2087 5073 CAP.
2119 5017 2240 5069 385.
2284 5046 2341 5054 --
2366 5017 2475 5069 (Jur
2502 5015 2911 5084 permittuntur
2940 5017 3105 5085 [ungi
3135 5013 3339 5086 ofﬁciis
3370 5014 3487 5068 suis
3516 5030 3601 5067 re-

2024 5092 2291 5142 vertentes
2321 5088 2385 5140 ab
2419 5086 2631 5139 haeresi.
2662 5086 2799 5139 Idem
2825 5087 2882 5140 in
2906 5086 3139 5155 epistola
3169 5088 3237 5141 ad
3258 5087 3603 5156 Boni/actum

2028 5161 2206 5229 (epist.
2239 5160 2327 5227 50,
2361 5174 2467 5212 non
2496 5160 2572 5211 ita
2600 5158 2794 5226 procul
2825 5174 2855 5210 a
2888 5160 3037 5229 ﬁne).

2024 5246 2135 5315 (23,
2168 5262 2218 5315 q.
2255 5246 2307 5311 4,
2339 5246 2529 5315 c.1psa
2558 5244 2781 5313 pietas.)
2814 5243 2896 5313 Si,
2923 5242 3224 5315 inquiunt,
3266 5245 3512 5315 oportet,
3542 5243 3604 5293 ut

1953 5352 2060 5388 nos
2117 5339 2280 5389 extra
2311 5333 2627 5388 Ecclesiam
2668 5338 2724 5387 et
2753 5333 3029 5387 adversus
3063 5333 3376 5388 Ecclesiam
3420 5330 3601 5384 fuisse

1954 5424 2250 5495 pmnilcut,
2309 5429 2369 5477 ut
2402 5422 2540 5477 salvi
2595 5438 2723 5476 esse
2770 5422 3089 5492 possimus,
3135 5419 3427 5492 quomodo
3470 5421 3605 5487 post

1952 5512 2128 5567 istam
2162 5512 2577 5585 paenitentiam
2614 5510 2765 5579 apud
2801 5528 2901 5565 vos
2934 5509 3126 5565 clerici
3158 5508 3247 5563 vel
3280 5506 3451 5562 etiam
3477 5504 3598 5577 epi-

1954 5604 2111 5674 scopi
2172 5617 2587 5674 permanemus
2642 5600 2669 5653 ‘I
2725 5603 2845 5656 Hoc
2905 5617 3016 5655 non
3075 5600 3287 5672 tierent]
3317 5596 3595 5670 quoniam
