3972 6056
361 271 467 326 527

1451 269 1516 318 D.
1558 261 1797 316 IVONIS
1832 257 2324 312 CARNOTENSIS
2361 258 2679 313 EPISCOPI

3663 256 3778 309 528

360 409 560 449 revera
616 391 794 463 (quod
852 389 1152 445 fatendum
1235 387 1345 459 est)
1405 385 1528 442 ﬁeri
1577 400 1693 439 non
1751 381 2009 444 deberet,
2040 380 2093 445 Α
2123 378 2462 436 schismatis
2493 381 2676 436 fuisse
2707 379 3140 436 manisfestatus
3172 383 3281 448 est,
3304 386 3542 436 caeteros
3575 396 3778 436 corre-

366 483 477 538 nisi
520 481 681 552 pacis
735 479 924 550 ipsius
983 476 1460 548 compensatione
1518 476 1843 529 sanaretur.
1897 468 2007 526 Sed

365 571 477 625 sibi
513 571 621 624 hoc
654 569 853 623 dicant
874 571 929 621 et
955 565 1134 620 multo
1166 564 1419 618 maxime
1444 561 1748 617 humiliter
1778 556 2013 613 doleant

368 653 465 722 qui
487 651 723 704 intanta
739 653 925 702 morte
943 644 1534 717 praecisionisjacent,
1556 647 1616 696 ut
1633 642 1740 695 isto
1756 638 2011 710 quodam

366 739 603 794 vulnere
631 736 838 792 matris
866 733 1161 788 catholicae
1188 733 1493 787 reviscant.
1527 734 1669 784 Cum
1695 728 1849 784 enim
1871 744 2013 798 pra:-

369 829 526 884 cisus
577 841 776 880 ramus
808 823 1105 887 inseritur,
1141 821 1204 874 lit
1253 820 1408 874 aliud
1442 819 1654 874 vulnus
1695 817 1754 872 in
1787 815 2012 880 arbore,

369 931 484 987 quo
515 912 701 984 possit
730 909 904 980 recipi
939 913 1001 962 ut
1029 908 1203 975 vivat,
1229 910 1327 979 qui
1362 907 1489 963 sine
1513 908 1630 962 vita
1647 905 1860 960 radicis
1884 919 2017 974 per-

369 1004 506 1058 ibat.
533 1001 640 1055 Sed
667 1014 800 1053 cum
826 1001 1092 1068 receptus
1115 996 1416 1066 recipienti
1440 993 1744 1058 coaluerit,
1772 997 1828 1048 et
1855 991 2020 1062 vigor

369 1088 751 1158 consequitur
780 1090 836 1140 et
867 1087 1092 1140 fructus
1119 1102 1132 1139 :
1160 1085 1425 1140 siautem
1452 1101 1564 1138 non
1589 1081 1892 1146 coaluerit,
1925 1079 2021 1134 ille

369 1177 607 1244 quidem
657 1175 888 1241 arescit,
923 1174 1024 1229 sed
1070 1173 1189 1228 vita
1220 1171 1446 1228 arboris
1494 1169 1874 1242 permanebit.
1923 1169 2024 1222 Est

373 1265 531 1320 enim
564 1268 620 1320 et
667 1263 782 1318 tale
815 1262 1110 1317 inserendi
1144 1278 1352 1334 genus,
1389 1260 1548 1316 nullo
1584 1259 1820 1330 praeciso
1860 1273 2022 1312 ramo

373 1355 474 1426 qui
506 1353 666 1408 intus
698 1356 807 1417 est,
832 1350 930 1405 ille
957 1350 1054 1422 qui
1078 1350 1219 1405 foris
1246 1358 1331 1406 est
1353 1349 1667 1416 inseratur,
1690 1365 1805 1402 non
1831 1352 2022 1400 tamen

377 1443 560 1509 nullo,
595 1442 696 1497 sed
727 1439 814 1496 vel
835 1439 1134 1494 levissimo
1158 1439 1383 1493 arboris
1407 1438 1662 1492 vulnere.
1700 1436 1784 1490 Ita
1804 1451 1940 1505 ergo
1971 1439 2028 1489 et

373 1531 471 1588 isti
520 1547 654 1585 cum
686 1529 757 1584 ad
789 1527 1046 1584 radicem
1093 1526 1442 1581 catholicam
1494 1526 1755 1590 veniunt,
1796 1540 1901 1579 nec
1943 1522 2026 1578 eis

375 1618 646 1692 quamvis
669 1621 795 1689 post
811 1616 1024 1672 erroris
1045 1615 1136 1670 sui
1153 1614 1556 1686 paenitentiam
1581 1614 1766 1668 honor
1795 1611 2030 1667 clerica-

375 1717 494 1775 tus,
529 1713 634 1764 aut
662 1706 1038 1778 episcopatus
1080 1705 1379 1769 aufertur;
1415 1703 1479 1758 fit
1526 1701 1765 1774 quidem
1807 1699 2027 1771 aliquid

2121 470 2502 535 ctos,etiamsi
2527 473 2689 524 extra
2710 467 3029 523 Ecclesiam
3052 467 3304 523 ordinati
3327 473 3545 538 essent,
3561 469 3619 523 in
3644 469 3778 524 suis

2121 557 2442 612 honoribus
2473 557 2882 628 suscipiendos
2914 572 3042 611 esse
3073 562 3450 622 censuerunt,
3488 574 3603 611 non
3657 574 3777 628 quo

2122 646 2296 702 etiam
2329 647 2469 702 foris
2500 647 2572 701 ab
2601 646 2826 700 unitate
2855 645 3116 716 corporis
3148 645 3359 701 Christi
3395 651 3637 718 possent
3665 647 3783 701 ha-

2124 736 2260 790 bere
2289 735 2572 806 Spiritum
2604 739 2900 802 sanctum,
2932 734 3033 789 sed
3068 734 3322 788 maxime
3376 739 3616 806 propter
3674 751 3781 792 eos

2125 840 2274 895 quos
2307 825 2448 880 foris
2481 824 2651 895 positi
2679 828 2920 895 possent
2951 821 3236 894 decipere,
3260 827 3316 878 et
3338 841 3372 879 a
3395 824 3778 895 susceptione

2127 920 2290 976 illius
2320 921 2581 978 muneris
2608 921 2930 993 impedire;
2965 921 3177 975 deinde
3209 925 3272 974 ut
3302 921 3478 975 etiam
3513 922 3780 992 ipsorum

2127 1011 2448 1065 inﬁrmitas
2479 1010 2671 1066 lenius
2695 1015 2932 1081 excepta
2959 1009 3120 1065 intus
3151 1009 3436 1065 sanabilis
3457 1010 3784 1079 ﬁeret,jam

2131 1097 2294 1153 nulla
2325 1099 2645 1170 pertinacia
2674 1098 2980 1154 claudente
3011 1098 3210 1153 oculos
3261 1099 3475 1165 cordis,
3504 1097 3788 1154 adversus

2131 1187 2480 1242 evidentiam
2513 1188 2796 1244 veritatis.

2133 1294 2265 1350 CAP.
2299 1296 2422 1348 388.
2456 1325 2524 1335 —
2557 1300 2635 1350 De
2660 1293 2986 1364 praejudicio
3014 1292 3254 1348 vitando.
3289 1294 3435 1348 Idem
3464 1295 3522 1349 in
3552 1295 3792 1364 epistola

2204 1366 2272 1420 ad
2301 1369 2532 1433 clerum,
2560 1371 2613 1420 et
2657 1367 2974 1420 universam
3014 1365 3226 1435 plebem
3269 1365 3527 1421 Ecclesiae
3575 1367 3789 1438 Hippo-

2205 1441 2393 1492 nensis
2424 1439 2601 1508 (epist.
2639 1438 2780 1508 137).

2210 1536 2280 1603 (2,
2313 1551 2366 1604 q.
2413 1536 2463 1588 1.
2515 1535 2723 1590 Nomen
2770 1533 3126 1605 presbyteri.)
3175 1535 3396 1590 Nomen
3455 1535 3788 1607 presbyteri

2140 1627 2445 1694 propterea
2460 1639 2572 1679 non
2591 1640 2773 1679 ausus
2787 1640 2919 1678 sum
2935 1623 3005 1678 de
3021 1640 3266 1679 numero
3281 1623 3636 1695 collegarum
3657 1626 3792 1694 ejus

2141 1712 2226 1767 vel
2259 1712 2625 1783 supprimere
2645 1711 2732 1767 vel
2764 1711 2976 1780 delere,
3010 1729 3082 1767 ne
3113 1713 3321 1767 divinae
3355 1713 3654 1785 potestati,
3677 1713 3791 1768 sub

461 1763 494 1775 κ,
554 1763 557 1764 ν
697 1763 715 1778 .
865 1763 882 1777 .
1367 1763 1376 1769 .
1542 1763 1561 1774 .
1903 1763 1921 1771 -
2152 1763 2226 1767 --—
2260 1763 2621 1783 --πη--ηη
3012 1763 3078 1767 --τ
3118 1763 3318 1767 -η---η
3355 1763 3787 1785 τμη-πμ*-

381 1803 661 1867 tanquam
687 1795 745 1849 in
770 1794 984 1849 cortice
1009 1791 1231 1848 arboris
1255 1791 1707 1856 matris,contra
1727 1788 2030 1860 integrita-
2059 1763 2105 1828 Β
2137 1802 2306 1870 cujus
2337 1801 2602 1855 examine
2634 1817 2813 1855 causa
2843 1801 3033 1855 adhuc
3057 1801 3291 1872 pendet,
3325 1802 3515 1857 facere
3558 1801 3792 1857 videre;-

382 1892 498 1941 tern
527 1883 855 1940 severitatis
880 1899 893 1937 :
929 1886 1331 1936 verumtamen
1347 1880 1671 1952 quianeque
1695 1881 1792 1950 qui
1809 1879 2028 1949 plantat

377 1983 453 2028 cst
483 1972 718 2044 aliquid,
749 1986 922 2041 neque
944 1973 1040 2040 qui
1069 1971 1216 2036 rigat
1236 1971 1281 2039 (I
1307 1970 1426 2024 Cor.
1447 1969 1555 2039 ιιι),
1584 1969 1655 2022 ad
1680 1967 1776 2022 Dei
1796 1964 2026 2020 miseri-

383 2062 640 2116 cordiam
675 2061 945 2131 precibus
981 2057 1126 2112 fusis
1159 2056 1522 2112 coalescente
1554 2057 1866 2110 insitorum
1889 2070 2030 2126 pace

381 2164 681 2204 ramorum
710 2167 724 2216 ;
749 2147 993 2202 charilas
1014 2148 1250 2218 cooperit
1272 2145 1664 2201 mutitudinem
1683 2149 2032 2215 peccatorum

381 2237 425 2308 (I
451 2243 599 2292 Petr.
631 2237 731 2306 Iv).

377 2344 510 2398 CAP.
553 2343 681 2396 356.
738 2371 809 2382 —-
859 2340 968 2395 Cur
1003 2341 1221 2411 publice
1275 2342 1598 2411 paznitentcs
1648 2355 1755 2394 non
1804 2340 1915 2394 sint
1969 2339 2027 2392 in

616 2414 906 2468 clericatu.
942 2415 1077 2467 Item
1097 2413 1296 2467 ibidem
1327 2413 1787 2482 (consequenter).

445 2523 602 2589 (Dist.
653 2521 743 2586 50,
777 2535 826 2573 c.
881 2520 943 2576 Ut
972 2519 1439 2589 constitueretur.)
1491 2517 1563 2572 Ut
1610 2517 1766 2571 enim
1809 2516 2028 2571 consti-

377 2614 638 2666 tueretur
677 2608 736 2662 in
760 2607 1020 2664 Ecclesia
1042 2624 1113 2662 ne
1135 2607 1449 2678 quisquam
1487 2609 1621 2677 post
1645 2605 1895 2674 alicujus
1915 2603 2028 2659 cri-

377 2699 520 2753 mini
556 2697 915 2770 poenitentia
936 2696 1274 2752 clericatum
1300 2695 1569 2765 accipiat,
1589 2694 1677 2750 vel
1710 2695 1780 2749 ad
1801 2693 2032 2748 clerica-

380 2794 505 2842 tum
531 2789 747 2853 redeat,
778 2785 866 2840 vel
901 2785 958 2840 in
983 2785 1256 2840 clericatu
1293 2788 1654 2854 permaneat,
1687 2801 1798 2838 non
1825 2783 2031 2853 despe-

384 2873 1138 2943 rationeindulgentiaa,sed
1162 2873 1352 2943 rigore
1366 2873 1585 2927 factum
1609 2877 1699 2927 est
1721 2871 2029 2941 diciplinaa.

383 2962 654 3032 Alioquin
691 2968 892 3017 contra
923 2962 1115 3017 claves
1136 2963 1304 3016 datas
1338 2960 1604 3016 Ecclesiae
1635 2960 2034 3031 disputabitur

385 3052 458 3106 de
480 3051 696 3122 quibus
709 3051 930 3106 dictum
955 3054 1043 3106 est
1067 3069 1078 3106 :
1105 3051 1236 3113 Quae
1260 3049 1548 3104 solveritis
1571 3049 1628 3103 in
1646 3054 1817 3113 terra,
1841 3048 2034 3103 soluta

2137 1889 2438 1960 injuriam,
2467 1891 2514 1944 si
2533 1889 3004 1959 illiusjudicium
3047 1906 3175 1944 meo
3189 1890 3630 1961 vellemjudicio
3648 1907 3792 1961 prte-

2138 1979 2353 2034 venire.
2389 1979 2549 2042 Quod
2583 1995 2688 2034 nec
2720 1979 2778 2032 in
2830 1979 3078 2049 negotiis
3127 1979 3510 2033 szecularibus
3551 1979 3791 2048 judices

2140 2067 2379 2136 faciunt,
2414 2072 2648 2136 quando
2675 2084 2862 2122 causae
2891 2068 3176 2122 dubitatio
3208 2069 3278 2122 ad
3313 2070 3592 2139 majorem
3622 2073 3791 2139 pote-

2141 2159 2351 2209 statem
2387 2154 2652 2220 refertur,
2683 2160 2748 2208 ut
2781 2155 3069 2224 pendente
3102 2155 3380 2209 relatione
3431 2153 3651 2224 aliquid
3685 2170 3795 2208 au-

2139 2243 2315 2298 deant
2346 2247 2804 2297 commutareJﬂt
2827 2243 2883 2296 in
2915 2243 3321 2314 episcoporum
3347 2243 3590 2297 concilio
3613 2258 3790 2297 cons-

2142 2331 2382 2386 titutum
2414 2335 2523 2400 est,
2558 2330 2784 2386 nullum
2818 2330 3094 2387 clericum
3129 2331 3228 2402 qui
3262 2334 3522 2386 nondum
3554 2333 3796 2385 convic-

2139 2424 2236 2475 tus
2263 2419 2341 2474 sit
2365 2419 2698 2490 suspendia
2721 2419 3132 2475 communione
3163 2421 3392 2484 debere,
3414 2420 3526 2474 nisi
3548 2420 3618 2473 ad
3640 2436 3787 2474 cau-

2141 2525 2264 2563 sam
2297 2525 2465 2563 suam
2501 2508 2954 2563 examinandam
2988 2525 3051 2564 se
3086 2525 3196 2564 non
3233 2507 3688 2580 praesentaverit.

2139 2616 2274 2670 CAP.
2306 2616 2426 2669 389.
2463 2646 2543 2688 -ί
2565 2617 2636 2671 De
2653 2632 2820 2670 onere
2837 2615 3190 2688 presbyterii.
3216 2616 3562 2688 Augustimus
3583 2615 3640 2669 in
3664 2617 3786 2687 epi-

2307 2688 2445 2742 stola
2477 2687 2546 2741 ad
2583 2690 2870 2742 Valerium
2899 2687 3209 2758 episcopum
3241 2689 3420 2758 (epist.
3453 2687 3599 2755 448).

2211 2785 2368 2855 (Dist.
2404 2786 2492 2852 40,
2521 2786 2722 2840 c.Ante
2751 2786 2981 2855 omnia.)
3023 2785 3270 2840 Domino
3329 2785 3672 2840 beatissimo
3729 2790 3790 2840 et

2139 2873 2456 2927 venerabili
2490 2879 2546 2928 et
2571 2874 2625 2926 in
2647 2879 2960 2943 conspectu
2988 2873 3217 2928 Domini
3239 2874 3542 2928 sinceriter
3563 2873 3792 2928 charis-

2141 2961 2287 3016 simo
2311 2962 2458 3032 patri
2482 2961 2707 3017 Valerio
2735 2961 3100 3032 Augustinus
3129 2963 3432 3033 presbyter
3452 2962 3508 3014 in
3541 2960 3792 3016 Domino

2142 3050 2413 3105 salutem.
2445 3053 2591 3105 Ante
2622 3051 2819 3105 omnia
2851 3056 2978 3121 pete
3011 3054 3076 3105 ut
3104 3051 3317 3121 cogitet
3348 3050 3615 3119 religiosa
3647 3067 3794 3121 pru-

385 3145 558 3195 erunt
589 3139 645 3193 in
678 3137 821 3194 caelo
853 3139 1037 3207 (Matii.
1073 3142 1210 3206 xxx).
1245 3139 1356 3193 Sed
1391 3154 1462 3192 ne
1487 3138 1730 3193 forsitan
1764 3137 1940 3192 etiam
1973 3141 2041 3193 de
2070 3122 2112 3189 Ο
2147 3139 2346 3193 dentia
2375 3145 2476 3193 tua
2507 3139 2652 3193 nihil
2687 3155 2814 3194 esse
2848 3141 2904 3194 in
2943 3139 3049 3195 hac
3081 3139 3221 3206 vita,
3255 3144 3310 3194 et
3365 3139 3615 3192 maxime
3677 3138 3793 3193 hoc

385 3227 607 3282 caeteris
653 3227 1000 3283 criminibus
1032 3243 1135 3297 spe
1179 3227 1420 3282 honoris
1459 3225 1864 3294 ecclesiastici,
1904 3225 2034 3281 ani-

385 3333 518 3372 mus
533 3317 933 3372 intumescens
956 3316 1414 3388 superbeageret
1428 3315 1851 3386 paenitentiam,
1872 3331 2033 3370 seve-

385 3405 614 3462 rissime
639 3405 855 3476 placuit
887 3410 948 3460 ut
980 3409 1114 3476 post
1132 3410 1322 3459 actam
1347 3405 1416 3460 de
1439 3405 1683 3459 crimine
1711 3404 2034 3459 damnabili

386 3495 787 3564 paenitentiam
813 3510 983 3548 nemo
997 3493 1074 3548 sit
1093 3493 1362 3561 clericus,
1388 3493 1865 3564 utdesperatione
1888 3498 2033 3548 tem-

387 3582 601 3652 poralis
659 3582 992 3639 altitudinis
1026 3582 1319 3638 medicina
1351 3585 1538 3654 major
1568 3587 1624 3637 et
1653 3583 1842 3638 verior
1879 3587 2035 3638 esset

385 3671 753 3728 humilitatis.
820 3673 963 3730 Nam
1047 3677 1288 3728 sanctus
1332 3673 1507 3727 David
1567 3673 1638 3726 de
1686 3672 2035 3728 criminibus

388 3760 699 3816 mortiferis
721 3762 840 3832 egit
863 3761 1286 3834 pcenitentiam,
1311 3768 1365 3816 et
1390 3766 1586 3815 tamen
1607 3761 1664 3814 in
1688 3760 1905 3816 honore
1927 3778 2033 3816 suo

386 3850 659 3920 perstitit.
710 3852 775 3906 Et
805 3851 1044 3906 beatum
1076 3852 1309 3906 Petrum
1343 3850 1577 3922 quando
1629 3851 2033 3906 amarissimas

384 3937 673 4011 lacrymas
706 3940 1087 4010 fudit,utique
1119 3939 1432 3994 Dominum
1463 3956 1707 4011 negasse
1739 3940 2031 4010 pcenituit,

385 4033 654 4085 attamen
670 4029 973 4100 apostolus
1007 4027 1244 4083 mansit.
1263 4028 1373 4083 Sed
1391 4045 1504 4083 non
1520 4027 1647 4084 ideo
1671 4047 2034 4101 supervacua

386 4119 646 4187 putanda
690 4123 780 4173 est
809 4118 1201 4189 posteriorum
1235 4115 1556 4188 diligentia,
1592 4119 1688 4188 qui
1725 4119 1822 4174 ubi
1856 4121 2032 4176 saluti

384 4205 529 4260 nihil
553 4206 914 4272 detrahetur,
940 4205 1259 4260 humilitati
1280 4205 1497 4276 aliquid
1515 4207 1889 4277 addiderunt,
1918 4229 2031 4282 quo

382 4295 544 4350 salus
600 4297 785 4350 tutius
835 4295 1186 4360 muniretur,
1217 4294 1434 4366 experti
1478 4297 1652 4352 credo
1697 4297 2028 4368 aliquorum

380 4385 544 4438 (ictas
592 4383 988 4454 paenitentiae,
1024 4400 1128 4455 per
1158 4384 1458 4439 atfectatas
1503 4385 1789 4442 honorum
1825 4394 2030 4459 poten-

2143 3232 2426 3298 tempore,
2464 3227 2695 3282 facilius
2727 3233 2784 3282 et
2816 3227 3020 3296 levius,
3055 3231 3111 3282 ct
3142 3227 3486 3281 hominibus
3518 3233 3789 3297 accepta-

2143 3316 2322 3371 bilius
2348 3317 2628 3388 episcopi,
2665 3322 2764 3371 aut
2795 3316 3136 3388 presbyteri,
3167 3323 3269 3371 aut
3299 3316 3552 3380 diaconi,
3576 3315 3795 3377 cilicio,

2144 3405 2193 3461 si
2238 3405 2630 3477 perfunctorie
2675 3411 2851 3476 atque
2893 3405 3219 3461 adulatorie
3277 3422 3370 3460 res
3420 3410 3648 3475 agatur,
3683 3406 3790 3459 sed

2144 3494 2288 3549 nihil
2308 3495 2463 3566 apud
2479 3495 2660 3550 Deum
2685 3494 2955 3549 miserius
2978 3499 3034 3550 et
3056 3494 3284 3548 tristius
3298 3492 3790 3548 etdamnabilius.

2145 3583 2288 3638 ltem
2323 3583 2468 3637 nihil
2499 3599 2628 3638 esse
2659 3583 2715 3638 in
2749 3583 2854 3638 hac
2875 3583 3011 3648 vita,
3035 3587 3092 3636 et
3116 3581 3365 3637 maxime
3387 3581 3495 3636 hoc
3518 3586 3789 3652 tempore

2143 3671 2464 3742 diﬂicilius,
2515 3671 2890 3738 laboriosius,
2925 3671 3310 3743 periculosius
3363 3669 3639 3742 episcopi,
3681 3675 3789 3725 aut

2143 3763 2484 3833 presbyteri,
2509 3768 2609 3816 aut
2631 3761 2858 3816 diaconi
2883 3761 3097 3827 ofﬁcio,
3121 3761 3220 3815 sed
3247 3760 3398 3830 apud
3425 3759 3606 3814 Deum
3639 3759 3789 3814 nihil

2143 3849 2390 3918 beatius,
2425 3850 2473 3904 si
2505 3866 2570 3906 eo
2605 3851 2774 3904 modo
2808 3850 3093 3904 militetur
3111 3865 3224 3920 quo
3247 3854 3444 3903 noster
3469 3847 3793 3918 imperator

2135 3939 2326 4008 jubet.
2362 3939 2500 4002 Quis
2523 3944 2716 3992 autem
2744 3939 2849 3994 iste
2875 3940 2951 3993 sit
2974 3939 3184 3993 modus
3210 3954 3312 3991 nec
3334 3955 3365 3991 a
3387 3937 3655 4008 pueritia,
3680 3953 3792 3990 nec

2141 4028 2212 4082 ab
2227 4027 2617 4082 adolescentia
2634 4027 3050 4082 meadidici.Et
3066 4043 3132 4082 eo
3156 4033 3410 4096 tempore
3426 4042 3540 4096 quo
3560 4026 3792 4080 discere

2142 4133 2452 4187 coeperam,
2480 4116 2566 4171 vis
2600 4115 2741 4170 mihi
2795 4117 2946 4170 facta
2994 4120 3101 4185 est,
3153 4115 3357 4170 merito
3403 4119 3784 4186 peccatorum

2143 4221 2429 4259 meorum.
2463 4205 2608 4258 Nam
2643 4205 2785 4274 quid
2848 4204 3005 4259 aliud
3067 4203 3397 4258 existimem
3461 4203 3677 4270 nescio,
3727 4209 3795 4257 ut

2138 4293 2433 4348 secundus
2463 4291 2626 4348 locus
2654 4293 3190 4364 gubernaculorum
3243 4292 3386 4348 mihi
3435 4292 3791 4362 traderetur,

2140 4381 2235 4451 qui
2272 4397 2496 4435 remum
2531 4386 2725 4436 tenere
2758 4397 2871 4434 non
2905 4398 3206 4436 noveram.

381 4471 514 4525 tias.
540 4472 770 4543 Cogunt
801 4472 957 4528 enim
985 4472 1202 4528 multas
1226 4473 1484 4528 invenire
1509 4476 1852 4544 medicinas,
1881 4479 2022 4532 mul-

2168 4490 2268 4542 iAP.
2301 4489 2428 4541 390.
2469 4517 2535 4527 —-
2557 4489 2631 4542 De
2664 4487 2988 4543 inordinata
3007 4503 3228 4542 accessu
3250 4487 3788 4541 sanctimonialium.

380 4565 572 4613 torum
590 4561 992 4632 experimenta
1012 4562 1370 4617 morborum.
1391 4563 1596 4618 Verum
1613 4565 1667 4618 in
1686 4565 2028 4636 hujusmodi

379 4648 594 4712 causis,
622 4648 722 4702 ubi
757 4667 857 4719 per
887 4665 1094 4722 graves
1116 4651 1548 4706 dissentionum
1576 4655 1885 4721 scissuras,
1912 4674 2026 4711 non

379 4735 557 4806 hujus
580 4741 681 4790 aut
701 4737 863 4793 illius
888 4738 1144 4793 hominis
1169 4745 1258 4792 est
1282 4739 1630 4809 periculum,
1655 4743 1753 4795 sed
1780 4733 2026 4814 populo-

379 4840 509 4878 rum
534 4827 992 4895 stragesjacent,
1018 4827 1444 4882 detrahendum
1469 4832 1557 4882 cst
1578 4828 1798 4900 aliquid
1819 4835 2027 4888 severi-

378 4913 506 4980 tati,
541 4918 605 4967 ut
645 4915 966 4984 majoribus
999 4915 1170 4969 malis
1201 4915 1483 4970 sanandis
1517 4917 1770 4975 Charitas
1801 4921 2025 4980 sincere

380 5001 710 5056 subveniat.

375 5110 505 5162 CAP.
554 5109 678 5161 387.
739 5138 807 5148 ρ-
869 5109 975 5163 Cur
1025 5112 1333 5167 Donatista:
1387 5115 1621 5168 correcti
1696 5118 2022 5177 ministrare

656 5180 912 5250 permissi
939 5183 1067 5236 sint.
1101 5183 1302 5238 Ibidem
1336 5186 1520 5255 (paulo
1548 5187 1713 5256 post).

441 5285 557 5340 Hoc
580 5302 717 5358 erga
748 5286 891 5342 istos
926 5287 996 5342 ab
1032 5287 1195 5342 initio
1229 5291 1479 5346 servavit
1509 5294 1780 5350 Africana
1811 5297 2013 5353 catho-

369 5371 479 5427 lica
509 5390 575 5428 ex
606 5374 1018 5447 episcoporum
1047 5378 1356 5444 sententia,
1393 5381 1491 5449 qui
1527 5381 1583 5434 in
1617 5381 1872 5440 Ecclesia
1905 5387 2013 5442 Ro-

373 5479 544 5518 mana
567 5465 718 5520 inter
746 5464 1118 5523 Caecilianum
1152 5471 1208 5522 et
1228 5471 1453 5538 partem
1485 5469 2008 5542 Donatijudicave-

371 5555 526 5618 runt,
563 5554 956 5626 damnatoque
985 5573 1098 5612 uno
1139 5558 1391 5628 quodam
1426 5563 1646 5617 Donato
1679 5566 1776 5634 qui
1810 5572 2012 5623 auctor

2208 4558 2548 4627 Augustinus
2582 4559 2638 4613 in
2671 4561 2905 4630 epistola
2937 4563 3020 4614 ad
3051 4559 3342 4613 Eusebium
3383 4558 3562 4629 (epist.
3595 4558 3709 4628 69).

2207 4667 2318 4736 (2/1,
2354 4682 2404 4735 q.
2442 4667 2491 4720 1.
2540 4665 2961 4735 Subdiaconus.)
3021 4663 3426 4718 Subdiaconus
3483 4664 3789 4734 quondam

2135 4752 2480 4824 Spaniensis
2512 4753 2801 4817 Ecclesiae,
2837 4751 3117 4807 vocabulo
3141 4751 3396 4818 Primus,
3430 4767 3564 4806 eum
3590 4750 3661 4804 ab
3682 4767 3784 4805 ac-

2135 4858 2302 4897 cessu
2328 4842 2766 4913 indisciplinato
2782 4839 3322 4896 sanctimonialium
3340 4838 3784 4910 prohiberetur,

2133 4937 2306 5002 atque
2337 4931 2604 4986 ordinata
2619 4937 2673 4985 et
2694 4947 2838 4984 sana
2860 4934 3145 5001 praecepta
3170 4933 3584 4995 contemneret,
3609 4945 3644 4982 a
3666 4927 3784 4984 cle-

2133 5021 2313 5076 ricatu
2349 5026 2610 5074 remotus
2641 5024 2748 5074 est.

2130 5128 2263 5182 CAP.
2297 5127 2420 5182 391.
2457 5157 2524 5166 —-
2558 5127 2618 5181 Ut
2649 5123 2928 5180 transiens
2958 5124 3025 5178 ab
3047 5123 3318 5178 haereticis
3348 5123 3405 5178 in
3467 5123 3782 5178 humilitate

2198 5198 2538 5270 paeniteuliw
2568 5197 2890 5267 recipiatur.
2924 5196 3072 5251 Idem
3107 5199 3164 5249 in
3195 5196 3382 5250 eadem
3413 5195 3670 5265 cpistola.

2197 5305 2484 5375 (Pr‘oxime
2509 5304 2678 5374 post.)
2737 5303 2872 5371 Ego,
2930 5302 2980 5356 si
3023 5302 3272 5357 Domino
3324 5301 3536 5373 placet,
3589 5301 3776 5356 istum

2125 5395 2362 5448 modum
2398 5409 2586 5458 servo,
2620 5398 2683 5447 ut
2711 5391 2982 5464 quisquis
3013 5393 3166 5461 apud
3203 5407 3302 5446 eos
3336 5396 3572 5460 propter
3593 5391 3780 5446 disci-

2124 5483 2344 5553 plinam
2377 5482 2728 5552 degradatus
2760 5482 2830 5536 ad
2854 5480 3203 5536 catholicam
3223 5479 3477 5535 transire
3499 5477 3782 5550 voluerit,

2119 5573 2176 5627 in
2238 5569 2644 5628 humiliatione
2702 5569 3060 5642 poenitentia:
3131 5569 3472 5640 recipiatur,
3529 5584 3646 5641 quo
3723 5574 3784 5625 et
