3972 6056
183 288 292 340 5‘29

1248 293 1557 346 DECRETI
1596 291 1782 344 PARS
1822 291 1915 342 Vl.
1957 319 2024 327 —
2062 290 2154 341 DE
2193 291 2534 345 CLERICIS.

3488 292 3596 346 530

180 411 294 484 ipsi
342 425 476 464 eum
528 409 771 465 forsitan
823 415 1115 482 cogerent,
1149 413 1198 468 si
1247 415 1401 485 apud
1452 430 1550 469 eos
1601 427 1836 468 manere
1867 417 1920 484 Α
1953 412 2342 482 reparandum
2379 412 2607 483 antiqui
2641 412 2880 469 honoris
2909 413 3178 484 [ordinis,
3202 415 3412 484 orig.et
3441 416 3594 489 vicl.]

177 501 486 556 voluisset.

181 591 314 645 CAP.
348 591 473 663 392.
509 622 572 628 —
595 591 673 663 Ut
704 591 934 660 quisque
968 590 1206 646 alterius
1227 593 1504 663 Judinium
1550 593 1834 660 suscipiat,

253 662 393 734 quod
423 664 537 730 ipse
569 662 635 714 (te
667 665 778 715 alio
801 665 1058 732 judicare
1089 662 1236 717 velit.
1263 666 1488 734 August.
1519 663 1578 716 in
1609 665 1839 732 epistola

253 733 323 786 ait
353 735 701 787 Pascentium
728 736 984 787 comitem
1019 733 1547 806 African-um(epist.
1589 735 1729 800 174).

251 821 362 892 (32,
396 838 448 891 q.
483 822 536 887 6,
570 838 614 875 c.
653 822 904 891 Iniquum
926 828 1045 890 est.)
1073 824 1342 893 Iniquum
1376 830 1465 878 est
1495 828 1560 877 ut
1590 823 1839 894 quisque

173 905 444 976 judicare
477 907 547 960 de
581 906 694 961 alio
729 908 884 975 velit,
919 913 973 961 et
996 909 1250 977 judicari
1283 910 1352 963 de
1385 925 1444 962 se
1478 907 1641 962 nolit.

186 1006 316 1061 CAP.
349 1006 473 1059 393.
506 1037 574 1045 —
606 1012 688 1062 Ne
732 1007 918 1062 clerici
965 1007 1264 1061 saecularia
1317 1009 1537 1077 negotia.
1587 1009 1837 1061 tractent.

259 1079 504 1147 Epistola
546 1078 814 1148 Cypriani
842 1079 910 1132 ad
939 1081 1280 1149 presbyteros
1327 1088 1375 1134 et
1421 1079 1694 1141 diaconos,
1725 1079 1842 1147 ple-

261 1150 485 1219 bemque
516 1151 846 1204 Fumensem
880 1150 1059 1220 (epist.
1083 1152 1136 1219 9,
1175 1149 1273 1204 lib.
1301 1167 1337 1219 ι,
1372 1150 1514 1204 alias
1545 1151 1701 1220 epist.
1725 1149 1838 1218 66).

259 1238 373 1307 (2t,
401 1254 453 1308 q.
486 1237 538 1304 3,
573 1255 620 1293 c.
665 1238 1027 1310 Cyprianus.)
1083 1239 1407 1311 Cyprianus
1463 1239 1841 1310 presbyteris,

183 1330 240 1380 et
271 1326 636 1392 diaconibus,
671 1331 727 1381 et
759 1326 912 1398 plebi
945 1328 1154 1382 Furnis
1187 1327 1648 1382 consistentibus
1680 1326 1840 1381 salu-

183 1415 704 1487 tem.Jampridem
739 1415 983 1470 concilio
1014 1416 1422 1487 episcoporum
1449 1420 1732 1470 statutum
1753 1421 1842 1470 est

183 1521 254 1558 ne
297 1505 428 1574 quis
460 1505 530 1560 de
561 1504 788 1560 clericis
837 1511 894 1560 et
942 1505 1039 1560 Dei
1095 1505 1380 1561 ministris
1441 1509 1692 1560 tutorem
1753 1490 1837 1559 vel

179 1599 512 1648 curatorem
545 1598 892 1649 testamento
935 1611 1040 1648 suo
1062 1595 1448 1649 nominaverit
1480 1594 1840 1662 (constituat,

182 1683 389 1754 orig.];
416 1683 696 1752 quoniam
721 1683 939 1754 singuli
965 1684 1158 1738 divino
1193 1684 1515 1738 sacerdotio
1547 1682 1839 1751 honorati,

1947 501 2245 556 meritum.
2281 501 2410 555 Haec
2460 501 2766 556 diversitas
2809 503 2917 556 hoc
2969 504 3140 557 modo
3190 504 3592 576 distinguitur.

1948 589 2085 644 Illos
2130 589 2285 644 enim
2321 591 2389 644 ad
2427 591 2706 661 pristinos
2738 591 2910 645 officii
2941 593 3156 662 gradus
3191 593 3375 646 redire
3407 611 3591 648 canon

1949 677 2238 748 praecepit,
2273 694 2421 748 quos
2456 679 2799 748 [annitentiaa
2845 681 3138 750 prmcessit
3187 681 3509 736 satisfactio
3543 693 3598 740 et

1949 767 2127 834 digna
2161 773 2526 837 peccatorum
2562 768 3181 823 confcssio.Atcontra
3215 770 3270 823 hi
3307 771 3404 841 qui
3440 787 3542 824 nec
3567 789 3598 824 at

1947 855 2091 909 vitio
2113 856 2501 926 corruptionis
2527 856 3599 929 [correpti,orig.]emendantur,atq::o

1951 944 2057 998 hoc
2091 944 2283 1015 ipsum
2315 944 2546 999 carnale
2577 944 2852 1000 delictum
2885 947 3035 1016 quod
3071 947 3388 1001 admittunt
3418 949 3601 1001 vindi-

1951 1049 2083 1088 care
2105 1034 2358 1104 quadam
2383 1034 2792 1104 superstitiosa
2823 1035 3149 1090 temeritate
3182 1036 3475 1100 nituntur,
3498 1053 3599 1090 nec

1953 1123 2201 1192 gradum
2236 1122 2436 1193 utique
2467 1122 2727 1189 honoris,
2749 1139 2853 1178 nec
2883 1122 3131 1193 gratiam
3165 1124 3599 1178 communionis

1953 1210 2266 1282 accipiunt.
2291 1216 2432 1281 Ergo
2460 1211 2538 1264 ita
2561 1219 2648 1266 est
2666 1218 2913 1280 utraque
2936 1212 3264 1266 dirimenda
3285 1212 3596 1278 sententia,

1953 1303 2017 1351 ut
2049 1315 2283 1353 necesse
2315 1299 2388 1353 sit
2419 1298 2550 1354 illos
2601 1299 2914 1353 restaurari
2949 1299 3007 1353 in
3039 1299 3162 1354 loco
3207 1299 3462 1364 honoris,
3497 1299 3598 1371 qui

1953 1387 2462 1456 perpmnilentiam
2482 1387 3366 1442 merueruntreconciliationem
3391 1389 3597 1442 divinas

1953 1474 2207 1544 pietatis.
2254 1475 2368 1529 Nec
2425 1475 2717 1529 immerito
2769 1475 2826 1529 hi
2875 1480 3320 1545 consequuntur
3379 1476 3595 1548 adeptae

1951 1562 2282 1634 [adempta
2313 1563 2482 1632 orig.]
2513 1563 2818 1634 dignitatis
2850 1569 3090 1629 statum,
3125 1565 3222 1634 qui
3267 1582 3366 1634 per
3415 1565 3596 1636 pmni-

1947 1653 2192 1706 tentiam
2226 1653 2512 1722 recepisse
2543 1657 2867 1707 noscuntur
2894 1653 3023 1707 vita:
3057 1654 3403 1708 remedium.

183 1774 241 1825 et
274 1772 330 1824 in
364 1769 574 1826 clerico
609 1770 937 1826 ministerio
964 1772 1293 1839 constituti,
1328 1769 1563 1825 nonnisi
1595 1769 1760 1824 altari
1787 1774 1844 1825 et
1876 1787 1920 1850 Β
1949 1767 2082 1824 CAP.
2118 1769 2241 1822 398.
2266 1797 2324 1810 -
2353 1769 2529 1850 Quare
2553 1777 2756 1850 septem
2783 1771 2928 1850 aimi
2955 1769 3309 1850 abstinentia
3335 1771 3600 1841 pamiten-

187 1859 494 1914 sacriﬁciis
526 1860 837 1922 deservire,
870 1864 926 1914 et
961 1859 1234 1930 precibus
1273 1865 1445 1930 atque
1477 1857 1839 1913 orationibus

183 1963 391 2003 vacare
423 1948 997 2019 debeant.Scriptum
1031 1954 1119 2002 est
1149 1949 1304 2002 enim
1340 1966 1352 2002 :
1387 1949 1548 2002 Nemo
1579 1947 1840 2003 militans

182 2043 314 2103 Deo,
339 2039 539 2108 obligat
559 2054 614 2092 se
634 2039 896 2092 molestiis
926 2039 1317 2106 saecularibus,
1342 2044 1402 2092 ut
1424 2038 1595 2108 possit
1615 2036 1838 2108 placere

176 2127 234 2179 ei
276 2128 370 2181 cui
398 2143 456 2182 se
483 2127 734 2197 probavit
782 2127 858 2197 (Il
906 2129 1043 2181 Tim.
1083 2128 1162 2196 ιι).
1196 2129 1322 2182 Post
1370 2128 1582 2197 aliquot
1627 2142 1833 2180 versus-

170 2216 336 2277 Quod
387 2215 651 2287 episcopi
693 2221 1095 2271 antecessores
1130 2216 1312 2270 nostri
1346 2215 1614 2286 religiose
1645 2215 1834 2270 consi-

168 2303 442 2358 derantes
493 2308 552 2359 et
599 2303 913 2358 salubriter
952 2304 1346 2374 providentes,
1380 2309 1734 2358 censuerunt
1766 2320 1836 2358 ne

170 2392 306 2462 quis
331 2393 715 2462 excedens,ad
743 2394 986 2448 tutelam
1011 2392 1096 2447 vel
1119 2409 1320 2446 curam
1343 2391 1618 2447 clericum
1642 2392 1834 2447 nomi-

168 2485 357 2550 naret,
383 2496 449 2534 ac
477 2480 523 2535 si
558 2481 692 2551 quis
722 2480 830 2536 hoc
867 2481 1119 2550 fecisset,
1146 2498 1258 2536 non
1293 2481 1597 2536 offerretur
1617 2497 1720 2551 pro
1743 2497 1830 2548 eo,

169 2586 276 2624 nec
307 2569 661 2624 sacrificium
697 2587 797 2640 pro
830 2569 1182 2624 dormitione
1236 2570 1364 2639 ejus
1415 2569 1826 2624 celebraretur.

165 2657 366 2728 Neque
397 2658 550 2713 enim
586 2658 739 2729 apud
790 2658 973 2713 altare
1029 2659 1125 2713 Dei
1178 2663 1438 2714 meretur
1487 2658 1828 2727 [merentur]

170 2745 464 2801 nominari
498 2746 555 2800 in
592 2747 965 2802 sacerdotum
1002 2747 1304 2819 prece,qui
1337 2749 1406 2802 ab
1438 2747 1606 2820 altari
1638 2763 1830 2802 sacer-

171 2835 337 2890 dotes
369 2840 426 2889 et
459 2835 763 2891 ministros
792 2836 973 2890 voluit
1004 2835 1250 2907 [volunt]
1285 2853 1541 2892 avocare.

172 2935 308 2988 CAP.
342 2935 466 2988 394.
499 2964 568 2974 -
600 2935 671 2990 De
701 2937 887 2988 eadem
918 2951 994 2988 re.
1021 2936 1101 2989 Ea:
1130 2935 1316 2989 eadem
1345 2937 1574 3007 epistola
1603 2934 1824 3006 (ibidem

693 3007 981 3076 aliquanto
1011 3007 1308 3078 superi-us).

245 3095 358 3164 (21,
390 3113 442 3166 q.
477 3095 530 3162 3,
565 3111 612 3150 c.
648 3095 907 3150 .‘ilollitiz’s
938 3101 950 3162 )
1011 3095 1272 3149 Mollitiis
1328 3101 1385 3150 et
1442 3094 1822 3150 saecularibus

2368 1840 2512 1894 tibus
2545 1840 2928 1911 injungantur.
2961 1840 3185 1894 Ibidem.

2019 1936 2133 1990 Nec
2162 1935 2356 2007 ipsum
2387 1937 2540 2007 quod
2575 1953 2863 1992 canonum
2907 1953 3154 1992 censura
3199 1941 3328 2007 post
3374 1942 3597 2008 septem

1951 2042 2136 2079 annos
2178 2042 2434 2080 remeare
2483 2026 2861 2097 pccnitentem
2911 2027 2970 2080 in
3023 2030 3237 2081 statum
3288 2027 3600 2096 pristinum

1949 2112 2521 2183 praecipit,electione
2546 2114 2764 2185 proprii
2797 2114 3044 2182 arbitrii,
3065 2116 3166 2170 sed
3192 2115 3386 2186 potius
3409 2115 3600 2170 sancti

1948 2202 2146 2257 Patres
2177 2219 2242 2257 ex
2276 2203 2567 2258 sententia
2605 2203 2784 2258 divini
2825 2204 3035 2274 judicii
3085 2209 3420 2259 sanxerunt.
3455 2204 3599 2258 Nam

1944 2289 2162 2361 legitur
2210 2291 2364 2362 quod
2417 2291 2599 2346 Maria
2643 2309 2810 2347 soror
2841 2298 3028 2348 Aaron
3059 2292 3429 2363 prophetissa
3458 2292 3601 2346 dum

1944 2379 2324 2460 detractionis
2354 2380 2639 2435 adversus
2656 2381 2890 2452 Moysen
2917 2381 3267 2436 incurrisset
3293 2380 3598 2449 delictum,

1942 2465 2098 2521 lllico
2122 2466 2396 2538 stigmate
2419 2467 2586 2537 lepraa
2609 2485 2886 2538 percussa
2909 2470 3412 2538 [perfusa,orig.et
3439 2471 3596 2538 I’ict,]

1941 2559 2030 2609 est
2055 2557 2238 2624 (Num.
2262 2556 2384 2626 xu).
2409 2556 2674 2626 Cumque
2715 2561 2938 2627 peteret
2970 2556 3196 2624 Moyses
3229 2562 3292 2610 ut
3320 2558 3597 2612 emenda-

1941 2643 2124 2711 retu'r,
2153 2644 2428 2715 praecepit
2457 2660 2584 2699 eam
2623 2643 2905 2700 Dominus
2933 2649 3097 2699 extra
3127 2650 3322 2700 castra
3373 2649 3596 2716 septem

1940 2732 2148 2787 diebus
2179 2732 2396 2801 egredi,
2429 2737 2484 2786 et
2516 2736 2646 2803 post
2676 2733 3158 2788 emundationem
3208 2750 3417 2788 rursus
3467 2749 3598 2788 eam

1939 2821 2094 2875 intra
2125 2825 2316 2874 castra
2347 2820 2600 2876 admitti.
2636 2821 2819 2876 Maria
2845 2837 2983 2892 ergo
3015 2838 3182 2877 soror
3209 2825 3419 2891 Aaron,
3461 2839 3594 2877 caro

1936 2908 2288 2978 intelligitur
2319 2910 2658 2974 sacerdotis,
2691 2926 2818 2980 quae
2869 2911 3008 2964 dum
3059 2911 3346 2981 superbiae
3394 2911 3592 2965 dedita

1936 2997 2364 3052 sordidissimis
2381 2997 2691 3068 cogitation
2704 3015 2796 3052 um
2811 2997 3596 3070 illecebris[contagiis,orig]

1937 3086 2286 3153 maculatur,
2322 3091 2482 3140 extra
2538 3091 2732 3142 castra
2781 3093 3003 3158 septem
3055 3087 3285 3147 diebus.
3320 3087 3428 3142 hoc
3483 3091 3598 3165 est,

246 3145 358 3164 κη,
431 3145 530 3162 -ςν
568 3145 611 3150 --
1332 3145 1383 3150 ν-
1442 3145 1819 3150 νυ--η-η--νη
2273 3145 2286 3153 -
2851 3145 2868 3158 ι
3277 3145 3282 3147 -
3585 3145 3598 3165 .

170 3181 350 3236 rebus
377 3145 722 3252 laqueisque
753 3181 998 3252 obligari
1048 3197 1161 3236 nou
1213 3183 1446 3248 debent,
1479 3183 1578 3254 qui
1613 3182 1826 3237 divinis
1857 3145 1899 3211 C
1938 3180 2100 3231 extra
2129 3174 2438 3245 collegium
2469 3179 2684 3230 sanctae
2715 3175 2978 3231 Ecclesiae
3001 3180 3223 3247 septem
3259 3176 3429 3230 annis
3462 3193 3600 3246 pro-

171 3269 349 3323 rebus
367 3274 425 3324 et
442 3269 850 3340 spiritualibus
875 3270 1144 3341 occupati
1179 3275 1460 3338 sunt,nec
1478 3272 1547 3327 ad
1569 3275 1832 3326 terrenos
1933 3264 2161 3336 jicitul‘,
2194 3264 2292 3318 ubi
2345 3268 2474 3334 post
2521 3266 2996 3320 emendationem
3043 3265 3339 3331 vitiorum,
3371 3265 3479 3319 loci
3511 3266 3599 3320 vel

167 3361 228 3411 et
260 3357 570 3413 saeculares
601 3361 768 3413 actus
796 3374 1019 3414 vacare.

198 3455 330 3528 CAP.
365 3455 490 3510 395.
525 3487 592 3495 ——
623 3457 759 3511 Item
787 3455 852 3510 de
883 3456 1086 3512 eodem.
1122 3457 1323 3512 ibidem
1350 3458 1518 3528 paulo
1569 3459 1830 3528 inferius.

245 3526 358 3595 (2|,
390 3543 442 3597 q.
475 3529 530 3593 3,
557 3543 603 3582 c.
639 3529 722 3582 Hi.
757 3529 854 3598 qui
883 3529 943 3582 in
975 3529 1245 3595 ecclesia.)
1278 3526 1477 3599 Hiqui
1510 3528 1569 3582 in
1590 3526 1836 3583 coclesia

177 3614 408 3669 Domini
433 3615 505 3670 ad
524 3615 952 3672 ordinationem
977 3616 1300 3672 clericalem
1327 3617 1833 3689 promoventur,in

181 3702 341 3758 nullo
373 3703 446 3759 ab
479 3705 985 3761 administratione
1010 3706 1204 3760 divina
1227 3711 1570 3762 evocentur:
1600 3705 1833 3776 ne[nec]

187 3791 472 3847 molestiis
513 3798 570 3847 et
620 3793 986 3849 sacularibus
1039 3793 1291 3864 [molest.
1343 3799 1401 3850 et
1450 3795 1564 3865 laq.
1615 3793 1836 3860 θᾶσαι,

182 3881 356 3952 ονὶφ]
387 3881 636 3952 negotiis
686 3881 1037 3954 alligentur:
1074 3900 1177 3938 nec
1210 3884 1282 3938 ab
1312 3883 1540 3938 altariis
1571 3887 1626 3937 et
1657 3882 1835 3938 sacri-

182 3969 332 4026 ﬁciis
362 3972 656 4040 recedant,
677 3973 775 4027 sed
811 3971 904 4027 die
935 3989 1000 4028 ac
1033 3977 1202 4029 nocte
1233 3972 1568 4028 cmlestibus
1588 3972 1763 4027 rebus
1783 3975 1840 4026 et

179 4058 592 4130 spiritualibus
629 4061 902 4116 serviant.

179 4151 310 4203 CAP.
346 4146 472 4202 396.
524 4179 593 4189 —
641 4149 715 4202 De
769 4148 959 4204 eadem
1003 4167 1094 4236 ⁸νίς.
1155 4150 1320 4221 Idem,
1385 4149 1516 4204 ibid.
1572 4151 1633 4203 in
1690 4149 1840 4203 calce

253 4307 632 4362 Sacerdotum
705 4308 1001 4362 decretum
1068 4307 1340 4378 religiose
1399 4312 1454 4363 et
1513 4307 1840 4364 necessarie

181 4395 400 4450 factum
436 4400 697 4451 servetur
728 4412 761 4450 a
792 4396 981 4452 nobis.
1003 4395 1190 4451 Simul
1224 4401 1280 4451 et
1310 4397 1534 4451 caeteris
1559 4396 1840 4450 fratribus

185 4485 360 4539 detur
386 4485 740 4555 exemplum,
775 4500 846 4539 ne
879 4485 1012 4556 quis
1058 4485 1391 4540 sacerdotes
1440 4488 1498 4540 et
1542 4483 1840 4538 ministros
1871 4517 1920 4579 Β

187 4573 289 4628 Dei
324 4571 493 4628 altari
525 4573 654 4643 ejus
706 4577 764 4628 et
808 4572 1067 4628 ecclesiae
1099 4578 1396 4644 vacantes,
1429 4573 1498 4628 ad
1532 4571 1841 4627 saeculares

193 4661 495 4716 molestias
517 4661 1089 4718 devocet.0bservari
1113 4661 1269 4716 enim
1292 4663 1363 4716 de
1383 4665 1588 4716 caetero
1611 4660 1840 4731 poterit,

193 4766 266 4805 ne
297 4749 431 4820 quis
465 4749 617 4805 ultra
648 4749 756 4806 hoc
788 4750 962 4805 faciat
980 4749 1127 4804 circa
1148 4765 1454 4820 personam
1474 4748 1843 4818 clericorum,

189 4837 241 4892 si
275 4837 429 4908 quod
463 4854 620 4892 nunc
653 4839 871 4893 factum
905 4842 1016 4904 est,
1050 4837 1222 4892 fuerit
1252 4837 1630 4892 vindicatum.

187 4939 323 4990 CAP.
356 4935 480 4989 397.
515 4966 581 4976 —
609 4938 725 5007 Qui
752 4935 950 4991 clerici
987 4935 1293 5005 recipiendi
1318 4935 1432 4989 sint
1461 4937 1581 5002 post
1607 4931 1843 5007 lapsum,

262 5007 360 5078 qui
388 5021 519 5060 non.
557 5006 806 5062 Isidorus
855 5007 925 5061 ad
950 5010 1281 5064 Massionem
1324 5009 1631 5078 episcOpum
1681 5006 1849 5075 (inter

262 5093 437 5218 ἴμεν-α)
483 5083 552 5132 D.
587 5079 807 5146 Isidori,
843 5081 914 5134 De
961 5080 1118 5151 lapsu
1171 5079 1468 5135 sacerdotis
1516 5086 1566 5132 et
1614 5092 1846 5146 repara-

290 5163 414 5202 ione
449 5190 460 5202 .

263 5236 428 5301 Quod
451 5236 506 5290 in
535 5236 799 5308 epistolis
816 5237 1166 5293 venerabilis
1199 5236 1530 5293 fraternitas
1553 5239 1652 5290 tua
1683 5235 1850 5288 inno-

194 5324 334 5394 tuit,
369 5324 533 5380 nulla
564 5331 652 5380 est
681 5326 741 5379 in
771 5326 1107 5395 hujusmodi
1139 5326 1443 5380 sententiis
1483 5325 1847 5379 decretorum

199 5413 512 5469 diversitas
553 5413 957 5484 intelligenda,
994 5414 1148 5484 quod
1181 5413 1318 5468 alibi
1351 5413 1564 5484 legitur
1589 5414 1646 5468 in
1678 5411 1848 5482 lapsu

203 5502 488 5576 corporali
523 5502 974 5558 restaurandum
998 5500 1236 5556 honoris
1254 5502 1499 5571 gradum
1523 5505 1654 5572 post
1677 5499 1853 5571 poeni-

203 5591 474 5662 tentiam,
493 5591 628 5648 alibi
648 5593 781 5662 post
801 5588 1138 5660 hujusmodi
1168 5587 1444 5644 delictum
1479 5604 1850 5659 nequaquam

1941 3353 2203 3424 pristinae
2235 3353 2542 3423 dignitatis
2573 3353 2780 3424 recipit
2814 3354 3107 3409 meritum.
3143 3354 3203 3407 Et
3234 3356 3355 3422 post
3397 3369 3593 3423 pauca.

1941 3441 2003 3496 In
2035 3440 2150 3494 ﬁne
2182 3444 2376 3494 autem
2413 3441 2696 3510 epistolae,
2719 3441 2826 3496 hoc
2853 3441 3246 3512 adjiciendum
3282 3441 3500 3512 putavi,
3534 3445 3600 3495 ut

1944 3529 2408 3600 quotiescunque
2436 3529 2492 3582 in
2526 3529 2704 3599 gestis
2763 3530 3141 3585 conciliorum
3192 3529 3416 3586 discors
3466 3546 3598 3584 sen-

1942 3620 2128 3673 tentia
2172 3618 2487 3680 invenitur,
2521 3617 2680 3673 illius
2731 3618 2920 3690 magis
2968 3623 3238 3674 teneatur
3287 3618 3600 3688 sententia,

1945 3707 2116 3776 cujus
2149 3704 2446 3776 antiquior
2477 3709 2532 3760 et
2559 3706 2746 3776 potior
2771 3711 2961 3761 exstat
2993 3707 3328 3761 auctoritas.

1946 3823 2076 3878 CAP.
2109 3823 2232 3876 399.
2270 3852 2333 3861 —
2365 3822 2439 3875 De
2467 3821 2723 3894 diligenti
2755 3824 3175 3891 investigatione
3213 3823 3419 3894 judicii
3464 3825 3602 3878 Fru-

2214 3895 2390 3950 ctuosi
2417 3892 2656 3965 episcopi
2694 3895 2772 3964 (in
2803 3897 2918 3963 ejus
2949 3895 3162 3965 regula,
3193 3892 3239 3949 c.
3278 3895 3349 3964 4).

2019 3999 2296 4064 Quaelibet
2325 4017 2503 4056 causa
2534 4000 2591 4055 in
2625 4007 2910 4056 conventu
2945 4003 3210 4056 omnium
3243 4001 3491 4056 fratrum
3513 4006 3602 4055 est

1944 4089 2306 4153 ventilanda,
2340 4090 2575 4159 etjuste
2615 4106 2679 4144 ac
2719 4089 3018 4144 subtiliter
3049 4089 3492 4158 perscrutanda,
3528 4105 3600 4143 ne

1947 4177 2091 4233 forte
2123 4176 2432 4232 dolositate
2461 4183 2517 4232 et
2549 4177 2773 4232 malitia
2807 4177 3054 4232 senioris
3085 4177 3365 4231 innocens
3395 4175 3602 4244 junior

1947 4266 2338 4337 opprimatur.
2365 4265 2592 4320 Rectori
2617 4264 2806 4335 [adde:
2830 4265 2901 4318 ab
2926 4265 3134 4319 abbate
3155 4263 3242 4318 vel
3269 4265 3598 4334 praeposito,

1947 4372 2021 4408 ex
2067 4353 2236 4422 orig.]
2281 4355 2446 4422 juxta
2499 4369 2759 4424 personae
2820 4351 3236 4422 acceptionem,
3271 4369 3385 4406 non
3434 4351 3604 4407 liceat

1946 4441 2230 4513 judicare,
2264 4457 2451 4511 neque
2496 4441 2748 4510 aliquem
2800 4439 3221 4504 fraudulenter,
3252 4438 3338 4494 vel
3385 4440 3603 4509 injuste

1949 4531 2264 4596 damnare;
2298 4529 2422 4595 sed,
2448 4532 2512 4582 ut
2543 4529 2767 4583 dictum
2785 4536 2890 4598 est,
2915 4527 3311 4598 spiritualium
3343 4528 3428 4582 vel
3460 4529 3604 4582 veri-

1951 4618 2215 4674 dicorum
2265 4619 2511 4672 fratrum
2562 4617 2619 4670 in
2667 4616 3078 4687 hujuscemodi
3127 4616 3304 4670 rebus
3353 4621 3442 4670 est
3489 4617 3604 4672 alia

1953 4708 2256 4776 tradenda,
2285 4711 2342 4761 et
2371 4706 2675 4760 retinenda
2702 4705 3010 4772 sententia,
3044 4703 3144 4774 qui
3175 4702 3286 4759 sibi
3318 4703 3604 4773 Deijudi-

1953 4797 2107 4852 cium
2137 4800 2417 4868 ponentes
2444 4811 2557 4865 prae
2591 4792 2795 4862 oculis,
2829 4809 2942 4847 non
2978 4792 3319 4863 permittant
3343 4793 3602 4864 pessime

1953 4885 2282 4957 Opprimere
2309 4883 2568 4938 animam
2600 4882 2948 4937 innocentis.

1955 5001 2089 5056 CAP.
2123 4999 2244 5053 400.
2281 5029 2346 5038 -
2378 4999 2453 5052 De
2482 4999 2568 5052 his
2597 4999 2711 5067 qui,
2742 5001 2863 5066 post
2905 4995 3309 5051 ordinationem
3337 4997 3420 5051 vel
3450 5001 3601 5060 ante,

2026 5072 2269 5125 crimina
2315 5070 2533 5139 publice
2569 5072 2977 5122 commiserunt.
3014 5069 3093 5122 Ex
3122 5068 3358 5138 epistola.
3394 5068 3604 5121 Rabam‘

2027 5140 2426 5211 archiepiscOpi
2476 5140 2545 5194 ad
2604 5139 2981 5204 IIeribaldum,
3031 5157 3099 5194 ex
3147 5141 3380 5194 concilio
3421 5139 3604 5211 Hiler-

2029 5210 2358 5282 densi,cap.
2392 5212 2457 5265 10
2482 5211 2777 5282 (Rabanus,
2805 5227 2854 5266 c.
2888 5211 2940 5276 Ι,
2974 5211 3068 5265 lib.
3105 5210 3527 5279 pamitentium).

2030 5321 2198 5386 (Dist.
2228 5320 2316 5387 50,
2348 5335 2397 5374 c.
2433 5323 2509 5374 De
2539 5318 2671 5388 his.)
2705 5317 2782 5372 De
2813 5317 2906 5371 his
2938 5333 3069 5372 vero
3099 5317 3289 5372 visum
3321 5319 3406 5369 est
3433 5313 3604 5369 nobis

1959 5408 2359 5472 scribendum,
2395 5405 2494 5476 qui
2526 5422 2724 5460 sacros
2756 5405 2993 5459 ordines
3023 5404 3261 5470 habent,
3283 5408 3338 5458 et
3359 5408 3491 5457 ante
3511 5402 3600 5456 vel

1959 5501 2091 5567 post
2118 5495 2542 5551 ordinationem
2566 5494 2997 5548 contaminatos
3028 5493 3084 5546 in
3117 5489 3468 5562 capitalibus
3496 5492 3606 5546 cri-

1963 5584 2221 5639 minibus
2253 5600 2314 5637 se
2336 5599 2464 5637 esse
2488 5582 2925 5652 profitentur.lo
2951 5579 3259 5649 quibus,ut
3281 5577 3424 5632 mihi
3447 5577 3604 5636 vide-
