3972 6056
350 272 450 328 231
1439 273 1508 323 D.
1549 270 1788 326 IVONIS
1821 268 2314 327 CARNOTENSIS
2349 275 2669 332 EPISCOPI

3652 267 3768 323 532

340 402 438 453 tur
469 397 592 452 haec
622 396 902 452 distantia
931 412 1058 452 esse
1085 395 1277 464 debet,
1313 398 1376 448 ut
1404 393 1463 448 hi
1497 395 1595 465 qui
1636 391 1984 465 deprehensi
2017 395 2072 461 Α
2102 393 2233 452 CAP.
2266 397 2390 453 404.
2422 429 2490 441 —-
2521 400 2669 467 Quid
2697 398 2973 470 agendum
3006 398 3077 452 sit
3121 397 3188 452 de
3237 396 3442 452 occulte
3473 395 3763 466 infaman-

339 486 428 540 vel
480 485 632 558 capti
687 485 904 541 fuerint
939 485 1168 556 publice
1201 484 1257 538 in
1305 483 1580 554 perjurio,
1615 483 1768 538 furto
1817 485 1992 553 atque

342 575 748 642 fornicatione,
784 578 839 630 et
868 573 1090 629 caeteris
1140 572 1476 642 hujusmodi
1527 571 1871 626 criminibus
1903 586 1992 625 se-

344 665 603 718 cundum
637 679 936 718 sacrorum
970 677 1259 716 canonum
1292 660 1562 714 instituta
1593 677 1626 715 a
1653 660 1836 730 gradu
1863 675 1988 729 pro-

343 752 468 823 prio
489 753 870 823 deponantur;
894 748 1385 821 quiascandalum
1403 754 1491 804 est
1507 749 1718 820 populo
1737 748 1831 802 Dei
1848 747 1993 801 tales

345 841 628 913 personas
661 839 1066 911 superpositas
1097 839 1297 908 [super
1314 855 1373 893 se
1394 855 1539 908 pos.,
1559 837 1722 908 orig.]
1754 837 1990 902 habere,

341 947 488 1000 quas
540 928 692 983 ultra
747 927 985 981 modum
1033 925 1274 982 vitiosas
1323 942 1450 981 esse
1495 931 1737 980 constat.
1777 930 1993 995 Nempe

333 1020 475 1074 inde
507 1015 826 1071 detrahunt
856 1015 1123 1072 homines
1156 1016 1442 1072 sacrificio
1481 1015 1596 1084 Dei,
1631 1017 1781 1069 sicut
1812 1031 1993 1085 quon-

338 1107 472 1160 dam
509 1104 644 1159 ﬁliis
677 1104 797 1159 lleli
823 1104 1877 1175 peccantibusfecisselegunturUReg
1907 1103 1990 1174 ll);

335 1200 390 1249 et
427 1193 674 1249 rebelles
705 1193 842 1248 hinc
877 1199 1052 1264 atque
1101 1193 1378 1249 contrarii
1427 1193 1742 1248 existentes
1791 1208 1990 1247 eorum

237 1284 239 1286 ’
336 1283 530 1354 pravis
561 1281 843 1354 exemplis
868 1281 1130 1352 quotidie
1157 1283 1384 1353 pejores
1404 1282 1685 1347 linnt.Qui
1709 1285 1899 1336 autem
1923 1282 1993 1336 de

338 1371 634 1443 praedictis
696 1371 949 1442 peccatis
1005 1371 1346 1426 abscondite
1377 1389 1410 1426 a
1447 1387 1508 1425 se
1557 1370 1835 1426 admissis
1891 1387 1995 1441 per

339 1459 628 1514 occultam
665 1457 1092 1514 confessionem
1125 1475 1320 1514 coram
1353 1459 1538 1514 oculis
1570 1459 1690 1527 Dei,
1713 1462 1994 1529 praesente

339 1549 519 1603 etiam
553 1549 874 1613 sacerdote,
894 1547 992 1618 qui
1011 1546 1442 1603 eisindicturus
1467 1553 1558 1602 est
1591 1547 1990 1618 pmnitentiam

339 1637 714 1706 confitentur,
739 1639 796 1690 et
828 1635 1176 1706 semetipsos
1207 1635 1460 1706 graviter
1490 1635 1810 1706 deliquisse
1849 1651 1991 1705 que-

339 1729 570 1790 runtur,
593 1724 640 1778 si
675 1739 735 1778 se
759 1724 1103 1795 perjejunia
1125 1729 1181 1778 et
1205 1723 1622 1796 eleemosynas,
1645 1723 1994 1795 vigiliasque

337 1817 394 1867 et
425 1830 624 1868 sacras
659 1812 954 1867 orationes
981 1829 1114 1867 cum
1150 1812 1426 1885 lacrymis
1458 1827 1707 1884 purgare
1741 1817 1998 1866 certave-

336 1903 476 1970 rint,
503 1901 593 1955 his
619 1901 816 1967 etiam,
841 1902 1025 1972 gradu
1053 1906 1452 1974 scrvato,spes
1474 1903 1650 1958 veniae
1676 1903 1746 1957 de
1775 1901 2001 1956 miseri-

341 1990 542 2043 cordia
571 1989 666 2044 Dei
701 1989 1097 2060 promittenda
1127 1994 1230 2044 est.

349 2123 479 2178 CAP.
515 2122 636 2175 401.
689 2152 754 2162 —
785 2124 858 2176 De
879 2123 1108 2192 injuriis
1141 2123 1497 2188 Clericorum,
1520 2129 1574 2178 et
1604 2123 1999 2194 compositione

472 2208 678 2248 eorum.
714 2194 797 2248 Ea:
826 2195 968 2248 libro
997 2196 1368 2266 capitulorum
1396 2195 1517 2265 (lib.
1552 2213 1606 2264 v,
1639 2213 1688 2250 c.
1721 2196 1868 2266 l84).

422 2290 475 2344 Si
500 2289 631 2360 quis
648 2289 946 2345 ministros
969 2291 1226 2346 ecclesiae
1243 2292 1994 2360 subdiaconum,lectorem,

351 2379 718 2448 exorcistam,
743 2378 1034 2449 acolytum
1058 2379 1590 2453 [ostiarium,orig.]
1614 2381 1994 2451 injuriaverit,

355 2471 457 2521 aut
477 2467 849 2538 percusserit,
865 2466 952 2522 vel
973 2467 1311 2539 plagiaveril
1335 2471 1455 2540 [al.,
1473 2470 1831 2542 plagaverit],
1847 2487 2001 2526 com‘

352 2561 531 2626 ponat
562 2555 668 2610 hoc
697 2555 1024 2626 tripliciter,
1045 2557 1399 2613 sicutsolent
1429 2575 1773 2630 componere
1792 2577 2001 2631 paren-

353 2650 441 2700 tes
489 2645 638 2714 ejus.
675 2645 909 2700 Diaconi
956 2662 1108 2714 vero,
1143 2648 1465 2716 presbyteri
1519 2655 1694 2720 atque
1741 2649 1998 2720 episcopi

353 2734 573 2803 injuria
620 2735 677 2788 in
729 2736 1126 2806 quadruplum
1189 2743 1590 2808 componatur.
1625 2739 1998 2808 Reliquorum

353 2828 544 2878 autem
580 2823 921 2879 clericorum
956 2825 1172 2894 injuria
1205 2833 1590 2897 componatur
1619 2828 1771 2882 sicut
1801 2846 2002 2900 paren-

352 2918 477 2968 tum
522 2930 747 2969 eorum.
782 2915 1200 2970 Monachorum
1249 2933 1476 2988 quoque
1529 2919 1626 2988 qui
1677 2921 2000 2974 secundum

352 3000 612 3070 regulam
663 3000 722 3054 in
769 3002 1123 3058 monasterio
1182 3004 1402 3069 vivunt,
1439 3006 1656 3076 injuria
1697 3006 2007 3077 dupliciter

351 3092 760 3160 componatur,
793 3091 1112 3144 secundum
1163 3093 1564 3163 genealogiam
1619 3100 1873 3160 suam,et
1899 3099 2003 3160 [ut,
2032 3124 2074 3191 ο

351 3177 514 3248 orig.]
549 3179 869 3234 reverentia
893 3179 971 3234 sit
1001 3185 1111 3235 Deo
1141 3187 1197 3234 et
1229 3181 1516 3248 Ecclesiae,
1541 3187 1596 3238 et
1643 3201 1752 3255 pax
1788 3185 1869 3240 eis
1901 3186 2002 3256 qui

356 3267 442 3322 illi
473 3267 752 3324 serviunt.

355 3402 489 3457 CAP.
522 3402 646 3456 402.
677 3431 746 3440 —
775 3401 1050 3469 Quomodo
1075 3403 1328 3458 canonici
1356 3407 1415 3458 in
1445 3405 1688 3461 claustro
1705 3408 1889 3461 vivere
1909 3407 2004 3463 de-

435 3478 614 3529 beant.
647 3475 730 3527 Em
773 3473 868 3526 lib.
896 3491 929 3527 v
961 3475 1367 3544 Capitulorum,
1401 3493 1520 3548 cap.
1555 3479 1657 3531 185
1688 3483 1755 3548 (c.
1785 3479 1931 3550 415).

429 3588 524 3657 (De
569 3595 736 3644 const.
787 3587 912 3644 dist.
962 3590 1017 3654 5,
1073 3607 1120 3645 c.
1154 3592 1216 3644 In
1262 3593 1557 3663 omnibus.)
1607 3597 1671 3648 In
1730 3593 2007 3650 omnibus

353 3672 554 3743 igitur,
577 3677 864 3745 quantum
889 3675 1149 3732 humana
1171 3679 1458 3748 permittit
1484 3680 1795 3752 fragilitas,
1816 3683 2008 3739 decre-

350 3762 545 3817 vimus
579 3765 642 3817 ut
671 3763 936 3819 canonici
984 3764 1178 3819 clerici
1227 3767 1504 3823 canonice
1555 3770 1769 3838 vivant,
1804 3771 2004 3828 obser-

348 3855 553 3906 vantes
585 3851 793 3906 divinas
827 3851 1138 3924 Scriptura:
1184 3854 1534 3923 doctrinam,
1566 3862 1624 3912 et
1655 3859 2005 3915 documenta

347 3941 686 3994 sanctorum
747 3941 1004 4008 Patrum,
1037 3947 1093 3997 et
1125 3942 1269 3997 nihil
1303 3945 1429 4000 sine
1459 3945 1697 4000 licentia
1744 3948 2004 4020 episcopi

347 4028 440 4083 sui
485 4027 570 4083 vel
618 4029 880 4100 magistri
940 4047 1140 4086 eorum
1195 4031 1577 4104 incomposite
1634 4033 2002 4106 [composites

347 4117 514 4189 orig.]
547 4133 715 4189 agere
747 4123 1127 4190 praesumant.
1162 4123 1226 4175 In
1262 4138 1616 4193 unoquoque
1660 4123 2000 4195 episcopatu

350 4209 415 4260 ut
435 4205 613 4262 simul
649 4209 1002 4263 manducent
1025 4217 1080 4263 et
1102 4209 1419 4277 dormiant,
1440 4210 1534 4264 ubi
1562 4210 1653 4266 his
1680 4212 1926 4269 facultas
1944 4215 2000 4269 id

350 4293 596 4348 faciendi
631 4295 926 4366 suppetit;
969 4295 1056 4351 vel
1105 4297 1206 4368 qui
1253 4298 1323 4353 de
1371 4299 1546 4354 rebus
1590 4300 2000 4359 ecclesiasticis

351 4382 646 4452 stipendia
676 4383 970 4454 accipiunt
1000 4385 1058 4439 in
1091 4401 1197 4439 suo
1229 4385 1484 4442 claustro
1509 4393 1999 4462 maneant,etsin-

351 4469 506 4541 gulis
554 4469 763 4525 diebus
813 4487 984 4528 mane
1045 4473 1235 4543 prima
1295 4474 1528 4548 [primo]
1579 4479 1649 4533 ad
1692 4477 1998 4538 lectionem
2033 4490 2076 4554 1)

347 4557 587 4613 veniant
609 4563 664 4613 et
696 4559 937 4615 audiant
967 4561 1107 4631 quid
1139 4564 1223 4619 eis
1255 4564 1698 4637 imperetur./\d
1734 4586 1997 4626 mensam

347 4662 484 4702 vero
531 4645 805 4703 similiter
851 4648 1154 4706 lectionem
1199 4654 1460 4719 audiant,
1509 4660 1566 4712 et
1608 4657 1997 4714 obedientiam

345 4735 670 4790 secundum
719 4753 990 4807 canones,
1041 4740 1166 4795 suis
1211 4743 1508 4813 magistris
1552 4745 1768 4801 faciant
1810 4747 1995 4814 [exhi-

342 4824 542 4894 beant,
572 4826 760 4896 orig.].

2751 471 2917 524 tibus.
2951 471 3102 523 Item.

2171 554 2277 616 Qui
2313 557 2596 614 famosam
2629 559 2893 613 chartam
2927 559 2997 612 ad
3029 557 3436 627 cujuscunque
3477 555 3760 629 injuriam

2101 648 2156 696 et
2190 645 2474 701 maculam
2525 647 2943 718 conscripserit
2977 647 3034 700 in
3067 649 3312 713 secreto,
3345 651 3396 698 et
3430 644 3489 698 in
3523 643 3763 714 publico

2102 733 2371 803 al'fixerit,
2405 735 2934 806 inveniendamque
2968 733 3295 806 projecerit,
3330 733 3499 786 illum
3555 738 3766 786 contra

2101 837 2275 890 quem
2309 823 2494 890 posita
2524 824 2793 878 chartula
2841 830 2925 878 est
2977 840 3089 876 non
3134 823 3386 887 nocebit,
3442 838 3546 876 nec
3590 823 3765 876 fama:

2101 910 2228 978 ejus
2249 911 2470 982 aliquid
2507 913 2846 983 derogabit:
2879 913 2978 967 sed
3013 911 3063 966 si
3095 909 3342 965 inveniri
3375 911 3766 980 potuerit,qui

2102 997 2443 1066 hujusmodi
2474 1000 2803 1056 chartulam
2829 999 3434 1069 fecit,constringatur
3464 1003 3529 1052 ut
3561 999 3770 1067 probet

2103 1102 2228 1156 quae
2279 1087 2534 1160 scripsit.
2565 1089 2673 1155 Qui
2727 1090 2776 1144 si
2825 1091 2998 1144 etiam
3051 1105 3176 1159 quis
3230 1087 3466 1159 scripsit
3514 1087 3766 1158 probare

2102 1192 2217 1229 non
2253 1177 2526 1246 potuerit,
2547 1177 2879 1249 fustigetur,
2902 1177 3001 1248 qui
3035 1177 3320 1232 infamare
3350 1175 3557 1231 maluit
3578 1192 3763 1246 quam

2103 1279 2392 1318 ἆοϐυεὶιΐθ.

2101 1379 2234 1451 CAP,
2271 1379 2392 1433 405.
2427 1409 2493 1419 —
2544 1381 2615 1434 De
2644 1380 2962 1451 presbytero
2994 1380 3194 1434 caduco
3225 1377 3410 1451 morbo
3441 1378 3766 1451 laborante.

2174 1450 2494 1522 Alexander
2523 1453 2572 1505 ΙΙ
2604 1449 2919 1506 Genobardo
2949 1453 3252 1506 Juranensi
3301 1449 3651 1522 [Vivacensi,
3675 1450 3768 1504 al.

2173 1520 2487 1576 Viennensi
2523 1522 2696 1593 Grat.]
2729 1523 3161 1593 archiepiscopo.

2173 1609 2248 1678 (7,
2284 1627 2334 1680 q.
2366 1611 2420 1677 2,
2455 1627 2500 1666 c.
2535 1613 2596 1664 In
2627 1611 2874 1681 litteris.)
2927 1611 2988 1664 ln
3051 1608 3262 1664 litteris
3322 1609 3439 1663 tuis
3495 1610 3765 1665 contine-

2102 1696 2274 1751 batur
2303 1699 2408 1754 sic.
2443 1700 2544 1752 Hic
2577 1699 2824 1754 clericus
2857 1698 3121 1754 ordinem
3171 1698 3346 1752 habet
3391 1697 3764 1768 presbyterii,

2028 1767 2071 1830 Β
2105 1787 2203 1839 sed
2239 1787 2378 1856 quia
2406 1788 2625 1842 caduco
2657 1788 2860 1842 morbo
2890 1786 3135 1854 laborat,
3156 1792 3213 1840 et
3242 1787 3353 1856 ipsi
3387 1767 3493 1840 hoc
3523 1787 3766 1856 imprae-

2109 1874 2430 1930 sentiarum
2451 1876 2819 1946 agnovimus,
2840 1893 2953 1930 non
2980 1877 3103 1930 ausi
3131 1876 3352 1930 fuimus
3370 1876 3421 1930 ei
3441 1875 3765 1930 concedere

2109 1967 2172 2016 ut
2201 1963 2449 2030 offerret,
2483 1964 2571 2019 vel
2606 1966 2852 2020 missam
2915 1966 3254 2020 celebraret.
3289 1967 3436 2028 Quia
3467 1982 3596 2020 vero
3628 1965 3765 2019 lan-

2107 2065 2255 2120 guor
2285 2069 2398 2106 non
2448 2053 2507 2106 in
2563 2053 2735 2123 culpa
2765 2058 2873 2120 est,
2907 2069 3085 2123 super
3131 2054 3240 2108 hac
3286 2070 3345 2108 re
3393 2053 3766 2108 auctoritatis

2109 2143 2318 2193 nostras
2351 2141 2582 2195 decreto
2614 2142 3042 2196 consulendum
3066 2141 3473 2210 (consulendo,
3488 2140 3766 2210 Gratiam]

2107 2227 2583 2283 deliberavimus.
2619 2227 2994 2283 Consulimus
3026 2228 3225 2300 itaque
3256 2233 3320 2283 ut
3349 2229 3396 2283 si
3431 2228 3774 2300 frequenter

2108 2315 2216 2370 hoc
2270 2319 2471 2371 morbo
2519 2317 2806 2387 tangitur,
2839 2318 2910 2372 ab
2961 2317 3253 2372 oblatione
3305 2317 3666 2372 omnimodis
3715 2323 3777 2372 et

2110 2405 2424 2460 missarum
2453 2405 2841 2461 celebratione
2874 2405 3273 2476 prohibeatur.
3312 2406 3587 2461 Indecens
3609 2405 3772 2460 enim

2020 2543 2024 2548 .
2111 2499 2198 2548 est
2228 2499 2282 2548 et
2307 2493 2872 2564 periculosissimum
2907 2499 2970 2548 ut
3003 2494 3110 2549 hoc
3142 2494 3192 2548 ei
3227 2494 3778 2563 accidat,quatenus

2111 2582 2166 2635 in
2188 2583 2622 2637 consecratione
2640 2583 3010 2638 encharistiae
3029 2583 3231 2638 morbo
3253 2583 3441 2638 victus
3465 2581 3778 2653 epileptico

2112 2671 2300 2725 cadat.
2327 2672 2384 2725 Si
2419 2688 2551 2726 vero
2573 2671 2672 2725 Dei
2700 2671 3102 2725 misericordia
3124 2669 3779 2740 convaluerit,quand0‘

2113 2759 2350 2830 quidem
2383 2777 2497 2814 non
2528 2759 2700 2830 culpa
2730 2760 2831 2814 sed
2864 2760 3180 2814 inﬁrmitas
3212 2766 3303 2815 est
3334 2759 3393 2814 in
3426 2775 3774 2826 causa,eum

2115 2847 2444 2902 sacrificare
2466 2848 2593 2918 jam
2625 2865 2739 2902 non
2774 2847 3204 2903 interdicimus.

2115 2961 2247 3017 CAP.
2283 2962 2406 3016 406.
2439 2992 2507 3001 —
2557 2963 2631 3016 De
2687 2962 2963 3017 ordinatis
3009 2962 3075 3016 ab
3123 2961 3629 3017 cxcommunicatis.
3671 2963 3776 3018 Ur-

2190 3040 2370 3116 banus
2409 3034 2678 3088 secundus
2709 3033 2981 3089 Gelbardo
3013 3033 3329 3104 [Gebcardo]
3363 3034 3778 3089 Constantiensi

2185 3119 2452 3174 episcopo.
2978 3126 2983 3132 ι

2183 3194 2257 3263 (9,
2288 3208 2344 3262 q.
2385 3197 2432 3258 1,
2463 3209 2512 3247 e.
2545 3193 2622 3247 Ab
2649 3194 3168 3260 excommunicati.)
3217 3191 3291 3246 Ut
3322 3192 3395 3248 ab
3426 3209 3776 3248 excommu—

2113 3281 2323 3336 nicatis
2354 3281 2649 3351 quondam
2682 3287 2877 3336 tamen
2903 3281 3206 3336 catholicis
3223 3282 3516 3352 episcopis
3534 3281 3776 3336 ordina-

2111 3372 2223 3432 tos,
2248 3368 2539 3439 siquidem
2576 3369 2904 3424 Simoniace
2933 3370 3169 3424 ordines
3199 3369 3358 3441 ipsos
3386 3387 3499 3425 non
3534 3385 3779 3441 accepe-

2115 3457 2253 3523 rint,
2285 3461 2340 3511 et
2367 3457 2414 3512 si
2451 3456 2755 3529 episcopos
2805 3460 2963 3529 ipsos
3007 3457 3372 3513 Simoniacos
3426 3475 3540 3513 non
3587 3458 3777 3513 fuisse

2116 3545 2461 3612 constiterit,
2495 3547 2565 3600 ad
2602 3547 2706 3601 hoc
2737 3546 2783 3601 si
2817 3562 3020 3602 eorum
3069 3545 3397 3618 religiosior
3428 3546 3546 3600 vita
3577 3552 3634 3601 et
3666 3547 3776 3601 do-

2117 3635 2315 3690 ctrinis
2349 3635 2731 3705 prierogativa
2762 3635 2884 3690 visa
2916 3635 3091 3689 fuerit
3122 3635 3464 3702 promereri,
3487 3635 3779 3706 paeniten-

2115 3724 2196 3778 tia
2226 3722 2442 3778 indicta
2471 3739 2643 3792 quam
2675 3739 2994 3794 congruam
3028 3723 3286 3793 duxeris,
3316 3725 3374 3778 in
3421 3723 3571 3794 ipsis
3621 3740 3777 3796 quos

2116 3817 2464 3882 acceperunt
2494 3810 2820 3875 ordinibus,
2846 3827 3186 3882 permanere
3213 3811 3636 3882 permittas.Ad
3668 3828 3772 3866 su-

2116 3899 2372 3970 periores
2394 3905 2587 3954 autem
2620 3900 2931 3954 ascendere
2963 3916 3076 3954 non
3110 3899 3634 3964 concedimus,nisi
3665 3915 3772 3955 ne-

2115 3987 2358 4042 cessitas
2388 3993 2444 4041 et
2476 3987 2696 4042 utilitas
2727 3988 2984 4042 maxima
3014 3987 3387 4060 ﬂagitaverit,
3417 3992 3474 4043 et
3502 3988 3772 4059 ipsorum

2114 4080 2317 4130 sancta
2345 4075 2703 4130 conversatio
2723 4077 3202 4146 promeruerit,et
3220 4076 3328 4131 hoc
3352 4081 3548 4131 tamen
3572 4076 3774 4148 ipsum

2109 4165 2298 4219 rarius
2329 4179 2463 4218 cum
2490 4168 2717 4219 cautela
2738 4169 2827 4220 est
2857 4165 3150 4236 praecipua
3180 4165 3644 4221 concedendum.

2108 4278 2242 4334 CAP.
2277 4278 2400 4332 407.
2433 4308 2500 4318 —
2527 4279 2599 4332 De
2641 4278 2809 4333 modo
2857 4279 3271 4335 reconciliandi.
3308 4279 3459 4334 Idem
3503 4278 3774 4338 Anselmo

2353 4349 2744 4405 Mediolancnsi
2771 4349 3185 4421 archiepiscOpo
3218 4352 3398 4423 (epist.
3433 4350 3508 4422 4).

2177 4437 2522 4494 Discretioni
2553 4443 2764 4494 nostra;
2795 4438 3048 4504 videtur,
3093 4443 3386 4510 quatenus
3440 4441 3772 4498 secundum

2110 4526 2380 4598 praecepti
2415 4527 2598 4582 nostri
2630 4531 2915 4594 tenorem,
2941 4528 3175 4598 quando
3209 4528 3532 4584 secundum
3565 4529 3773 4585 Eccle-

2108 4615 2204 4670 siae
2236 4621 2442 4671 vestrae
2475 4631 2694 4671 morem
2727 4631 2926 4671 sacros
2957 4616 3204 4672 daturus
3235 4616 3597 4688 quibuslibet
3627 4617 3768 4675 aliis

2107 4704 2362 4774 ordines,
2393 4704 2734 4760 benedicere
2789 4703 3055 4774 cmperis,
3089 4722 3187 4761 eos
3219 4721 3368 4776 quos
3399 4709 3501 4761 tua
3530 4706 3770 4762 duxerit

2105 4791 2342 4849 solertia
2370 4792 2856 4861 reconciliandos,
2876 4792 3028 4848 inter
3049 4793 3512 4850 benedicendum
3547 4799 3604 4850 et
3637 4811 3767 4850 ma-

2105 4897 2216 4936 nus
2250 4881 2671 4952 imponendum
2721 4879 2901 4936 facias
2951 4881 3256 4952 interesse,
3289 4881 3508 4954 quibus
3557 4887 3770 4939 caetera

341 4955 472 5013 CAP.
495 4957 621 5014 403.
640 4988 709 5000 -ο
735 4959 1361 5043 Utanat/icmatig-entur
1387 4968 1487 5043 qui
1503 4965 1732 5043 clericis
1754 4968 1996 5043 injurias
2102 4968 2300 5026 omnia
2329 4969 2786 5028 consecrationis
2815 4967 3209 5028 instrumenta
3231 4973 3440 5042 praeter
3462 4969 3767 5026 unctionis

793 5033 1057 5100 inferunt.
1089 5037 1236 5092 Ibid.
1267 5033 1542 5102 capfin.

2103 5059 2380 5131 explebis,
2413 5064 2470 5114 et
2502 5059 2585 5114 sic
2617 5057 2688 5112 ad
2721 5061 2924 5113 sancta
2949 5059 3275 5114 ministeria
3324 5057 3761 5115 reconciliabis.

409 5127 755 5243 Ῡῌίῗῗοίῖῗῗ
797 5130 1473 5243 {‘1‘32’f’fuﬂi‘iefiulaflﬁ
1505 5141 1870 5243 9”?“qu
1893 5146 1994 5198 aut
2099 5127 2232 5230 CAP.
2273 5127 2395 5230 400.
2429 5205 2496 5216 -
2531 5175 2595 5231 Ut
2624 5173 2812 5227 nullus
2841 5174 3130 5228 saecularis
3175 5190 3338 5243 super
3387 5174 3612 5229 clericos
3657 5172 3763 5227 ha-

338 5216 606 5284 diacono,
657 5223 758 5272 aut
806 5219 1046 5274 cuilibet
1098 5219 1326 5292 clerico,
1379 5229 1483 5280 aut
1527 5226 1599 5281 de
1631 5229 1988 5297 junioribus,

338 5305 565 5375 absque
622 5305 920 5360 audientis
977 5305 1235 5378 episcopi
1293 5309 1377 5363 vel
1439 5311 1855 5383 archidiaconi,
1889 5319 1989 5370 aut

339 5393 1137 5467 archipresbyteri,injuriam
1164 5395 1374 5452 inferre
1389 5414 1638 5469 praesum
1648 5401 1991 5472 pserit,ana-

338 5480 542 5539 thema
579 5485 668 5541 ab
724 5483 990 5542 omnium
1047 5483 1512 5544 Christianorum
1564 5493 1852 5547 consortio
1884 5491 1987 5547 ha-

340 5567 569 5628 beatur.

2169 5245 2330 5384 (acati
2368 5254 2727 5387 ﬂigi-starem.
2790 5244 3040 5299 Urbanus
3094 5246 3146 5299 II
3202 5245 3486 5317 Radulpha
3563 5243 3762 5300 comiti

2192 5333 2350 5385 epis.
2481 5358 2492 5372 .

2192 5333 2350 5385 epist.
2385 5333 2492 5385 ιιι).

2167 5403 2348 5458 Nosse
2374 5409 2431 5459 te
2461 5403 2732 5459 volumus
2749 5404 2888 5475 quia
2904 5402 3054 5459 nulli
3086 5404 3349 5462 seculari
3384 5404 3629 5463 Domino
3652 5419 3760 5478 po-

2099 5495 2362 5547 testatem
2397 5492 2453 5548 in
2489 5491 2730 5548 clericos
2753 5492 2966 5547 habere
2991 5491 3129 5548 licet
3154 5512 3169 5564 ;
3204 5497 3304 5552 sed
3324 5511 3529 5551 omnes
3554 5493 3756 5551 clerici

2095 5578 2363 5650 episcopo
2395 5580 2505 5639 soli
2535 5596 2664 5638 esse
2694 5578 2906 5636 debent
2933 5579 3202 5650 subjecti.
3237 5582 3584 5656 Quicunque
3603 5597 3753 5641 vero
