3994 6052
224 310 330 365 533

1212 378 1213 381 η
1283 318 1593 371 DECRETI
1637 320 1819 371 PARS
1861 317 1949 368 VI.
1979 344 2045 355 -
2076 318 2169 369 DE
2209 317 2552 371 CLERICIS.

3528 318 3635 374 534

228 432 393 485 aliter
414 435 1188 505 praesumpserit,canonicce
1216 440 1411 509 procul
1439 439 1616 494 dubio
1642 442 1871 493 scnten-
1904 439 1956 503 Α
1988 438 2046 491 ἱιι
2079 437 2408 492 seminibus
2441 452 2553 491 non
2593 440 2789 507 peccat
2820 441 2994 505 terra,
3030 452 3154 508 quae
3185 439 3484 506 confovet;
3521 456 3635 495 non

226 521 319 575 tite
353 522 704 590 subjaccbit.

226 610 362 686 CM}.
398 610 520 665 409.
557 614 729 686 —‘De
773 629 831 668 eo
881 617 977 683 qui
1005 618 1127 670 sine
1155 618 1569 673 subdiaconatu
1594 620 1773 686 factus
1800 623 1881 670 est

295 682 578 737 diaconus.
615 682 928 739 Alexander
965 690 1231 743 secundus
1280 690 1547 745 Rumaldo
1593 682 1880 743 Crimaldo

299 755 711 809 Constantiensi
739 760 1004 826 episcopo.

300 843 457 910 (Dist.
494 845 584 908 5‘2,
630 861 675 898 (ξ.
725 845 1096 914 Sollicitudo).
1155 848 1497 904 Sollicitudo
1547 848 1879 903 dilectionis

244 936 354 983 tua:
387 932 616 985 studuit
643 934 1172 995 consulere.utrum
1199 938 1441 1006 portitor
1462 938 1708 993 istarum
1734 937 1883 991 litte-

230 1036 432 1073 rarum
468 1020 809 1077 diaconatus
841 1028 896 1077 et
928 1026 1363 1096 presbyteratus
1382 1027 1638 1081 officium
1663 1028 1741 1079 sit
1765 1026 1883 1080 ido-

231 1124 376 1162 neus
401 1124 698 1179 peragere,
718 1126 823 1165 nec
848 1128 950 1166 ne:
974 1130 1107 1167 cum
1131 1115 1202 1167 ad
1229 1113 1282 1169 id
1316 1132 1677 1185 praepropero
1701 1132 1878 1169 cursu

228 1196 498 1252 videlicet
521 1199 647 1254 sine
661 1200 1122 1257 subdiaconatus
1154 1204 1374 1271 ordine,
1402 1202 1755 1274 negligentia
1786 1220 1880 1273 po-

228 1286 349 1340 tius
382 1303 559 1355 quam
596 1289 870 1359 superbia
908 1297 1296 1361 cognoscatur
1328 1292 1683 1347 ascendisse.
1718 1292 1880 1347 Unde

228 1392 335 1429 nos
360 1376 717 1431 consulendo
750 1378 1020 1434 charitati
1050 1385 1183 1446 tuae,
1214 1382 1563 1435 mandamus
1604 1386 1668 1435 ut
1690 1381 1762 1435 ab
1794 1380 1877 1435 of-

228 1465 361 1521 ficio
396 1465 742 1521 sacerdotali
794 1483 927 1521 eum
978 1468 1356 1538 prohibeatis,
1392 1471 1575 1524 donec
1617 1469 1881 1540 proximo

227 1556 490 1618 Quatuor
519 1556 870 1625 Temporum
893 1558 1118 1625 jejunio
1143 1558 1603 1613 subdiaconatus
1626 1558 1880 1612 ministe-

227 1643 383 1697 rium
418 1643 528 1697 sibi
562 1643 670 1698 rite
702 1644 995 1716 imponas,
1034 1650 1089 1701 ct
1121 1646 1203 1701 sic
1236 1647 1513 1716 deinceps
1546 1648 1615 1701 ad
1654 1649 1879 1715 majora

227 1733 423 1787 officia
453 1749 585 1786 eum
622 1734 813 1787 redire
844 1736 1152 1789 concedas.

226 1823 363 1876 CAP.
400 1822 521 1876 410.
555 1853 623 1861 —
656 1823 728 1876 De
771 1822 903 1889 ﬁliis
941 1823 1283 1877 sacerdotum
1309 1829 1603 1879 Decretum
1634 1825 1887 1894 Gregorii
1920 1804 1963 1868 Β

395 1894 481 1947 VII
508 1902 558 1947 et
590 1894 801 1949 Urbani
830 1894 876 1947 II
916 1899 1089 1960 (conc.
1124 1896 1487 1963 Mel/itanum,
1519 1913 1564 1951 ε.
1602 1898 1707 1959 14).

304 1981 461 2049 (Dist.
494 1983 585 2043 56,
612 1999 658 2036 c.
694 1983 1186 2053 Presbyteroruxm).
1224 1988 1699 2057 Presbyterorum
1723 1985 1873 2039 filios

226 2086 262 2123 a
294 2070 444 2124 sacri
476 2069 678 2125 altaris
711 2071 1054 2126 ministeriis
1080 2073 1460 2128 removendos
1482 2074 1872 2139 decernimus,

225 2158 342 2212 nisi
369 2164 470 2213 aut
501 2160 558 2213 in
590 2160 893 2224 coenobiis,
925 2166 1027 2216 aut
1058 2160 1117 2215 in
1162 2162 1460 2217 canonicis
1506 2162 1874 2232 regularibus

224 2246 371 2318 [reg.
403 2263 514 2301 non
545 2248 779 2303 habetur
810 2249 868 2303 in
890 2250 1055 2319 orig]
1089 2250 1361 2321 religiose
1386 2250 1613 2321 probati
1666 2250 1879 2305 fuerint

225 2353 580 2391 conversari.

234 2425 372 2480 CAP.
406 2427 529 2480 411.
578 2457 647 2466 —
671 2427 743 2480 De
764 2427 1060 2481 stabilitate
1088 2430 1477 2483 canonicorum
1509 2430 1877 2497 regularium,

652 2499 906 2554 Urbanus
937 2500 984 2552 II
1009 2500 1191 2554 abbati
1218 2503 1277 2554 S.
1313 2500 1451 2568 Ruﬁ.

299 2586 627 2640 Staluimus
672 2603 743 2641 ne
790 2587 1175 2657 professionis
1221 2588 1512 2643 canonicis
1561 2588 1875 2658 quispiam,

228 2679 536 2745 postquam
568 2675 665 2729 Dei
688 2676 811 2729 vice
835 2692 1013 2746 super
1032 2682 1209 2747 caput
1228 2676 1339 2731 sibi
1363 2676 1661 2731 hominem
1690 2676 1878 2746 impo-

229 2763 433 2829 suerit,
460 2763 714 2833 alicujus
747 2763 999 2819 levitatis
1032 2764 1338 2832 instinctu,
1388 2764 1473 2819 vel
1506 2764 1879 2820 districtioris

232 2851 536 2922 religionis
569 2852 834 2917 obtentu,
867 2868 934 2905 ex
966 2854 1169 2907 eodem
1203 2852 1457 2907 claustro
1489 2854 1701 2907 audeat
1754 2853 1879 2908 sine

233 2940 775 3012 abbatistotiusque
802 2941 1269 3012 congregationis
1284 2942 1669 3012 permissione
1693 2942 1878 2997 disce-

234 3030 391 3093 dere;
419 3029 815 3083 discedentem
842 3046 975 3084 vero
997 3030 1193 3084 nullus
1224 3030 1529 3097 abbatum,
1552 3030 1636 3084 vel
1661 3031 1880 3101 episco-

233 3134 461 3189 porum,
488 3122 545 3173 et
575 3117 773 3172 nullus
807 3118 1223 3173 monachorum
1254 3118 1379 3173 sine
1409 3120 1708 3173 communi
1732 3118 1877 3174 litte-

231 3222 431 3260 rarum
466 3206 754 3272 cautione,
782 3207 1089 3277 suscipiat.

231 3295 358 3349 CAP.
397 3295 519 3348 412.
546 3326 613 3334 -—
646 3296 719 3348 De
748 3295 1021 3357 ordinatis
1043 3312 1081 3349 α
1112 3311 1219 3348 non
1244 3298 1359 3350 suis
1389 3296 1670 3366 episcopis.
1701 3297 1884 3352 Urba-

525 3382 631 3421 nus
673 3368 895 3433 IIugoni
938 3367 1288 3436 Lugdunensi
1316 3370 1583 3437 episcopo.

302 3454 375 3519 (9,
409 3470 460 3523 q.
483 3457 538 3519 2,
562 3471 609 3509 c.
651 3455 1046 3525 Lugdunensi.)
1067 3455 1473 3524 Lugdunensis
1500 3454 1887 3525 Ecclesim[pa—

234 3542 465 3608 rochiaa,
493 3544 582 3598 Gr.
610 3553 662 3598 et
714 3544 873 3612 Vict.]
926 3543 1188 3607 clericos,
1231 3560 1377 3613 quos
1426 3548 1629 3597 contra
1666 3548 1885 3598 statuta

234 3646 526 3685 canonum
562 3632 634 3685 ab
668 3630 911 3685 alterius
945 3632 1209 3701 parcecize
1250 3634 1540 3703 episcopis
1588 3634 1885 3688 ordinatos

230 3718 565 3773 litterarum
589 3724 827 3775 tuarum
864 3721 1295 3791 significatione
1342 3722 1705 3788 monstrasti,
1749 3738 1883 3776 cum

235 3809 523 3879 graduum
559 3826 801 3863 suorum
835 3808 1054 3864 honore
1114 3810 1369 3881 recipere
1418 3810 1717 3882 religionis
1771 3814 1885 3864 tuae

234 3896 449 3967 poterit
479 3897 811 3967 prudentia,
847 3898 895 3952 si
929 3916 1025 3953 eos
1050 3898 1192 3953 alias
1235 3902 1510 3954 canonice
1528 3904 1582 3953 et
1613 3899 1736 3953 sine
1762 3916 1886 3969 pra-

234 3984 413 4039 vitate
444 3985 641 4056 aliqua
699 3986 1027 4041 constiterit
1074 3986 1404 4053 ordinatos;
1450 3987 1499 4042 si
1548 3991 1739 4043 tamen
1786 4003 1885 4042 eo-

242 4090 376 4127 rum
408 4074 585 4128 vitam
621 4075 979 4145 probabilem
1015 4075 1072 4129 in
1104 4076 1482 4147 indulgentiae
1517 4078 1881 4148 perspexeris

243 4163 561 4233 promereri
585 4164 737 4233 (Vide
765 4164 1060 4229 Socratem,
1092 4165 1465 4219 ecclesiasticae
1496 4165 1752 4221 Historiae
1784 4166 1881 4221 lib.

233 4270 311 4319 v1,
349 4254 415 4307 12
445 4262 497 4308 et
527 4254 633 4323 13).
670 4253 1177 4327 Legimusquippe
1194 4261 1463 4311 sanctum
1490 4256 1882 4329 Epiphanium

230 4342 574 4413 episcopum
606 4359 635 4397 e
665 4343 899 4399 dioecesi
952 4344 1141 4398 sancti
1194 4344 1443 4399 Joannis
1485 4344 1881 4417 Cbrysoslomi

232 4431 521 4501 quosdam
556 4430 798 4487 clericos
822 4432 1148 4487 ordinasse.
1184 4434 1345 4498 Quod
1379 4438 1615 4489 sanctus
1635 4435 1726 4487 vir
1757 4451 1880 4489 om-

230 4519 372 4574 nino
403 4537 517 4574 non
552 4520 800 4587 fecisset,
828 4521 877 4576 si
900 4521 979 4575 eis
1006 4521 1430 4577 detrimentum
1483 4523 1602 4577 fore
1632 4539 1878 4595 perpen-
1912 4524 1957 4587 D

231 4609 414 4662 deret.
450 4610 604 4674 Quos
636 4623 771 4679 ergo
806 4609 1170 4681 recipiendos
1222 4611 1540 4667 moderatio
1572 4616 1674 4666 tua
1722 4612 1877 4667 arbi»

232 4698 387 4749 trata
421 4695 613 4764 fuerit,
647 4695 915 4765 injuncta
952 4698 1371 4753 satisfactionis
1402 4699 1611 4769 gratia,
1646 4706 1880 4772 propter

233 4783 552 4838 Ecclesiam
588 4801 765 4856 quam
802 4786 1190 4851 offenderunt,
1235 4804 1492 4857 congrua
1515 4788 1877 4859 poenitentia,

234 4872 634 4927 miserationis
666 4873 907 4940 intuitu,
942 4874 997 4928 in
1032 4892 1136 4929 suo
1170 4892 1463 4945 quemque
1481 4876 1701 4931 honore
1734 4878 1878 4932 reci-

234 4959 380 5031 pies,
414 4960 579 5015 salva
612 4961 670 5015 in
705 4962 983 5017 omnibus
1014 4966 1349 5018 sanctorum
1383 4980 1669 5019 canonum
1703 4965 1878 5020 disci-

234 5047 415 5118 plina.

235 5136 361 5211 Car.
397 5136 521 5191 413.
551 5168 620 5211 -έ-
651 5139 767 5193 Νοη
797 5138 975 5194 obesse
1000 5140 1391 5196 inhonestatem
1421 5151 1722 5210 parentum
1744 5142 1879 5211 filiis

304 5207 528 5283 tione-ste
554 5210 877 5283 viventibus.
921 5212 1279 5283 Hieronymus
1320 5216 1377 5265 in
1420 5207 1658 5283 epistola
1688 5207 1879 5269 contra

306 5278 566 5345 Ruﬁnum
599 5281 718 5349 (lib.
754 5298 814 5345 ιι,
847 5298 933 5348 ep.
963 5282 1032 5335 ad
1066 5278 1387 5337 Pammachi
1416 5278 1674 5340 adversus
1704 5294 1877 5341 terro-

304 5366 393 5403 res
420 5354 658 5407 Joannis
691 5352 1097 5423 Hierosolym.).

303 5437 465 5508 (Dist.
495 5441 588 5507 56,
610 5458 656 5495 ο.
686 5442 849 5496 Nasci
876 5440 938 5496 de
967 5439 1246 5495 adulterio
1268 5457 1285 5501 .·
1316 5442 1403 5496 hic
1424 5446 1605 5499 variat
1632 5444 1761 5501 ordo
1782 5463 1877 5499 ra-

224 5527 410 5596 pitum
444 5528 501 5582 in
539 5530 757 5599 Victor.)
789 5529 959 5584 Nasci
1018 5529 1088 5580 de
1139 5528 1425 5581 adulterio
1469 5550 1578 5585 nnn
1635 5540 1721 5586 est
1751 5536 1877 5601 ejus

237 5613 407 5686 culpa
440 5618 539 5686 qui
575 5619 854 5686 nascitur,
878 5618 975 5673 sed
1002 5615 1162 5671 illius
1187 5618 1877 5688 quigencrat.Quomudo

1992 542 2185 581 semen
2241 526 2392 597 quod
2427 525 2485 579 in
2515 524 2692 579 sulcis
2717 526 2964 594 jacitur;
2996 542 3110 581 non
3144 525 3359 582 humor
3390 532 3446 582 et
3478 529 3637 584 calor

1990 616 2203 685 quibus
2234 618 2557 685 temperata
2598 614 2891 669 frumenta
2924 615 2979 668 in
3040 631 3274 685 germen
3326 616 3635 687 pullulant,

1992 704 2115 768 sed,
2150 704 2303 757 verbi
2343 704 2551 774 gratia,
2587 704 2676 757 fur
2706 708 2763 758 et
2797 704 2944 758 latro
2978 703 3076 774 qui
3111 705 3311 759 fraude
3343 709 3399 759 et
3428 705 3482 758 vi
3529 706 3640 760 eri-

1990 793 2076 863 pit
2108 792 2354 847 semina.
2395 791 2487 847 Sic
2520 808 2704 863 genus
2738 792 3063 847 humanum
3113 794 3316 863 recipit
3361 798 3537 859 terra,
3588 794 3645 849 id

1990 886 2076 935 est
2110 880 2295 946 vulva,
2363 881 2512 951 quod
2561 898 2733 935 suum
2778 884 2885 948 est,
2930 886 2985 935 et
3008 885 3304 951 receptum
3365 883 3651 950 confovet,

1991 970 2287 1024 confotum
2328 974 2619 1040 corporat,
2654 973 3021 1040 corporatum
3054 969 3112 1023 in
3147 970 3411 1024 membra
3440 970 3646 1025 distin-

1990 1060 2148 1129 guit;
2184 1063 2239 1113 et
2273 1060 2429 1113 inter
2460 1058 2589 1112 illas
2621 1058 2803 1113 sacris
2827 1059 3045 1113 ventris
3069 1058 3372 1128 angustias
3398 1058 3492 1113 Dei
3524 1076 3644 1113 ma-

1991 1165 2103 1202 nus
2128 1164 2363 1219 semper
2384 1150 2677 1217 operatur,
2707 1146 2979 1216 idemque
3001 1153 3091 1201 est
3127 1147 3386 1217 corporis
3410 1148 3647 1201 Greater

1991 1243 2049 1292 et
2082 1237 2309 1291 anime.
2346 1236 2473 1290 Noli
2535 1236 2834 1306 despicere
2878 1236 3200 1290 bonitatem
3254 1235 3413 1307 figuli
3463 1236 3643 1307 quite

1991 1327 2309 1397 plasmavit
2342 1331 2397 1380 et
2429 1326 2563 1381 fecit
2594 1330 2655 1379 ut
2685 1323 2895 1393 voluit;
2946 1325 3068 1396 ipse
3092 1330 3179 1379 est
3209 1325 3308 1379 Dei
3340 1325 3551 1391 virtus,
3581 1330 3639 1379 et

1992 1415 2091 1470 Dei
2116 1415 2405 1486 sapientia
2428 1416 2469 1482 (I
2495 1414 2615 1469 Cor.
2650 1416 2690 1480 ι)
2722 1430 2847 1483 qua:
2881 1416 2937 1467 in
2971 1418 3134 1468 utero
3162 1412 3423 1484 Virginis
3450 1412 3633 1467 (edifi-

1991 1504 2141 1559 cavit
2174 1502 2284 1558 sibi
2321 1504 2583 1557 domum.
2607 1502 2814 1573 Jephte
2843 1502 2997 1556 inter
3025 1502 3180 1557 viros
3200 1507 3443 1557 sanctos
3470 1518 3644 1571 apos-

1990 1592 2090 1647 toli
2124 1608 2257 1646 voce
2293 1596 2636 1645 numeratus
2669 1592 2849 1649 (Hebr.
2885 1592 2947 1661 ιι)
2976 1590 3296 1645 meretricis
3347 1594 3435 1645 est
3481 1589 3639 1643 ﬁlius

1990 1680 2179 1751 (Judic
2210 1681 2294 1750 ιι).
2333 1680 2478 1734 Esau
2514 1684 2569 1733 et
2599 1679 2859 1733 Rebecca
2889 1684 2946 1733 et
2994 1679 3153 1734 Isaac
3203 1679 3471 1749 hispidus
3520 1683 3640 1732 tam

1999 1775 2191 1823 mente
2224 1786 2399 1839 quam
2431 1784 2667 1839 corpore
2701 1768 2853 1838 (Gen.
2874 1768 3022 1837 xxv),
3047 1768 3211 1837 quasi
3247 1768 3463 1821 bonum
3492 1767 3638 1821 triti-

1995 1877 2127 1915 cum
2164 1861 2217 1913 in
2256 1860 2459 1913 lolium
2492 1874 2821 1928 avenasque
2854 1860 3187 1929 degenerat,
3219 1859 3358 1929 quia
3397 1874 3509 1912 non
3546 1873 3636 1911 sc-

1990 1949 2271 2015 minibus,
2308 1949 2406 2003 sed
2435 1948 2491 2001 in
2522 1946 3130 2003 voluntatenoscentis
3161 1964 3337 2002 causa
3358 1946 3630 2001 vitiorum

1983 2043 2069 2093 est
2098 2041 2271 2107 atque
2300 2037 2606 2091 virtutum.

1985 2145 2117 2195 CAP.
2153 2142 2274 2195 414.
2309 2172 2375 2181 -
2408 2143 2481 2195 De
2510 2142 2693 2196 eodem
2713 2142 3121 2211 Chrysostomus
3142 2157 3305 2211 super
3320 2140 3636 2196 Matthwum

2057 2214 2285 2337 gamma
2316 2214 2349 2265 3
2380 2214 2473 2339 (‘ad
2503 2214 2686 2267 locum
2740 2215 2932 2269 Matth.
2990 2214 3158 2269 Iudas
3206 2216 3391 2267 autem
3446 2211 3637 2281 genuit

2140 2300 2279 2339 ares.
2311 2301 2359 2337 c.
2431 2324 2445 2339 .

2058 2373 2214 2443 (Dist.
2238 2375 2327 2439 56,
2361 2389 2407 2427 ε.
2440 2373 2784 2443 Nunquam.)
2812 2373 3124 2443 Nunquam
3177 2373 3249 2425 de
3305 2371 3465 2426 vitiis
3510 2386 3639 2425 eru-

1989 2461 2298 2515 bescamus
2349 2466 2682 2531 parentum,
2731 2462 2829 2515 sed
2880 2476 3062 2513 unum
3114 2459 3256 2514 illud
3305 2475 3641 2529 quaeramus

1989 2548 2787 2619 semper,amplectamurque
2808 2547 3463 2616 virtutem.Hujusmodi
3482 2548 3641 2602 enim

1987 2637 2219 2693 etiamsi
2253 2636 2645 2707 alienigenam
2677 2637 2891 2691 habeat
2914 2636 3367 2703 matrem,etiam
3393 2636 3440 2690 si
3466 2636 3640 2689 forni-

1988 2728 2216 2781 catione
2248 2726 2556 2795 pollutam,
2582 2725 2669 2779 vel
2700 2724 2961 2795 quolibet
2995 2724 3335 2793 hujusmodi
3358 2724 3639 2777 dedecore

1989 2814 2370 2884 sordidatam,
2406 2813 2549 2868 nihil
2583 2818 2777 2868 tamen
2810 2814 2881 2867 de
2911 2814 3040 2881 eius
3070 2817 3175 2866 aut
3204 2811 3421 2866 vilitate
3446 2811 3638 2866 fusca-

1990 2904 2167 2974 bitur,
2214 2908 2316 2957 aut
2355 2902 2599 2958 crimine
2659 2900 2973 2972 polluetur.
3024 2902 3183 2966 Quod
3228 2899 3639 2955 fornicatorem

1991 2993 2184 3063 ipsum
2219 2992 2288 3045 ad
2324 2989 2565 3045 meliora
2596 3006 2940 3045 conversum
2965 3004 3329 3057 nequaquam
3346 2986 3504 3057 prior
3522 2986 3642 3042 vita

1990 3079 2401 3147 commaculat,
2436 3078 2621 3133 multo
2676 3078 2866 3149 magis
2925 3093 2993 3131 ex
3046 3076 3350 3130 meretrice
3382 3082 3555 3131 natus
3586 3080 3643 3130 et

1914 3157 1956 3223 C
1995 3169 2279 3231 adultera,
2327 3168 2375 3221 si
2426 3167 2659 3238 propria
2704 3167 2918 3220 virtute
2970 3165 3297 3228 decoretur,
3332 3170 3639 3235 parentum

1996 3275 2235 3314 suorum
2271 3274 2385 3312 non
2417 3256 2787 3310 decoloratur
2819 3253 3169 3325 opprobriis.
3193 3255 3347 3307 Item.
3380 3252 3503 3307 Non
3555 3256 3645 3307 est

1994 3348 2257 3412 omnino,
2284 3362 2397 3399 non
2420 3351 2509 3399 est
2537 3360 2638 3397 nec
2680 3344 2748 3397 de
2770 3343 3006 3408 virtute,
3042 3357 3145 3396 nec
3168 3341 3239 3394 de
3259 3340 3401 3395 vitio
3434 3356 3641 3411 paren-

1993 3442 2120 3491 tum
2153 3439 2253 3488 aut
2302 3434 2634 3488 laudandus
2685 3431 2899 3500 aliquis
2948 3434 3049 3484 aut
3091 3429 3439 3499 culpandus,
3472 3443 3644 3482 nemo

1994 3526 2130 3579 inde
2160 3540 2291 3577 vere
2316 3526 2418 3575 aut
2440 3521 2724 3576 obscurus
2758 3524 2859 3573 aut
2885 3518 3078 3574 clarus
3110 3524 3217 3573 est.
3269 3518 3390 3572 Imo
3440 3516 3640 3585 etiam,

1995 3620 2058 3667 ut
2089 3609 2519 3667 consideratius
2575 3608 2796 3679 aliquid
2855 3608 3123 3661 dicamus
3172 3624 3237 3661 ac
3284 3604 3641 3677 expressius.

1996 3702 2194 3756 nescio
2228 3698 2521 3770 quomodo
2576 3696 2764 3767 magis
2798 3695 2897 3749 ille
2930 3695 3279 3766 resplendet,
3315 3695 3415 3765 qui
3468 3699 3642 3749 natus

1994 3794 2081 3844 est
2111 3804 2177 3842 ex
2213 3786 2554 3858 parentibus
2588 3802 2620 3837 a
2646 3783 2967 3838 virtutibus
2998 3799 3236 3853 prorsus
3260 3783 3487 3847 alienis,
3514 3784 3641 3853 ipse

1991 3882 2187 3932 tamen
2213 3874 2388 3929 fuerit
2419 3875 2488 3928 de
2519 3873 2732 3927 virtute
2766 3871 3069 3927 mirabilis.

1992 3989 2127 4039 CAP.
2160 3982 2284 4035 415.
2319 4009 2386 4019 —-
2420 3981 2492 4033 De
2523 3979 2729 4033 eodem.
2768 3978 3048 4032 Sententia
3083 3978 3375 4048 Augustini
3398 3978 3463 4032 de
3508 3977 3642 4032 bono

2529 4051 2835 4120 conjugali,
2868 4066 2987 4119 cap.
3023 4051 3106 4104 16.

2066 4143 2226 4213 (Dist.
2256 4143 2347 4210 56,
2371 4157 2418 4193 c.
2455 4140 2866 4208 Undecunque.)
2889 4137 3287 4207 Undecumque
3326 4139 3647 4190 nascantur

1992 4232 2283 4299 homines,
2308 4230 2357 4283 si
2394 4232 2696 4298 parentum
2734 4225 2876 4279 vitia
2907 4241 3020 4278 non
3046 4229 3341 4281 sectentur
3371 4227 3428 4277 et
3460 4226 3642 4276 Deum

1992 4326 2146 4376 recte
2177 4318 2391 4381 colant,
2426 4315 2655 4369 honesti
2709 4318 2765 4368 et
2792 4313 2935 4367 salvi
2968 4316 3161 4366 erunt.
3218 4312 3426 4367 Semen
3481 4311 3638 4366 enim

1994 4408 2251 4464 hominis
2282 4423 2350 4461 ex
2382 4403 2779 4475 qualicunque
2811 4400 3048 4456 homine
3079 4401 3180 4456 Dei
3213 4405 3481 4455 creatura
3524 4404 3636 4466 est,

1993 4502 2049 4553 et
2078 4512 2143 4551 eo
2176 4494 2325 4549 male
2356 4491 2659 4546 utentibus
2691 4489 2842 4544 male
2873 4490 3335 4559 erit,nonipsum
3360 4488 3632 4560 aliquan-

1989 4589 2061 4641 do
2094 4584 2315 4638 malum
2349 4580 2477 4636 erit.
2511 4579 2672 4634 Sicut
2701 4583 2896 4632 autem
2933 4578 3035 4631 filii
3061 4577 3197 4631 boni
3230 4576 3627 4631 adulterorum

1990 4672 2150 4727 nulla
2180 4669 2439 4725 defensio
2471 4672 2559 4721 est
2590 4666 2855 4720 adulterii
2889 4664 3356 4735 (adulteriorum,
3406 4665 3546 4733 orig.
3580 4672 3632 4719 et

1995 4762 2174 4830 Vict.],
2207 4759 2289 4815 sic
2322 4758 2461 4813 mali
2493 4755 2594 4809 filii
2635 4755 3080 4826 conjugatorum
3125 4753 3351 4808 nullum
3408 4757 3626 4809 crimen

1988 4855 2079 4906 est
2108 4849 2467 4919 nuptiarum.

1988 4949 2120 5003 CAP.
2160 4948 2282 4999 416.
2332 4976 2400 4985 -
2449 4946 2581 4998 Item
2627 4943 2690 4996 de
2739 4946 2941 4997 eodem.
2995 4941 3135 4995 Idem
3194 4941 3249 4994 in
3296 4940 3532 5011 epistola
3562 4940 3632 4995 ad

2060 5020 2452 5087 Hieronymum
2478 5016 2854 5086 presbyterum
2885 5013 2948 5068 de
2974 5015 3187 5083 origine
3215 5012 3423 5069 anima:
3453 5014 3630 5083 (epist.

2058 5090 2148 5155 28,
2182 5092 2237 5142 in
2260 5086 2480 5156 medio).

2060 5177 2205 5231 Illud
2240 5177 2393 5246 quod
2430 5176 2489 5229 in
2535 5175 2682 5229 libro
2730 5175 3010 5229 adversus
3042 5172 3320 5228 Rufinum
3357 5171 3627 5243 posuisti,

1988 5268 2275 5337 quosdam
2310 5263 2443 5319 huic
2494 5267 2792 5319 sententiae
2842 5262 3187 5318 calumniari
3240 5262 3391 5333 quod
3447 5262 3628 5314 Deum

1988 5357 2125 5410 dare
2165 5354 2393 5409 animas
2424 5352 2769 5407 adulterinis
2792 5353 3169 5422 conceptibus
3191 5346 3629 5405 videaturindi-

1988 5458 2191 5514 gnum,
2227 5442 2380 5497 unde
2411 5446 2697 5497 conantur
2736 5444 2997 5496 astruere
3029 5439 3253 5493 meritis
3285 5440 3464 5508 gesta:
3495 5438 3631 5491 ante

1987 5546 2217 5585 carnem
2242 5531 2626 5595 vitae,animns
2650 5530 2815 5595 quasi
2838 5529 2905 5582 ad
2932 5526 3226 5595 ergastula
3247 5525 3426 5595 hujus
3448 5542 3627 5580 mun-

1988 5620 2045 5673 di
2072 5620 2229 5687 juste
2250 5636 2419 5688 posse
2443 5618 2715 5688 perduci:
2747 5636 2856 5669 non
2888 5632 2977 5670 me
3000 5620 3189 5668 movet
3240 5615 3423 5670 multa
3471 5614 3626 5684 cogi-
