3972 6056
343 283 450 341 535

1429 286 1497 336 D.
1539 283 1778 337 IVONIS
1814 283 2308 340 CARNOTENSIS
2344 284 2668 341 EPISCOPI

3647 287 3763 341 536

343 411 587 473 tantem,
620 403 839 476 quibus
870 402 990 458 haec
1022 401 1320 458 calumnia
1361 402 1550 474 possit
1597 403 1862 459 refutari.
1914 405 1989 458 Et
2019 409 2068 474 Α
2103 405 2314 474 stolici,
2368 410 2826 479 caeterorumque
2858 407 3134 462 Romanis
3165 407 3436 463 Ecclesiae
3461 408 3768 481 episcopo-

343 497 498 568 quod
525 496 648 566 ipse
679 492 1054 564 respondisti,
1079 507 1195 547 non
1231 507 1358 546 esse
1383 491 1590 546 vitium
1620 493 1897 549 sementis
1928 493 1989 548 in

343 585 558 652 tritico,
590 583 746 655 quod
782 583 930 637 furto
959 581 1172 634 dicitur
1205 597 1332 635 esse
1367 581 1683 649 sublatum,
1719 583 1818 636 sed
1843 581 1899 636 in
1924 599 1989 636 eo

341 674 442 745 qui
475 674 838 728 frumentum
863 672 1089 724 furatus
1110 673 1226 737 est;
1255 687 1360 725 nec
1381 670 1599 726 idcirco
1623 676 1840 726 terram
1875 688 1988 726 non

341 763 617 818 debuisse
646 759 868 832 gremio
900 775 1005 813 suo
1029 758 1256 813 semina
1310 759 1635 824 confovere,
1683 760 1782 831 qui
1833 764 1992 815 sator

340 851 648 907 immunda
676 847 1067 919 eaprojecerit
1098 863 1300 915 manu,
1322 847 1761 919 elgeantissima
1791 849 1992 904 simili-

339 941 480 996 tudo
504 943 612 994 est.
645 941 830 1002 Quam
890 939 946 992 et
1003 939 1320 1006 antequam
1378 937 1632 1009 legerem
1674 938 1990 994 nonnullas

345 1027 558 1098 [nullas
589 1026 727 1095 orig.
763 1027 814 1078 et
847 1024 1004 1094 Vict]
1029 1023 1172 1078 mihi
1197 1025 1446 1094 objectio
1470 1025 1583 1080 ista
1615 1027 1684 1081 de
1717 1026 1991 1082 adulteri-

338 1115 434 1170 nis
454 1115 750 1180 fetibus,in
776 1113 885 1168 hac
907 1113 1228 1184 quaestione
1256 1113 1505 1170 faciebat
1529 1115 1855 1187 angustias,
1889 1132 1989 1187 ge-

339 1201 881 1259 neraliterintuenti
900 1201 1086 1256 multa
1102 1202 1256 1257 bona
1285 1202 1469 1258 Deum
1493 1204 1702 1271 facere,
1722 1204 1897 1259 etiam
1921 1204 1992 1259 de

339 1292 556 1348 nostris
579 1291 749 1347 malis
773 1290 1111 1361 nostrisque
1133 1292 1409 1362 peccatis.
1452 1293 1740 1349 Animalis
1795 1297 1989 1348 autem

340 1383 746 1452 cujuscunque
767 1380 1069 1445 creatio,si
1092 1380 1305 1436 habeat
1330 1383 1681 1453 prudentem
1708 1381 1992 1453 piumque

341 1470 864 1535 consideratorem,
893 1468 1248 1524 ineffabilem
1281 1470 1512 1525 laudem
1571 1471 1826 1527 Creatori
1847 1471 1990 1526 exci-

343 1565 448 1626 tat,
478 1563 698 1631 quanto
729 1558 916 1629 magis
948 1559 1164 1614 creatio
1196 1577 1310 1616 non
1343 1561 1664 1631 cujuslibet
1693 1559 1988 1631 animalis,

343 1650 443 1704 sed
478 1647 777 1705 hominis?

344 1764 633 1850 Capt-4”.
667 1794 737 1850 ῖ-
764 1765 1156 1850 Debaptz’smp,
1179 1768 1240 1850 et
1268 1773 1562 1850 parentum
1607 1765 1898 1850 sacrilegio
1931 1769 1989 1820 in
2021 1785 2068 1850 Β

415 1837 570 1906 ﬁliis.
636 1839 990 1908 Augustinus
1044 1837 1114 1890 ad
1169 1836 1527 1907 Boni/"actum
1586 1836 1651 1892 de
1719 1839 1991 1908 baptismo

415 1909 592 1978 (epist.
625 1907 738 1978 23).

412 2014 566 2084 (Lq.
599 2013 652 2079 4,
686 2014 810 2068 Jam
836 2013 1066 2083 itaque.)
1098 2012 1229 2067 Jam
1282 2012 1479 2082 itaque
1524 2030 1657 2069 cum
1705 2014 1880 2070 homo
1932 2014 1992 2070 in

343 2100 536 2172 seipso
567 2105 657 2157 est
677 2101 750 2156 ab
781 2117 847 2156 eo
880 2102 980 2171 qui
1009 2102 1236 2172 genuit,
1267 2102 1413 2157 alter
1443 2107 1532 2157 est
1563 2104 1822 2171 effectus,
1856 2119 1994 2174 pec-

342 2195 470 2246 cato
501 2191 744 2246 alterius
769 2191 896 2245 sine
913 2208 1018 2246 sua
1041 2192 1448 2261 consensione,
1484 2210 1598 2247 non
1643 2198 1872 2249 tenetur
1892 2195 1992 2248 ob-

340 2279 782 2334 noxius.Traxit
803 2295 939 2350 ergo
965 2280 1360 2350 reatum,quia
1386 2297 1540 2334 unus
1559 2285 1843 2337 eratcum
1872 2281 1992 2347 illo,

339 2367 471 2422 etin
497 2367 594 2422 illo
621 2384 653 2420 a
683 2384 799 2438 quo
823 2367 1025 2433 traxit,
1045 2369 1280 2438 quando
1299 2370 1452 2440 quod
1471 2371 1648 2424 traxit
1665 2371 1990 2425 admissum

338 2460 452 2511 est.
487 2455 610 2512 Non
631 2459 830 2511 autem
875 2456 1054 2510 trahit
1077 2455 1225 2511 alter
1256 2457 1328 2511 ab
1365 2458 1569 2525 altero,
1603 2460 1839 2529 quando
1888 2476 1996 2514 sua

341 2560 699 2616 unoquoque
730 2544 965 2616 propria
993 2545 1113 2600 vita
1141 2545 1388 2615 vivente,
1416 2552 1535 2617 jam
1561 2552 1650 2602 est
1665 2549 1820 2603 unde
1839 2548 1996 2604 dica-

341 2639 474 2690 tur:
506 2637 713 2689 Anima
750 2651 868 2704 qua,
908 2637 1242 2704 peccaverit,
1284 2637 1406 2705 ipsa
1453 2638 1730 2692 morietur
1779 2637 1993 2706 (Ezech.

345 2725 523 2790 xvm).
558 2723 628 2777 Ut
650 2727 845 2778 autem
881 2723 1066 2792 possit
1097 2724 1424 2794 regenerari
1473 2741 1574 2795 per
1605 2727 1865 2780 ofﬁcium
1895 2742 1997 2781 vo-

345 2809 594 2865 luntatis
615 2810 816 2864 alienae
837 2827 968 2865 cum
995 2812 1235 2865 offertur
1257 2815 1708 2882 consecrandus,
1736 2815 1871 2869 facit
1892 2815 2000 2869 hoc

353 2915 506 2952 unus
538 2898 803 2968 spiritus,
835 2915 903 2953 ex
933 2916 1044 2968 quo
1079 2905 1457 2971 regeneratur
1486 2901 1738 2958 oblatus.

351 3024 480 3077 CAP.
517 3021 917 3098 4l8._—-__Quod
970 3023 1204 3098 infamis
1251 3023 1314 3078 de
1357 3027 1581 3095 propria
1625 3028 1794 3096 possit
1843 3044 2000 3098 agere

414 3109 604 3148 causa.
649 3094 802 3147 Felix
853 3110 1000 3164 papa
1046 3096 1262 3164 tertius,
1302 3094 1532 3151 secundo
1575 3094 1838 3152 decretati
1878 3094 1993 3155 Vsuo

423 3166 691 3236 episcopis
718 3166 943 3220 Galtiw.

419 3282 494 3350 (4,
528 3297 580 3352 q.
614 3281 668 3346 6,
701 3283 752 3333 et
779 3281 834 3349 3,
866 3298 918 3351 q.
954 3279 1020 3332 18
1051 3297 1096 3335 c.
1128 3281 1194 3336 Si
1221 3285 1641 3352 accusatorum.)
1674 3285 1730 3338 Si
1757 3301 2000 3340 accusa-

345 3373 537 3426 torum
571 3386 832 3440 personaz
862 3368 920 3422 in
950 3368 1172 3438 judicio
1229 3371 1634 3444 episcoporum
1682 3373 2002 3445 culpabiles

359 3459 760 3530 apparuerint,
797 3459 864 3512 ad
893 3461 1258 3531 urguendum
1292 3478 1408 3516 non
1442 3463 1849 3528 admittuntur,
1892 3462 2004 3519 nisi

346 3547 616 3618 proprias
649 3563 861 3602 causas
896 3555 1244 3617 asserere,et
1275 3568 1390 3607 non
1422 3555 1617 3608 tamen
1650 3551 1998 3623 criminales,

346 3634 435 3691 vel
467 3634 889 3692 ecclesiasticas
921 3638 1232 3694 voluerint.

350 3761 479 3814 CAP.
515 3761 637 3835 419.
672 3791 740 3802 ——
776 3763 1061 3835 Quomodo
1103 3781 1341 3835 purgare
1366 3781 1424 3821 se
1471 3767 1699 3823 debeant
1761 3770 2002 3825 accusati

418 3832 736 3910 sacerdotes.
771 3834 1051 3890 Decretum
1082 3832 1137 3910 et
1161 3832 1442 3910 responsio
1482 3841 1674 3894 Leonis
1720 3856 1875 3910 papae
1923 3841 2001 3895 ad

422 3902 680 3982 Curetum
709 3906 1092 3976 imperatorem
1123 3902 1588 3977 (capitut.x1.v,c.
1622 3902 1805 3980 34,'et'
1825 3928 1997 3982 XLVII,

417 3992 465 4029 ι’.
499 3976 624 4045 285)
642 4016 654 4029 .

415 4082 495 4151 (2,
516 4098 568 4153 q.
592 4082 650 4148 5,
679 4097 728 4137 c.
763 4082 1025 4138 Omnibus
1054 4083 1254 4153 vobis.)
1285 4085 1573 4140 Omnibus
1605 4087 1772 4141 vobis
1803 4087 1994 4145 visum

347 4170 517 4239 (visu,
543 4172 684 4241 orig.
707 4179 758 4225 et
785 4173 964 4243 Vict.],
989 4177 1090 4228 aut
1117 4173 1322 4228 auditu
1352 4179 1552 4229 notum
1578 4191 1707 4229 esse
1741 4192 1854 4230 non
1887 4178 1994 4232 du-

347 4259 629 4324 bitamus,
654 4260 807 4330 qu’od
837 4261 1184 4332 saepissime,
1209 4264 1498 4318 suadente
1519 4264 1761 4335 antiquo
1807 4265 1993 4332 hoste,

343 4347 747 4402 sacerdotibus
779 4348 1028 4404 crimina
1058 4350 1291 4406 diversa
1319 4352 1692 4421 otijiciantur.
1715 4353 1826 4408 Sed
1851 4371 1993 4425 quo-

346 4434 501 4488 niam
538 4434 790 4505 qualiter
819 4452 887 4490 ex
909 4437 994 4491 eis
1026 4438 1096 4492 ab
1147 4439 1240 4494 his
1286 4441 1592 4497 rationalis
1643 4443 1994 4499 examinatio

2101 511 2254 562 rum,
2276 501 2332 550 et
2362 496 2722 568 reliquorum
2743 497 3134 566 sacerdotum,
3166 498 3285 552 sive
3305 498 3681 554 orientalium
3708 502 3770 554 et

2104 582 2437 640 Grzncorum
2465 585 2933 657 patriarcharum
2966 591 3024 641 et
3051 586 3374 640 multorum
3410 591 3762 642 sanctorum

2098 673 2502 745 episcoporum
2524 675 3286 746 omnium,caeterorumque
3301 677 3669 732 sacerdotum
3692 695 3766 734 ac

2097 761 2402 818 levitarum
2454 764 2799 819 auctoritate
2847 768 2905 819 et
2956 780 3270 824 consensu.
3298 769 3472 836 atque
3495 764 3762 837 reliquo-

2098 867 2229 905 rum
2263 852 2522 908 ﬁdelium
2556 858 2613 907 et
2642 858 2987 908 cunctorum
3011 852 3490 908 consiliariorum
3521 861 3761 911 nostro-

2100 958 2227 995 rum
2254 941 2523 997 consultu
2549 941 2869 996 difﬁnitum
2901 947 3009 1009 est,
3044 957 3249 997 omnes
3297 960 3400 998 vos
3443 944 3762 1015 utriusque

2099 1029 2321 1085 ordinis
2345 1030 2646 1086 ministros
2670 1031 2816 1086 scire
2836 1030 3128 1086 volumus.
3154 1031 3452 1086 Statutum
3475 1038 3562 1087 est
3581 1049 3760 1088 nam-

2100 1135 2212 1188 que
2236 1119 2459 1174 ratione
2490 1125 2548 1174 et
2579 1120 2926 1175 necessitate
2974 1125 3150 1190 atque
3202 1122 3550 1176 auctoritate
3599 1137 3755 1192 prae-

2103 1208 2557 1275 dicta,consultu
2591 1209 2878 1280 omnium,
2894 1214 2959 1263 ut
2980 1209 3449 1281 quotiescunque
3467 1210 3753 1282 cuiquam

2103 1297 2393 1353 sacerdoti
2431 1297 2648 1353 crimen
2681 1297 3026 1369 imponitur,
3070 1299 3117 1354 si
3161 1298 3285 1370 ipse
3327 1305 3633 1354 accusator
3665 1304 3764 1354 ta-

2099 1385 2172 1440 lis
2190 1387 2384 1456 fuerit,
2407 1391 2470 1441 ut
2492 1386 2668 1458 recipi
2693 1387 2903 1442 debeat
2925 1387 3089 1458 (quia
3119 1387 3320 1455 quales
3342 1388 3413 1442 ad
3434 1389 3762 1443 accusatio-

2099 1492 2230 1531 nem
2283 1476 2652 1532 sacerdotum
2713 1475 2941 1530 admitti
3003 1477 3256 1531 debeant
3318 1477 3377 1531 in
3427 1477 3760 1534 canonibus

2099 1564 2350 1635 pleniter
2378 1581 2722 1636 expressum
2753 1565 2886 1635 est),
2922 1565 3213 1634 siautem,
3261 1569 3326 1620 ut
3373 1565 3594 1620 dictum
3639 1571 3756 1634 est,

2099 1651 2196 1707 ille
2240 1659 2546 1709 accusator
2603 1654 2703 1725 qui
2753 1652 3030 1708 canonice
3063 1658 3152 1708 est
3181 1652 3575 1725 recipiendus,
3617 1671 3756 1710 eum

2099 1742 2513 1812 cumlegitimo
2545 1743 2803 1797 virorum
2835 1757 3078 1797 numero
3109 1747 3166 1796 et
3188 1743 3474 1797 bonorum
3507 1742 3755 1798 testium

2103 1832 2424 1902 approbare
2447 1832 2504 1886 in
2538 1837 2851 1900 conspectu
2889 1832 3297 1903 episcoporum
3332 1832 3566 1902 poterit,
3608 1837 3757 1887 tunc

2101 1921 2768 1991 canonicedijudicetur,
2783 1925 2840 1976 et
2862 1920 2910 1976 si
2937 1919 3248 1992 culpabilis
3274 1920 3544 1975 inventus
3575 1921 3761 1977 fuerit

2103 2009 2381 2065 canonice
2411 2009 2820 2066 damnetur.Si
2853 2026 2985 2064 vero
3018 2025 3152 2064 eum
3173 2009 3585 2081 suprascripto
3609 2027 3758 2082 prae-

2102 2102 2258 2153 textu
2283 2100 2602 2169 approbare
2636 2099 2761 2170 ipse
2793 2103 3100 2154 accusator
3122 2097 3368 2153 minime
3393 2099 3664 2169 potuerit,
3698 2104 3760 2155 et

2103 2187 2213 2242 hoc
2243 2188 2519 2243 canonice
2540 2187 3048 2260 dijudicetur.lpse
3073 2203 3209 2258 ergo
3234 2187 3569 2242 saeerdotos
3594 2187 3764 2244 sisu-

2109 2276 2408 2347 spiciosus
2433 2282 2534 2332 aut
2560 2276 2921 2332 incredibilis
2957 2293 3063 2332 suo
3086 2277 3361 2348 episcopo
3382 2281 3482 2331 aut
3499 2277 3752 2348 reliquis

2105 2366 2231 2420 suis
2261 2366 2803 2432 consacerdotibus,
2830 2367 2948 2421 sive
2971 2366 3142 2420 bonis
3165 2370 3222 2420 et
3241 2365 3417 2435 justis
3439 2366 3508 2421 de
3533 2382 3637 2420 suo
3659 2383 3766 2437 po-

2105 2453 2242 2523 pulo
2274 2454 2361 2509 vel
2381 2455 2450 2510 de
2464 2471 2572 2511 sua
2594 2455 2760 2526 plebe
2785 2453 3126 2510 hominibus
3150 2454 3496 2520 fuerit,nein
3517 2455 3773 2510 crimine

2107 2548 2208 2597 aut
2267 2543 2539 2614 praedicta
2577 2544 2909 2616 suspicione
2943 2547 3242 2598 remaneat
3293 2560 3425 2598 cum
3450 2544 3639 2599 tribus
3670 2548 3779 2599 aut

2107 2633 2366 2704 quinque
2395 2633 2482 2688 vel
2515 2638 2736 2705 septem
2772 2633 2941 2688 bonis
2985 2650 3051 2687 ac
3081 2632 3290 2687 vicinis
3331 2633 3762 2689 sacerdotibus.

2107 2721 2368 2793 exemplo
2393 2723 2597 2778 Leonis
2620 2739 2780 2794 papae
2835 2723 2936 2793 qui
2992 2721 3301 2777 duodecim
3361 2722 3669 2794 episcopos
3699 2724 3764 2778 in

2109 2829 2216 2866 sua
2247 2811 2593 2882 purgatione
2624 2811 2854 2881 habuit,
2886 2810 2973 2866 vel
3007 2827 3072 2866 eo
3104 2810 3361 2883 amplius
3392 2812 3439 2866 si
3473 2812 3760 2884 episcopo

2109 2916 2214 2954 suo
2247 2899 2435 2955 visum
2457 2899 2761 2966 fuerit,aut
2791 2915 3026 2954 necesse
3049 2904 3286 2972 propter
3307 2900 3630 2956 tumultum
3657 2917 3768 2971 po-

2111 2989 2233 3058 puli
2263 2989 2716 3059 perspexerit,et
2745 3005 2878 3044 cum
2906 2988 3035 3044 aliis
3057 2989 3229 3044 bonis
3251 2989 3538 3060 estjustis
3561 2989 3764 3044 homi-

2110 3078 2286 3132 nibus
2309 3093 2370 3130 se
2399 3082 2767 3132 sacramento
2804 3094 2999 3131 coram
3036 3077 3272 3148 populo,
3307 3095 3483 3150 super
3515 3085 3774 3150 quatuor

2035 3146 2076 3212 C
2113 3165 2413 3236 evangelia
2441 3167 2575 3220 dato
2623 3171 2936 3237 purgatum
2981 3146 3251 3221 Ecclesiae
3292 3146 3600 3222 red'dat.'Si
3634 3167 3774 3237 quis

2111 3258 2303 3308 autem
2339 3254 2488 3308 scire
2512 3254 3022 3324 desideratquales
3041 3260 3218 3310 testes
3245 3256 3316 3310 ad
3332 3255 3770 3310 accusationem

2110 3345 2483 3398 sacerdotqu
2513 3343 2690 3414 recipi
2727 3345 2998 3407 debeant,
3023 3349 3078 3398 et
3101 3344 3239 3414 quid
3283 3344 3590 3415 [quidquid
3625 3346 3778 3414 orig.

2108 3441 2159 3487 et
2193 3433 2376 3501 Grat.]
2408 3434 2476 3486 de
2509 3436 2847 3486 accusatore
2897 3432 3234 3487 faciendum
3269 3432 3368 3498 sit,
3417 3431 3665 3505 pleniter
3708 3433 3772 3487 in

2111 3520 2438 3576 canonibus
2467 3520 2718 3592 reperire
2745 3521 2978 3592 poterit.

2109 3691 2243 3746 CAP.
2280 3690 2403 3743 420.
2437 3719 2505 3728 —-
2534 3689 2607 3742 De
2637 3688 2823 3743 eadem
2852 3705 2931 3744 re.
2966 3688 3295 3744 Hincmarus
3316 3690 3608 3744 Remorum
3648 3689 3772 3759 epi-

2179 3777 2367 3830 scOpus
2397 3765 2448 3814 et
2474 3760 2647 3830 plebis
2671 3760 2765 3814 Dei
2781 3760 3015 3830 famulis
3034 3761 3231 3816 dilecto
3250 3761 3424 3830 fratri
3453 3765 3504 3814 et
3537 3776 3769 3815 venera-

2182 3830 2292 3886 bili
2311 3833 2619 3902 coepiscopo
2648 3833 2852 3886 Joanni
2879 3832 3112 3888 salutem
3143 3835 3320 3902 (epist.
3352 3832 3464 3901 53).

2179 3973 2255 4042 (2,
2286 3990 2337 4044 ᾳ.
2372 3973 2425 4037 4,
2457 3988 2505 4027 c.
2537 3972 2598 4026 Si
2625 3972 2775 4026 mala
2801 3972 2998 4042 fama).
3033 3972 3092 4028 Si
3127 3971 3282 4027 mala
3317 3972 3469 4026 fama
3499 3987 3568 4026 ex
3597 3971 3770 4026 simi-

2107 4060 2356 4116 litudine
2371 4078 2472 4131 per
2494 4061 2803 4132 parocciam
2828 4061 2898 4116 de
2919 4062 3256 4133 presbytero
3277 4060 3566 4128 exierit,et
3592 4077 3735 4115 accu
3751 4091 3772 4100 -

2108 4155 2331 4207 satores
2353 4167 2419 4206 ac
2443 4154 2622 4206 testes
2645 4150 2860 4222 legales
2884 4151 3199 4218 defuerint,
3218 4167 3289 4206 ne
3309 4156 3513 4206 contra
3537 4154 3774 4221 aposto-

2104 4239 2249 4307 lum,
2281 4241 2650 4294 infirmorum
2683 4240 2860 4295 corda
2909 4240 2980 4296 de
3028 4239 3183 4295 mala
3231 4240 3387 4294 fama
3435 4239 3766 4310 presbyteri

2103 4331 2522 4399 percutiuntur,
2554 4333 2611 4384 et
2657 4345 2728 4385 ne
2775 4328 3136 4399 vituperetur
3190 4327 3582 4383 ministerium
3634 4344 3777 4382 nos-

2103 4423 2283 4488 trum,
2315 4434 2498 4488 neque
2549 4417 2873 4473 securiores
2924 4417 3252 4488 presbyteri
3305 4417 3646 4485 existentes,
3700 4415 3774 4470 li-

347 4524 404 4575 ct
433 4523 757 4578 satisfactio
786 4523 911 4594 ﬁat,
933 4525 1070 4580 licet
1086 4530 1349 4599 tempore
1376 4531 1542 4585 bonae
1569 4532 1864 4587 memoriae
1897 4534 1998 4588 do-
2029 4516 2076 4580 D
2109 4507 2334 4599 οθηξίίυδ
2365 4507 2423 4561 in
2455 4511 2760 4599 Ρθοοεξῑυω
2787 4505 3084 4599 Ῑξὶδᾶῐξῑυιζξ
3117 4505 3473 4599 ,εὲομῐξάυω
3519 4505 3774 4599 ,ἀθοΐεξΐει

348 4609 493 4664 mini
527 4610 809 4681 genitoris
857 4615 1032 4668 vestri
1061 4615 1291 4688 [nostri]
1333 4617 1590 4690 Pippini,
1641 4621 1762 4675 sive
1792 4621 2002 4691 priscis

347 4699 714 4769 temporibus
746 4718 779 4755 a
811 4701 1030 4757 sanctis
1058 4705 1344 4772 Patribus,
1382 4713 1438 4762 et
1471 4725 1502 4761 a
1544 4707 1786 4779 reliquis
1837 4710 2001 4764 bonae

349 4787 671 4844 devotionis
700 4788 1039 4845 hominibus
1065 4793 1391 4863 saepissime
1415 4796 1760 4850 ventilatum
1785 4798 1997 4866 fuerit;

345 4890 452 4930 nos
482 4880 679 4931 tamen
711 4876 982 4949 pleniter,
1007 4883 1065 4934 et
1079 4880 1456 4952 adliquidum
1487 4883 1809 4939 difﬁnitum
1833 4902 1998 4956 repe-

345 4964 461 5019 rire
495 4963 739 5020 minime
761 4965 1077 5036 quivimus.
1117 4968 1346 5025 Nostris
1370 4973 1586 5042 quippe
1609 4973 1996 5044 temporibus,

339 5052 600 5123 idipsum
625 5053 890 5109 asanctis
913 5055 1543 5129 episcopis,etreliquis
1565 5062 1996 5130 sacerdotibus,

340 5156 406 5196 ac
429 5141 650 5197 caeteris
681 5141 1088 5198 ecclesiasticae
1122 5145 1425 5215 dignitatis
1451 5148 1736 5204 ministris
1783 5152 1995 5207 vestris

339 5230 581 5300 [nostris
615 5231 672 5286 in
706 5230 902 5303 regnis
934 5247 1034 5286 seu
1062 5232 1119 5286 in
1149 5232 1276 5288 aliis
1306 5234 1422 5289 Deo
1455 5237 1525 5290 de
1557 5237 1859 5306 gentibus,
1885 5255 1958 5292 no

343 5317 552 5390 bisque
584 5336 701 5375 una
730 5335 862 5374 cum
897 5321 980 5375 eis
1013 5321 1325 5391 agentibus
1376 5324 1702 5395 saepissime
1755 5331 1994 5396 propter

339 5407 559 5464 multas
585 5413 643 5466 et
673 5409 886 5465 nimias
919 5409 1387 5477 reclamationes,
1409 5429 1535 5482 quae
1559 5428 1627 5466 ex
1651 5412 1761 5466 hoc
1791 5413 1860 5468 ad
1883 5431 1989 5470 nos

337 5511 407 5550 ex
437 5498 684 5554 diversis
715 5498 979 5571 partibus
1020 5504 1325 5567 venerunt,
1369 5501 1711 5556 ventilatum
1739 5506 1849 5557 est.
1875 5503 1987 5559 Sed

336 5582 588 5654 qualiter
599 5587 872 5646 consultu
896 5585 1120 5644 domini
1144 5588 1400 5647 etPatris
1417 5591 1604 5648 nostri
1625 5591 1828 5648 Leonis
1845 5607 1986 5662 apo-

2113 4597 2567 4667 majorum,cum
2596 4593 2991 4650 denominatis
3017 4594 3130 4649 sibi
3151 4593 3357 4649 vicinis
3380 4592 3774 4665 presbyteris,

2112 4701 2259 4754 quos
2289 4684 2510 4740 scimus
2541 4699 2602 4740 se
2617 4683 2771 4740 nolle
2801 4683 3122 4755 perjurare,
3148 4686 3531 4739 sacramento
3557 4682 3776 4738 famam

2112 4790 2280 4829 suam
2304 4777 2537 4846 purget.

2107 4949 2239 5002 CAP.
2277 4945 2398 5000 421.
2432 4975 2499 4984 -
2530 4942 2908 5023 perierim-is
2937 4942 3218 5023 apostatis.
3259 4942 3589 5023 Congiitutio
3611 4945 3773 5000 sea-ta

2459 5032 2531 5069 ex
2561 5015 2657 5069 lib.
2690 5015 3165 5082 constitui-ianum,
3193 5032 3312 5087 cap.
3346 5015 3401 5069 7.

2175 5155 2393 5225 (Justin.
2428 5155 2559 5226 imp.
2593 5154 2806 5210 Novett.
2837 5155 3059 5210 constit.
3095 5156 3172 5227 6.)
3205 5154 3483 5226 Quisquis
3516 5153 3637 5210 sive
3669 5156 3766 5212 le-

2101 5247 2246 5311 ctor,
2281 5244 2401 5299 sive
2460 5243 2878 5312 subdiaconus,
2925 5244 3044 5300 sive
3097 5245 3400 5309 diaconus,
3431 5245 3481 5298 si
3514 5245 3762 5316 presby-

2102 5335 2212 5400 ter,
2227 5331 2532 5386 clericatus
2551 5331 2827 5387 honorem
2853 5333 3359 5406 contempserit,et
3383 5332 3443 5387 in
3468 5331 3644 5388 aliam
3665 5333 3754 5387 vi-

2099 5422 2221 5473 tam
2245 5420 2565 5485 transierit,
2601 5420 2850 5476 duorum
2886 5420 3135 5478 alterum
3165 5423 3253 5478 vel
3285 5421 3492 5477 ouriali
3541 5421 3754 5477 condi-

2099 5505 2243 5561 tioni
2302 5524 2434 5563 cum
2486 5509 2610 5564 suis
2663 5509 3044 5567 facultatibus
3119 5511 3491 5582 subjiciatur,
3548 5510 3636 5565 vel
3697 5511 3751 5566 si

2097 5592 2300 5665 plures
2330 5595 2580 5652 curiales
2613 5597 2814 5653 civitas
2844 5596 3082 5670 habeat,
3113 5601 3233 5658 sive
3261 5600 3386 5671 ipse
3422 5597 3595 5655 vilior
3640 5599 3744 5669 sit,
