3972 6056
210 258 320 311 537

1247 265 1558 319 DECRETI
1599 263 1786 316 PARS
1821 262 1916 314 Vl.
1950 287 2016 297 -
2041 260 2137 312 DE
2173 259 2518 317 CLERICIS.

3514 260 3621 317 538

211 385 285 441 ad
316 382 628 442 ofﬁcialem
659 383 1053 439 conditionem
1069 385 1702 441 tradaturtaxeoticam
1725 382 1858 454 (78).
1892 385 1946 451 Α
1976 379 2227 437 stantias
2256 397 2395 437 suas
2427 382 2484 436 in
2526 383 2882 436 monasterio
2928 384 3273 436 consecrari.
3308 382 3453 437 Nam
3485 386 3619 437 ante

209 479 347 532 CAP.
401 475 527 531 422.
575 505 645 518 -
694 474 764 530 De
817 475 1070 531 castitate
1123 474 1471 532 clericorum.
1533 471 1864 530 Constitutio

621 546 909 618 trigesima
940 547 1171 620 septima
1201 566 1324 620 cap.
1355 549 1448 604 28.

283 638 542 695 Clericus
573 637 675 711 qui
707 654 884 711 super
913 639 1159 695 lectores
1178 641 1235 694 et
1255 642 1524 694 cantores
1554 640 1665 704 est,
1687 633 1863 690 veluti

208 728 608 787 subdiaconus
623 728 709 785 vel
727 728 1032 802 diaconus,
1048 728 1242 784 nullas
1261 726 1497 801 nuptias
1520 724 1864 783 contrahere

207 819 443 888 audeat,
477 818 738 891 alioquin
770 818 1145 875 asacerdotio
1177 818 1586 875 cadat.Lector
1605 828 1860 888 quoque,

204 907 255 962 si
275 908 567 964 secundas
586 909 935 965 contraxerit
955 909 1292 981 nuptias,ad
1315 908 1592 978 majorem
1616 906 1861 975 gradum

206 996 436 1052 ordinis
486 996 863 1053 ecclesiastici
920 997 1262 1069 prohibetur
1307 999 1599 1053 accedere.
1653 994 1862 1048 Laicus

203 1085 384 1141 etiam
418 1085 465 1141 si
500 1091 779 1158 appareat
809 1086 974 1142 uxori
1004 1088 1356 1157 conjunctae
1372 1101 1502 1141 esse
1530 1100 1656 1154 quas
1681 1082 1860 1137 alium

205 1172 487 1231 maritum
519 1174 750 1239 habuit,
796 1180 900 1230 aut
924 1174 975 1229 si
1027 1190 1140 1229 non
1181 1174 1316 1243 jure
1363 1174 1715 1241 conjunctus
1759 1170 1858 1234 sit,

203 1265 309 1316 aut
340 1260 389 1316 si
420 1260 544 1332 ipse
573 1261 751 1317 aliam
782 1277 1022 1317 uxorem
1071 1260 1298 1330 habuit,
1334 1275 1520 1328 neque
1549 1258 1861 1312 subdiaco-

202 1365 317 1405 nus
350 1366 542 1421 neque
571 1350 854 1406 diaconus
878 1364 1067 1421 neque
1090 1349 1395 1421 presbyter
1418 1347 1541 1402 fieri
1564 1349 1770 1418 potest.
1795 1346 1863 1400 Et

199 1438 249 1491 si
282 1437 667 1493 clandestinis
698 1438 926 1494 artibus
972 1439 1043 1493 ad
1076 1436 1581 1494 consecrationem
1610 1435 1858 1507 irrepse-

201 1526 303 1593 rit,
333 1525 555 1583 honore
586 1527 716 1598 ejus
749 1529 941 1582 cadat.
1590 1534 1609 1553 '

198 1613 338 1669 CAP.
372 1614 501 1670 423.
530 1646 602 1656 —
629 1616 705 1671 Ne
755 1614 933 1670 laicus
984 1614 1044 1669 in
1091 1613 1323 1670 ecclesia
1369 1630 1536 1684 quam
1582 1612 1738 1683 facit,
1791 1628 1862 1666 ea:

265 1686 505 1757 propria
546 1687 888 1756 eleemosyna
916 1686 1039 1741 sine
1091 1685 1315 1741 licentia
1365 1686 1606 1757 episcopi
1632 1684 1859 1740 clericos

272 1758 591 1814 constituat.
625 1757 850 1814 Constit.
882 1757 1302 1829 quadragesima
1343 1773 1511 1823 nona,
1542 1773 1663 1825 cap.
1696 1758 1749 1810 2.

273 1846 336 1901 Si
370 1846 505 1919 quis
536 1845 847 1903 ecclesiam
878 1846 1269 1911 aediﬁcaverit,
1302 1851 1405 1901 aut
1433 1844 1659 1901 clericis
1680 1861 1858 1900 anno—

204 1951 346 1990 nam
372 1952 444 1991 ex
473 1935 806 1992 substantia
835 1952 942 1991 sua
983 1935 1227 2002 dederit,
1278 1951 1394 1990 non
1427 1934 1600 1990 liceat
1629 1933 1681 1989 ei
1712 1950 1858 2006 quos

202 2023 460 2080 voluerit
492 2024 734 2081 clericos
776 2024 836 2079 in
886 2024 1090 2079 eadem
1138 2022 1385 2079 ecclesia
1427 2023 1632 2078 facere.
1665 2023 1777 2078 Sed
1809 2022 1859 2077 si

200 2112 455 2169 voluerit
480 2115 769 2186 quosdam
788 2113 901 2168 sibi
921 2112 1492 2181 consecrari,oti‘erat
1523 2128 1623 2167 eos
1654 2111 1863 2167 beatis-

199 2199 354 2256 simo
386 2200 752 2273 patriarchae,
786 2206 865 2267 et,
898 2201 948 2257 si
980 2200 1079 2256 ille
1111 2200 1320 2256 viderit
1347 2217 1445 2256 eos
1476 2198 1702 2271 dignos,
1717 2216 1860 2255 con-

199 2297 411 2359 secret,
443 2296 500 2347 et
530 2291 580 2348 si
612 2308 727 2348 non
762 2291 1118 2364 probaverit,
1152 2290 1395 2346 arbitrio
1435 2306 1543 2344 suo
1574 2290 1820 2361 rejiciat.

198 2378 334 2435 CAP.
368 2382 493 2436 424.
527 2412 597 2423 -
628 2382 703 2437 De
728 2381 936 2437 eodem.
990 2379 1322 2504 (lanistitutio
1366 2378 1857 2451 quinquagesima,

918 2469 1047 2504 can.
1121 2493 1134 2504 .

918 2469 1047 2523 cap.
1088 2469 1134 2506 ι.

268 2540 329 2595 Si
362 2540 497 2612 quis
528 2540 587 2597 in
621 2542 796 2597 domo
828 2558 934 2597 sua
956 2541 1277 2596 oratorium
1302 2540 1595 2609 habuerit,
1622 2556 1737 2595 non
1763 2556 1859 2594 au-

197 2628 334 2683 deat
365 2629 423 2684 in
457 2646 523 2685 eo
556 2631 745 2686 facere
776 2647 973 2686 sacras
994 2630 1228 2695 missas,
1248 2629 1360 2685 nisi
1394 2628 1635 2683 clericos
1659 2627 1857 2683 catho-

196 2716 320 2772 licaa
357 2717 487 2773 ﬁdei
520 2717 813 2787 habuerit,
835 2718 934 2791 qui
966 2720 1323 2789 deputentur
1346 2719 1397 2772 ei
1428 2733 1497 2773 ex
1519 2718 1695 2788 jussu
1728 2715 1859 2771 reli-

201 2806 351 2878 giosi
385 2806 645 2879 episcopi
675 2807 952 2874 civitatis,
1001 2806 1089 2862 vel
1136 2805 1458 2861 beatissimi
1495 2804 1856 2877 patriarcha}.

200 2895 257 2949 Si
291 2893 426 2966 quis
458 2902 652 2951 autem
705 2895 987 2950 adversus
1034 2912 1104 2951 ea
1156 2894 1376 2958 fecerit,
1426 2894 1637 2949 domus
1671 2893 1858 2965 ipsius

201 2983 327 3037 ﬁsci
352 2982 591 3053 juribus
624 2983 953 3039 addicatur.
985 2983 1043 3039 Si
1078 2982 1274 3038 clerici
1328 2983 1400 3037 ab
1432 2982 1696 3039 ecclesiis
1728 2983 1859 3037 des-

196 3072 446 3141 titerint,
478 3071 625 3128 alios
654 3071 893 3129 clericos
921 3071 980 3126 in
1006 3071 1198 3127 locum
1232 3087 1432 3127 eorum
1460 3071 1733 3126 ordinare
1756 3088 1858 3126 ne-

198 3176 363 3216 cesse
387 3166 501 3228 est,
534 3165 599 3217 ut
628 3160 853 3217 scilicet
882 3177 1147 3216 annonas
1179 3165 1235 3215 et
1264 3160 1419 3215 dona
1461 3160 1860 3217 ecclesiastica

199 3265 326 3319 quae
361 3248 477 3304 illis
503 3248 837 3319 Electoribus
885 3249 1339 3321 praestabantur,
1373 3249 1689 3320 accipiant,
1722 3255 1781 3305 et
1811 3250 1861 3305 si

201 3341 405 3409 postea
438 3338 739 3405 redierint,
771 3338 921 3394 nihil
952 3338 1037 3394 eis
1080 3342 1414 3409 praestetur,
1446 3338 1586 3408 quia
1616 3355 1861 3394 annonae

197 3441 393 3480 eorum
405 3424 536 3482 aliis
548 3426 776 3482 clericis
790 3443 891 3498 pro
906 3426 1051 3497 ipsis
1067 3425 1402 3497 subrogatis
1417 3426 1685 3497 praestitis
1698 3431 1857 3482 sunt.

200 3514 335 3570 CAP.
370 3515 496 3571 425.
528 3545 598 3558 -
621 3516 698 3570 De
720 3514 1088 3570 damnatione
1109 3514 1355 3583 ﬁliorum
1386 3516 1756 3573 sacerdotum.
1781 3517 1862 3570 Ex

622 3602 772 3643 conc.
807 3587 1056 3642 Tolctano
1090 3603 1168 3651 ιχ,
1199 3603 1319 3658 cap.
1356 3587 1441 3641 10.

272 3675 382 3745 (15,
410 3690 463 3746 q.
496 3674 550 3743 8,
580 3691 629 3731 c.
660 3674 810 3745 .Cum
839 3676 1080 3745 multae).
1130 3678 1278 3731 Cum
1328 3674 1528 3731 multae
1560 3690 1739 3746 super
1766 3675 1858 3730 in-

202 3764 565 3819 continentia
595 3764 819 3819 ordinis
851 3764 1196 3820 clericorum
1229 3765 1514 3820 hactenus
1550 3780 1859 3820 emanave-

201 3854 320 3909 rint
350 3853 653 3908 sententia
688 3857 945 3919 Patrum,
994 3858 1052 3909 et
1095 3852 1435 3909 nullatenus
1465 3853 1728 3924 ipsorum
1761 3852 1858 3907 ﬁr-

201 3940 351 3997 mari
382 3940 634 4012 quiverit
651 3942 942 4007 correptio
964 3958 1216 4009 morum,
1237 3957 1424 4014 usque
1453 3942 1599 3997 adeo
1631 3946 1862 3997 senten-

199 4029 345 4085 tiam
366 4028 764 4100 judicantium
798 4036 1132 4101 protraxere
1172 4030 1494 4087 commissa
1524 4029 1855 4102 culparum,

201 4123 266 4173 ut
295 4135 410 4174 non
435 4123 666 4174 tantum
687 4119 960 4175 feriretur
978 4119 1119 4174 ultio
1138 4118 1197 4173 in
1223 4119 1520 4175 actoribus
1543 4118 1854 4186 scelerum,

197 4223 400 4263 verum
432 4208 608 4263 etiam
627 4207 687 4263 in
708 4205 985 4279 progenie
1002 4206 1442 4278 damnatorum,
1465 4208 1713 4279 ideoque
1736 4206 1860 4278 qui-

195 4295 344 4351 libet
373 4296 446 4351 ab
477 4295 750 4368 episcopo
784 4312 970 4367 usque
1003 4296 1074 4351 ad
1121 4295 1550 4352 subdiaconum
1583 4296 1856 4367 deinceps

197 4383 289 4441 vel
322 4401 391 4440 ex
419 4385 665 4453 ancillas,
686 4383 777 4441 vel
808 4402 878 4441 ex
903 4384 1171 4456 ingenuae
1195 4385 1541 4441 detestando
1565 4383 1858 4440 connubio

205 4473 523 4546 [conjugio]
555 4474 613 4529 in
662 4473 883 4529 honore
929 4474 1236 4530 constituti
1287 4474 1440 4530 ﬁlios
1470 4473 1857 4546 procrearint,
1889 4490 1937 4556 Ι)

202 4561 290 4617 illi
320 4561 555 4631 quidem
585 4578 654 4618 ex
675 4562 890 4632 quibus
910 4563 1094 4634 geniti
1121 4563 1549 4634 probabuntur,
1578 4562 1858 4619 canonica

205 4666 458 4706 censura
486 4651 865 4719 damnentur,
880 4650 1073 4723 proles
1093 4655 1291 4709 autem
1314 4653 1387 4709 ab
1407 4653 1517 4709 hac
1538 4652 1863 4725 pollutione

205 4742 346 4794 nata
376 4754 491 4795 non
520 4737 715 4795 solum
747 4744 1060 4811 parentum
1080 4739 1479 4797 hmreditatem
1502 4757 1752 4812 usquam
1776 4754 1867 4797 ac-

203 4827 446 4899 cipient,
477 4828 579 4883 sed
612 4828 789 4883 etiam
819 4828 881 4884 in
932 4828 1275 4885 servitutem
1323 4830 1449 4899 ejus
1481 4828 1761 4895 ecclesiae,
1795 4829 1865 4884 de

201 4917 374 4988 cujus
406 4916 732 4972 sacerdotis
758 4917 849 4973 vel
881 4917 1135 4973 ministri
1169 4918 1498 4991 ignominia
1546 4917 1669 4973 nati
1702 4921 1863 4984 sunt,

193 5007 329 5077 jure
357 5006 600 5079 perenni
632 5007 976 5062 manebunt.

204 5094 334 5151 CAP.
367 5096 491 5150 426.
526 5126 593 5135 -—
627 5094 785 5163 Quod
812 5094 909 5166 qui
930 5094 1273 5151 monasteria
1299 5111 1357 5151 se
1388 5095 1583 5162 tradit,
1607 5094 1672 5166 de
1702 5096 1866 5151 rebus

272 5168 391 5239 suis
410 5170 598 5237 postea
629 5165 916 5239 disponere
957 5182 1067 5223 non
1096 5166 1285 5239 possit.
1337 5165 1668 5224 Constitutio
1697 5182 1859 5221 sexa-

274 5237 486 5307 gesima
511 5237 765 5309 septima,
796 5254 915 5309 cap.
956 5243 1006 5294 1.

277 5326 623 5399 Quicunque
649 5326 710 5382 in
740 5325 1161 5383 monasterium
1192 5326 1437 5397 intrant,
1460 5326 1702 5384 videant
1722 5325 1859 5383 sub-

1970 470 2275 526 introitum
2307 470 2546 525 liberam
2578 469 2795 525 habent
2821 470 3181 539 facultatem,
3204 471 3494 540 quomodo
3520 489 3618 525 vo-

1974 560 2191 616 luerint
2221 561 2371 616 bona
2401 578 2509 616 sua
2540 558 2913 615 distribuere.
2946 559 3265 629 Postquam
3299 565 3490 615 autem
3525 561 3615 614 in-

1970 649 2271 712 traverint,
2305 649 2478 704 talem
2508 648 2808 704 licentiam
2839 664 2955 703 non
2979 647 3215 717 habent,
3250 648 3518 720 quamvis
3547 648 3617 702 li-

1973 739 2143 794 beros
2175 740 2452 795 habeant.

1972 846 2096 901 CAP.
2134 846 2257 899 427.
2284 877 2349 886 —
2380 846 2533 915 Apud
2554 861 2681 916 quos
2702 845 2911 913 iudices
2933 859 3058 913 quae
3077 860 3265 901 causa?
3292 845 3621 899 clericorum

2040 919 2159 972 sint
2199 918 2600 1043 1terminandaz.
2668 916 2993 972 Constitutio
3052 916 3377 986 octogesima
3434 920 3617 985 tertia,

2040 1006 2162 1043 can.
2236 1032 2248 1043 .

2040 1006 2162 1060 cap.
2199 1006 2248 1044 1.

2042 1076 2152 1149 (11,
2183 1095 2234 1147 q.
2276 1078 2322 1144 1,
2354 1094 2401 1133 c.
2437 1077 2497 1132 Si
2527 1077 2649 1150 quis
2677 1093 2799 1133 cum
2829 1077 3067 1148 clerico).
3094 1076 3152 1132 Si
3186 1075 3319 1147 quis
3341 1092 3474 1131 cum
3499 1078 3617 1131 cle-

1970 1167 2089 1223 rico
2121 1166 2375 1239 litigium
2408 1166 2761 1233 habuerit,si
2782 1168 3018 1237 quidem
3043 1167 3113 1221 de
3143 1182 3321 1221 causa
3343 1165 3616 1236 pecunia-

1971 1255 2076 1325 ria,
2110 1256 2280 1311 adeat
2310 1255 2474 1326 prius
2512 1255 2847 1326 episcopum
2898 1255 3069 1324 cujus
3112 1253 3338 1323 judicio
3370 1252 3620 1307 clericus

1971 1345 2313 1417 suppositus
2336 1350 2443 1400 est.
2478 1343 2580 1400 Ille
2611 1350 2827 1413 autem,
2860 1344 2985 1398 sine
3008 1344 3223 1397 damno
3245 1347 3301 1397 et
3321 1342 3447 1397 sine
3469 1342 3617 1395 dila-

1967 1434 2147 1501 tione,
2183 1437 2602 1504 competentem
2632 1434 2803 1487 finem
2840 1432 2925 1486 liti
2953 1431 3340 1504 impositurus
3377 1433 3484 1485 est.
3516 1431 3613 1484 Sin

1968 1528 2161 1579 autem
2199 1521 2452 1577 noluerit
2494 1522 2805 1592 episcopus
2854 1519 3014 1575 litem
3049 1519 3343 1589 dirimere,
3370 1521 3511 1573 tunc
3541 1520 3611 1572 ad

1968 1610 2165 1666 civiles
2190 1611 2422 1681 judices
2455 1609 2799 1680 disceptatio
2821 1625 3009 1663 causae
3043 1607 3360 1678 proveniat.
3386 1606 3492 1661 Ubi
3516 1623 3614 1660 au-

1968 1706 2087 1756 tem
2114 1716 2357 1756 causam
2380 1699 2653 1753 dirimere
2676 1697 2797 1752 vult
2818 1698 3149 1769 episcopus,
3172 1697 3299 1753 sine
3321 1696 3616 1767 scriptura

1968 1790 2165 1845 omnia
2196 1789 2533 1860 procedant,
2570 1792 2625 1841 et
2654 1787 2963 1841 difﬁnitiva
2995 1788 3285 1842 sententia
3305 1786 3377 1841 ab
3400 1801 3465 1840 eo
3487 1784 3614 1840 sine

1966 1878 2275 1950 scripturis
2307 1878 2617 1933 inseratur.
2651 1877 2811 1942 Quod
2847 1876 2893 1931 si
2926 1878 2996 1932 de
3026 1875 3314 1931 criminali
3342 1892 3520 1931 causa
3550 1873 3616 1928 li-

1968 1968 2179 2040 tigium
2203 1966 2670 2029 emerserit,tunc
2691 1970 3090 2036 competentes
3113 1963 3466 2036 interpellati
3486 1980 3617 2018 con-

1969 2062 2313 2112 sentaneum
2346 2056 2573 2127 legibus
2608 2054 2925 2111 terminum
2956 2071 3144 2109 causa:
3176 2053 3502 2125 imponant,
3535 2052 3614 2105 ita

1967 2150 2163 2202 tamen
2184 2150 2246 2201 ut
2267 2145 2614 2215 disceptatio
2632 2144 2749 2198 litis
2767 2145 3017 2198 duorum
3036 2142 3330 2197 mensium
3353 2141 3610 2213 spatium

1968 2251 2083 2290 non
2101 2234 2361 2303 excedat,
2383 2232 2553 2289 alitis
2570 2231 2988 2287 contestatione
3012 2230 3465 2285 numerandum.
3487 2233 3611 2284 Non

1968 2322 2139 2379 aliter
2160 2328 2353 2378 autem
2376 2323 2656 2394 puniatur
2681 2321 2945 2385 clericus,
2969 2320 3080 2375 nisi
3104 2318 3393 2375 obnoxius
3418 2335 3611 2389 reper-

1970 2417 2066 2467 tus
2098 2412 2424 2467 sacerdotio
2456 2411 2717 2482 privatus
2742 2409 3021 2480 [nudatus
3058 2409 3214 2479 Vict.]
3246 2407 3421 2463 fuerit
3448 2424 3479 2461 a
3510 2422 3616 2461 suo

1969 2501 2265 2571 episcopo,
2298 2498 2383 2554 vel
2418 2498 2726 2552 clericatus
2758 2497 2999 2552 honore.
3035 2497 3136 2552 Sin
3167 2501 3366 2551 autem
3397 2495 3618 2550 crimen

1969 2587 2430 2651 ecclesiasticum
2448 2591 2557 2656 est,
2571 2590 2712 2641 tunc
2729 2586 3053 2642 secundum
3073 2601 3325 2641 canones
3346 2584 3618 2655 episcopo

1969 2677 2077 2733 soli
2111 2693 2297 2732 causae
2326 2676 2695 2732 examinatio
2745 2678 2801 2729 et
2851 2691 3020 2744 poena
3064 2674 3360 2745 procedat,
3394 2671 3617 2727 nullam

1969 2765 2444 2821 communionem
2477 2764 2611 2820 aliis
2633 2763 2937 2835 judicibus
2968 2763 3025 2818 in
3060 2761 3399 2832 hujusmodi
3423 2760 3620 2815 causis

1969 2854 2349 2910 habentibus.

1969 2965 2099 3041 Car:
2129 2962 2252 3015 428.
2286 2992 2353 3041 -τ
2386 2962 2456 3041 ηε
2483 2976 2545 3015 eo
2594 2960 2691 3041 qui
2739 2958 3619 3041 inﬁrmitatedepressusnmona:

2039 3034 2201 3112 c_hum
2216 3049 2274 3089 se
2288 3033 2416 3112 ﬁeri
2428 3028 2704 3112 promis
2728 3028 3043 3112 {ilemauder
3066 3032 3131 3098 ll,
3155 3029 3336 3110 [Μογιῡί
3362 3028 3620 3112 [Hugoni]

1890 3121 1934 3188 ρ
2042 3100 2384 3174 Ενθυενεήδὶ,
2414 3100 2465 3159 et
2496 3102 2811 3159 Theodorico
2846 3100 3196 3158 Virdunensi
3224 3100 3512 3172 cpiscOpis.

2043 3196 2157 3265 (17,
2184 3212 2233 3266 q.
2266 3197 2320 3263 2,
2350 3211 2397 3248 c.
2433 3192 2732 3263 Cosaldus).
2762 3190 3145 3246 Praesentium
3167 3189 3317 3245 lator
3338 3188 3625 3244 Cosaldus

1970 3284 2295 3355 presbyter,
2329 3284 2399 3338 ad
2434 3280 2637 3336 limina
2682 3280 3084 3352 apostolorum
3117 3279 3380 3345 veniens,
3413 3292 3625 3348 quere-

1966 3371 2086 3427 larn
2118 3370 2454 3443 apostolica:
2480 3370 2603 3425 sedi
2637 3367 2928 3440 deposuit,
2954 3366 3301 3422 beneﬁcium
3335 3369 3391 3421 et
3420 3363 3628 3419 altaria

1970 3477 2097 3531 quas
2129 3476 2233 3531 per
2261 3460 2604 3515 canonicam
2635 3456 3029 3513 Virdunensis
3060 3454 3329 3511 Ecclesiae
3363 3453 3627 3508 obtinere

1969 3547 2215 3623 solebat,
2247 3565 2279 3603 a
2311 3549 2567 3619 quodam
2602 3547 2868 3613 diacono,
2902 3544 3171 3601 Richerio
3220 3542 3478 3605 nomine,
3510 3540 3624 3596 sibi

1968 3637 2164 3693 ablata
2180 3636 2500 3693 esse.Dixit
2520 3636 2672 3691 enim
2695 3636 2847 3706 quod
2879 3635 3175 3705 quondam
3201 3634 3258 3687 in
3287 3630 3627 3687 inlirmitate

1967 3726 2189 3782 fervore
2219 3723 2515 3797 passionis
2564 3740 2881 3795 oppressus
2933 3722 3291 3778 monachum
3340 3736 3404 3775 se
3438 3720 3627 3775 facere

1968 3813 2324 3887 promiserit,
2360 3830 2474 3869 non
2508 3817 2704 3868 tamen
2741 3817 2804 3868 ut
2833 3810 3187 3867 monasterio
3218 3809 3305 3865 vel
3339 3809 3535 3865 abbati
3566 3824 3627 3863 se

1967 3902 2399 3972 tradiderit,vel
2430 3902 2886 3974 promissionem
2906 3900 3229 3971 scripserit,
3256 3899 3359 3955 sed
3381 3898 3624 3954 conﬁte-

1966 3997 2065 4048 tur
2093 3992 2245 4064 quod
2289 3992 2593 4064 preafatum
2649 3989 2996 4045 beneﬁcium
3048 3988 3107 4042 in
3159 4004 3336 4042 manu
3366 3985 3624 4041 advocati

1967 4082 2233 4138 Ecclesiae
2256 4080 2609 4137 refutaverit.
2635 4085 2710 4133 At
2733 4084 3047 4149 postquam
3082 4075 3394 4141 convaluit,
3423 4090 3623 4129 mona-

1966 4172 2142 4227 chum
2168 4171 2357 4226 facere
2381 4186 2517 4225 mox
2539 4168 2791 4239 negavit.
2820 4167 2971 4220 Dixit
2992 4164 3168 4220 etiam
3196 4162 3350 4233 quod
3374 4178 3507 4217 cum
3531 4161 3621 4216 in-

1966 4261 2175 4315 ﬁrmus
2191 4262 2414 4330 jaceret
2427 4258 2739 4329 praedictus
2762 4254 3066 4309 Richerius
3081 4250 3427 4307 beneﬁcium
3445 4265 3621 4305 suum

1967 4349 2041 4404 ab
2072 4349 2344 4419 episcopo
2385 4344 2743 4401 Virdunensi
2793 4342 3096 4414 acquirere
3141 4339 3451 4412 potuisset,
3483 4338 3625 4411 quia

1968 4437 2113 4493 dixit
2129 4454 2262 4492 eum
2286 4433 2582 4490 monachu
2598 4434 2793 4504 mjam
2822 4432 3037 4487 factum
3061 4446 3209 4486 esse.
3232 4431 3420 4485 Causa
3440 4428 3631 4483 dilfer-

1967 4530 2066 4581 tur
2094 4526 2151 4580 in
2184 4527 2601 4580 Treverensem
2644 4523 2958 4594 synodum,
2991 4520 3050 4575 in
3083 4535 3202 4590 qua
3231 4518 3508 4590 praefatus
3530 4516 3630 4571 Ri-

1975 4613 2206 4669 cherius
2239 4614 2522 4669 diaconus
2554 4611 2708 4667 mala
2740 4611 2851 4665 ﬁde
2882 4608 3228 4680 acquisisse,
3254 4624 3321 4663 ac
3353 4607 3505 4662 male
3533 4606 3625 4660 in-

1972 4709 2162 4759 trasse
2182 4701 2484 4758 convictus
2506 4704 2617 4757 est.
2639 4702 3007 4770 Quapropter
3027 4698 3169 4768 quia
3190 4696 3343 4751 beati
3379 4693 3625 4750 Benedi-

1974 4792 2072 4860 eti,
2095 4792 2489 4862 canonicaque
2500 4794 2558 4845 et
2577 4788 2869 4860 praacipue
2890 4787 3079 4842 Patris
3102 4790 3158 4841 et
3180 4783 3626 4856 praedecessoris

1975 4881 2159 4937 nostri
2174 4878 2625 4951 sanctiGregorii
2639 4894 2801 4949 papas
2815 4875 3157 4933 constitutio
3169 4873 3628 4941 interdicit,ante

1974 4970 2152 5026 unius
2166 4970 2303 5026 anni
2320 4968 2720 5041 probationem
2734 4966 2884 5022 effici
2899 4962 3332 5030 monachum,si
3347 4963 3426 5017 ita
3447 4963 3628 5027 est,ut

1973 5059 2477 5129 dixitjudicamus
2492 5063 2550 5115 et
2561 5057 2911 5114 auctoritate
2924 5052 3241 5126 apostolica
3257 5050 3488 5123 praecipi
3500 5066 3544 5104 cc
3558 5065 3627 5103 us

1974 5152 2038 5204 ut
2069 5148 2369 5221 diligentia
2404 5152 2593 5204 vestra
2621 5151 2796 5215 atque
2817 5144 3129 5200 clementia
3150 5143 3360 5197 horum
3383 5139 3626 5210 portitor

1969 5236 2255 5295 Cosaldus
2287 5238 2591 5310 presbyter
2621 5233 2995 5307 [presbyteri]
3021 5230 3308 5297 videlicet,
3343 5224 3625 5281 beneficia

1972 5330 2031 5382 et
2055 5325 2268 5383 altaria
2295 5325 2560 5397 recipiat,
2592 5323 2828 5389 habeat,
2860 5325 2916 5377 et
2938 5320 3131 5390 quiete
3158 5317 3424 5373 retineat.

282 5510 395 5583 (78)
428 5507 607 5583 Graece
636 5511 711 5565 est
741 5506 776 5576 ἢ
808 5501 861 5559 ἐν
879 5502 1094 5583 arrepta
1124 5504 1606 5583 np_6c_jza_Eswum‘r,v
1636 5524 1854 5580 κατενεχ

1980 5525 2086 5560 εται
2115 5506 2311 5580 τύχην.
2345 5521 2469 5577 qua
2500 5505 2661 5561 verba
2688 5506 2930 5576 Agyleus
2958 5503 3039 5558 sic
3066 5500 3229 5558 vertit
3256 5518 3276 5557 :
3308 5502 3417 5556 Aut
3446 5515 3623 5573 egens

212 5574 300 5640 ιδ
316 5574 720 5655 apparitorum
750 5574 1144 5635 conditionem
1168 5574 1500 5649 'dcjiciatur.
