3972 6056
385 293 490 349 539

1468 305 1533 355 D.
1577 302 1816 359 IVONIS
1854 305 2348 363 CARNOTENSIS
2382 311 2702 364 EPISCOPI

3689 314 3806 369 540

382 419 512 508 (ΖΔΕ.
705 448 774 457 —
803 420 878 474 De
902 420 1220 508 preskytero
1251 421 1683 508 quisine’cul'pa
1719 425 2034 508 perdiderat
2060 429 2113 496 Α
2145 429 2370 486 satione
2402 431 2601 502 aliqua
2628 436 2856 504 poterat
2877 432 2994 504 tegi
3021 433 3265 489 crimen.
3293 457 3320 483 »
3352 435 3421 489 Et
3444 435 3619 506 paulo
3643 442 3805 508 post.

451 489 742 543 Ecclesium
794 489 968 545 suam.
1019 489 1274 546 Nicotaus
1323 493 1555 549 Airardo
1605 489 1909 552 Turbnensi
1940 515 2030 553 ar-

453 559 792 631 chiepiscopo
823 563 906 632 (in
937 563 1221 633 rescriptis
1247 563 1464 620 Nicolai
1495 567 1536 631 I,
1571 569 1657 622 tit.
1693 569 1744 633 1,
1775 585 1822 622 c.
1857 571 1934 637 4).

467 666 598 737 2,9.
639 669 688 732 1,
720 684 765 721 c.
819 669 1012 722 Notum
1040 667 1154 732 sit).
1215 669 1427 725 Notum
1480 671 1559 725 sit
1608 676 1720 727 tua:
1767 675 2033 730 fraternas

376 752 644 809 charitati
678 756 830 824 quod
867 755 975 810 iste
1007 756 1308 828 presbyter
1341 776 1582 830 pauper,
1609 763 1845 818 nomine
1863 764 2033 818 Chri-

376 842 712 914 stephorus,
747 844 817 897 de
847 860 953 897 sua
979 847 1255 914 angustia
1279 848 1348 901 ad
1377 854 1633 904 nostram
1657 850 2031 910 clementiam

376 931 834 1001 lacrymabiliter
852 931 928 985 sit
949 936 1538 1002 conquestus,dicens
1562 955 1622 992 se
1651 939 1815 996 falsis
1836 943 2032 997 crimi-

377 1018 550 1074 nibus
575 1019 929 1088 impetitum,
949 1024 1005 1074 et
1029 1022 1100 1076 ab
1125 1023 1381 1078 Ecclesia
1406 1043 1533 1095 sua,
1559 1045 1674 1083 non
1700 1032 2032 1086 convictum

377 1123 560 1175 neque
612 1106 967 1177 confessum,
1025 1108 1502 1169 irrationabiliter
1551 1116 1729 1171 tuisse
1785 1117 2030 1189 ejectum

374 1195 517 1248 Nam
551 1198 641 1257 (ut
672 1194 798 1266 ipse
844 1197 1042 1267 refert)
1079 1202 1183 1253 tua
1234 1200 1539 1272 diligentia
1591 1221 1691 1275 per
1737 1210 1853 1262 tres
1883 1208 2035 1264 vices

377 1281 758 1353 inquisitione
790 1283 1134 1351 facta,nulla
1166 1286 1220 1340 in
1244 1304 1306 1343 se
1331 1306 1519 1360 neque
1545 1293 1616 1346 de
1635 1293 2036 1352 fornicationis

371 1369 640 1436 crimine,
676 1387 865 1442 neque
897 1374 967 1428 de
990 1373 1293 1430 homicidii
1319 1393 1610 1435 consensu
1649 1381 2038 1451 [confessione

373 1459 480 1530 or.]
509 1460 602 1530 (de
634 1460 851 1530 quibus
883 1461 1302 1535 impetebatur)
1346 1468 1537 1536 potuit
1567 1469 1738 1541 culpa
1773 1473 2035 1543 reperiri.

377 1547 488 1603 nisi
514 1548 652 1618 quia
679 1565 801 1604 suae
820 1552 1182 1622 paupertatis
1203 1570 1382 1609 causa
1410 1557 1563 1626 quod
1591 1561 1918 1629 petebatur,
1940 1544 2040 1616 aut

374 1637 706 1692 consentire
757 1638 964 1705 noluit,
1005 1645 1103 1694 aut
1155 1640 1400 1712 implere
1448 1661 1561 1700 non
1607 1649 1834 1717 potuit;
1882 1651 2037 1720 quod

379 1742 523 1780 suus
554 1730 754 1780 tamen
779 1727 1028 1782 aemulus
1050 1728 1352 1786 ultroneus
1377 1733 1514 1803 egit,
1540 1737 1638 1804 qui
1663 1735 1823 1793 illius
1844 1739 2037 1795 Eccle-

376 1814 523 1869 siam
542 1815 758 1885 injuste
787 1815 1336 1887 praeripuitldcirco
1357 1837 1711 1894 magnopere
1728 1842 2039 1884 monemus

375 1903 968 1978 reverentiamtuam,
995 1909 1058 1960 ut
1088 1923 1212 1977 qua:
1239 1913 1291 1963 te
1315 1909 1462 1965 forte
1484 1911 1790 1983 ignorante
1817 1916 2041 1974 Giezica

377 1991 696 2062 cupiditate
729 1997 960 2063 peracta
1011 2011 1139 2050 esse
1169 1997 1460 2069 videntur,
1494 2005 1608 2056 tuas
1657 2005 2040 2062 fraternitatis

378 2097 629 2136 censura
651 2081 824 2136 celeri
853 2084 1259 2140 emendatione
1282 2090 1672 2162 corrigantur,
1702 2093 1927 2150 scilicet
1949 2113 2041 2152 re-

381 2168 679 2224 stituendo
705 2171 969 2226 Ecclesia
993 2174 1376 2246 propriasjam
1403 2179 1621 2234 dictum
1649 2184 2038 2246 sacerdotem!

382 2260 554 2327 atque
584 2259 773 2313 eidem
826 2260 1120 2317 reddendo
1172 2267 1273 2318 tua
1314 2265 1528 2336 pietate
1577 2285 1750 2340 quem
1787 2272 2010 2342 perdidi

388 2344 704 2415 pristinum
725 2346 1004 2403 honorem
1017 2391 1030 2417 ,
1046 2355 1102 2404 et
1119 2351 1454 2410 nullatenus
1468 2359 1746 2414 canonica
1770 2360 2039 2418 instituta

386 2432 636 2503 alicujus
671 2435 998 2492 temeritate
1031 2441 1325 2495 contemni
1372 2446 1747 2518 permittatis,
1779 2451 1918 2519 quia
1951 2450 2035 2505 fa-

386 2520 633 2577 cientem
667 2527 724 2578 et
753 2527 1216 2584 consentientem
1247 2547 1355 2602 par
1386 2549 1554 2604 paena
1581 2538 1948 2610 constringit.

382 2649 509 2732 Cap.
547 2646 671 2732 4'30.
697 2678 764 2687 --
789 2653 870 2703 De
899 2649 1150 2732 diacono,
1182 2654 1248 2732 de
1265 2656 1498 2732 crimine
1521 2660 1724 2730 injuste
1745 2662 2030 2732 in/amato.

414 2716 736 2788 Stephanus
764 2735 914 2790 papa
947 2716 1178 2793 quintus
1207 2727 1372 2782 Leom'
1402 2716 1646 2802 episcopo
1679 2716 1989 2791 Thia'nensi.

450 2823 563 2890 (t5,
595 2841 644 2893 q.
677 2825 732 2891 5,
755 2841 802 2879 c.
831 2828 902 2880 De
921 2827 1197 2901 crimine).
1224 2832 1303 2887 De
1326 2835 1571 2892 crimine
1594 2837 1705 2892 sibi
1732 2839 1890 2896 illato
1914 2842 2032 2897 dia-

377 2928 560 2966 conus
592 2917 730 2967 tuus
758 2915 1058 2972 verissime
1102 2935 1163 2973 se
1215 2921 1506 2978 fatebatur
1535 2925 1882 2984 immunem.
1918 2931 2031 2986 Ve-

376 3004 710 3055 rumtamen
737 3001 784 3056 si
807 3003 1062 3074 suapicio
1081 3006 1353 3076 habetur,
1369 3016 1426 3066 et
1447 3019 1814 3071 accusatores
1839 3007 2030 3076 idonei

377 3088 770 3158 reperiuntur,
786 3095 842 3145 et
859 3096 1035 3148 testes
1059 3095 1259 3165 quales
1281 3099 1429 3153 sacri
1453 3118 1706 3158 canones
1729 3106 2003 3163 sanciunt

2221 540 2247 572 α
2267 520 2491 575 Absens
2509 521 2673 589 facie,
2690 539 2950 592 praesens
2970 526 3163 577 autem
3185 525 3532 580 auctoritate
3552 526 3808 597 spiritus

2145 608 2241 679 qui
2279 625 2569 680 nusquam
2599 611 2787 681 abest,
2813 612 2940 680 jam
2966 611 3224 681 judicavi
3279 617 3344 667 ut
3374 630 3631 684 praesens
3662 631 3807 670 eum

2143 697 2239 767 qui
2272 697 2379 752 hoc
2410 699 2649 753 admisit
2671 701 2820 755 tradi
2854 702 3077 755 Satanae
3107 700 3166 754 in
3197 701 3500 757 interitum
3525 704 3742 766 carnis.
3772 724 3802 756 ιι

2143 802 2276 858 CAP.
2304 804 2430 879 432.
2462 837 2530 844 —
2561 807 2692 861 Rem
2721 807 2780 860 in
2810 807 3161 863 contentione
3201 808 3457 879 positam,
3487 826 3597 865 non
3633 811 3809 867 licere

2283 875 2485 931 donare
2511 879 2596 932 vel
2623 879 2874 933 vendere.
2911 882 3003 933 Ex
3033 879 3129 935 lib.
3165 875 3340 951 Capit.
3374 875 3491 952 cap.
3525 883 3653 939 357.

2214 973 2357 1028 Rem
2389 974 2447 1028 in
2497 977 2872 1032 contentione
2924 977 3174 1048 positam
3229 995 3344 1034 non
3394 980 3532 1035 licet
3582 981 3808 1037 donare

2139 1061 2228 1116 vel
2261 1064 2530 1120 vendere.

2143 1171 2275 1222 CAP.
2311 1171 2434 1224 433.
2455 1202 2521 1210 --
2537 1173 2613 1226 De
2637 1172 3285 1248 mctloconﬁciendarum
3302 1175 3658 1246 epistolamm
3679 1182 3806 1248 for-

2214 1250 2513 1329 mularum,
2545 1259 2706 1329 quem
2723 1244 2956 1323 .Nicmna
2987 1245 3224 1329 synodus
3263 1244 3416 1328 inter
3439 1244 3708 1329 episcoPo's
3743 1247 3809 1302 in

2215 1312 2486 1380 faciendis
2513 1312 2759 1385 epistolis
2787 1312 3217 1371 conservandum
3249 1333 3366 1372 esse
3395 1312 3658 1374 instituit.

2218 1411 2374 1481 (Dist.
2407 1412 2497 1480 73,
2531 1428 2577 1466 c.
2613 1413 2900 1484 Qualiter).
2935 1413 3130 1468 Greca
3158 1412 3446 1470 elementa
3473 1414 3804 1472 litterarum

2148 1515 2426 1560 numeros
2457 1500 2634 1555 etiam
2685 1501 3031 1572 exprimere,
3065 1501 3267 1558 nullus
3297 1503 3397 1574 qui
3426 1503 3515 1559 vel
3545 1507 3809 1562 tenuiter

2148 1589 2326 1644 δι’ωοὶ
2361 1589 2649 1644 sermonis
2681 1591 2951 1645 notitiam
2997 1590 3192 1663 habet,
3225 1593 3476 1664 ignorat.
3509 1595 3589 1650 Ne
3621 1595 3808 1665 igitur

2148 1678 2208 1732 in
2240 1677 2520 1733 faciendis
2553 1679 2818 1750 epistolis
2852 1679 3152 1736 canonicis
3198 1684 3366 1752 (quas
3400 1699 3527 1737 mos
3559 1683 3810 1738 Latinus

2071 1800 2117 1863 Β
2151 1767 2432 1822 formatas
2455 1767 2728 1838 appellat)
2744 1767 2942 1839 aliqua
2958 1771 3116 1825 fraus
3132 1769 3410 1826 falsitatis
3425 1775 3641 1827 temere
3665 1789 3812 1843 pra:-

2150 1862 2506 1922 sumeretur,
2538 1857 2646 1912 hoc
2677 1875 2710 1912 a
2741 1857 3011 1913 Patribus
3044 1860 3322 1915 trecentis
3353 1862 3672 1916 octodecim
3704 1863 3808 1916 Ni-

2150 1961 2262 1999 cea:
2281 1946 2649 2017 congregatis
2675 1946 3060 2001 saluberrime
3081 1947 3376 2004 inventum
3401 1955 3491 2004 est
3512 1955 3567 2004 et
3588 1952 3810 2005 consti-

2149 2037 2362 2098 tutum,
2394 2039 2457 2088 ut
2486 2036 2747 2090 formatas
2777 2035 3036 2105 epistolae
3074 2035 3226 2092 hanc
3257 2037 3663 2094 calculationis
3694 2057 3803 2096 seu

2150 2122 2584 2194 supputationis
2606 2141 2727 2178 suae
2745 2123 2999 2179 habeant
3017 2125 3323 2195 rationem,
3349 2127 3406 2182 id
3432 2133 3521 2183 est
3543 2133 3608 2183 ut
3630 2146 3807 2184 assu-

2149 2215 2388 2266 mantur
2414 2211 2472 2266 in
2505 2213 2989 2283 supputationem
3043 2214 3234 2285 prima
3285 2216 3480 2272 Graeca
3509 2216 3810 2272 elementa

2149 2301 2354 2369 Patris,
2386 2305 2444 2355 et
2463 2300 2611 2366 Filii,
2638 2307 2694 2356 et
2712 2301 2964 2370 Spiritus
2988 2303 3196 2370 sancti,
3223 2303 3278 2358 id
3302 2309 3390 2360 est
3410 2324 3470 2372 π,
3505 2325 3557 2374 υ,
3589 2325 3642 2360 α.
3668 2307 3806 2370 Quae

2146 2391 2432 2444 elementa
2462 2390 2898 2461 octogenarium
2927 2391 3577 2463 quadringentesimum
3603 2399 3659 2449 et
3689 2395 3810 2465 pri-

2146 2496 2306 2534 mum
2332 2487 2563 2534 servant
2585 2496 2882 2535 numeros.
2907 2481 3056 2535 Petri
3082 2498 3314 2554 quoque
3337 2483 3583 2555 apostoli
3609 2485 3808 2556 prima

2143 2565 2337 2622 littera
2367 2568 2423 2621 id
2449 2572 2537 2622 est
2569 2588 2627 2634 π,
2660 2585 2785 2638 quae
2817 2585 3132 2625 numerum
3165 2571 3586 2642 octogesimum
3613 2574 3802 2645 signi-

2143 2656 2294 2711 ﬁcat.
2329 2657 2467 2726 Ejus
2497 2656 2595 2727 qui
2640 2655 2840 2711 scribit
2869 2657 3178 2729 epistolam
3231 2660 3420 2731 prima
3453 2661 3666 2729 littera,
3699 2664 3796 2718 cui

2142 2744 2422 2800 scribitur
2439 2745 3062 2815 secunda,accipientis
3079 2748 3269 2814 tertia,
3284 2749 3537 2804 civitatis
3555 2766 3796 2822 quoque

2142 2835 2212 2888 de
2243 2851 2356 2904 qua
2388 2835 2669 2888 scribitur
2698 2840 2926 2905 quarta,
2959 2840 3015 2890 et
3056 2835 3394 2893 indictionis
3426 2855 3797 2910 quaecunque

2140 2926 2228 2978 est
2258 2922 2418 2977 illius
2449 2923 2752 2993 temporis,
2788 2939 3070 2979 numerus
3101 2932 3470 2995 assumatur;
3502 2933 3678 3000 atque
3711 2929 3797 2984 ita

2140 3010 2232 3065 his
2251 3011 2523 3066 omnibus
2543 3010 2757 3066 Graecis
2772 3011 3002 3079 litteris,
3023 3029 3152 3085 quae
3176 3015 3265 3084 (ut
3285 3015 3563 3088 diximus)
3587 3033 3796 3073 nume-

2142 3115 2237 3153 ros
2267 3098 2623 3168 exprimunt,
2658 3099 2715 3153 in
2744 3117 2928 3154 unum
2953 3101 3164 3172 ductis,
3189 3120 3392 3171 unam,
3426 3121 3796 3178 quascunque

375 3176 597 3231 adscito
627 3181 816 3232 tecum
863 3186 1017 3236 certo
1064 3184 1473 3256 episcoporum
1506 3207 1750 3247 numero
1788 3196 2010 3251 veniant

2185 3154 2376 3240 )llecta
2402 3187 2596 3253 fuerit,
2611 3154 2904 3243 summam
2925 3154 3171 3258 epistola
3431 3154 3629 3248 deat
3655 3154 3796 3265 prae-

375 3268 768 3335 accusatores,
802 3272 1037 3324 vocetur
1067 3277 1120 3326 et
1144 3271 1270 3343 ipse
1301 3274 1607 3334 Aldericus
1639 3281 1944 3354 diaconus,
1968 3290 2024 3340 et

373 3353 423 3407 si
476 3353 792 3425 negaverit,
826 3357 1139 3414 ventiletur
1185 3379 1360 3419 causa
1389 3369 1704 3437 canonice;
1757 3377 1814 3426 et
1839 3373 1902 3439 {si
1935 3375 2022 3429 vel

373 3448 581 3512 sponte
599 3443 1020 3510 confessus,vel
1042 3446 1323 3520 legitimis
1346 3455 1595 3511 testibus
1623 3458 1794 3515 fuerit
1813 3478 2022 3534 appro-

373 3529 569 3595 batus,
621 3531 902 3588 canonica
961 3535 1204 3592 feriatur
1248 3545 1557 3600 sententia.
1607 3547 1768 3612 Quod
1819 3529 1868 3605 si
1891 3529 2024 3607 -nec

375 3622 584 3710 sponte
615 3620 946 3710 confitetur,
973 3641 1076 3680 nec
1099 3635 1472 3688 accusatores
1496 3638 1551 3689 et
1571 3639 1749 3694 testes
1775 3639 2025 3710 legitimi

374 3707 584 3799 reperti
619 3708 854 3780 fuerint,
880 3717 938 3766 et
959 3713 1114 3769 mala
1135 3717 1291 3774 fama
1311 3721 1770 3792 crebrescit,non
1790 3707 2022 3799 publico

371 3795 663 3862 examine,
697 3799 797 3852 sed
831 3815 1025 3856 coram
1062 3807 1116 3858 te
1166 3811 1221 3860 et
1251 3807 1572 3880 aliquantis
1603 3795 2021 3872 revera-ndissi-

373 3884 486 3938 mis
519 3885 872 3957 presbyteris
899 3894 956 3944 et
986 3891 1331 3950 diaconibus
1363 3897 1630 3956 Ecclesiae
1661 3906 1773 3957 tuas
1800 3911 2022 3962 secreto

363 3973 705 4043 juramento
730 3992 792 4031 se
808 3979 1231 4049 puriﬁcet,ettu
1255 3986 1530 4058 deinceps
1546 3991 1682 4045 boni
1700 3984 2025 4052 testimonii

373 4077 508 4116 eum
562 4065 870 4135 annuntia,
904 4072 960 4123 et
1006 4085 1311 4142 compesce
1354 4090 1420 4129 ac
1467 4077 1715 4134 admone
1757 4082 2024 4141 Ecclesia;

371 4148 548 4220 ﬁlios,
581 4167 653 4206 ne
687 4156 1044 4211 sacerdotem
1077 4158 1176 4213 Dei
1211 4159 1494 4219 infamare
1525 4164 1770 4224 ulterius
1800 4187 2021 4240 praasu-

372 4243 560 4310 mant,
585 4239 861 4298 timentes
880 4244 1350 4306 maledictionem
1369 4251 1572 4323 Cham,
1599 4255 1699 4327 qui
1719 4239 1902 4328 patris
1923 4276 2020 4318 ve-

371 4328 555 4383 renda
585 4329 791 4386 derisit
818 4330 972 4400 (Gen.
1003 4335 1125 4407 vn).

369 4434 502 4489 CAP.
535 4435 658 4491 431.
693 4467 760 4478 —
791 4439 1168 4571 Manifestqidne
1184 4460 1413 4504 causam
1443 4466 1552 4506 non
1589 4468 1744 4523 egere
1770 4457 2015 4516 testibus.

1171 4532 1246 4571 m.

1171 4532 1246 4572 m.

441 4610 518 4678 (2,
550 4629 604 4682 q.
635 4613 691 4681 2,
723 4629 770 4668 c.
818 4614 892 4669 De
917 4618 1254 4692 manifesta).
1311 4625 1387 4682 De
1435 4629 1743 4688 manifesta
1793 4639 1852 4689 et
1881 4641 2019 4692 nota

369 4695 643 4785 plurimis
677 4716 856 4758 causa
884 4721 999 4760 non
1032 4713 1482 4783 suntquasrendi
1503 4722 1704 4785 testes,
1729 4725 1794 4775 ut
1813 4726 2016 4779 beatus

369 4784 837 4884 Aim‘brosiusjin
862 4793 897 4845 5
916 4799 1122 4884 capite,
1153 4803 1345 4858 statim
1366 4813 1486 4874 post
1513 4807 1762 4880 initium)
1794 4809 1853 4864 in
1883 4812 2016 4884 Epi-

367 4869 578 4928 stolam
610 4876 680 4930 ad
712 4875 1042 4939 Corinthios
1073 4888 1277 4944 scribit
1306 4869 1379 4945 de
1407 4869 1756 4951 fornicatore
1783 4869 2015 4954 senten-

367 4958 515 5054 tiam
551 4977 848 5033 exponens
890 4972 1166 5042 Apostoli.
1201 4999 1228 5026 «
1259 4977 1504 5052 Judicis,
1536 4982 1750 5054 inquit,
1782 5004 1898 5043 non
1928 4993 2018 5045 est

367 5046 494 5136 sine
527 5060 866 5112 accusatore
888 5059 1167 5118 damnare
1187 5065 1322 5135 quia
1342 5046 1858 5132 DominusJudam
1881 5094 2014 5136 cum

370 5134 580 5237 fuisset
612 5140 726 5209 fur,
759 5145 898 5215 quia
948 5164 1063 5204 non
1096 5157 1184 5206 est
1205 5134 1541 5225 accusatus,
1575 5160 1818 5220 minime
1853 5167 2014 5239 abje-

367 5225 465 5327 cit.
503 5234 645 5327 »ἑο
672 5247 805 5289 mox
839 5252 851 5290 ε
886 5259 916 5288 ‹‹
943 5237 1184 5312 Cognito
1228 5249 1423 5301 autem
1456 5263 1627 5319 opere
1655 5251 1770 5308 isto
1801 5225 2015 5327 pellan-

369 5316 509 5371 dum
544 5317 710 5376 illum
743 5324 813 5379 de
835 5332 984 5382 ccetu
1006 5329 1189 5385 fuisse
1211 5316 1591 5394 fraternitatis
1611 5316 1857 5398 censuit.
1883 5344 2012 5400 Om-

370 5421 470 5460 nes
505 5408 660 5463 enim
691 5413 910 5469 crimen
951 5417 1079 5487 ejus
1119 5420 1402 5488 sciebant,
1435 5427 1492 5478 et
1520 5443 1634 5482 non
1666 5430 2008 5501 arguebant.

371 5493 606 5554 Publice
637 5501 790 5557 enim
826 5521 1130 5563 novercam
1165 5526 1327 5566 suam
1357 5511 1481 5568 loco
1513 5516 1706 5572 uxoris
1735 5493 2007 5577 habebat.

369 5579 436 5634 In
468 5597 584 5651 qua
615 5605 674 5644 re
704 5608 892 5663 neque
916 5591 1162 5654 testibus
1187 5590 1336 5671 opus
1365 5608 1506 5672 erat,
1526 5621 1713 5677 neque
1737 5608 2009 5680 tergiver-

2134 3280 2291 3329 terca
2321 3275 2635 3345 separatim
2669 3275 2727 3329 in
2761 3275 3010 3348 epistola
3039 3278 3215 3333 etiam
3251 3281 3714 3351 nonagenarium
3739 3289 3800 3338 et

2134 3379 2354 3418 nonum
2388 3364 2802 3436 numeros,qui
2825 3367 3150 3421 secundum
3181 3368 3377 3423 Gra'ca
3394 3368 3683 3425 elementa
3707 3371 3794 3427 si-

2133 3453 2435 3524 gnificant,
2471 3451 2637 3523 ἀμήν.
2672 3454 2815 3509 Tres
2835 3454 3015 3525 igitur
3031 3456 3317 3526 praedictis
3336 3457 3541 3513 litteras
3559 3458 3796 3529 Graecae,

2131 3541 2188 3595 id
2222 3545 2310 3596 est
2336 3561 2397 3608 π,
2430 3561 2481 3612 υ,
2513 3561 2567 3610 α,
2601 3546 2659 3598 et
2691 3541 2882 3614 prima
2912 3542 3109 3599 littera
3159 3561 3226 3600 ex
3257 3545 3492 3602 nomine
3522 3547 3697 3615 Petri,
3733 3549 3794 3604 id

2133 3634 2222 3686 est
2241 3650 2300 3697 π,
2321 3631 2862 3703 quingentesimum
2887 3635 2943 3687 et
2964 3649 3147 3688 unum
3174 3634 3394 3690 faciunt
3416 3651 3728 3704 numeros;
3752 3655 3794 3688 π

2132 3719 2288 3775 enim
2325 3719 2533 3791 prima,
2571 3735 2700 3790 quas
2730 3725 2822 3776 est
2850 3720 2909 3775 in
2944 3721 3181 3777 nomine
3213 3723 3430 3778 summi
3455 3724 3664 3794 Patris,
3699 3741 3792 3780 se-

2131 3808 2496 3879 xagesimum
2529 3813 2838 3878 numerat;
2872 3830 2902 3861 υ
2926 3827 3082 3882 vero,
3118 3827 3246 3882 quas
3267 3816 3356 3866 est
3377 3812 3646 3884 primain
3681 3830 3791 3869 no-

2133 3896 2288 3951 mine
2320 3896 2470 3964 Filii,
2511 3897 2804 3968 octoginta
2842 3904 3154 3968 numerat;
3185 3919 3216 3952 α
3248 3915 3405 3971 vero,
3438 3917 3561 3970 qua:
3594 3901 3792 3972 prima

2133 3985 2309 4039 estin
2361 3985 2595 4040 nomine
2641 3986 2896 4056 Spiritus
2947 3988 3156 4058 sancti,
3207 4005 3391 4043 unum
3442 3989 3683 4046 indicat.
3732 3989 3791 4044 Si

2133 4073 2314 4128 addas
2345 4092 2385 4125 π
2413 4090 2536 4143 qua:
2569 4072 2628 4128 in
2660 4076 2895 4131 nomine
2915 4077 3066 4131 Petri
3098 4081 3185 4133 est
3216 4079 3427 4150 prima,
3453 4078 3510 4133 id
3537 4083 3628 4134 est
3650 4095 3794 4148 qua-

2131 4161 2430 4232 dringinta
2461 4163 2711 4233 reperies
2732 4164 3047 4237 octoginta,
3067 4165 3213 4236 ἁμήν
3237 4183 3389 4233 vero,
3414 4168 3566 4236 quod
3588 4166 3647 4221 in
3673 4167 3793 4223 ﬁne

2129 4249 2414 4322 praedicta:
2432 4249 2690 4320 epistolas
2714 4252 2997 4324 scriptum
3017 4259 3126 4322 est,
3144 4255 3464 4326 quingenta
3483 4256 3792 4328 sexaginta

2131 4354 2338 4406 unum,
2355 4338 2617 4406 indicat;
2650 4358 2681 4392 α
2699 4343 2855 4396 enim
2875 4358 3080 4410 unum,
3099 4363 3139 4414 μ
3156 4343 3474 4415 nonaginta
3493 4361 3726 4417 novem,
3753 4366 3785 4415 η

2128 4427 2523 4499 quadraginta
2549 4432 2699 4498 octo,
2731 4449 2756 4480 ν
2792 4431 3114 4503 nonaginta
3163 4449 3498 4504 numerum,
3542 4434 3644 4505 qui
3677 4451 3781 4490 no-

2048 4527 2095 4592 D
2126 4514 2368 4585 naginta
2410 4533 2615 4572 novem
2668 4517 2931 4574 efficiunt
2979 4535 3272 4576 numeros.
3325 4521 3383 4576 Si
3431 4537 3566 4577 vero
3595 4526 3784 4579 totam

2125 4619 2419 4659 summam
2441 4603 2619 4660 simul
2645 4606 2866 4678 jungas
2891 4613 3193 4665 sexcentos
3219 4611 3519 4682 sexaginta
3534 4611 3785 4682 epistola

2126 4709 2405 4748 numeros
2437 4697 2615 4750 tenet.
2639 4697 2743 4752 Sed
2778 4701 3015 4770 propter
3045 4698 3242 4753 minus
3273 4699 3525 4754 scientes
3558 4717 3783 4771 ponen-

2125 4782 2197 4836 da
2243 4781 2516 4837 videntur
2562 4783 2854 4841 elementa
2901 4785 3030 4858 ipsa
3081 4786 3300 4860 Graeca,
3349 4802 3483 4844 cum
3517 4789 3784 4846 numeris

2125 4869 2398 4942 propriis.

2126 4992 2256 5031 LII.
2315 4993 2400 5032 III.
2435 4995 2537 5036 IIII.
2589 4997 2641 5034 ν.
2694 4997 2766 5036 VI.
2817 4998 2915 5037 VII.
2961 4998 3083 5041 VIII.
3135 4999 3210 5038 IX.
3262 5000 3317 5040 Χ.
3372 4999 3466 5041 XX.
3515 5000 3645 5042 XXX.
3689 5001 3779 5044 XL.

2125 5063 2293 5136 α.
2363 5086 2418 5136 γ.
2496 5062 2544 5122 ὃ.
2609 5086 2650 5120 ε.
2740 5087 2791 5132 ς.
2881 5073 2926 5138 ζ.
3013 5091 3070 5141 η.
3160 5082 3209 5134 θ.
3299 5094 3335 5126 ι.
3421 5093 3474 5130 κ.
3569 5072 3624 5130 λ.
3716 5097 3778 5147 μ..

2123 5170 2174 5209 L.
2207 5171 2298 5209 LX.
2333 5171 2458 5211 LXX.
2511 5174 2674 5213 LXXX.
2707 5175 2794 5214 XC.
2846 5176 2896 5215 C.
2949 5177 3029 5216 CC.
3065 5177 3188 5220 CCC.
3248 5179 3404 5220 CCCC.
3435 5181 3490 5218 D.
3527 5181 3616 5219 DC.
3650 5181 3774 5219 DCC.

2121 5259 2167 5297 ν.
2229 5240 2272 5308 ξ.
2362 5261 2411 5297 ο.
2543 5265 2603 5298 π.
2708 5265 2754 5306 ς.
2837 5265 2887 5319 ρ.
2971 5267 3023 5305 σ.
3103 5269 3154 5304 τ.
3271 5248 3319 5307 ύ.
3434 5273 3491 5325 φ.
3555 5270 3613 5326 χ.

2121 5343 2277 5387 DCCC.
2309 5347 2490 5387 DCCCC.
2526 5350 2590 5388 M.

2122 5434 2188 5470 ω.
2360 5437 2452 5473 πτ.
2529 5438 2579 5474 α.

2191 5521 2588 5582 Numerantur
2631 5533 2822 5586 autem
2875 5531 2997 5586 ita:
3046 5527 3099 5584 ἓν
3156 5527 3276 5600 δύο,
3323 5531 3464 5604 τρία,
3515 5532 3768 5606 τέσσαρα,

2119 5607 2299 5680 πέντε,
2342 5607 2416 5684 ἐξ,
2448 5611 2598 5685 ³ὲτπτιπὶ,
2635 5613 2801 5686 ὀκτώ,
2841 5616 3009 5690 ἦννέα,
3043 5614 3190 5688 δέκα,
3233 5617 3421 5692 εἴκοσι,
3452 5621 3766 5695 τριάκοντα,
