3972 6056
188 273 290 327 541

1116 276 1423 327 DECRETI
1464 277 1645 327 PARS
1684 274 1800 326 VII.
1847 303 1909 311 -—
1955 276 2046 327 DE
2088 277 2473 345 MONACHIS,
2515 278 2668 331 ETC.

3490 276 3596 327 542

189 392 605 469 τεσσαράκοντα,
663 394 1030 463 πεντήκοντα,
1092 394 1366 465 ἐξήκοντα,
1433 388 1829 465 ἐϐδομήκοντα,
1862 405 1915 469 Α
1952 414 1985 451 n

1954 398 2117 452 nensi
2148 399 2414 454 Ecclesiae
2442 401 2685 455 devotus
2723 400 2918 471 gregis
2967 398 3178 453 Christi
3228 399 3485 453 famulus
3534 397 3592 451 in

194 482 553 559 ὁγδοήκοντα,
588 480 961 551 ἐννενήκοντα,
996 483 1207 550 ἑκατόν,
1242 480 1510 551 διακόσια,
1535 484 1839 557 τριακόσια,

188 572 612 649 τεχσσαρακὸσια
638 616 651 640 ,
709 566 1035 624 πεντακόσια
1070 615 1083 639 ,
1146 568 1390 642 ἑξακόσια
1426 615 1437 639 ,
1502 570 1790 625 ἑπτακόσια
1826 615 1838 639 ,

191 663 501 733 ὀκτακὸπια,
537 659 839 729 maxim,
877 659 1075 733 χίλιοι,

353 781 483 835 CAP.
520 779 641 832 434.
676 808 743 817 ——
778 780 1096 847 Exemplum
1129 779 1367 847 epistolae
1397 782 1679 847 formata}.

261 888 477 957 (Simile
504 891 619 955 fere
642 886 890 948 habetur,
915 885 1050 939 dist.
1083 887 1152 938 73
1182 902 1231 940 c.
1266 891 1328 939 In
1358 886 1623 955 nomine.)
1654 889 1713 939 In
1743 901 1844 938 no-

191 977 345 1031 mine
390 996 430 1027 π
479 975 691 1041 Patris,
745 981 799 1028 et
852 995 880 1024 υ
934 973 1086 1039 Filii,
1138 980 1194 1029 et
1243 995 1274 1027 α
1321 976 1573 1044 Spiritus
1633 974 1842 1038 sancti,

190 1066 533 1121 Ratbbodus
583 1068 798 1118 sancta:
848 1064 1221 1119 Treverensis
1266 1063 1533 1118 Ecclesiae
1568 1080 1631 1117 ac
1659 1062 1844 1132 plebis

186 1154 373 1223 ipsius
396 1152 642 1207 humilis
676 1152 935 1205 famulus
970 1152 1244 1207 Rotberto
1276 1153 1601 1206 reverendae
1632 1158 1843 1205 sanctae

188 1243 462 1298 Metensis
497 1241 760 1297 Ecclesiae
794 1242 1035 1297 antistiti
1074 1243 1129 1296 in
1162 1243 1392 1297 Christo
1429 1242 1688 1313 principe
1740 1259 1843 1312 pa-

188 1337 415 1387 storum
450 1347 789 1385 mansuram
825 1347 957 1383 cum
982 1331 1195 1399 gaudio
1222 1330 1623 1401 prosperitatis
1640 1346 1704 1384 ac
1724 1346 1846 1400 per-

188 1420 494 1489 petuitatis
526 1419 793 1489 gloriam.
813 1419 1052 1473 Decreta
1081 1425 1421 1473 sanctorum
1452 1423 1845 1474 trecentorum

180 1510 381 1563 decem
433 1514 490 1561 et
544 1513 673 1561 octo
706 1507 943 1561 Patrum
979 1507 1164 1562 Nicaea
1196 1506 1651 1561 constitutorum
1684 1504 1845 1560 salu-

187 1597 443 1651 berrima
468 1601 787 1659 servantes,
815 1596 930 1650 Deo
949 1596 1187 1665 dignam
1212 1595 1485 1666 piamque
1510 1594 1846 1648 fraternita-

186 1690 300 1738 tem
335 1688 585 1737 vestram
623 1683 902 1738 canonice
935 1684 1334 1754 aggredimur,
1366 1689 1421 1737 et
1454 1684 1563 1737 sub
1608 1684 1845 1737 nomine

190 1774 453 1827 formatae
502 1772 760 1842 epistolae
813 1778 1140 1826 reverenter
1177 1776 1433 1826 vestram
1475 1770 1844 1825 sanctitatem
1879 1784 1923 1846 Β

192 1861 450 1927 adimus,
485 1860 649 1914 vobis
690 1859 958 1914 videlicet
1008 1860 1338 1914 intimando
1389 1859 1528 1930 quia
1576 1860 1847 1928 praesenti

200 1949 538 2020 presbytero
569 1954 792 2013 nostro,
813 1949 1048 2003 nomine
1078 1948 1542 2017 Gislemaro,has
1574 1949 1847 2002 dimisso-

198 2038 316 2091 rias
345 2038 615 2091 dedimus
645 2038 890 2100 litteras,
916 2054 1089 2107 quem
1110 2039 1165 2091 in
1187 2044 1388 2092 nostra
1409 2038 1641 2092 dioecesi
1664 2036 1846 2091 eccle-

196 2126 433 2181 siastice
463 2128 796 2192 educatum,
824 2127 893 2181 de
924 2128 1126 2180 ordine
1158 2127 1465 2181 clericatus
1498 2130 1565 2181 ad
1604 2128 1846 2198 presby-

194 2219 419 2269 teratus
451 2214 820 2284 proveximus
852 2216 1123 2285 gradum,
1143 2221 1205 2269 ut
1228 2216 1319 2270 his
1343 2216 1847 2271 canonicismuni-

196 2307 292 2357 tus
354 2304 643 2373 apicibus,
680 2320 812 2358 cum
847 2308 1049 2358 nostra
1080 2304 1319 2359 licentia
1348 2305 1398 2359 ei
1430 2305 1485 2357 in
1519 2311 1713 2359 vestra
1744 2321 1845 2375 pa-

192 2392 369 2446 rcecia
400 2393 509 2445 sub
543 2392 875 2446 defensione
908 2408 972 2445 ac
1004 2393 1286 2459 regimine
1316 2399 1516 2447 vestrae
1547 2393 1734 2447 charm
1767 2392 1848 2447 di-

193 2480 458 2535 lectionis
485 2481 693 2550 degere
727 2479 918 2542 liceat,
944 2481 1225 2546 illumque
1256 2481 1314 2535 in
1348 2482 1478 2535 sinu
1500 2486 1711 2535 sanctae
1733 2498 1847 2535 ma-

192 2569 303 2622 tris
320 2567 588 2622 Ecclesiae
608 2568 884 2622 canonice
918 2569 1118 2622 tovend
1131 2586 1227 2622 um
1254 2586 1317 2623 ac
1340 2571 1659 2639 regendum
1684 2572 1846 2623 vobis

192 2656 643 2711 committimus.
679 2656 837 2710 Hanc
868 2672 1001 2725 ergo
1034 2656 1341 2727 epistolam
1382 2658 1591 2711 Graecis
1640 2657 1846 2712 litteris

193 2745 333 2798 hinc
381 2744 515 2798 inde
566 2745 793 2799 munire
840 2745 1203 2799 decrevimus
1237 2750 1292 2799 et
1320 2746 1537 2799 annulo
1586 2746 1845 2800 Ecclesiae

192 2838 407 2887 nostra:
444 2833 664 2887 bullare
695 2834 1053 2890 censuimus.
1081 2834 1347 2889 Christus
1365 2840 1663 2905 pastorum
1687 2836 1843 2905 prin-

194 2938 333 2992 ceps
364 2922 688 2976 interventu
724 2922 872 2976 beati
904 2922 1075 2985 Petri,
1097 2923 1186 2977 cui
1214 2922 1539 2994 specialiter
1570 2924 1713 2977 ovile
1740 2929 1843 2978 Do-

194 3008 479 3062 minicum
515 3008 895 3063 commissum
924 3014 1027 3079 est,
1048 3011 1472 3065 fraternitatem
1504 3015 1753 3065 vestram
1773 3012 1844 3066 ad

189 3098 520 3151 custodiam
540 3097 631 3151 sui
646 3100 840 3169 gregis
855 3098 953 3151 diu
970 3098 1137 3152 nobis
1152 3098 1816 3153 conservetincolumem

187 3184 361 3255 ἀμην.
385 3188 618 3239 Summa
650 3185 859 3240 horum
896 3186 1050 3242 Mille
1081 3203 1310 3241 Dxxx1x.
1346 3207 1405 3240 π.
1440 3208 1487 3240 υ.
1524 3207 1577 3240 α.
1610 3208 1673 3241 ω.
1706 3206 1754 3260 ρ.
1792 3208 1839 3241 o.

185 3293 238 3329 σ.
274 3293 323 3327 υ.
360 3273 409 3326 0.
439 3273 606 3344 ἁμήν.

260 3362 405 3416 Data
447 3363 727 3417 Treveris.
763 3363 908 3418 Ibid.
946 3363 1170 3434 Octob.,
1201 3382 1353 3420 anno
1390 3366 1700 3420 Dominieee
1752 3368 1841 3419 ln-

1794 3450 1817 3469 ᾗ

183 3451 547 3505 carnationis
605 3468 660 3507 ο.
710 3468 864 3507 cccc.
914 3468 991 3520 v1,
1041 3452 1245 3507 indict.
1295 3471 1349 3507 ix
1390 3474 1448 3509 π.
1493 3474 1542 3509 υ.
1584 3473 1635 3510 α.
1678 3474 1739 3508 π.
1790 3451 1839 3508 δ.

185 3558 240 3593 α.
276 3558 327 3610 ρ.
363 3534 411 3593 δ.
447 3550 495 3600 θ.

322 3653 455 3708 CAP.
492 3654 611 3707 435.
641 3686 706 3693 ——
740 3659 876 3711 Item
905 3655 1059 3711 aliud
1090 3657 1404 3728 exemptum
1436 3659 1714 3727 formatae.

264 3760 769 3816 Reverendissimo
801 3767 857 3817 et
887 3763 1265 3819 sanctissimo
1298 3763 1596 3818 Rathbedo
1628 3768 1841 3819 sanctae

190 3850 564 3906 Treverensis
611 3852 882 3907 Ecclesiae
932 3853 1389 3925 archiepiscopo,
1423 3854 1582 3908 Dado
1631 3853 1840 3909 Virdu-

1952 486 2197 541 Domino
2227 505 2359 542 vcro
2392 505 2524 559 rege
2557 506 2799 542 summa:
2834 488 3127 543 felicitatis
3150 488 3590 542 beatitudinem.

1951 579 2091 629 Cum
2125 583 2321 633 sancta
2358 577 2641 631 catholica
2688 577 2943 633 Ecclesia
2993 581 3265 647 prompta
3314 576 3390 630 sit
3434 576 3590 645 sequi

1952 665 2305 719 documenta
2325 667 2675 737 evangelica,
2699 686 2820 735 quae
2856 667 3090 721 dicunt:
3121 667 3225 732 Qui
3254 666 3449 735 recipit
3482 680 3599 733 pro-

1949 753 2167 821 phetam
2200 757 2255 807 in
2291 758 2512 809 nomine
2527 757 2825 825 pl'OpltfféB,
2846 756 3141 810 mercedem
3160 755 3437 825 prapheta’
3458 756 3599 807 acci-

1951 844 2096 909 piet;
2119 851 2168 896 ct
2200 846 2294 912 qui
2323 846 2519 914 recipit
2551 849 2754 911 [ustum
2788 846 2847 899 in
2878 844 3099 899 nomine
3128 846 3260 907 iusti
3289 844 3600 914 (Matthx),

1954 936 2006 982 et
2027 936 2254 995 caetera;
2282 937 2334 985 et
2360 932 2889 1003 Apostolusjubeat
2913 931 3371 1002 hospitalitatem
3395 930 3600 985 sectari

1955 1020 2128 1088 (Rom.
2179 1024 2301 1089 xu),
2346 1028 2400 1075 et
2451 1022 2898 1076 necessitatibus
2956 1025 3290 1074 sanctorum
3348 1021 3599 1073 virorum

1953 1110 2403 1179 communicare,
2440 1121 2635 1164 tamen
2695 1116 2928 1181 pr0pter
2958 1126 3056 1164 eos
3088 1110 3188 1179 qui
3221 1108 3598 1163 cauteriatam

1956 1196 2172 1251 habent
2201 1215 2369 1251 suam
2402 1200 2819 1254 conscientiam
2854 1201 2904 1269 (Ι
2934 1201 3069 1253 Tim.
3103 1200 3200 1265 1v),
3236 1197 3494 1251 dicentes
3542 1212 3602 1249 se

1955 1300 2081 1338 esse
2115 1285 2583 1357 simplices,cum
2604 1288 2721 1342 sint
2742 1288 2959 1341 astutia
2989 1285 3278 1341 diabolica
3308 1283 3530 1355 repleti,
3550 1286 3605 1337 et

1956 1389 2060 1442 pro
2117 1390 2287 1444 Opere
2344 1376 2575 1445 pietatis
2628 1377 2832 1431 dicunt
2882 1393 2942 1429 sc
2992 1376 3063 1428 de
3114 1374 3238 1429 loco
3290 1375 3359 1427 ad
3410 1372 3601 1427 locum

1955 1461 2226 1530 transire,
2260 1479 2389 1515 cum
2425 1464 2544 1517 sint
2574 1481 2679 1519 sua
2714 1464 2939 1517 malitia
2970 1464 3211 1517 faciente
3262 1460 3511 1533 fugitivi,
3548 1467 3605 1514 et

1958 1548 2159 1603 dicunt
2192 1566 2253 1604 se
2284 1568 2410 1605 esse
2445 1551 2769 1607 ministerio
2805 1569 2965 1607 sacro
3000 1553 3269 1619 insertos,
3305 1535 3435 1605 cum
3488 1567 3601 1603 non

1957 1637 2105 1691 sint:
2142 1644 2427 1693 statutum
2460 1648 2548 1694 est
2579 1659 2610 1694 a
2642 1642 2857 1695 sanctis
2879 1640 3148 1695 Patribus
3168 1637 3602 1707 neminem,clc-

1958 1725 2143 1781 ricum
2164 1727 2416 1782 alienum
2444 1734 2499 1782 et
2518 1729 2775 1800 ignotum
2808 1729 2983 1800 recipi
3004 1729 3075 1783 ab
3100 1728 3294 1797 aliquo
3312 1728 3603 1797 episcopo,

1957 1819 2010 1868 et
2043 1814 2433 1871 inthronizare
2464 1818 2519 1870 in
2556 1836 2663 1872 sua
2693 1817 2973 1885 Ecclesia,
3013 1816 3124 1872 nisi
3174 1818 3379 1871 habeat
3406 1834 3438 1870 a
3470 1832 3603 1885 pro-

1956 1903 2080 1973 prio
2113 1903 2381 1975 episc0po
2415 1907 2744 1977 epistolam,
2768 1924 2892 1978 quae
2917 1907 2973 1960 in
2999 1906 3319 1961 canonibus
3344 1905 3604 1959 nomina-

1955 1997 2051 2046 tur
2082 1994 2348 2049 formata.
2376 1996 2508 2050 Ideo
2542 2002 2741 2051 notum
2774 1998 3019 2051 facimus
3046 1994 3378 2067 paternitati
3401 1998 3603 2048 vestrae

1956 2083 2108 2151 quod
2143 2102 2400 2154 praesens
2434 2085 2610 2140 frater
2642 2086 3063 2140 nosterharuin
3084 2085 3410 2139 litterarum
3433 2081 3608 2154 porti.

1954 2175 2065 2235 tor,
2091 2172 2325 2227 nomine
2348 2175 2668 2243 Adruinus,
2687 2192 2798 2229 non
2834 2192 2934 2245 pro
2967 2191 3075 2229 sua
3111 2172 3373 2245 nequitia
3400 2170 3603 2242 expul-

1956 2276 2059 2313 sus
2094 2266 2183 2314 est
2206 2261 2561 2325 anobis,sed
2597 2264 3031 2333 postulantibus
3064 2262 3338 2316 fratribus
3365 2261 3604 2326 nostris,

1954 2364 2017 2401 eo
2039 2350 2193 2417 quod
2221 2366 2286 2403 ex
2309 2350 2529 2404 familia
2551 2358 2749 2407 nostra
2771 2352 2895 2416 fuit,
2914 2350 3184 2406 dedimus
3203 2350 3252 2404 ei
3276 2349 3604 2404 libertatem

1954 2442 2242 2507 receptam
2277 2457 2309 2493 a
2342 2455 2518 2493 cornu
2549 2440 2751 2494 altaris
2782 2440 3077 2508 canonice,
3111 2443 3166 2493 et
3205 2438 3604 2493 ordinavimus

1954 2541 2087 2578 cum
2122 2527 2187 2579 ad
2223 2527 2469 2596 gradum
2504 2528 3175 2599 presbyterii.Cuietiam
3200 2526 3607 2581 hasdimisso-

1955 2614 2071 2668 rias
2104 2615 2221 2669 sive
2252 2618 2757 2671 commendatitias
2780 2617 3003 2671 litteras
3027 2616 3356 2682 fecimus,et
3378 2631 3511 2669 eum
3533 2615 3603 2668 ad

1955 2708 2207 2757 Vestram
2264 2703 2539 2757 dilectam
2595 2705 3017 2759 fraternitatem
3066 2702 3401 2775 dirigimus,
3433 2707 3497 2756 ut
3546 2703 3604 2755 in

1955 2796 2143 2845 vestra
2174 2794 2427 2862 parmcia
2458 2795 2566 2848 sub
2600 2800 2787 2848 vestro
2819 2810 2981 2848 sacro
3013 2792 3295 2863 regimine
3326 2797 3383 2846 et
3408 2792 3604 2845 defen-

1953 2878 2117 2933 sione
2149 2881 2466 2936 consistere
2496 2881 2695 2937 valeat.
2732 2883 2866 2953 Ego,
2896 2883 3161 2952 inquam,
3190 2882 3248 2935 in
3300 2880 3535 2935 nomine
3567 2898 3606 2929 π

1955 2967 2160 3033 Patris,
2194 2974 2249 3023 et
2279 2989 2307 3020 υ
2336 2968 2483 3035 Filii,
2516 2977 2570 3024 et
2600 2989 2631 3020 α
2661 2971 2913 3040 Spiritus
2963 2968 3172 3036 sancti,
3204 2975 3259 3024 et
3290 2968 3347 3022 in
3381 2969 3606 3022 unitate

1953 3060 2165 3110 sanctae
2199 3056 2487 3121 Ecclesiae,
2509 3056 2565 3110 in
2600 3074 2716 3127 qua
2749 3058 2913 3112 Petro
2937 3059 3138 3112 datum
3160 3054 3602 3127 estjusligandi

1828 3142 1841 3167 ’
1875 3147 1916 3212 C
1957 3150 2128 3215 atque
2187 3145 2471 3211 solvendi,
2522 3146 2754 3201 absolvo
2816 3147 2969 3201 Dado
3018 3145 3259 3200 humilis
3299 3145 3605 3216 episcopus

1954 3236 2357 3305 presbyterum
2390 3236 2719 3289 Adruinum
2752 3236 2822 3289 de
2854 3235 3081 3289 civitate
3112 3234 3486 3298 Virdunensi,
3514 3233 3602 3286 in-

1955 3322 2090 3376 dict.
2118 3340 2193 3376 1x.
2223 3325 2289 3377 Et
2316 3323 2611 3378 licentiam
2645 3324 2718 3377 do
2754 3322 2937 3388 vobis,
2966 3322 3265 3377 Rathbode
3305 3321 3602 3375 venerabi-

1954 3409 2025 3465 lis
2059 3411 2513 3482 archiepiscope,
2535 3412 2965 3466 inthronizaudi
2998 3429 3130 3466 eum
3163 3411 3220 3464 in
3253 3423 3603 3481 quacunque

1953 3499 2199 3553 ecclesia
2230 3499 2405 3553 vultis
2438 3505 2639 3555 vestrae
2674 3500 2953 3571 parmcize.
2983 3500 3259 3555 Dilectam
3288 3499 3605 3570 paternita-

1954 3591 2068 3641 tem
2100 3592 2352 3641 vestram
2386 3588 2666 3641 virtutum
2700 3588 2941 3643 ﬂoribus
2973 3587 3312 3658 insignitam
3344 3585 3605 3656 omnipo-

1953 3678 2081 3730 tens
2116 3676 2263 3730 Deus
2296 3691 2635 3731 conservare
2667 3676 2961 3745 dignetur.
2991 3674 3158 3745 ἀμήν.
3184 3692 3237 3730 n.
3263 3691 3347 3729 cc.
3372 3691 3602 3740 Lxxvui,

1952 3784 2009 3817 π.
2046 3785 2094 3817 υ.
2129 3783 2179 3816 α.
2208 3783 2266 3817 π.
2303 3760 2351 3816 δ.
2388 3784 2438 3817 α.
2472 3762 2525 3819 λ.
2561 3763 2611 3817 0.
2650 3765 2789 3818 Data
2822 3782 2854 3819 v
2882 3763 3022 3817 idus
3052 3763 3206 3831 Maii,
3230 3780 3383 3817 anno
3416 3760 3602 3816 Domi-

1954 3855 2093 3909 nicaa
2130 3854 2558 3909 lncarnationis
2590 3871 2643 3909 ι).
2678 3871 2796 3909 ccc.
2830 3870 2905 3922 v1,
2939 3854 3141 3908 indict.
3176 3870 3248 3907 Ix.

1148 4301 1676 4395 DECRETI
1746 4299 2050 4393 PARS
2116 4300 2650 4393 SEPTIMA

329 4535 418 4593 De
452 4534 903 4593 monachorum
935 4539 996 4593 et
1028 4534 1477 4593 monacharum
1513 4533 1947 4612 singularitate
1979 4538 2038 4593 et
2067 4532 2277 4611 quiete
2314 4550 2329 4592 :
2368 4537 2429 4591 et
2459 4532 2534 4592 de
2566 4530 2961 4591 revocatione
2994 4535 3054 4589 et
3085 4529 3451 4608 pcenitentia

997 4650 1211 4691 eorum
1245 4632 1351 4710 qui
1383 4632 1781 4692 continentia:
1814 4631 2201 4711 propositum
2234 4629 2801 4707 transgrediuntur.

180 5058 315 5110 CAP.
356 5057 400 5108 l.
436 5086 502 5095 —
528 5053 589 5111 Ut
620 5054 875 5111 monachi
899 5072 1002 5125 per
1030 5054 1277 5123 singulas
1307 5052 1553 5109 civitates
1608 5051 1833 5123 subjecti
1859 5056 1907 5121 D
1941 5068 2045 5125 per
2068 5050 2350 5122 civitates,
2368 5066 2475 5109 nec
2495 5069 2610 5109 non
2636 5056 2691 5110 et
2713 5071 2814 5126 per
2837 5048 3192 5110 monasteria
3209 5048 3435 5123 seipsos
3457 5067 3601 5123 pra:-

250 5129 364 5182 sint
409 5128 691 5197 episconis,
723 5140 771 5181 et
801 5128 971 5195 quieti
1017 5144 1239 5193 operam
1286 5127 1493 5193 dantes,
1518 5126 1752 5197 jejuniis
1781 5131 1831 5177 et

251 5198 595 5252 orationibus
625 5198 937 5253 intendant.
969 5202 1053 5253 Ea:
1100 5198 1331 5255 concilio
1377 5196 1829 5261 Chalcedonensi,

251 5285 373 5339 cap.
406 5270 435 5320 4
470 5269 708 5339 (actione
741 5270 850 5339 15).

257 5408 369 5479 (16,
393 5425 443 5479 q.
472 5409 523 5479 1,
548 5425 593 5464 c.
619 5410 735 5481 Qui
756 5409 923 5480 vere.)
955 5408 1059 5473 Qui
1092 5425 1221 5465 vere
1251 5412 1307 5464 et
1338 5426 1478 5482 pure
1514 5408 1831 5465 solitariam

184 5496 413 5567 eligunt
440 5496 643 5563 vitam,
667 5495 829 5567 digni
861 5500 998 5551 sunt
1027 5497 1389 5552 convenienti
1422 5499 1657 5554 honore.
1689 5497 1835 5562 Quin

187 5591 390 5641 tamen
404 5592 543 5641 sunt
555 5584 792 5657 quidam
807 5583 1073 5641 monachi
1088 5584 1424 5642 habitantes
1443 5585 1835 5642 indifferenter

1950 5142 2284 5212 sumptione
2304 5143 2538 5213 propria
2561 5143 3286 5214 commendantes,placuit
3303 5140 3595 5196 neminem

1948 5234 2049 5286 aut
2080 5230 2387 5298 aediﬁcare,
2414 5235 2513 5285 aut
2544 5236 2882 5286 construere
2917 5230 3297 5293 monasteria,
3330 5232 3430 5282 aut
3462 5242 3595 5279 ora-

1941 5320 2075 5375 torii
2120 5321 2382 5385 domum,
2416 5318 2540 5373 sine
2584 5321 2943 5375 conscientia
2973 5320 3161 5391 ipsius
3192 5315 3440 5371 civitatis
3470 5312 3592 5383 epi-

1944 5409 2238 5480 scopi.Eos
2260 5422 2392 5461 vero
2415 5406 2512 5477 qui
2541 5424 2641 5478 per
2662 5408 2929 5481 singulas
2952 5407 3212 5462 civitates
3234 5420 3337 5458 seu
3360 5416 3597 5471 posses-

1945 5497 2135 5551 siones
2168 5497 2223 5549 in
2259 5495 2632 5550 monasteriis
2673 5501 2830 5565 sunt,
2866 5496 3165 5565 subjectos
3214 5506 3340 5545 esse
3384 5488 3596 5544 debere

1945 5584 2237 5654 episcOpo,
2270 5586 2330 5637 et
2375 5583 2553 5652 quieti
2597 5598 2829 5652 operam
2879 5584 3039 5649 dare,
3074 5586 3247 5652 atque
3288 5579 3595 5634 observare
