3972 6056
315 214 421 268 543

1409 209 1474 256 ι).
1515 202 1754 256 IVONIS
1788 194 2288 252 CARNOTENSIS
2326 171 2641 247 EPISCOPI

3623 188 3746 241 544

308 331 538 405 jejunia
559 336 616 388 et
636 327 1020 393 orationes,in
1044 325 1186 380 locis
1208 325 1262 378 in
1292 324 1508 395 quibus
1539 320 1716 377 semel
1756 325 1862 374 Deo
1893 335 1955 373 se
1985 319 2037 382 Α
2070 315 2329 369 datorum
2353 312 2747 385 quadraginta
2778 311 2952 369 annis
2984 310 3251 380 eruditur
3279 309 3338 364 in
3369 324 3600 378 eremo;
3625 326 3746 382 pa-

319 423 696 486 devoverunt,
732 421 1135 490 permanentes
1163 456 1175 480 ,
1210 418 1264 466 et
1299 428 1485 481 neque
1532 408 1968 466 communicare

319 508 752 572 ecclesiasticis,
798 521 981 574 neque
1029 500 1335 556 saeculares
1383 499 1612 570 aliquas
1661 503 1967 554 attrectare

319 596 1013 668 actiones,relinquentes
1037 588 1266 660 propria
1291 587 1795 656 monasteria,nisi
1823 587 1969 641 forte

311 689 634 759 jubeantur
666 689 902 756 propter
932 682 1209 749 urgentes
1243 677 1622 733 necessitates
1669 677 1739 731 ab
1783 674 1968 745 ipsius

319 777 570 831 civitatis
601 776 894 844 episcopo.
917 770 984 822 Et
1009 767 1304 821 neminem
1337 783 1632 822 servorum
1669 763 1886 835 suscipi
1909 763 1966 817 in

322 862 764 927 monasterium,
799 865 862 912 ut
906 857 980 911 sit
1013 872 1145 910 cum
1180 855 1262 910 eis
1298 855 1642 924 monachus,
1674 853 1786 908 nisi
1835 869 1966 906 cum

320 951 542 1008 domini
570 947 788 1020 proprii
821 944 1198 1001 conscientia.
1225 944 1672 1000 Praetereuntem
1695 958 1826 997 vero
1849 941 1970 995 haec

317 1039 683 1096 decrevimus
724 1041 882 1091 extra
933 1033 1407 1089 communionem
1458 1048 1606 1100 esse,
1641 1048 1711 1086 ne
1755 1047 1968 1086 nomen

315 1128 544 1184 Domini
570 1124 1460 1197 blasphemetur.Gonvenitvero
1477 1122 1728 1178 civitatis
1747 1121 1968 1191 episco-

317 1235 388 1289 po
403 1233 604 1272 curam
622 1214 1191 1284 sollicitudinemquc
1205 1213 1593 1268 necessariam
1603 1209 1970 1266 monasteriis

316 1306 606 1362 exhibere.

318 1416 450 1470 CAP.
482 1417 536 1468 2.
563 1443 631 1453 ——
662 1413 734 1466 De
765 1410 1154 1466 monachorum
1173 1409 1583 1478 singularitate.
1610 1410 1970 1478 Hieronymus

393 1489 449 1540 in
479 1485 715 1555 epistola
732 1481 1119 1555 adPaulinum
1141 1484 1521 1555 presbyterum
1536 1480 1601 1534 de
1621 1481 1970 1534 institutione

391 1553 720 1612 clericorum
751 1554 868 1625 (tib.
903 1570 964 1614 ιι,
988 1569 1071 1624 ep.
1101 1553 1206 1622 14).

392 1648 503 1718 (16,
532 1665 582 1716 q.
618 1647 669 1712 1,
702 1661 748 1699 ο.
781 1643 842 1698 Si
872 1645 1069 1714 cupis.)
1101 1642 1161 1696 Si
1194 1642 1360 1713 cupis
1393 1657 1519 1697 esse
1551 1640 1702 1712 quod
1735 1639 1970 1707 diceris,

322 1736 673 1803 monachus,
706 1734 761 1788 id
797 1739 886 1788 est
919 1732 1097 1799 solus,
1132 1732 1271 1802 quid
1306 1731 1448 1785 facis
1479 1731 1537 1785 in
1569 1729 1814 1784 urbibus
1847 1745 1972 1799 qua:

323 1826 529 1896 utique
553 1839 666 1878 non
691 1827 832 1877 sunt
853 1821 1110 1876 solorum
1132 1819 1486 1885 habitacula,
1504 1819 1602 1874 sed
1625 1816 1975 1873 multorum?

324 1915 513 1968 Habet
543 1911 1010 1981 unumquodque
1037 1909 1403 1980 propositum
1427 1907 1716 1980 principes
1735 1923 1893 1962 suos.
1913 1907 1978 1959 Et

326 2006 395 2057 ut.
443 2003 513 2055 ad
568 2005 763 2055 vestra
795 2001 1034 2068 [nostra,
1066 1999 1233 2067 orig.]
1260 1997 1583 2065 veniamus,
1616 1995 1872 2068 episcopi
1921 1998 1978 2048 et

325 2089 651 2160 presbyteri
667 2088 1001 2143 habeantad
1019 2086 1348 2158 exemplum
1364 2085 1657 2157 apostolos
1671 2089 1727 2140 et
1741 2088 1978 2155 aposto-

329 2179 473 2234 licos
503 2179 678 2243 viros,
714 2193 962 2247 quorum
1015 2175 1294 2230 honorem
1348 2175 1718 2245 possidentes
1770 2173 1980 2227 habere

332 2267 598 2322 nitantur
613 2270 670 2321 et
688 2265 985 2334 meritum,
1007 2281 1114 2319 nos
1133 2269 1325 2318 autem
1355 2263 1678 2318 habeamus
1700 2261 1980 2333 propositi

334 2357 516 2411 nostri
566 2355 860 2426 principes
911 2352 1142 2422 Paulos,
1174 2353 1478 2421 Antonios,
1504 2352 1792 2419 Julianos,
1820 2351 1980 2405 Hila-

335 2446 550 2514 riones,
585 2443 930 2498 Macharios.
965 2443 1183 2498 Habeto
1213 2441 1642 2511 simplicitatem
1674 2441 1980 2506 columbae,

334 2551 438 2589 nec
452 2534 729 2604 cuiquam
748 2531 1098 2587 machinetis
1121 2531 1371 2597 dolos,et
1389 2531 1679 2602 serpentis
1702 2530 1982 2585 astutiam

331 2639 402 2678 ne
419 2622 664 2677 aliorum
689 2620 1090 2692 supplanteris
1110 2619 1365 2674 insidiis.
1383 2619 1507 2674 Non
1531 2619 1783 2673 multum
1804 2618 1987 2673 distat

331 2712 390 2765 in
422 2712 564 2766 vitio
596 2710 682 2764 vel
715 2710 977 2780 decipere
1012 2707 1304 2780 posse,vel
1340 2707 1527 2779 decipi
1560 2707 1982 2762 Christianum.

333 2801 516 2862 Quem
542 2798 797 2854 senseris
827 2797 931 2851 tibi
962 2805 1063 2852 aut
1092 2813 1326 2867 semper
1355 2801 1454 2851 aut
1485 2796 1686 2851 crebro
1717 2797 1787 2851 de
1814 2813 1985 2850 num-

333 2888 448 2942 mis
474 2887 839 2956 loquentem,
863 2891 1102 2955 excepta
1123 2885 1492 2957 eleemosyna
1509 2901 1635 2955 quae
1657 2884 1986 2939 indill'eren-

335 2984 420 3031 ter
448 2976 722 3030 omnibus
771 2980 948 3044 patet,
980 2975 1306 3029 institorem
1339 2974 1534 3044 potius
1565 2973 1776 3028 habeto
1808 2991 1984 3044 quam

2076 408 2200 458 stor
2229 403 2445 472 ovium,
2480 402 2785 458 hominum
2819 402 3008 457 factus
3042 404 3131 455 est
3154 403 3353 471 pastor
3401 398 3590 469 (Exod.
3620 399 3745 470 ιιι).

2074 491 2334 563 Apostoli
2359 493 2428 547 de
2448 492 2770 564 piscatione
2792 491 2955 546 lacus
2986 488 3339 545 Genezareth
3360 489 3428 543 ad
3456 488 3747 560 piseatio-

2077 599 2210 637 nem
2241 581 2545 636 hominum
2581 581 2944 636 transierunt
2973 580 3124 651 (Luc.
3153 582 3231 646 v).
3257 577 3418 631 Tunc
3438 577 3752 632 habebant

2077 669 2868 742 patrem,rete,naviculam;
2902 667 3084 724 secuti
3121 665 3431 721 Dominum
3465 666 3750 738 protinus

2077 759 2276 814 omnia
2298 759 2999 830 reliquerunt,portantes
3016 754 3270 827 quotidie
3288 771 3520 809 crucem
3541 771 3717 809 suam
3735 797 3749 819 ,

2077 853 2134 902 et
2163 865 2234 902 ne
2263 847 2485 919 virgam
2519 847 2757 917 quidem
2791 847 2850 900 in
2885 861 3062 899 manu
3095 843 3528 914 habentes.(t6,
3550 843 3747 914 q.t,c.

2075 939 2138 992 Si
2167 937 2506 1004 clericatus.)
2541 940 2673 990 Hec
2717 936 2868 1002 dico,
2899 939 2965 988 ut
2994 933 3044 988 si
3074 932 3384 988 clericatus
3432 937 3488 987 te
3532 931 3753 986 titillat

2077 1025 2459 1095 desiderium,
2477 1024 2670 1080 discas
2701 1026 2855 1096 quod
2886 1023 3076 1096 possis
3100 1023 3399 1092 docere,et
3421 1020 3753 1076 rationabi-

2076 1115 2191 1169 lem
2224 1114 2478 1168 hostiam
2512 1114 2724 1169 offeras
2754 1118 2868 1168 Deo
2899 1113 3072 1185 (Rom.
3106 1114 3231 1180 χιι),
3264 1127 3337 1166 ne
3368 1109 3537 1166 miles
3568 1115 3747 1164 antev

2078 1219 2256 1274 quam
2290 1203 2422 1265 tiro,
2445 1218 2517 1257 ne
2549 1201 2712 1272 prius
2745 1200 3027 1274 magister
3056 1200 3139 1256 sis
3173 1216 3349 1272 quam
3383 1197 3743 1268 discipulus.

2078 1292 2203 1346 Non
2236 1294 2325 1346 est
2351 1289 2707 1346 humilitatis
2741 1306 2901 1359 meas,
2937 1305 3127 1361 neque
3159 1304 3446 1344 mensurae
3471 1287 3752 1356 judicare

2079 1381 2148 1436 de
2192 1380 2440 1449 caeteris,
2468 1383 2525 1434 et
2554 1380 2624 1434 de
2652 1379 2942 1434 ministris
2987 1377 3380 1434 Eeclesiarum
3431 1375 3747 1431 sinistrum

2079 1469 2384 1540 quidpiam
2434 1467 2645 1524 dicere.
2693 1468 2957 1522 Habeant
2986 1466 3071 1520 illi
3102 1465 3369 1521 ordinem
3402 1468 3458 1519 et
3487 1464 3745 1536 gradum

2078 1574 2288 1625 suum;
2319 1573 2493 1628 quem
2528 1557 2576 1612 si
2610 1555 3199 1627 tenueris,quomodo
3221 1553 3327 1609 tibi
3358 1553 3417 1608 in
3449 1569 3514 1608 eo
3544 1553 3746 1608 viven-

2081 1649 2222 1702 dum
2257 1647 2354 1714 sit,
2374 1645 2566 1701 editus
2598 1647 2668 1701 ad
2689 1644 3078 1717 Nepotianum
3104 1643 3250 1699 liber
3269 1644 3477 1698 docere
3498 1646 3554 1696 te
3576 1647 3746 1711 pote-

2082 1737 2352 1793 rit.Nunc
2368 1734 2640 1790 monachi
2654 1733 3014 1788 incunabula
3027 1747 3339 1802 moresque
3353 1731 3740 1795 discutimus,

2084 1829 2140 1880 et
2169 1825 2296 1894 ejus
2329 1822 2624 1889 monachi,
2656 1822 2755 1892 qui
2789 1820 3131 1876 liberalibus
3155 1819 3364 1875 studiis
3387 1819 3652 1874 eruditus
3682 1817 3743 1870 in

2086 1912 2722 1982 adolescentia,jugum
2748 1911 2962 1966 Christi
2992 1909 3136 1965 collo
3169 1926 3274 1964 suo
3302 1905 3747 1979 imposuit.Pri-

2088 2017 2370 2071 mumque
2401 2000 2774 2055 tractandum
2807 2003 2896 2054 est
2928 2003 3124 2054 utrum
3146 1997 3307 2053 solus
3338 2015 3410 2052 an
3444 2012 3572 2052 cum
3608 1993 3751 2050 aliis

2088 2092 2149 2146 in
2180 2091 2534 2145 monasterio
2567 2089 2754 2144 vivere
2782 2089 3016 2144 debeas.
3045 2087 3189 2143 Mihi
3213 2087 3402 2158 placet
3432 2091 3496 2140 ut
3527 2084 3754 2139 habeas

2090 2163 2428 2234 sanctorum
2486 2177 2960 2246 contubernium,
2997 2193 3102 2232 nec
3149 2177 3275 2248 ipse
3321 2180 3378 2230 te
3430 2175 3661 2238 doceas,
3699 2176 3763 2226 et

2091 2269 2314 2338 absque
2343 2268 2578 2322 doctore
2600 2265 2948 2338 ingrediaris
2965 2266 3117 2320 viam
3138 2281 3316 2336 quam
3337 2278 3640 2335 nunquam
3669 2261 3763 2315 in-

2093 2373 2336 2429 gressus
2369 2372 2452 2411 es.

2093 2446 2227 2501 CAP.
2258 2447 2312 2500 5.
2344 2475 2415 2486 —
2449 2445 2513 2499 Ut
2558 2445 2861 2498 monachus
2891 2458 3106 2514 semper
3135 2443 3362 2497 laboret.
3395 2440 3541 2496 Idem
3567 2441 3629 2494 in
3657 2456 3759 2493 ea-

2475 2515 2599 2570 dem
2631 2516 2862 2585 epistola
2895 2513 3034 2585 (post
3065 2513 3362 2585 quardam).

2165 2608 2259 2675 (De
2287 2621 2434 2660 cons.
2475 2603 2604 2658 dist.
2627 2605 2681 2668 5,
2701 2620 2747 2658 c.
2771 2604 3065 2673 Nunquam
3095 2602 3159 2657 de
3188 2601 3403 2672 manu.)
3434 2604 3751 2670 Nunquam

2096 2694 2167 2750 de
2193 2711 2370 2749 manu
2394 2697 2494 2748 aut
2513 2691 2699 2747 oculis
2717 2691 2836 2746 tuis
2854 2691 3000 2746 liber
3017 2690 3278 2762 psalterii
3306 2689 3623 2746 descendat
3642 2689 3761 2759 [re-

2095 2783 2286 2849 cedat,
2317 2782 2511 2854 orig.],
2535 2781 2798 2836 discatur
2818 2780 2889 2834 ad
2912 2779 3176 2835 verbum.
3193 2777 3388 2834 Oratio
3415 2778 3544 2833 sine
3571 2776 3762 2832 inter-

2097 2869 2411 2938 missione;
2442 2867 2645 2940 vigilet
2677 2885 2909 2934 sensus,
2942 2883 3049 2924 nec
3093 2867 3255 2938 vagis
3301 2865 3762 2938 cogitationibus

2099 2965 2308 3031 patens
2325 2975 2538 3030 corpus
2558 2957 2775 3029 pariter
2793 2957 3148 3028 animusque
3166 2957 3443 3012 tendatur
3459 2957 3528 3012 ad
3550 2956 3734 3010 Deum
3749 2996 3762 3010 .

335 3064 713 3119 monachum.
749 3064 957 3117 Praeter
988 3064 1204 3118 victum
1236 3067 1293 3116 et
1321 3063 1832 3129 vestimentum,et
1864 3079 1987 3117 ma-
2019 3059 2060 3126 C
2102 3049 2254 3104 Iram
2289 3049 2453 3104 Vince
2484 3047 2942 3120 ΡθοίίθηίίθοΑωει
2963 3046 3269 3103 δοίθηῗίθῐη
3294 3047 3763 3118 scripturarum:

335 3151 581 3207 nifestas
635 3151 1031 3216 necessitates,
1081 3149 1224 3204 nihil
1273 3151 1548 3220 cuiquam
1602 3151 1851 3219 tribuas,
1886 3167 1990 3206 nec

334 3245 448 3311 [ne,
482 3240 648 3311 orig.]
682 3239 937 3293 filiorum
970 3255 1178 3310 panem
1211 3255 1386 3293 canes
1418 3239 1747 3294 comedant.

338 3347 472 3402 CAP.
533 3348 585 3399 3.
647 3377 716 3388 -—
769 3347 841 3401 De
897 3345 1106 3400 eodem.
1169 3345 1232 3398 In
1285 3346 1514 3413 epistola
1571 3345 1640 3400 ad
1697 3347 1991 3417 Iliparium

406 3423 457 3559 (ἧι
509 3417 859 3558 ῡθῖίάρνὶαηι
910 3417 1255 3488 presbyteros
1287 3417 1407 3487 (lib.
1441 3435 1524 3487 ιιι,
1558 3433 1645 3489 ep.
1683 3419 1807 3484 ult.,
1840 3420 1991 3473 circa

451 3506 578 3543 nem
611 3532 622 3543 .

451 3506 622 3543 nem).

410 3578 521 3646 (16,
554 3594 604 3648 q.
641 3575 696 3643 4,
723 3592 769 3631 c.
804 3577 1139 3644 Monachus.)
1192 3577 1508 3633 Monachus
1562 3594 1678 3632 non
1736 3577 1992 3633 doctoris

337 3666 533 3731 habet,
567 3665 668 3720 sed
701 3665 1035 3738 plangentis
1067 3666 1348 3734 officium,
1369 3667 1467 3737 qui
1491 3665 1578 3721 vel
1615 3683 1676 3722 se
1706 3665 1794 3722 vel
1818 3683 1992 3721 mun-

339 3755 480 3809 dum
513 3753 728 3825 lugeat,
752 3759 808 3808 et
839 3753 1071 3808 Domini
1102 3754 1349 3824 pavidus
1382 3754 1750 3825 praestoletur
1778 3755 1992 3810 adven-

338 3847 485 3898 tum.
520 3842 627 3906 Qui
660 3843 853 3896 sciens
884 3841 1350 3897 imbecillitatem
1383 3847 1766 3908 suam,etvas
1789 3843 1993 3914 fragile

342 3933 500 4002 quod
527 3935 741 4002 portat,
760 3930 929 3986 timet
959 3930 1251 3986 oﬂ'enderc
1275 3947 1346 3985 ne
1377 3930 1665 4002 impingat
1684 3937 1740 3986 et
1760 3936 1994 3987 corruat

337 4024 516 4091 atque
570 4021 895 4091 frangatur.
929 4020 1095 4076 Unde
1154 4023 1211 4073 et
1269 4018 1585 4074 mulierum
1631 4021 1995 4090 maximeque

339 4108 910 4165 adolescentularum
925 4108 1065 4162 vitat
1078 4111 1404 4179 aspectum;
1428 4111 1486 4163 et
1503 4108 1730 4164 intantu
1744 4126 1798 4163 m
1819 4109 1995 4165 casti-

341 4203 508 4270 gator
538 4198 629 4254 sui
659 4204 771 4264 est,
804 4202 868 4251 ut
899 4198 1073 4251 etiam
1112 4213 1237 4267 qua:
1271 4201 1398 4252 tuta
1430 4201 1569 4251 sunt
1600 4197 1991 4268 pertimescat.

342 4287 476 4355 Cur,
507 4287 729 4358 inquis,
756 4286 950 4356 pergis
979 4286 1048 4340 ad
1080 4286 1383 4341 eremum?
1411 4285 1694 4341 Videlicet
1719 4291 1783 4341 ut
1805 4291 1857 4342 te
1879 4304 1994 4342 non

341 4375 600 4442 audiam,
629 4391 741 4429 non
773 4375 1106 4444 videam,ut
1137 4380 1233 4430 tuo
1267 4376 1464 4430 furore
1497 4392 1612 4431 non
1648 4392 1902 4442 movear,
1933 4381 1997 4431 ut

344 4468 444 4517 tua
474 4461 627 4517 bella
659 4479 774 4518 non
806 4463 1020 4534 patiar,
1045 4479 1116 4518 ne
1149 4480 1239 4519 me
1265 4464 1459 4536 capiat
1489 4463 1697 4520 oculus
1731 4465 1993 4520 meretri-

343 4551 449 4620 cis,
481 4568 554 4605 ne
587 4552 776 4606 forma
833 4551 1231 4622 pulcherrima
1261 4555 1332 4609 ad
1360 4553 1597 4609 illicitos
1647 4555 1824 4610 ducat
1869 4571 1992 4609 am-

345 4639 568 4710 plexus.
597 4641 1006 4710 Respondebat
1044 4657 1056 4696 :
1121 4641 1238 4696 Hoc
1284 4660 1400 4698 non
1445 4647 1532 4698 est
1580 4659 1860 4714 pugnare,
1892 4643 1992 4697 sed

341 4729 582 4799 fugere;
613 4728 727 4784 ista
748 4728 806 4782 in
831 4729 972 4799 acie,
999 4731 1346 4786 adversariis
1377 4735 1640 4786 armatus
1672 4731 1913 4798 obsiste,
1932 4736 1997 4786 ut

344 4821 659 4888 postquam
693 4817 921 4887 viceris,
957 4819 1269 4874 coroneris.
1296 4819 1500 4874 Fateor
1530 4817 1994 4874 imbecillitatem

342 4920 552 4972 meam,
587 4905 719 4961 nolo
751 4923 854 4977 spe
881 4922 1140 4978 pugnare
1171 4906 1444 4978 victoriae,
1484 4923 1555 4962 ne
1603 4908 1841 4980 perdam
1887 4908 1996 4964 ali-

339 4993 572 5062 quando
607 4993 929 5051 victoriam.

340 5098 476 5154 CAP.
503 5100 555 5154 4.
588 5130 656 5140 -—
686 5102 820 5155 Item
848 5101 912 5154 de
943 5101 1144 5156 eodem.
1180 5101 1328 5156 Idem
1377 5102 1438 5156 in
1487 5104 1719 5172 epistola
1768 5104 1837 5159 ad
1885 5105 2020 5160 [ἴα-⁷

416 5172 626 5314 sticuiig)
671 5174 1018 5243 monachum,
1063 5172 1127 5228 de
1178 5174 1362 5230 labore
1407 5181 1798 5231 monachorum
1840 5177 1900 5247 (ι.
1935 5193 1998 5243 ιι,

417 5260 503 5314 ep.
635 5287 646 5298 .

417 5260 503 5314 ep.
539 5260 646 5314 ιδ).

419 5332 560 5389 Mihi
594 5332 875 5404 oppidum
907 5348 1125 5399 carcer,
1149 5337 1205 5389 et
1235 5333 1494 5390 solitudo
1545 5335 1854 5405 paradisus
1887 5337 1996 5390 est.

350 5421 498 5487 Quid
530 5421 932 5478 desideramus
963 5421 1196 5478 urbium
1223 5421 1754 5495 frequentiam,qui
1786 5421 1856 5476 de
1879 5422 1997 5477 sin-

349 5509 656 5580 gularitate
674 5513 1017 5567 censemur?
1049 5512 1276 5584 Moyses
1296 5513 1652 5582 utpraecsset
1670 5507 1881 5581 populo
1898 5511 1998 5566 Ju-

2100 3143 2158 3194 et
2187 3137 2381 3193 carnis
2412 3137 2553 3192 vitia
2584 3155 2699 3193 non
2733 3137 2980 3193 amabis.
3004 3137 3116 3195 Nec
3144 3141 3307 3192 vacet
3337 3153 3501 3192 mens
3532 3139 3634 3189 tua
3663 3150 3765 3188 va-

2100 3227 2206 3282 riis
2258 3227 2823 3298 perturbationibus,
2857 3244 3006 3298 quae,
3039 3227 3088 3282 si
3139 3225 3356 3297 pectori
3407 3223 3756 3292 insederint,

2101 3316 2567 3371 dominabuntur
2584 3316 2688 3382 tui,
2705 3321 2760 3370 et
2781 3322 2838 3371 te
2860 3317 3149 3371 deducent
3172 3316 3243 3370 ad
3265 3313 3546 3369 delictum
3573 3311 3764 3366 maxi-

2103 3422 2286 3460 mum.
2321 3404 2513 3459 Facito
2549 3403 2772 3475 aliquid
2805 3405 3020 3475 operis,
3047 3408 3110 3458 ut
3138 3418 3372 3474 semper
3403 3407 3459 3456 te
3489 3398 3764 3455 diabolus

2101 3493 2360 3549 inveniat
2375 3498 2747 3564 occupatum.
2763 3493 2818 3548 Si
2837 3492 3087 3565 apostoli
3105 3492 3390 3547 habentes
3405 3493 3760 3562 potestatem

2101 3580 2172 3634 de
2198 3579 2512 3652 Evangelio
2543 3579 2734 3635 vivere
2755 3581 2806 3650 (I
2829 3581 2954 3634 Cor.
2982 3580 3086 3649 1x),
3105 3571 3454 3634 laborabant
3485 3575 3765 3630 manibus

2102 3668 2248 3734 suis,
2274 3684 2346 3723 ne
2370 3684 2545 3737 quem
2589 3671 2898 3740 gravarent
2919 3671 2963 3738 (I
2983 3667 3161 3723 Thess.
3184 3667 3269 3738 ιι),
3293 3671 3351 3721 et
3380 3663 3510 3721 aliis
3541 3664 3765 3719 tribue-

2104 3754 2246 3810 bant
2267 3755 2592 3826 refrigeria,
2616 3773 2865 3827 quorum
2897 3773 2998 3828 pro
3032 3754 3440 3828 spiritualibus
3472 3753 3766 3808 debebant

2101 3848 2315 3899 metere
2347 3844 2608 3899 carnalia
2637 3846 2684 3915 (ι
2712 3849 2834 3902 Cor.
2860 3846 2959 3917 ιιι),
2984 3861 3092 3901 cur
3122 3850 3184 3900 tu
3217 3845 3275 3899 in
3312 3860 3455 3900 usus
3473 3848 3604 3897 tuos
3627 3858 3766 3896 suc-

2103 3949 2342 3988 cessura
2371 3949 2485 3988 non
2522 3935 2850 4005 praepares?
2872 3934 2972 3990 Vel
3004 3934 3294 3991 ﬁscellam
3326 3917 3769 4003 tertejuncowe1

2100 4022 2428 4076 canistrum
2447 4022 2625 4077 lentis
2648 4022 2832 4093 plecte
2849 4023 3197 4090 viminibus,
3224 4021 3513 4078 sarriatur
3532 4020 3771 4088 humus,

2104 4109 2309 4165 areolae
2341 4126 2508 4177 aequo
2543 4109 2730 4166 limite
2763 4111 3127 4180 dividantur,
3160 4111 3217 4165 in
3253 4110 3620 4180 quibuscum
3652 4109 3770 4164 ole-

2105 4200 2474 4268 rumjactata
2505 4199 2723 4254 fuerint
2754 4200 3103 4269 semina,vel
3134 4201 3345 4271 plantae
3379 4215 3481 4270 per
3510 4198 3772 4253 ordinem

2106 4289 2329 4360 positas,
2365 4304 2528 4358 aquae
2561 4289 2857 4344 ducantur
2885 4289 3140 4360 irriguis.
3167 4288 3314 4343 Hinc
3346 4285 3774 4359 pulcherrimo-

2105 4395 2240 4433 rum
2271 4393 2541 4432 versuum
2578 4383 2872 4448 spectator
2902 4378 3144 4433 assistas
3174 4393 3188 4433 :

2177 4485 2307 4538 Ecce
2335 4485 2632 4554 supercilio
2665 4484 2859 4540 clivosi
2887 4486 3134 4540 tramitis
3159 4484 3365 4538 undam

2175 4555 2350 4610 Elicit
2371 4556 2523 4627 ,‘ilta
2550 4555 2749 4610 cadens
2778 4572 3004 4611 raucum
3035 4572 3142 4627 per
3173 4557 3335 4612 [ξενία
3366 4569 3619 4610 murmur

2176 4627 2326 4681 Saxa
2357 4626 2487 4692 ciet,
2517 4629 2894 4697 scatebrisque
2921 4626 3146 4683 arentia
3170 4629 3436 4697 temperat
3464 4641 3617 4697 arva.

2555 4695 2906 4768 (Vincimus,
2942 4717 2957 4752 ι
2991 4699 3090 4753 lib.
3127 4695 3339 4768 Georg.,
3373 4712 3511 4752 vers.
3549 4695 3696 4766 103.)

2106 4805 2450 4859 Inserantur
2470 4804 2782 4859 fructuosas
2803 4807 3062 4870 arbores,
3081 4802 3168 4858 vel
3189 4803 3440 4874 gemmis
3457 4800 3543 4856 vel
3567 4818 3772 4855 surcu-

2106 4892 2199 4959 lis,
2236 4896 2299 4946 ut
2329 4909 2502 4962 parvo
2537 4896 2668 4962 post
2700 4897 2963 4962 tempore
2994 4891 3216 4946 laboris
3247 4891 3333 4945 tui
3364 4888 3560 4945 dulcia
3598 4905 3772 4960 poma

2107 4981 2407 5050 decerpas.
2441 4983 2630 5050 Apum
2666 4980 2951 5035 fabricare
2982 4979 3254 5049 alvearia,
3287 4980 3359 5034 ad
3392 4995 3541 5048 quas
3563 4981 3618 5032 te
3640 4978 3771 5034 mit’

2106 5073 2242 5125 tunt
2268 5067 2598 5123 Salomonis
2617 5068 2927 5122 Proverbia
2950 5069 3133 5139 (Prov.
3157 5070 3256 5138 v1).
3281 5066 3769 5122 Monasteriorum

2107 5157 2371 5212 ordinem
2407 5173 2471 5211 ac
2505 5157 2726 5227 regiam
2761 5156 3136 5228 disciplinam
3160 5158 3217 5212 in
3243 5155 3437 5228 parvis
3471 5155 3631 5210 disce
3648 5171 3770 5210 cor-

2108 5245 2369 5318 poribus.
2406 5245 2702 5300 Texantur
2731 5250 2788 5301 et
2818 5245 2941 5301 lina
2971 5245 3272 5317 capiendis
3305 5245 3587 5317 piscibus.
3613 5245 3766 5299 Scri-

2108 5335 2324 5388 bantur
2345 5337 2402 5388 et
2423 5332 2581 5400 libri,
2598 5337 2738 5390 utet
2768 5351 2979 5390 manus
3002 5344 3272 5407 operetur
3293 5335 3474 5400 cibos,
3494 5336 3551 5389 et
3570 5333 3767 5389 anima
3852 5365 3860 5372 -

2107 5419 2355 5476 lectione
2414 5425 2735 5478 saturetur.
2771 5424 2833 5479 In
2879 5423 3167 5479 desideriis
3214 5427 3296 5480 est
3337 5421 3515 5479 omnis
3559 5420 3764 5477 otiosus

2109 5510 2295 5583 (Prov.
2347 5527 2472 5583 xm,
2512 5512 2679 5584 juxta
2735 5512 2897 5584 LXX).
2947 5514 3350 5586 Egyptiorum
3407 5510 3762 5567 monasteria
