3994 6052
198 232 311 286 545

1131 229 1438 280 DECRETI
1479 227 1664 279 PARS
1700 224 1822 274 VIl.
1859 248 1927 263 --
1967 224 2061 274 DE
2101 222 2487 289 MONACHIS,
2529 229 2683 279 ETC.

3510 240 3621 293 546

199 356 361 411 hunc
393 368 617 409 morem
659 353 883 420 tenent,
915 352 980 403 ut
1029 348 1261 403 nullum
1311 348 1535 419 absque
1585 360 1758 416 opere
1788 360 1855 398 ac
1884 345 1937 412 Α
1970 359 2126 399 mam
2168 344 2661 413 humilitatem,et
2710 350 3329 413 misericordissimam
3381 361 3618 417 celsitu-

197 445 400 500 labore
435 440 784 513 suscipiant,
811 456 924 495 non
952 442 1070 494 tam
1096 442 1331 509 propter
1361 437 1550 491 victus
1583 450 1850 489 necessa-

203 536 314 599 ria,
348 548 528 600 quam
578 534 818 601 propter
870 528 1078 583 animas
1131 526 1404 591 salutem,
1447 542 1518 579 ne
1571 528 1854 595 vagentur

204 619 553 695 perniciosis
601 617 1078 687 cogitationibus,
1112 620 1170 669 et
1218 616 1402 669 instar
1452 610 1854 667 fornicationis

204 708 589 774 Hierusalem,
615 706 774 761 omni
800 703 1131 761 transeunti
1153 704 1479 757 divaricent
1511 701 1686 772 pedes
1718 716 1856 755 suos

204 798 419 869 (Ezech.
453 796 593 867 xv1).

245 906 376 960 CAP.
409 905 463 959 6.
490 933 557 943 —
585 900 735 970 Quod
768 916 879 955 non
904 898 1171 968 peribunt
1200 912 1383 953 omnes
1416 896 1733 952 habitantes
1764 894 1824 948 in

606 973 860 1027 urbibus.
893 972 955 1025 Et
988 972 1052 1025 in
1080 970 1456 1039 sequentibus.

280 1064 426 1131 Quid
459 1063 640 1134 ergo?
691 1061 973 1115 Peribunt
1004 1075 1210 1113 omnes
1254 1058 1352 1128 qui
1389 1058 1446 1112 in
1481 1056 1727 1110 urbibus
1760 1054 1865 1110 ha-

208 1153 443 1210 bitant?
476 1152 620 1207 Ecce
650 1149 734 1203 illi
785 1150 1066 1203 fruuntur
1115 1146 1239 1201 suis
1289 1146 1488 1211 rebus,
1524 1144 1865 1198 ministrant

208 1242 506 1309 Ecclesiis,
541 1241 760 1295 adeunt
806 1236 1037 1305 balnea,
1073 1238 1373 1307 unguenta
1406 1251 1521 1289 non
1555 1238 1863 1304 Spernunt,

215 1336 272 1385 et
302 1336 500 1385 tamen
550 1328 611 1382 in
657 1326 923 1382 omnium
973 1341 1071 1379 ore
1123 1327 1457 1378 versantur.
1491 1324 1575 1376 Ad
1628 1321 1778 1391 quod
1812 1326 1869 1375 et

214 1423 350 1473 ante
382 1416 682 1489 respondi,
713 1420 770 1470 et
818 1429 973 1469 nunc
1022 1413 1276 1468 breviter
1326 1412 1652 1482 respondeo
1684 1424 1777 1464 me
1809 1409 1867 1462 in

212 1507 488 1580 prensanti
539 1503 846 1577 opusculo,
881 1520 996 1558 non
1031 1503 1101 1558 de
1130 1501 1363 1557 clericis
1408 1500 1730 1572 disputare,
1766 1498 1866 1554 sed

212 1596 571 1652 monachum
610 1594 942 1648 instituere.

1962 432 2185 498 dinem,
2217 438 2281 486 ut
2311 434 2497 489 nostri
2548 450 2838 492 memores
2891 439 3021 496 sitis
3055 442 3112 495 in
3148 444 3370 500 sanctis
3400 449 3617 504 oratio-

1966 521 2139 575 nibus
2170 523 2399 592 vestris,
2431 540 2576 593 quas
2616 524 3016 595 vigilantiores
3065 536 3121 585 et
3170 534 3358 605 magis
3389 537 3615 593 sobrias

1966 611 2259 664 credimus
2308 611 2541 667 habere.
2579 613 2822 670 Nostras
2869 617 3026 672 enim
3083 638 3234 691 saepe
3286 624 3515 679 sauciat
3559 633 3616 681 et

1967 698 2232 753 debilitat
2264 700 2448 771 caligo
2481 707 2537 755 et
2565 702 2863 758 tumultus
2890 706 3255 764 saecularium
3284 714 3615 783 actionum;

1968 804 2116 858 quas
2167 790 2275 842 etsi
2326 788 2599 845 sinistras
2651 808 2763 846 non
2814 792 3122 866 habemus,
3159 814 3361 855 eorum
3418 807 3616 857 tamen

1970 877 2193 946 quinos
2218 878 2526 949 angariant
2550 879 2708 934 mille
2737 898 2975 951 passus,
3001 887 3358 954 etjubemur
3388 891 3469 946 ire
3492 908 3626 946 cum

1973 966 2057 1019 eis
2094 965 2207 1019 alia
2237 966 2351 1020 duo
2384 969 2590 1035 (Matth.
2623 969 2704 1038 v),
2741 975 2907 1025 tanta
2951 973 3123 1029 nobis
3158 974 3529 1048 ingeruntur,
3568 986 3631 1035 ut

1972 1054 2065 1107 vix
2098 1054 2386 1124 respirare
2417 1056 2738 1126 possimus,
2783 1060 3087 1116 credentes
3119 1067 3315 1119 tamen
3348 1071 3501 1136 quod
3536 1070 3637 1124 ille

1974 1142 2033 1197 in
2066 1144 2235 1212 cujus
2266 1150 2579 1214 conspectu
2633 1146 2817 1201 intrat
2856 1150 3112 1218 gemitus
3162 1156 3628 1224 compeditorum

1976 1232 2145 1301 (Psal.
2181 1232 2439 1301 Lxxvm),
2474 1241 2917 1302 perseverantes
2968 1256 3073 1293 nos
3109 1240 3166 1293 in
3199 1258 3265 1296 eo
3299 1243 3628 1300 ministerio

1978 1320 2035 1374 in
2071 1337 2185 1390 quo
2219 1320 2503 1375 collocare
2536 1323 2817 1393 dignatus
2849 1331 2960 1390 est,
2996 1344 3129 1382 cum
3164 1332 3458 1399 promissa
3491 1350 3636 1388 mer-

1980 1409 2119 1464 cede
2179 1409 2599 1477 adjuvantibus
2660 1413 3017 1470 orationibus
3071 1418 3303 1489 vestris,
3355 1422 3424 1476 ab
3480 1423 3641 1477 omni

1982 1496 2258 1568 angustia
2289 1497 2580 1553 liberabit.
2612 1500 2726 1570 (16,
2760 1520 2811 1572 q.
2849 1504 2901 1573 1,
2932 1520 2978 1558 c.
3020 1508 3110 1560 Vos
3142 1514 3375 1579 autem.)
3400 1510 3514 1567 Vos
3543 1530 3640 1567 au-

1980 1590 2118 1657 tem,
2152 1588 2385 1653 fratres,
2416 1587 2722 1644 hortamur
2768 1592 2829 1645 in
2860 1593 3107 1650 Domino
3160 1601 3224 1651 ut
3273 1601 3637 1671 propositum

214 1708 355 1787 CAP:
385 1703 542 1787 7.‘_.
571 1703 646 1756 οε
692 1699 978 1787 Tange/,3
1027 1699 1277 1780 fugitivi,
1303 1715 1440 1787 ιηρη
1484 1696 1871 1787 ρῖογῃουεῃάίδ
1905 1722 1952 1787 Β
1984 1678 2651 1787 vestrumcustodiatis,
2685 1685 2738 1735 et
2771 1699 2961 1787 usque
2993 1686 3063 1739 ad
3098 1686 3273 1741 linem
3309 1705 3644 1759 persevera-

285 1774 357 1918 ¢(zd
396 1775 642 1915 plangi.
692 1773 1030 1839 Augustinus
1070 1770 1127 1824 in
1179 1771 1412 1840 epistola
1462 1770 1539 1824 ad
1588 1770 1876 1825 Aurelium

314 1855 475 1916 epist.
508 1848 540 1898 7
612 1885 623 1897 .

314 1848 475 1916 epist.
508 1848 623 1915 76).

296 1936 407 2005 (16,
441 1952 491 2005 q.
529 1935 580 2003 1,
608 1949 655 1988 c.
692 1932 823 2000 Legi
852 1929 1194 2002 epistolam.)
1235 1929 1371 2000 Legi
1423 1929 1730 2001 epistolam
1780 1930 1876 1984 be-

226 2022 537 2095 nignitatis
567 2028 679 2076 tuae
708 2023 777 2075 de
810 2025 1030 2074 Donato
1065 2024 1120 2073 et
1152 2020 1329 2073 fratre
1361 2019 1511 2089 ejus,
1536 2024 1593 2073 et
1623 2019 1761 2088 quid
1794 2033 1882 2072 re-

222 2114 574 2184 sponderem
610 2110 709 2164 diu
751 2108 1049 2163 ﬂuctuavi.
1083 2109 1193 2163 Sed
1228 2114 1422 2163 tamen
1475 2108 1652 2163 etiam
1703 2112 1877 2178 atque

218 2202 389 2257 etiam
420 2200 699 2271 cogitanti
732 2197 873 2268 quid
908 2198 984 2251 sit
1026 2196 1167 2251 utile
1199 2197 1378 2251 saluti
1410 2214 1634 2266 eorum,
1661 2197 1877 2267 quibus

220 2289 555 2346 nutriendis
588 2289 646 2343 in
678 2287 908 2342 Christo
936 2286 1250 2352 servimus,
1272 2286 1417 2340 nihil
1442 2286 1766 2357 mihiialiud
1791 2302 1878 2341 oc-

217 2397 454 2437 currere
473 2378 680 2451 potuit,
697 2377 812 2432 nisi
832 2394 946 2432 non
967 2393 1095 2432 esse
1120 2377 1293 2431 istam
1310 2375 1458 2432 viam
1482 2378 1736 2431 dandam
1760 2392 1876 2431 ser-

216 2471 307 2526 vis
329 2470 452 2534 Dei,
476 2472 541 2522 ut
561 2485 623 2523 se
647 2466 877 2523 facilius
904 2470 1111 2537 putent
1134 2464 1270 2537 eligi
1294 2467 1367 2521 ad
1391 2466 1613 2537 aliquid
1639 2466 1874 2535 melius,

220 2560 271 2615 si
305 2558 442 2613 facti
473 2558 692 2612 fuerint
722 2555 1058 2611 deteriores.
1088 2556 1158 2610 Et
1201 2554 1347 2626 ipsis
1381 2556 1537 2610 enim
1569 2555 1759 2610 facilis
1791 2553 1874 2610 la-

220 2665 388 2720 psus,
414 2651 471 2702 et
493 2646 685 2701 ordini
711 2644 1051 2701 clericorum
1076 2642 1154 2699 sit
1182 2644 1602 2715 indignissima
1632 2644 1871 2715 injuria,

222 2738 271 2792 si
296 2737 625 2791 desertores
649 2734 1143 2789 monasteriorum
1170 2735 1241 2788 ad
1267 2732 1538 2787 militiam
1564 2732 1875 2789 clericatus

220 2826 543 2897 eliguntur,
561 2841 695 2879 cum
714 2841 782 2879 ex
802 2824 896 2878 his
915 2823 1014 2894 qui
1041 2824 1098 2877 in
1124 2823 1482 2877 monasterio
1509 2828 1874 2894 permanent,

220 2932 337 2970 non
353 2920 549 2969 tamen
574 2914 687 2968 nisi
712 2912 1072 2985 probatiores
1093 2916 1266 2982 atque
1287 2910 1554 2966 meliores
1579 2913 1636 2966 in
1653 2912 1873 2966 clerum

220 3020 521 3060 assumere
540 3002 852 3067 soleamus,
873 3002 983 3056 nisi
1004 3001 1338 3070 forte(sicut
1356 3000 1625 3071 vulgares
1646 3001 1871 3072 dicunt)

1986 1767 2084 1823 tis.
2115 1771 2187 1822 At
2219 1769 2267 1824 si
2300 1784 2477 1839 quam
2512 1786 2747 1840 operam
2781 1772 2920 1843 [qua
2951 1790 3148 1844 Opera,
3176 1779 3408 1834 orJ’ict.
3434 1781 3641 1848 Pamz.]

1986 1862 2240 1912 vestram
2276 1862 2460 1912 mater
2489 1858 2748 1915 Ecclesia
2778 1861 3218 1931 desideraverit,
3254 1883 3359 1921 nec
3393 1868 3643 1923 elatione

1989 1946 2157 2001 avida
2188 1947 2550 2018 suscipiatis,
2577 1965 2679 2003 nec
2708 1949 3044 2007 blandiente
3067 1953 3293 2008 desidia
3325 1957 3645 2027 respuatis,

1987 2036 2087 2090 sed
2130 2036 2255 2089 miti
2290 2038 2463 2091 corde
2504 2038 2921 2109 obtemperetis
2952 2041 3091 2107 Deo,
3125 2058 3257 2097 cum
3294 2051 3641 2100 mansuetu-

1986 2124 2122 2179 dine
2148 2129 2449 2194 portantes
2480 2142 2615 2180 eum
2644 2126 2740 2197 qui
2773 2144 2873 2182 vos
2906 2130 3072 2200 regit,
3100 2131 3199 2202 qui
3234 2132 3436 2204 dirigit
3467 2136 3641 2190 mites

1986 2213 2045 2267 in
2092 2214 2341 2283 judicio,
2376 2214 2475 2285 qui
2522 2216 2688 2270 docet
2736 2224 3079 2273 mansuetos
3125 2220 3247 2275 vias
3298 2238 3437 2278 suas
3471 2226 3644 2293 (Psat.

1986 2305 2161 2369 xxxv),
2198 2319 2302 2357 nec
2336 2307 2599 2358 vestrum
2654 2305 2837 2360 otium
2888 2308 3342 2365 necessitatibus
3373 2311 3645 2367 Ecclesiae

1986 2392 2363 2462 praeponatis,
2386 2392 2477 2446 cui
2506 2394 2857 2463 parturienti
2890 2396 2940 2449 si
2973 2396 3118 2450 nulli
3147 2398 3282 2453 boni
3312 2400 3644 2455 ministrare

1984 2480 2220 2548 vellent,
2257 2483 2553 2551 quomodo
2587 2485 2975 2538 nasceremini
3006 2502 3118 2540 non
3156 2487 3515 2543 inveniretis.

1986 2570 2120 2627 CAP.
2153 2571 2206 2627 9.
2232 2601 2298 2610 —
2314 2572 2394 2650 pg
2412 2578 2531 2650 volo
2564 2573 2842 2650 Bonifacii
2866 2574 3103 2650 comitis.
3129 2577 3353 2644 August.
3386 2577 3444 2634 in
3479 2582 3634 2650 epist.

2258 2642 2326 2696 all
2358 2644 2706 2712 Boni/actum
2750 2647 3004 2699 comitem
3034 2642 3225 2716 (epist;
3247 2649 3359 2717 70).

2058 2730 2166 2799 (17,
2200 2747 2249 2801 q.
2278 2731 2333 2796 2,
2364 2747 2484 2801 cap.
2528 2736 2634 2787 Nos
2664 2734 2968 2801 novimus.)
3016 2733 3132 2788 Nos
3183 2737 3472 2804 novimus,
3529 2755 3637 2793 nos

1985 2822 2166 2873 testes
2217 2835 2427 2874 sumus
2477 2821 2633 2889 quod
2688 2821 2992 2875 nobiscum
3045 2824 3199 2894 apud
3246 2825 3522 2880 Tubunas
3572 2828 3642 2881 de

1986 2907 2181 2961 animo
2214 2911 2271 2961 et
2301 2908 2599 2963 voluntate
2631 2913 2732 2963 tua
2764 2910 3051 2965 fuerimus
3083 2910 3375 2967 collocuti.
3410 2914 3523 2967 Soli
3560 2920 3646 2969 te-

1985 3012 2118 3049 cum
2151 3012 2382 3050 eramus
2435 3013 2539 3069 ego
2571 3002 2627 3051 et
2659 2997 2839 3052 frater
2879 2998 3128 3070 Alipius.
3164 3000 3288 3055 Non
3322 3002 3478 3055 enim
3525 3003 3643 3057 cxi—

220 3092 415 3148 malus
448 3091 728 3147 choraula
759 3091 948 3146 bonus
981 3092 1439 3162 symphoniacus
1471 3095 1578 3159 est,
1604 3090 1683 3143 ita
1712 3090 1867 3145 idem
1904 3079 1945 3146 C
1987 3084 2165 3139 stimo
2196 3090 2429 3140 tantum
2474 3086 2729 3141 valuisse
2782 3091 3043 3142 terrenas
3076 3105 3246 3143 curas
3279 3091 3495 3160 quibus
3530 3092 3644 3146 im-

218 3181 333 3253 ipsi
366 3181 637 3251 vulgares
668 3181 737 3235 de
769 3180 937 3235 nobis
961 3179 1323 3249 jocabuntur
1353 3179 1610 3233 dicentes
1647 3196 1657 3233 :
1688 3178 1872 3233 Malus

218 3270 567 3340 monachus,
594 3270 784 3325 bonus
818 3269 1065 3323 clericus
1097 3273 1206 3323 est.
1236 3267 1424 3322 Nimis
1456 3267 1798 3333 dolendum,
1824 3268 1873 3322 si

217 3361 289 3416 ad
328 3364 447 3414 tam
471 3358 771 3414 ruinosam
798 3357 1135 3427 superbiam
1162 3356 1482 3411 monachos
1506 3356 1872 3427 subrigimus

218 3448 639 3520 [surrigamus,
671 3449 836 3516 orig.,
860 3450 913 3501 et
937 3445 1134 3514 Grat.],
1162 3448 1220 3500 et
1242 3450 1361 3499 tam
1385 3445 1546 3515 gravi
1571 3450 1874 3499 contume-

218 3537 300 3591 lia
330 3536 570 3593 clericos
593 3536 802 3607 dignos
834 3539 1132 3605 putamus.
1159 3536 1217 3589 In
1243 3550 1489 3605 quorum
1517 3551 1759 3589 numero
1782 3552 1876 3588 su-

222 3643 379 3692 mus,
406 3643 538 3680 cum
564 3624 881 3695 aliquando
906 3623 1079 3679 etiam
1103 3624 1294 3678 bonus
1321 3622 1642 3677 monachus
1664 3624 1758 3676 vix
1780 3624 1875 3676 bo-

220 3731 364 3769 num
393 3714 665 3769 clericum
695 3714 893 3779 faciat;
920 3714 967 3766 si
997 3713 1150 3767 adsit
1170 3712 1221 3765 ei
1247 3711 1546 3766 sufficiens
1569 3711 1873 3765 continen-

220 3803 323 3871 tia,
358 3808 413 3857 et
444 3807 637 3869 tamen
671 3802 822 3855 desit
871 3800 1181 3855 instructio
1230 3799 1579 3866 necessaria,
1615 3804 1715 3853 aut
1747 3816 1874 3869 per-

218 3908 375 3947 sona:
408 3889 696 3961 regularis
727 3888 1058 3959 integritas.
1094 3888 1203 3943 Sed
1250 3888 1319 3941 de
1352 3887 1479 3942 istis
1511 3888 1683 3942 credo
1718 3888 1872 3958 quod

218 3980 503 4034 arbitrata
529 3979 606 4033 sit
638 3978 940 4033 beatitudo
965 3981 1087 4043 tua,
1116 3984 1312 4031 nostra
1336 3975 1729 4043 voluntate,ut
1749 3976 1875 4031 suis

220 4069 418 4141 potius
450 4065 951 4137 corregionalibus
985 4064 1158 4120 utiles
1184 4069 1383 4120 essent
1414 4066 1483 4118 de
1517 4066 1872 4121 monasterio

216 4156 561 4223 recessisse;
590 4156 689 4210 sed
727 4154 939 4208 falsum
975 4158 1082 4209 est.
1104 4157 1320 4224 Sponte
1352 4153 1642 4219 abierunt,
1667 4158 1873 4224 sponte

218 4249 626 4313 deseruerunt,
662 4243 830 4298 nobis
864 4248 1151 4315 quantum
1185 4241 1510 4313 potuimus,
1535 4259 1639 4314 pro
1671 4259 1871 4297 eorum

218 4334 410 4390 salute
442 4333 858 4389 renitentibus.

291 4423 420 4478 CAP.
456 4424 507 4477 8.
534 4453 601 4462 —-
627 4427 700 4477 De
724 4423 906 4513 guietJe
931 4419 1518 4513 monachoruméllflem
1551 4422 1611 4475 in
1641 4422 1875 4491 epistola
1904 4449 1949 4513 D

670 4492 740 4547 ad
771 4493 1076 4547 Eudoxium
1110 4494 1287 4563 (epist.
1320 4492 1429 4562 81).

291 4581 540 4637 Domino
555 4580 764 4636 dilecto
777 4625 791 4649 ,
804 4585 860 4636 et
877 4580 1320 4651 exoptatissime
1340 4580 1526 4647 fratri,
1542 4586 1599 4635 et
1616 4597 1874 4651 compre-

219 4671 456 4742 sbytero
480 4669 830 4739 Eudoxio,et
852 4669 948 4739 qui
973 4674 1166 4723 tecum
1191 4673 1333 4723 sunt
1355 4668 1658 4735 fratribus,
1682 4676 1874 4742 Augu-

217 4759 437 4828 stinus,
458 4762 513 4812 et
538 4758 638 4828 qui
670 4774 897 4813 mecum
922 4762 1062 4812 sunt
1093 4758 1301 4813 fratres
1332 4756 1389 4813 in
1423 4758 1686 4825 Domino,
1715 4758 1873 4814 salu-

214 4848 612 4911 tem.Quando
635 4846 888 4918 quietem
914 4851 1168 4901 vestram
1201 4848 1535 4917 cogitamus
1559 4864 1735 4917 quam
1768 4848 1871 4903 ha-

212 4939 365 4994 betis
388 4939 445 4993 in
471 4937 911 5003 Cbristo,etiam
936 4953 1041 4991 nos
1065 4938 1334 5008 quamvis
1359 4937 1415 4991 in
1443 4936 1745 4992 laboribus
1775 4955 1871 4994 va-

212 5026 318 5081 riis
340 5026 684 5098 asperisque
706 5042 1027 5092 versemur,
1052 5026 1109 5080 in
1128 5032 1322 5083 vestra
1343 5028 1627 5082 charitate
1652 5028 1876 5097 requie-

214 5115 465 5171 scimus.
490 5115 684 5170 Unum
718 5114 875 5169 enim
898 5131 1111 5186 corpus
1143 5118 1252 5171 sub
1288 5134 1401 5172 uno
1426 5117 1617 5188 capite
1641 5134 1870 5183 sumus,

214 5208 279 5258 ut
300 5208 358 5259 et
382 5220 484 5258 vos
505 5203 563 5257 in
589 5204 757 5259 nobis
784 5204 1093 5275 negotiosi,
1118 5209 1174 5260 et
1198 5222 1302 5261 nos
1323 5205 1379 5260 in
1406 5205 1570 5261 vobis
1595 5204 1769 5261 otiosi
1794 5205 1871 5261 si-

216 5308 372 5347 mus.
398 5292 543 5357 Quia
572 5294 621 5347 si
651 5294 864 5361 patitur
888 5309 1061 5347 unum
1083 5295 1407 5362 membrum,
1449 5294 1875 5363 compatiuntur

216 5383 405 5436 omnia
434 5382 703 5447 membra,
736 5385 786 5435 et
825 5383 876 5436 si
921 5383 1268 5452 gloriﬁcatur
1315 5402 1490 5440 unum
1536 5386 1870 5457 membrum,

216 5472 564 5541 congaudent
594 5473 789 5526 omnia
819 5472 1061 5526 membra
1084 5474 1128 5543 (Ι
1152 5475 1277 5529 Cor.
1303 5476 1425 5545 x11).
1463 5476 1869 5532 Admonemus

219 5577 356 5632 ergo
387 5565 445 5616 et
475 5560 733 5632 petimus
764 5564 820 5615 et
852 5562 1228 5618 obsecramus
1269 5581 1371 5634 per
1409 5564 1623 5619 Christi
1648 5565 1869 5621 altissi-

1983 3174 2176 3245 pletus
2208 3191 2292 3243 es,
2328 3180 2391 3228 ut
2422 3175 2528 3229 hoc
2580 3176 2649 3229 de
2700 3178 2984 3231 memoria
3033 3183 3132 3233 tua
3185 3179 3422 3250 penitus
3454 3181 3645 3237 delere

1984 3263 2302 3334 potuerint.
2356 3264 2577 3335 Nempe
2628 3281 2832 3321 omnes
2882 3272 3047 3321 actus
3100 3268 3390 3338 publicos,
3424 3270 3643 3339 quibus

1983 3356 2301 3423 occupatus
2334 3369 2485 3423 eras,
2512 3353 2841 3424 relinquere
2865 3356 3164 3425 cupiebas,
3189 3360 3246 3410 et
3276 3362 3330 3411 te
3363 3357 3422 3412 in
3454 3358 3639 3413 otium

1984 3445 2253 3494 sanctum
2303 3441 2587 3505 conferre,
2614 3446 2789 3512 atque
2839 3442 2897 3496 in
2932 3460 2997 3498 ea
3030 3444 3147 3499 vita
3178 3446 3388 3513 vivere,
3424 3447 3481 3501 in
3526 3466 3646 3518 qua

1983 3529 2132 3583 servi
2167 3528 2267 3582 Dei
2302 3530 2574 3583 monachi
2609 3530 2827 3584 vivunt.
2863 3531 3011 3602 (Post
3060 3533 3276 3604 aliquot
3324 3552 3510 3591 versus
3541 3541 3643 3592 sub

1983 3618 2198 3687 ﬁnem.)
2232 3621 2376 3671 Cum
2426 3634 2563 3687 ergo
2596 3624 2651 3671 te
2682 3634 2809 3673 esse
2844 3620 2901 3673 in
2937 3621 3047 3674 hoc
3099 3624 3393 3692 proposito
3426 3628 3646 3696 gaude-

1984 3723 2204 3771 remus,
2232 3706 2541 3776 navigasti,
2569 3724 2926 3778 uxoremque
2960 3710 3199 3767 duxisti.
3233 3714 3290 3766 Si
3324 3715 3480 3769 enim
3514 3733 3645 3771 con-

1975 3797 2182 3867 jugem
2214 3812 2325 3849 non
2360 3795 2626 3861 haberes,
2663 3798 2916 3852 dicerem
2968 3800 3074 3852 tibi
3108 3802 3264 3869 quod
3297 3808 3352 3857 et
3380 3805 3644 3861 Tubunis

1984 3884 2260 3949 diximus,
2296 3888 2361 3938 ut
2391 3884 2448 3937 in
2483 3885 2753 3940 castitate
2784 3887 3155 3943 continentia
3192 3891 3435 3959 viveres,
3469 3896 3644 3949 adde-

1984 3991 2103 4029 rem
2136 3976 2289 4044 quod
2323 3981 2463 4029 tunc
2491 3976 2613 4029 ﬁeri
2647 3976 3082 4046 prohibuimus,
3113 3984 3177 4033 ut
3202 3980 3327 4049 jam
3360 3985 3434 4048 te,
3463 3999 3645 4052 quan-

1983 4068 2107 4117 tum
2143 4081 2337 4118 rerum
2390 4064 2783 4120 humanarum
2818 4067 2978 4120 salva
3031 4084 3169 4137 pace
3222 4071 3534 4138 potuisses,
3569 4073 3642 4126 ab

1983 4153 2115 4208 istis
2150 4153 2375 4207 bellicis
2429 4155 2602 4208 rebus
2636 4155 3029 4222 abstraheres,
3062 4161 3119 4210 et
3178 4158 3310 4211 huic
3360 4159 3488 4212 vitae
3542 4177 3643 4214 va-

1983 4260 2166 4311 cares,
2201 4248 2257 4299 et
2289 4244 2550 4299 societati
2596 4248 2962 4311 sanctorum,
2996 4247 3086 4301 cui
3130 4251 3269 4302 tunc
3300 4265 3503 4303 vacare
3536 4267 3640 4305 cu-

1984 4334 2203 4404 piebas,
2231 4334 2328 4388 ubi
2362 4333 2416 4387 in
2453 4332 2685 4387 silentio
2720 4340 2987 4405 pugnant
3021 4335 3238 4392 milites
3262 4338 3496 4405 Christi,
3522 4357 3638 4394 non

1983 4428 2048 4477 ut
2079 4423 2365 4489 occidant,
2401 4422 2691 4487 homines,
2725 4424 2825 4477 sed
2870 4429 2933 4478 ut
2975 4432 3311 4497 expugnent
3343 4429 3639 4500 principes

1983 4516 2040 4567 et
2073 4515 2384 4583 potestates
2428 4516 2484 4566 et
2522 4512 2853 4583 spiritualia
2884 4515 3158 4585 nequities
3190 4518 3409 4587 (Ephes.
3448 4519 3543 4588 vx),
3580 4518 3638 4573 id

1982 4608 2091 4671 est,
2125 4602 2421 4656 diabolum
2455 4606 2513 4657 et
2544 4603 2783 4674 angelos
2815 4604 2964 4674 ejus.
2997 4607 3149 4674 (Post
3177 4607 3406 4679 pauca.)
3431 4608 3540 4661 Sed
3577 4614 3642 4662 ut

1980 4694 2036 4745 te
2085 4691 2156 4745 ad
2207 4691 2381 4745 istam
2415 4691 2593 4745 vitam
2630 4707 2743 4745 non
2795 4692 3065 4747 exhorter
3114 4696 3329 4765 conjux
3384 4695 3636 4767 impedi-

1982 4783 2247 4834 mentum
2296 4785 2403 4846 est,
2437 4780 2564 4834 sine
2614 4781 2783 4850 cujus
2840 4784 3227 4838 consensione
3269 4786 3638 4840 continenter

1984 4869 2089 4923 tibi
2124 4887 2236 4924 non
2268 4868 2409 4923 licet
2438 4868 2649 4923 vivere.

1982 4963 2112 5013 CAP.
2150 4960 2232 5013 10.
2264 4990 2328 4998 —
2350 4960 2463 5013 Non
2497 4960 2641 5013 solvi
2669 4961 3013 5032 conjugium,
3043 4965 3096 5016 si
3128 4964 3329 5017 mulier
3358 4963 3542 5017 nescia
3574 4962 3637 5017 «lc

2142 5036 2257 5085 volo
2293 5033 2361 5084 ri;
2382 5034 2401 5085 ι’
2430 5033 2615 5102 nupsit
2639 5032 2707 5085 ei.
2742 5033 2884 5087 [item
2920 5036 2977 5086 in
3008 5034 3197 5089 eadem
3230 5036 3474 5106 epistola.

2054 5120 2198 5183 Quia
2229 5125 2286 5174 et
2318 5122 2364 5176 si
2400 5126 2463 5175 tu
2490 5138 2614 5175 eam
2651 5126 2777 5192 post
2810 5122 2909 5177 illa
2942 5128 3043 5177 tua
3066 5126 3237 5179 verba
3260 5122 3638 5179 Tubanensia

1983 5209 2193 5264 ducere
2225 5227 2339 5264 non
2393 5210 2667 5275 debebas,
2702 5209 2803 5264 illa
2834 5212 2938 5266 tibi
2976 5216 3193 5279 tamen,
3230 5212 3377 5266 nihil
3431 5227 3631 5264 eorum

1983 5299 2197 5369 sciens,
2220 5299 2561 5354 innocenter
2591 5305 2646 5353 et
2668 5299 3019 5370 simpliciter
3050 5302 3271 5371 nupsit.
3306 5302 3495 5368 Atque
3530 5298 3637 5351 uti-

1985 5406 2115 5443 nam
2144 5406 2344 5460 posses
2367 5388 2416 5443 ei
2447 5389 2797 5460 persuadere
2822 5390 3267 5454 continentiam,
3295 5392 3358 5442 ut
3382 5386 3508 5441 sine
3532 5386 3639 5440 im-

1982 5478 2314 5550 pedimento
2350 5480 2616 5534 redderes
2649 5478 2763 5533 Deo
2790 5482 2944 5550 quod
2981 5485 3033 5534 te
3065 5479 3273 5534 debere
3302 5476 3633 5547 cognoscis.

1981 5570 2091 5623 Sed
2125 5568 2172 5623 si
2208 5586 2336 5623 cum
2372 5568 2469 5622 illa
2492 5584 2661 5638 agere
2686 5585 2799 5622 non
2834 5572 3017 5639 potes,
3046 5567 3251 5623 saltem
3276 5584 3442 5623 serva
3469 5564 3635 5638 pudi~
