3972 6056
385 232 491 284 547

1473 237 1539 285 Ι).
1583 228 1824 285 IVONIS
1860 227 2351 284 CARNOTENSIS
2386 228 2704 284 EPIBCOPI

3684 232 3803 288 548

387 353 586 408 citiam
617 352 1011 424 conjugalem,
1034 359 1092 409 et
1122 369 1263 426 roga
1295 356 1495 422 Deum,
1520 354 1621 424 qui
1654 357 1711 408 te
1734 352 1806 407 de
1837 367 2029 407 neces-
2058 350 2111 418 Α
2143 356 2247 406 aut
2272 351 2343 405 ad
2377 352 2612 407 ordines
2642 368 2842 409 sacros
2873 354 2961 409 vel
3005 351 3314 409 clericatus
3344 354 3628 421 officium,
3664 357 3799 414 tolli

385 442 659 497 sitatibus
689 442 862 512 eruit,
886 445 951 496 ut
979 443 1133 514 quod
1165 460 1277 498 non
1313 447 1475 514 potes
1498 442 1690 512 modo,
1713 440 1905 514 possis
1928 439 2029 495 ali-

385 532 642 605 quando.
673 531 1086 587 Verumtamen
1112 536 1175 586 ut
1196 532 1380 587 Deum
1411 531 1645 603 diligas,
1669 547 1782 586 non
1815 529 2027 601 diligas

385 621 694 688 mundum,
730 624 795 675 ut
825 621 882 676 in
916 620 1062 692 ipsis
1109 619 1279 676 bellis
1307 621 1356 677 si
1390 621 1581 676 adhuc
1610 624 1668 675 te
1697 621 1756 676 in
1785 620 1871 676 eis
1897 635 2025 674 ver-

386 711 503 767 sari
536 727 684 782 opus
713 714 823 775 est,
857 711 1030 765 ﬁdem
1080 713 1282 765 teneas
1330 725 1651 783 pacemque
1681 725 1928 782 quaeras,
1962 714 2028 762 ut

385 817 454 857 ex
477 799 679 855 mundi
702 798 872 855 bonis
895 799 1073 854 facias
1096 814 1272 870 opera
1292 799 1463 866 bona,
1486 802 1542 854 et
1562 801 1799 871 propter
1821 796 2026 852 mundi

385 889 539 944 bona
568 905 683 943 non
717 887 894 943 facias
926 903 1101 959 opera
1130 887 1302 954 mala,
1337 892 1436 943 aut
1467 904 1581 943 non
1612 887 1857 959 impedit
1888 903 2024 941 con-

375 978 504 1049 jux,
536 981 638 1031 aut
667 975 951 1047 impedire
980 993 1093 1032 non
1127 976 1315 1031 debet.
1343 976 1473 1031 Haec
1502 976 1571 1031 ad
1598 980 1675 1039 te,
1699 975 1779 1030 fili
1811 974 2028 1030 charis-

382 1064 550 1136 sime,
584 1068 647 1120 ut
675 1064 991 1120 scriberem
1038 1064 1292 1120 charitas
1314 1065 1515 1135 jussit,
1539 1081 1657 1135 qua
1704 1068 1762 1119 te
1810 1080 2024 1118 secun-

381 1154 521 1209 dum
571 1157 777 1222 Deum,
811 1170 927 1209 non
977 1154 1302 1209 secundum
1354 1153 1463 1209 hoc
1511 1152 1789 1209 saeculum
1823 1152 2024 1224 diligo,

380 1243 519 1314 quia
547 1246 605 1297 et
636 1242 901 1315 cogitans
945 1243 1101 1314 quod
1156 1241 1439 1314 scriptum
1474 1246 1566 1297 est
1598 1259 1610 1298 :
1646 1241 1880 1313 Corripe
1930 1258 2021 1297 sa-

379 1330 635 1403 pientem
675 1335 732 1386 et
772 1330 991 1386 amabit
1040 1336 1120 1399 te,
1150 1330 1374 1402 corripe
1424 1329 1673 1386 stultum
1705 1334 1762 1385 et
1792 1328 2026 1400 adjiciet

378 1420 573 1476 odisse
628 1424 681 1476 te
725 1420 912 1492 (Prov.
948 1420 1053 1491 1x),
1087 1436 1203 1475 non
1252 1423 1307 1476 te
1357 1419 1565 1490 utique
1614 1418 1886 1485 stultum,
1919 1418 2021 1474 sed

378 1510 704 1582 sapientem
735 1509 912 1566 debui
943 1508 1217 1581 cogitare.

376 1642 510 1696 CAP.
547 1643 633 1695 11.
666 1671 734 1682 ——
764 1646 844 1696 De
871 1640 1046 1712 quiete
1073 1640 1487 1696 monachorum.
1527 1644 1811 1695 Decretum
1839 1640 2021 1695 sancti

447 1714 704 1782 Gregorii
749 1730 899 1784 papa:
931 1713 1052 1782 (lib.
1086 1728 1188 1780 v11,
1218 1713 1335 1767 ind.
1372 1714 1423 1779 1,
1467 1729 1552 1783 ep.
1588 1713 1673 1778 18,
1707 1712 2021 1767 Mariniano
2057 1721 2099 1785 Β

445 1785 740 1856 episcopo).

444 1902 555 1971 (18,
588 1918 641 1971 q.
672 1904 727 1965 2,
758 1917 804 1955 c.
840 1901 1011 1969 Quam
1042 1899 1116 1955 sit
1150 1902 1561 1968 necessarium.)
1595 1901 1778 1965 Quam
1811 1899 1889 1955 sit
1917 1917 2017 1955 ne-

374 1989 694 2045 cessarium
730 1988 1224 2044 monasteriorum
1257 1989 1440 2059 quieti
1478 1989 1829 2060 prospicere,
1859 1995 1916 2043 et
1946 1989 2017 2044 de

373 2093 575 2133 eorum
608 2081 888 2149 perpetua
917 2078 1228 2132 securitate
1249 2082 1519 2144 tractare,
1544 2082 1877 2131 anteactum
1909 2093 2016 2132 nos

372 2166 517 2238 (vos,
551 2166 657 2237 or.)
689 2166 946 2221 ofﬁcium
979 2166 1133 2236 quod
1167 2167 1226 2221 in
1259 2166 1544 2238 regimine
1572 2165 1821 2220 coenobii
1849 2165 2017 2220 exhi-

373 2255 613 2310 buimus
634 2254 1024 2326 (exbibuistis,
1048 2255 1211 2326 orig.)
1235 2255 1531 2309 informat.
1551 2254 1619 2309 Et
1640 2253 1779 2325 quia
1809 2253 1868 2307 in
1892 2254 2015 2325 plu-

372 2343 537 2400 rimis
568 2343 944 2400 monasteriis
993 2345 1183 2399 multa
1212 2361 1245 2400 a
1276 2342 1627 2413 praesulibus
1677 2343 2016 2413 prejudicia

370 2438 544 2504 atque
560 2432 901 2505 gravamina
916 2433 1237 2488 monachos
1254 2432 1565 2504 pertulisse
1582 2432 2010 2504 cognoscimus,

369 2526 598 2591 oportet
630 2526 691 2575 ut
720 2526 931 2576 nostris
983 2520 1366 2575 fraternitatis
1415 2520 1669 2591 provisio
1699 2523 1771 2575 de
1818 2521 2015 2576 futura

369 2610 567 2679 quiete
596 2625 824 2675 eorum,
845 2608 1068 2664 salubri
1094 2608 1369 2679 disponat
1399 2608 1788 2674 ordinatione,
1811 2614 2013 2679 quate-

370 2714 480 2753 nus
538 2703 950 2753 conversantes
1006 2696 1066 2751 in
1120 2696 1239 2753 illis
1288 2698 1346 2751 in
1395 2697 1495 2753 Dei
1546 2698 2013 2768 servitio,gratia

369 2787 558 2858 ipsius
597 2787 977 2857 suffragante,
1010 2791 1206 2840 mente
1254 2785 1437 2840 libera
1484 2792 1875 2857 perseverent.
1898 2786 2010 2842 Sed

368 2891 441 2930 ne
472 2893 539 2930 ex
569 2891 636 2929 ea
664 2891 789 2945 quae
834 2874 1022 2945 magis
1052 2874 1421 2929 emendanda
1449 2879 1537 2928 est
1568 2875 2009 2941 consuetudine,

368 2964 684 3035 quisquam
708 2961 1012 3018 monachis
1035 2962 1359 3033 quidquam
1392 2961 1672 3017 molestiae
1697 2969 2013 3030 praesumat

2138 439 2411 495 monachi
2443 457 2555 496 non
2585 440 2857 497 debeant.

2242 545 2377 602 CAP.
2415 550 2593 621 12η-
2633 549 2706 602 De
2734 548 2919 604 eodem
2948 548 3131 617 Greg.,
3160 565 3278 621 cap.
3311 552 3403 617 87,
3434 550 3680 608 Castoria

2418 619 2662 691 episcopo
2692 620 3036 675 Ariminensi
3065 621 3127 692 (l.
3154 619 3236 686 iv,
3263 639 3355 694 ep.
3383 623 3496 693 43).

2207 706 2314 776 (18,
2351 724 2402 777 q.
2436 710 2490 778 2,
2521 724 2642 779 cap.
2680 708 3020 779 Luminoso.)
3058 710 3370 766 Luminoso
3400 711 3610 767 abbate
3642 713 3791 768 refe-

2136 801 2320 866 rente,
2354 796 2626 868 plurimis
2656 798 2715 852 in
2742 798 3116 854 monasteriis
3150 799 3338 855 multa
3367 817 3401 855 a
3431 800 3793 872 praesulibus

2135 884 2475 957 praejudicia
2504 890 2676 955 atque
2716 887 3055 956 gravamina
3103 888 3423 944 monachos
3474 888 3793 961 pertulisse

2136 974 2553 1045 comperimus.
2580 974 2821 1046 Oportet
2846 991 2982 1047 ergo
3014 979 3076 1031 ut
3104 981 3219 1031 tum
3246 977 3628 1034 fraternitatis
3658 995 3792 1050 pro-

2134 1061 2281 1116 visio
2314 1062 2385 1116 de
2418 1062 2615 1117 futura
2648 1063 2843 1133 quiete
2882 1080 3085 1119 eorum
3134 1064 3357 1120 salubri
3391 1066 3665 1138 disponat
3694 1081 3792 1121 or-

2133 1150 2458 1216 dinatione,
2493 1154 2785 1221 quatenus
2833 1164 3246 1208 conversantes
3294 1153 3352 1208 in
3404 1154 3523 1210 illis
3572 1154 3632 1209 in
3683 1154 3794 1210 Dei

2133 1238 2368 1293 servitio
2400 1239 2586 1310 gratia
2618 1238 2778 1295 illius
2810 1241 3192 1313 suffragante,
3217 1247 3414 1298 mente
3443 1242 3629 1299 libera
3660 1258 3796 1315 per-

2132 1334 2420 1383 severont.

2495 1448 2553 1458 -
2593 1418 2668 1473 Ne
2696 1416 2925 1489 publice
2955 1421 3139 1477 missa
3166 1421 3308 1489 fiant
3336 1421 3397 1475 in
3426 1380 3712 1478 cienobiis.

2798 1489 3107 1560 Gregorius.

2203 1576 2413 1632 Missas
2443 1593 2678 1650 quoque
2721 1577 2987 1650 publicas
3037 1579 3095 1634 in
3142 1579 3404 1636 carnobio
3437 1579 3558 1634 fieri
3590 1581 3787 1636 omni-

2131 1666 2304 1721 modo
2338 1665 2733 1737 prohibemus,
2768 1683 2839 1722 ne
2880 1668 2936 1721 in
2974 1668 3067 1721 Dei
3104 1685 3405 1723 servorum
3452 1671 3788 1727 recessibus

2129 1760 2185 1809 et
2214 1770 2414 1809 eorum
2449 1754 2834 1826 receptaculis
2858 1755 2977 1810 ulla
3008 1756 3239 1828 populis
3272 1758 3600 1829 prabeatur
3621 1776 3787 1814 occa-

2128 1843 2213 1897 sio
2245 1844 2743 1915 conventus,quia
2784 1860 2897 1899 non
2939 1845 3174 1917 expedit
3204 1846 3520 1902 animabus
3551 1864 3787 1903 eorum.

2126 1931 2239 1986 Nec
2269 1932 2481 1987 audeat
2512 1931 2631 1986 illic
2662 1930 2977 2004 episcopus
3001 1934 3339 1990 cathedram
3364 1934 3785 2004 collocare,vel

2125 2020 2451 2092 quamlibet
2483 2026 2828 2091 potestatem
2865 2039 3129 2079 exercere
3162 2024 3514 2096 imperandi,
3538 2041 3643 2080 nec
3675 2025 3785 2081 ali—

2125 2125 2300 2180 quam
2335 2109 2762 2165 ordinationem
2800 2112 3074 2182 quamvis
3112 2110 3472 2167 levissimam
3507 2112 3784 2179 faciendi,

2124 2197 2237 2252 nisi
2271 2198 2343 2251 ab
2377 2197 2586 2252 abbate
2635 2198 2811 2253 fuerit
2843 2204 3115 2271 rogatus:
3153 2205 3450 2271 quatenus
3502 2202 3782 2258 monachi

2124 2301 2355 2355 semper
2386 2290 2664 2340 maneant
2695 2286 2749 2339 in
2781 2286 3058 2342 abbatum
3097 2305 3337 2344 suorum
3373 2294 3679 2359 potestate,
3717 2294 3787 2346 ut

2124 2374 2362 2428 remotis
2429 2374 2837 2430 vexationibus
2909 2393 2976 2431 ac
3036 2377 3267 2433 cunctis
3334 2379 3784 2450 gravaminibus

2123 2462 2386 2517 divinum
2421 2479 2570 2534 Opus
2619 2480 2753 2518 cum
2806 2480 3044 2520 summa
3073 2466 3379 2522 devotione
3432 2466 3613 2521 animi
3645 2484 3782 2538 per-

2123 2550 2321 2605 ﬁciant
2354 2552 2411 2605 in
2456 2557 2829 2622 perpetuum.
2862 2551 3024 2622 Vale,
3058 2552 3281 2625 optime
3332 2559 3515 2617 Pater.
3551 2572 3785 2612 memor

2122 2639 2327 2695 nostri.

2119 2729 2262 2802 CAP:
2288 2729 2373 2782 14.
2409 2758 2477 2769 -
2508 2728 3005 2802 Negmonaslerium
3060 2739 3250 2799 gravet
3297 2734 3597 2802 episcopus.
3630 2732 3779 2788 Idem

2229 2798 2518 2870 Gregorius
2556 2800 2695 2871 (ind.
2733 2802 2784 2870 1,
2818 2802 2916 2856 lib.
2951 2818 3075 2867 vm,
3107 2805 3263 2872 epist.
3306 2798 3387 2872 18,
3422 2798 3486 2856 iii
3510 2805 3666 2875 ﬁne).

2189 2888 2301 2957 (18,
2333 2904 2384 2959 q.
2416 2889 2472 2957 2,
2503 2904 2550 2943 c.
2588 2889 2921 2960 Visitandi.)
2970 2888 3256 2944 Visitandi
3307 2890 3779 2963 exhortandique

2116 2975 2308 3045 gratia
2337 2976 2405 3031 ad
2442 2977 2868 3032 monasterium
2896 2977 3125 3047 quoties
3160 2976 3464 3050 placuerit,
3489 2978 3558 3034 ab
3590 2980 3779 3036 antis-

365 3052 601 3120 ίηῖθΐτθι
634 3066 870 3148 nece?”
903 3056 993 3106 θεῖ
1032 3055 1107 3148 Et
1155 3050 1274 3148 Ῐξεο
1320 3050 1565 3148 inierit-13
1612 3052 2009 3148 θίξυωθτεωάθ
2040 3080 2082 3148 C
2122 3064 2227 3119 tite
2258 3064 2509 3119 civitatis
2545 3064 2875 3121 accedatur.
2908 3065 3017 3121 Sed
3053 3068 3138 3121 sic
3167 3066 3477 3122 charitatis
3508 3067 3776 3124 ofﬁcium

366 3142 724 3209 curavimus,
774 3138 859 3193 ita
915 3138 1110 3194 studio
1169 3137 1552 3193 fraternitatis
1600 3139 2007 3210 episcoporum

366 3229 615 3284 debeant
645 3226 948 3293 custodiri,
974 3231 1039 3280 ut
1070 3241 1137 3280 ex
1167 3225 1251 3281 eis
1282 3242 1393 3279 non
1428 3228 1615 3297 possit
1643 3225 1889 3282 ulterius
1920 3227 2009 3282 in-

367 3318 616 3372 ferendae
657 3314 1083 3387 inquietudinis
1131 3314 1358 3369 occasio
1410 3314 1669 3385 reperiri.
1706 3316 2007 3371 Interdici-

364 3421 500 3461 mus
529 3405 706 3475 igitur
733 3402 792 3458 in
824 3402 1060 3458 nomine
1094 3403 1320 3457 Domini
1367 3403 1550 3459 nostri
1598 3403 1738 3459 Jesu
1769 3405 2002 3474 Christi,

363 3498 420 3550 et
450 3510 519 3548 ex
548 3496 892 3547 auctoritate
921 3491 1073 3547 beati
1109 3491 1256 3547 Petri
1289 3491 1690 3563 apostolorum
1725 3492 2006 3565 principis

362 3581 766 3653 prohibemus,
817 3580 989 3650 cujus
1048 3581 1171 3636 vice
1228 3581 1364 3636 huic
1413 3582 1687 3636 Romanae
1737 3581 2005 3637 Ecclesiae

360 3669 767 3741 presidemus,
801 3673 866 3723 ut
908 3669 1108 3724 nullus
1150 3670 1559 3742 episcoporum
1612 3673 1713 3724 aut
1760 3670 2006 3725 saecula-

360 3757 513 3812 rium
548 3756 701 3812 ultra
733 3762 1048 3829 praesumat
1092 3759 1162 3814 de
1209 3758 1518 3827 reditibus,
1552 3758 1639 3812 vel
1688 3759 1885 3824 rebus,
1918 3757 2004 3813 vel

359 3846 580 3902 chartis
614 3847 1127 3915 monasteriorum,
1150 3845 1240 3900 vel
1263 3847 1333 3901 de
1355 3846 1538 3913 cellis,
1562 3847 1649 3902 vel
1681 3846 1855 3915 villis,
1876 3864 2003 3919 qum

360 3935 430 3990 ad
464 3951 531 3990 ea
562 3936 874 4006 pertinent,
908 3950 1260 4006 quocunque
1292 3935 1464 3988 modo
1497 3934 1581 3988 vel
1616 3935 1878 4005 qualibet
1908 3951 2003 3990 oc-

360 4024 593 4079 casione
625 4023 909 4090 minuere,
934 4022 1022 4078 vel
1050 4022 1214 4078 dolos
1236 4022 1321 4075 vel
1347 4022 1742 4077 immissiones
1773 4023 2003 4094 aliquas

359 4112 566 4169 facere.
590 4114 699 4169 Sed
738 4114 782 4168 si
814 4130 929 4183 qua
962 4113 1109 4167 forte
1139 4126 1317 4165 causa
1347 4110 1498 4165 inter
1527 4116 1743 4165 terram
1774 4112 2005 4168 venien-

357 4204 475 4256 tem
507 4203 579 4258 ad
613 4207 836 4274 partem
888 4216 1129 4256 suarum
1180 4197 1556 4253 ecclesiarum
1602 4203 1659 4254 et
1706 4204 2001 4255 monaste-

356 4288 577 4346 riorum
610 4290 884 4358 evenerit,
921 4293 978 4344 et
1016 4286 1252 4360 pacitice
1287 4304 1399 4342 non
1434 4287 1691 4358 potuerit
1720 4289 1999 4353 ordinari,

356 4382 512 4456 apud
544 4380 757 4435 electos
783 4378 1021 4433 abbates
1052 4383 1109 4432 et
1128 4376 1272 4432 alios
1296 4376 1492 4431 Patres
1522 4376 1795 4432 timentes
1816 4376 1998 4432 Deum

2122 3152 2241 3207 illic
2276 3151 2522 3223 impleat
2552 3153 2888 3223 episcopus,
2922 3159 2987 3208 ut
3016 3170 3328 3226 gravamen
3372 3154 3609 3228 aliquod
3642 3173 3778 3211 mo-

2119 3241 2442 3296 nasterium
2479 3257 2592 3295 non
2629 3241 2911 3297 incurrat.

2118 3347 2259 3420 CAP.
2292 3346 2375 3401 15.
2411 3377 2476 3387 -
2512 3347 2581 3420 De
2610 3348 2881 3420 oblatisga
2921 3347 3263 3417 parentibus.
3300 3350 3470 3420 Epist.
3500 3353 3661 3420 Greg.
3696 3351 3776 3405 111

2187 3418 2260 3493 ad
2292 3417 2660 3493 Augustinum
2689 3418 2992 3493 Anglorum
3019 3417 3542 3493 pontiﬁcemlepist.
3578 3417 3631 3489 4,
3656 3425 3769 3478 vol.

2192 3492 2277 3556 13,
2312 3506 2430 3561 cap.
2462 3492 2495 3542 7
2525 3489 2597 3543 ad
2628 3491 2904 3559 Boni/ac.)

2187 3579 2297 3649 (20,
2335 3594 2383 3648 ᾳ,
2422 3578 2468 3640 1,
2500 3593 2548 3631 ο.
2583 3576 2900 3649 Addidisti.)
2931 3577 3222 3633 Addidisti
3277 3579 3470 3635 adhuc
3519 3582 3671 3652 quod
3725 3582 3776 3637 si

2116 3672 2281 3737 pater
2310 3665 2392 3720 vel
2431 3672 2615 3720 mater
2646 3665 2833 3721 lilium
2866 3667 3167 3738 filiamque
3201 3668 3354 3724 intra
3377 3675 3542 3741 septa
3574 3686 3779 3727 mona-

2115 3754 2275 3807 sterii
2311 3753 2573 3807 infantiae
2595 3771 2664 3807 an
2679 3755 2767 3808 nis
2793 3756 2903 3809 sub
2933 3755 3184 3826 regulari
3209 3756 3580 3811 tradiderunt
3601 3759 3778 3814 disci-

2116 3842 2294 3912 plina,
2330 3847 2525 3896 utrum
2560 3841 2733 3896 liceat
2765 3843 2850 3897 eis
2885 3848 3196 3914 postquam
3236 3845 3563 3915 pubertatis
3595 3846 3778 3901 inole-

2111 3931 2299 3985 verint
2325 3946 2531 3995 annos,
2566 3931 2783 4002 egredi,
2814 3937 2868 3986 et
2925 3933 3300 3987 matrimonio
3332 3933 3616 4005 copulari.
3653 3934 3776 3990 Hoc

2113 4019 2349 4074 omnino
2379 4019 2740 4087 devitamus;
2776 4019 2915 4090 quia
2953 4022 3114 4075 nefas
3144 4032 3229 4076 est
3262 4027 3324 4076 ut
3357 4022 3569 4077 oblatis
3600 4040 3635 4078 a
3665 4040 3771 4095 pa—

2116 4109 2375 4163 rentibus
2410 4113 2520 4162 Deo
2554 4107 2690 4162 filiis
2723 4108 3042 4179 voluptatis
3076 4111 3239 4165 frena
3273 4112 3557 4167 laxentur.

2111 4216 2241 4271 CAP.
2278 4215 2363 4268 16.
2380 4219 2553 4288 -Αυε
2574 4214 2855 4288 mgnachis
2879 4220 2931 4270 et
2956 4216 3268 4286 virginibus
3292 4221 3631 4288 prapositum
3656 4238 3771 4277 non

2217 4284 2581 4341 servantibus.
2618 4286 2855 4356 Epistola
2899 4284 3126 4359 Syricii,
3157 4284 3342 4359 cap.‘6
3370 4284 3549 4361 (epist.
3587 4294 3658 4361 1).

2183 4374 2466 4429 Praeterea
2489 4374 2912 4429 monachorum
2937 4376 3223 4446 quosdam
3248 4382 3423 4448 atque
3449 4378 3772 4435 monacha-

357 4449 486 4526 sine
508 4466 836 4523 voluntaria
858 4465 1158 4536 dilatione,
1184 4465 1392 4520 mediis
1414 4467 1801 4521 sacrosanctis
1827 4467 2001 4521 Evan-
2036 4449 2079 4512 Β
2112 4479 2240 4517 rum
2276 4463 2500 4532 abjecto
2535 4463 2830 4534 proposito
2864 4464 3197 4520 sanctitatis
3228 4466 3287 4520 in
3319 4471 3544 4522 tantam
3580 4475 3773 4538 prote-

356 4559 525 4631 geliis
569 4555 823 4611 finiatur.
849 4554 1129 4610 Defuncto
1160 4570 1292 4608 vero
1323 4553 1531 4608 abbate
1563 4554 1849 4625 cujusque
1871 4571 2002 4609 con-

348 4646 731 4721 gregationis,
768 4660 879 4699 non
911 4648 1242 4711 extraneos,
1278 4642 1390 4697 nisi
1421 4642 1491 4696 de
1522 4643 1724 4697 eadem
1759 4658 2000 4713 congre-

348 4736 605 4808 gatione,
638 4750 813 4806 quem
846 4732 959 4788 sibi
1006 4734 1241 4803 propria
1272 4730 1573 4786 voluntate
1604 4747 1848 4785 concors
1882 4732 1998 4785 fra-

352 4828 509 4879 trum
542 4822 789 4879 societas
837 4820 1093 4891 elegerit,
1127 4824 1184 4874 et
1228 4819 1327 4890 qui
1376 4817 1596 4873 electus
1642 4818 1836 4885 fuerit,
1872 4820 2000 4876 sine

350 4911 484 4969 dolo
515 4911 603 4967 vel
624 4909 934 4967 venalitate
960 4908 1158 4979 aliqua
1179 4907 1498 4962 ordinetur.
1522 4906 1683 4970 Quod
1718 4907 1765 4961 si
1799 4912 1996 4979 aptam

349 5001 503 5056 inter
532 5016 591 5055 se
623 5015 931 5072 personam
966 4997 1222 5053 invenire
1254 4999 1575 5065 nequeunt,
1608 4994 1853 5052 solerter
1882 4997 1997 5052 sibi

346 5092 419 5146 de
450 5089 582 5145 aliis
619 5086 993 5143 monasteriis
1025 5086 1300 5141 similiter
1328 5083 1547 5154 eligant
1578 5085 1991 5140 ordinandum.

345 5179 546 5250 Neque
576 5177 896 5233 constituto
928 5176 1156 5241 abbate,
1182 5188 1546 5245 quaecunque
1577 5189 1826 5245 persona
1849 5192 1995 5246 qua-

345 5268 490 5325 libet
520 5267 829 5325 occasione
875 5269 1265 5336 praeponatur,
1291 5261 1403 5316 nisi
1453 5261 1598 5317 forte
1630 5264 1995 5319 exstantibus

346 5359 525 5431 (quod
560 5355 769 5427 absit!)
820 5353 1336 5424 criminibus,qu:e
1382 5351 1529 5405 sacri
1580 5368 1835 5407 canones
1887 5371 1993 5423 pu-

347 5447 473 5503 nire
497 5448 922 5503 monstrantur.
945 5441 1167 5500 Pariter
1186 5444 1380 5497 autem
1407 5440 1856 5496 custodiendum
1881 5445 1990 5511 est,

347 5542 411 5593 ut
440 5536 620 5594 invito
667 5537 874 5594 abbate
905 5534 977 5591 ad
1009 5534 1403 5590 ordinandum
1453 5529 1566 5588 alia
1616 5531 1989 5601 monasteria,

2111 4551 2285 4607 staris
2335 4552 2624 4608 dimersos
2657 4568 2788 4607 esse
2828 4551 3151 4620 lasciviam,
3187 4560 3253 4610 ut
3282 4555 3446 4626 prius
3496 4555 3771 4614 clanculo

2109 4640 2268 4695 velut
2290 4640 2401 4695 sub
2426 4639 2919 4695 monasteriorum
2947 4647 3225 4713 praetextu
3263 4643 3469 4698 illicita
3498 4661 3563 4699 ac
3586 4646 3771 4701 sacri-

2111 4731 2236 4800 lega
2266 4746 2327 4784 sc
2358 4729 2699 4799 contagione
2726 4730 3087 4785 miscuerint.
3114 4732 3322 4788 Postea
3348 4750 3478 4788 vero
3504 4732 3563 4787 in
3585 4734 3769 4790 abru-

2108 4822 2274 4890 ptum
2307 4816 2683 4873 conscientiie
2710 4818 3117 4889 desperatione
3150 4822 3409 4891 perducti
3435 4823 3506 4877 de
3537 4821 3768 4880 illicitis

2108 4906 2511 4977 complexibus
2537 4906 2718 4961 libere
2742 4907 2893 4962 filios
2917 4911 3472 4982 procrearint,quod
3495 4916 3553 4967 et
3576 4912 3770 4982 publi-

2107 5014 2185 5051 cae
2206 4996 2361 5065 leges
2383 5000 2439 5051 et
2462 4994 3011 5066 ecclesiasticajura
3036 4999 3453 5056 condemnant.
3480 5004 3594 5057 Has
3626 5018 3766 5072 ergo

2107 5086 2436 5157 impudicas
2462 5081 2956 5155 detestabilesque
2989 5102 3289 5155 personas,
3316 5106 3348 5143 a
3371 5092 3761 5147 monasterio-

2105 5192 2237 5231 rum
2261 5178 2409 5229 coetu
2435 5170 2931 5245 ecclesiarumque
2958 5176 3343 5232 conventibus
3364 5176 3763 5236 eliminandas

2103 5282 2233 5322 esse
2267 5261 2639 5326 mandamus,
2660 5265 2954 5330 quatenus
2987 5271 3229 5319 retrusa:
3260 5264 3317 5319 in
3347 5266 3474 5321 suis
3493 5274 3762 5339 ergastu-

2102 5354 2195 5419 lis,
2214 5355 2434 5406 tmtum
2465 5349 2999 5415 facinus,continua
3018 5351 3435 5410 lamentatione
3450 5356 3757 5429 deﬂentes,

2103 5436 2502 5515 puriﬁcatorio
2523 5437 2746 5508 possint
2768 5441 3150 5512 pmnitudinis
3171 5442 3303 5516 igne
3317 5443 3653 5517 decoqui,ut
3670 5447 3759 5505 eis

2100 5530 2187 5588 vel
2222 5530 2292 5587 ad
2326 5530 2571 5585 mortem
2606 5528 2815 5586 saltem
2847 5529 3030 5588 solius
3062 5531 3472 5591 misericordiae
3505 5534 3755 5608 intuitu,
