3994 6052
178 277 295 331 553

183 399 324 455 CAP.
352 399 441 454 30.
492 428 562 438 -—
614 397 767 466 Quod
812 398 1142 454 monachum

260 469 497 541 prepria
520 471 788 541 professio
833 472 1031 541 faciat.
1066 470 1146 524 Ea:
1190 470 1420 524 concilio
1469 470 1717 523 Toletano
1760 483 1836 534 1v,

623 628 989 700 Monachum.)
1042 628 1395 683 Monachum
1450 632 1551 683 aut
1602 630 1842 699 paterna

186 719 442 788 devotio,
476 722 577 773 aut
608 719 845 789 propria
868 717 1149 789 professio
1176 717 1328 772 facit.
1359 715 1609 787 Quiquid
1629 716 1837 770 horum

186 808 369 865 fuerit
396 806 694 878 alligatum
716 808 817 878 [al.
842 805 1204 876 allegatum],
1222 806 1460 861 tenebit.
1475 804 1724 860 Proinde
1746 803 1839 859 his

181 898 259 952 ad
297 896 593 951 mundum
621 895 948 951 revertendi
982 893 1433 949 intercludimus
1486 895 1735 964 aditum,
1783 898 1840 948 et

182 1002 393 1041 omnes
425 986 495 1041 ad
529 984 810 1040 saeculum
838 984 1247 1039 interdicimus
1279 1000 1602 1057 regressus.

180 1081 322 1139 CAP.
355 1083 445 1136 31.
471 1113 537 1123 -
567 1083 644 1136 De
672 1082 899 1137 clericis
927 1082 1027 1151 qui
1053 1097 1108 1135 se
1135 1081 1353 1150 ﬁngunt
1381 1081 1671 1135 monachos
1699 1095 1833 1150 esse,

360 1156 445 1209 Ex
472 1153 656 1209 eodem
681 1153 913 1208 concilio
952 1153 1208 1223 capital.)
1239 1153 1335 1206 lib.
1372 1155 1413 1219 l,
1444 1167 1495 1207 ε.
1527 1153 1648 1222 77).

253 1243 351 1312 (De
380 1243 726 1312 regular.tit.
757 1242 848 1307 31,
895 1257 944 1297 c.
983 1242 1045 1297 Ut
1074 1242 1307 1311 clerici.)
1372 1240 1444 1295 Ut
1489 1239 1682 1295 clerici
1734 1239 1833 1311 qui

178 1346 243 1385 se
277 1330 512 1401 tingunt
540 1329 744 1385 habitu
770 1334 827 1384 et
857 1329 1096 1384 nomine
1127 1328 1447 1384 monachos
1469 1344 1619 1396 esse,
1639 1333 1695 1383 et
1716 1344 1831 1383 non

173 1424 338 1489 sunt,
370 1417 729 1474 omnimodis
771 1417 1141 1489 corrigantur
1197 1420 1375 1489 atque
1421 1416 1832 1487 emendentur,

176 1514 243 1563 ut
272 1509 359 1563 vel
395 1507 514 1562 veri
546 1505 820 1562 monachi
854 1505 993 1575 sint,
1026 1505 1113 1561 vel
1144 1505 1261 1560 veri
1294 1504 1581 1561 canonici.

178 1610 312 1665 CAP.
345 1605 434 1659 32.
466 1634 535 1644 —
567 1606 628 1660 Ut
656 1604 920 1659 monacho
942 1605 1064 1659 sine
1106 1620 1372 1659 consensu
1393 1605 1484 1657 sui
1507 1604 1719 1658 abbatis
1740 1619 1830 1659 vo-

253 1683 373 1733 tum
404 1691 594 1731 vovere
623 1691 728 1731 non
757 1676 939 1730 liceat.
980 1677 1064 1729 Ea:
1097 1677 1265 1731 dirus
1297 1676 1518 1731 Basilii.

248 1768 365 1835 (20,
396 1782 449 1835 q.
482 1766 534 1832 4,
560 1781 610 1820 c.
642 1763 953 1832 Monacho.)
979 1764 1263 1820 Monaeho
1297 1781 1412 1819 non
1445 1763 1582 1819 licet
1625 1767 1827 1819 votum
1859 1762 1905 1827 Β

171 1870 385 1911 vovere
413 1853 542 1909 sine
570 1869 864 1908 consensu
896 1853 1130 1909 abbatis
1162 1854 1278 1909 sui.
1315 1854 1378 1909 Si
1407 1857 1605 1908 autem
1653 1869 1824 1909 vove-

174 1941 274 2006 rit,
308 1940 697 2013 frangendum
729 1939 858 1994 erit.

173 2030 311 2085 CAP.
344 2029 433 2083 33.
457 2059 526 2069 —
558 2029 629 2084 De
656 2028 964 2099 virginibus
996 2043 1120 2099 qua
1150 2032 1279 2083 ante
1306 2044 1479 2084 annos
1514 2030 1579 2082 l2
1640 2030 1826 2085 insciis

244 2100 639 2155 mundiburnis
672 2100 1100 2171 [mundiburdis]
1128 2101 1242 2154 suis
1270 2102 1523 2155 velamen
1569 2099 1677 2155 sibi
1716 2102 1820 2156 im-

240 2171 547 2243 posuerint.
578 2173 663 2226 Ea:
690 2171 926 2227 concilio
957 2173 1318 2240 Triburiensi,
1356 2189 1479 2242 cap.
1511 2173 1601 2225 24.

242 2260 511 2331 Virgines
542 2277 667 2331 quae
700 2264 835 2315 ante
866 2261 932 2315 1;!
955 2276 1140 2315 annos
1171 2260 1373 2315 insciis
1409 2258 1819 2316 mundiburnis

169 2349 482 2423 [patronis,
512 2350 672 2420 orig]
710 2349 832 2404 suis
879 2366 1114 2404 sacrum
1167 2349 1430 2404 velamen
1478 2348 1654 2420 capiti
1708 2364 1815 2404 suo

168 2438 582 2510 imposuerint,
608 2442 665 2493 et
687 2437 773 2492 illi
799 2438 1183 2493 mundiburni
1208 2454 1429 2492 annum
1454 2436 1677 2493 etdiem
1706 2438 1815 2491 hoc

165 2526 415 2581 tacendo
447 2526 872 2592 consenserint,
905 2525 965 2581 in
997 2542 1104 2581 suo
1131 2530 1334 2582 sancto
1363 2524 1654 2597 proposito
1680 2541 1811 2597 per-

168 2618 468 2670 maneant.
495 2615 565 2668 Et
595 2614 644 2668 si
678 2613 736 2669 in
773 2614 1046 2685 praedicto
1079 2631 1230 2670 anno
1259 2620 1317 2670 et
1346 2616 1438 2670 die
1467 2631 1570 2686 pro
1602 2613 1718 2669 illis
1748 2629 1810 2670 se

166 2702 676 2774 proclamaverint,
708 2703 970 2774 petitioni
1005 2720 1205 2759 eorum
1240 2720 1519 2759 assensus
1549 2703 1810 2774 prebea-

160 2799 276 2855 tur,
309 2791 423 2847 nisi
458 2793 604 2848 forte
641 2791 741 2848 Dei
772 2792 985 2848 timore
1013 2796 1180 2847 tacta:
1217 2792 1420 2865 [tacti],
1446 2808 1580 2847 cum
1603 2808 1806 2847 eorum

160 2879 398 2937 licentia
422 2880 483 2935 in
515 2879 822 2952 religionis
854 2880 1060 2936 habitu
1095 2885 1485 2952 perseverent.

160 2969 289 3023 Car.
313 2969 411 3040 34.
436 2998 508 3008 -—
541 2969 606 3025 Ut
633 2967 876 3023 clericus
904 2972 964 3024 in
988 2985 1096 3040 qua
1125 2971 1354 3025 ecclesia
1393 2969 1560 3024 semel
1590 2969 1801 3037 legerit,

231 3038 483 3110 deinceps
511 3049 754 3096 maneat.
786 3042 871 3095 Ea:
898 3038 1135 3097 concilio
1166 3043 1445 3111 Africano,
1478 3057 1595 3111 cap.
1628 3042 1716 3095 57.

1117 277 1423 330 DECRETI
1462 277 1647 329 PARS
1684 272 1804 327 VII.
1841 301 1905 310 —
1939 273 2036 324 DE
2071 272 2461 340 MONACHIS,
2502 273 2655 327 ETC.

1191 402 1423 469 ραιθνηα
1469 396 1703 462 deuotio,
1752 394 1838 449 vel
1870 393 1921 460 Α
1950 396 2079 447 CAP.
2116 394 2203 449 37.
2237 424 2307 434 —-
2332 394 2492 469 Quod
2522 410 2631 469 non
2660 394 2798 449 obsit
2824 397 3071 469 episcopo
3103 398 3156 452 si
3209 413 3312 469 pro
3367 405 3606 459 necessi-
3682 418 3691 439 ι

3492 264 3663 335 554³

2021 468 2128 519 tate
2155 469 2284 519 ante
2324 466 2395 518 25
2425 468 2610 520 aetatis
2639 483 2852 521 annum
2882 466 3157 537 virginem
3209 466 3495 529 celaverit.
3525 475 3609 530 Ea:

2021 537 2253 590 concilio
2288 537 2624 615 .‘llilevitano,
2658 554 2778 609 cap.
2811 539 2882 591 26
2917 538 3107 609 (Carth
3140 557 3231 607 ιιι,
3261 557 3307 596 c.
3351 544 3404 609 4,
3452 546 3607 615 Afri-

2023 623 2245 673 canum,
2275 624 2323 663 c.
2347 608 2458 678 93).

2021 698 2164 750 Item
2198 695 2421 767 placuit
2453 700 2517 751 ut
2546 698 2887 769 quicunque
2915 698 3327 770 episcoporum
3352 703 3603 760 necessi-

1951 788 2065 839 tate
2079 801 2149 855 pe
2164 783 2478 840 riclitantis
2498 784 2793 856 pudicitia:
2819 785 3146 858 virginalis,
3182 805 3317 845 cum
3336 790 3426 846 vel
3452 792 3599 864 peti-

1947 876 2038 927 tor
2056 879 2287 945 potens,
2303 875 2390 929 vel
2405 882 2606 946 raptor
2627 874 2843 947 aliquis
2857 877 3232 945 formidatur,
3248 879 3331 934 vel
3352 880 3401 936 si
3420 881 3597 939 etiam

1948 962 2266 1033 aliquando
2326 962 2532 1020 mortis
2564 963 2891 1036 periculoso
2925 967 3202 1037 scrupulo
3245 975 3598 1041 compuncta

1946 1050 2145 1121 fuerit,
2177 1069 2248 1107 ne
2280 1069 2395 1108 non
2426 1053 2613 1108 velata
2644 1056 2954 1122 moriatur,
2971 1066 3071 1110 aut
3100 1055 3471 1129 exigentibus
3493 1076 3596 1131 pa-

1944 1140 2233 1209 rentibus,
2266 1146 2368 1196 aut
2398 1141 2492 1197 his
2524 1142 2593 1197 ad
2624 1158 2875 1213 quorum
2912 1160 3112 1198 curam
3149 1145 3421 1216 pertinet,
3442 1148 3595 1206 vela-

1942 1227 2089 1282 verit
2113 1228 2425 1301 virginem,
2458 1246 2559 1285 esu
2592 1229 2806 1287 velavit
2838 1232 2994 1286 intra
3022 1233 3094 1285 25
3140 1249 3330 1289 annos
3382 1236 3598 1307 aetatis,

1944 1332 2059 1371 non
2093 1316 2144 1370 ei
2178 1318 2334 1372 obsit
2362 1317 2698 1386 concilium,
2732 1320 2887 1391 quod
2923 1320 2994 1375 de
3032 1321 3147 1376 isto
3193 1338 3438 1380 numero
3488 1342 3592 1382 an-

1944 1420 2147 1459 norum
2182 1406 2569 1461 constitutum
2602 1412 2710 1462 est.

1943 1491 2070 1547 ΟΑΡ,
2110 1493 2197 1546 38.
2219 1524 2300 1571 _--
2345 1495 2423 1571 _De
2449 1495 2943 1571 moniglibusquae
2985 1497 3137 1552 alias
3166 1499 3349 1554 velare
3370 1492 3590 1571 praesu-

2011 1571 2187 1643 muni.
2214 1569 2297 1620 Ea:
2323 1564 2555 1643 decretis
2605 1564 2942 1638 Eutychiani
2990 1583 3176 1641 papae,
3228 1587 3347 1643 cap.
3370 1564 3385 1571 ’
3408 1574 3474 1627 13
3502 1576 3589 1643 (in

2006 1637 2189 1706 fragm
2224 1677 2236 1701 ,
2268 1653 2388 1707 cap.
2420 1638 2500 1708 2.)

2010 1722 2405 1780 Nihilominus
2436 1726 2611 1781 etiam
2645 1727 2701 1781 in
2737 1728 3090 1798 quibusdam
3124 1728 3270 1785 locis
3305 1730 3583 1788 inolitum

1932 1811 2263 1869 invenimus
2296 1832 2471 1871 usum
2505 1815 2779 1872 stultitiae
2804 1817 3069 1888 plenum,
3093 1822 3149 1875 et
3172 1819 3584 1878 ecclesiastica:

1933 1902 2268 1959 auctoritati
2298 1904 2683 1976 contrarium,
2721 1921 2789 1961 eo
2822 1907 2977 1978 quod
2997 1906 3269 1963 videlicet
3289 1910 3584 1967 nonnullas

1933 1990 2262 2053 abbatissae.
2295 1998 2352 2047 et
2384 1992 2592 2064 aliquae
2625 2010 2694 2049 ex
2725 1994 3260 2052 sanctimolialibus
3283 1998 3501 2069 viduis,
3524 2003 3586 2056 et

1930 2079 2143 2150 puellis
2177 2080 2499 2153 virginibus
2532 2087 2735 2138 contra
2765 2083 2850 2139 fas
2882 2083 3073 2140 velum
3107 2085 3409 2157 imponere
3442 2105 3585 2158 praa-

1932 2172 2194 2236 sumant,
2217 2170 2424 2225 etidco
2455 2170 2749 2227 nonnulla:
2782 2171 3001 2244 injuste
3034 2172 3235 2230 velata:
3266 2179 3480 2247 putant
3507 2193 3571 2234 se

1926 2254 2170 2313 liberius
2202 2260 2328 2314 suis
2359 2259 2695 2316 carnalibus
2727 2261 3039 2317 desideriis
3068 2279 3239 2333 posse
3295 2264 3576 2323 inservire

1925 2349 1981 2400 et
2009 2363 2148 2401 suas
2180 2347 2510 2404 voluntates
2542 2348 2790 2421 explere.
2828 2351 2942 2419 (20,
2974 2368 3026 2420 q.
3061 2351 3117 2418 2,
3136 2368 3184 2407 c.
3213 2351 3571 2426 Stalaimus.)

1924 2435 2287 2507 Quapropter
2306 2437 2629 2492 statuimus
2662 2438 2801 2502 ιιι,Βί
2836 2437 3137 2494 abbatissa
3164 2444 3265 2495 aut
3293 2440 3571 2512 quaslibet

1924 2523 2387 2579 sanctimonialis
2416 2529 2549 2595 post
2580 2525 2730 2580 hanc
2761 2526 3176 2581 difﬁnitionem
3227 2528 3287 2582 in
3336 2529 3562 2585 tantam

1921 2611 2229 2666 audaciam
2264 2613 2616 2685 proruperit,
2650 2619 2715 2667 ut
2746 2620 2847 2668 aut
2877 2613 3114 2669 viduam
3156 2623 3255 2670 aut
3301 2616 3559 2688 puellam

1919 2699 2198 2769 virginem
2223 2700 2412 2757 velare
2427 2702 2889 2773 praesumpserit,
2904 2702 3131 2772 judicio
3150 2704 3429 2761 canonico
3447 2721 3551 2763 us-

1918 2804 2031 2858 que
2062 2789 2132 2842 ad
2158 2789 2618 2846 satisfactionem
2650 2790 2958 2846 subdatur.

1915 2879 2046 2931 CAP.
2081 2876 2169 2932 39.
2224 2878 2296 2933 De
2332 2878 2661 2947 virginibus,
2698 2895 2804 2950 qua
2854 2883 3021 2936 atate
3068 2880 3244 2935 velari
3297 2880 3547 2938 debeant.

2410 2951 2492 3004 Ea:
2521 2950 2750 3005 decretis
2781 2952 2875 3005 Pii
2898 2965 3062 3022 papae

1985 3038 2101 3106 (20,
2126 3054 2178 3107 q.
2213 3039 2262 3106 1,
2290 3055 2336 3092 c.
2375 3039 2660 3109 Virgines.)
2708 3039 2780 3094 Ut
2826 3038 3081 3111 virgines
3131 3055 3247 3095 non
3296 3039 3565 3097 velentur

229 3126 372 3182 Item
404 3127 622 3199 placuit
652 3132 718 3183 ut
749 3130 1087 3199 quicunque
1122 3130 1182 3184 in
1215 3128 1461 3185 ecclesia
1486 3129 1575 3184 vel
1621 3128 1802 3185 semel
1837 3124 1879 3190 C
1918 3128 2051 3179 ante
2077 3126 2149 3178 25
2170 3142 2353 3181 annos
2389 3125 2594 3192 astatis;
2632 3126 2745 3182 nisi
2770 3128 2913 3183 forte
2946 3130 3292 3184 necessitate
3324 3128 3556 3201 pericli-

155 3214 385 3287 legerit,
411 3216 484 3271 ab
505 3215 622 3271 alia
641 3215 890 3273 ecclesia
911 3218 981 3272 ad
1007 3216 1347 3273 clericatum
1373 3234 1488 3273 non
1512 3221 1801 3274 teneatur.

160 3314 289 3388 CAP.
324 3313 417 3369 35.
448 3343 530 3388 τ
549 3315 623 3368 De
649 3314 787 3388 viris
810 3330 876 3388 ac
913 3317 1136 3388 feminis
1194 3332 1408 3388 sacrum
1466 3318 1806 3388 propositum

192 3384 770 3457 transgaedientibus.
804 3387 887 3440 Ex
914 3387 1150 3443 concilio
1180 3386 1439 3443 Toletano
1462 3384 1541 3453 v1,
1566 3384 1693 3459 cap.
1711 3391 1767 3443 7.

223 3473 338 3544 (20,
371 3490 425 3544 q,
458 3473 513 3540 3,
544 3490 592 3528 c.
627 3475 940 3546 Proclivis.)
972 3475 1247 3531 Proclivis
1271 3492 1480 3531 cursus
1506 3481 1591 3531 est
1611 3477 1683 3530 ad
1705 3492 1803 3531 vo-

151 3562 471 3633 luptatem,
494 3567 552 3618 et
571 3563 854 3619 imitatrix
877 3568 1089 3620 natura
1110 3565 1803 3628 vitiorum.Quamobrem

161 3650 439 3723 quisquis
470 3651 724 3706 virorum
756 3653 845 3707 vel
880 3653 1192 3708 mulierum
1223 3653 1489 3708 habitum
1516 3653 1693 3708 semel
1716 3653 1802 3707 in-

158 3739 399 3795 duerint
429 3743 749 3812 spontanee
780 3740 1144 3813 religiosum,
1202 3746 1304 3797 aut
1351 3742 1399 3797 si
1440 3743 1527 3796 vir
1570 3742 1803 3797 deditus

157 3828 417 3883 ecclesiae
449 3828 648 3897 choro,
679 3829 767 3884 vel
800 3830 1019 3886 femina
1048 3830 1225 3887 fuerit
1255 3834 1357 3887 aut
1389 3829 1496 3885 fuit
1540 3830 1805 3901 delegata

158 3917 487 3988 puellarum
502 3918 883 3986 monasterio,
901 3920 960 3975 in
977 3923 1226 3991 utroque
1248 3936 1388 3983 sexu
1402 3920 1806 3990 pravaricator

158 4007 225 4060 ad
254 4006 621 4077 propositum
644 4005 864 4063 invitus
885 4009 1094 4063 reverti
1120 4014 1383 4081 cogatur,
1407 4014 1474 4063 ut
1494 4009 1580 4063 vir
1599 4009 1802 4066 deton-

159 4094 386 4160 deatur,
407 4100 465 4150 et
485 4094 681 4165 puella
701 4096 1110 4153 monasterium
1136 4098 1502 4170 ingrediatur
1522 4098 1618 4169 [ad
1644 4113 1800 4154 mon.

159 4183 543 4254 regrediatur,
576 4184 763 4255 orig.].
787 4184 842 4239 Si
868 4189 1063 4240 autem
1078 4186 1340 4257 quolibet
1360 4187 1684 4258 patrocinio
1703 4187 1803 4242 de-

157 4275 410 4327 sertores
432 4288 776 4343 permanere
796 4272 1110 4343 noluerint,
1132 4274 1474 4331 sacerdotali
1512 4274 1805 4330 sententia

155 4361 238 4416 ita
268 4378 302 4416 a
351 4361 800 4418 Chrstianorum
851 4368 1003 4420 coetu
1053 4365 1384 4421 habeantur
1430 4370 1711 4432 extorres,
1735 4369 1803 4421 ut

160 4464 265 4505 nec
293 4450 461 4506 locus
491 4451 577 4506 eis
609 4451 767 4507 ullus
816 4452 893 4508 sit
942 4454 1272 4510 communis
1314 4455 1796 4526 [communionis,
1829 4488 1876 4552 Β

158 4540 558 4611 orig.],viduas
589 4557 823 4614 quoque
847 4541 1193 4600 universalis
1215 4545 1565 4615 jamdudum
1588 4545 1799 4601 statuit

156 4631 416 4700 synodus
448 4630 829 4700 professionis
852 4631 939 4688 vel
972 4633 1210 4689 habitus
1239 4635 1331 4689 sui
1362 4634 1798 4700 desertrices,ut

157 4717 445 4789 superiori
475 4719 764 4775 sententia
794 4720 1281 4777 condemnentur.

155 4805 287 4883 ΟΑξ».
320 4806 511 4883 36ηέ
543 4808 656 4883 Quo
685 4815 926 4883 tempore
952 4810 1202 4865 velamen
1257 4813 1427 4883 sacris
1478 4811 1797 4883 virginibus

223 4876 678 4954 imponiaebeal.
710 4876 1031 4954 limdecreto
1064 4882 1266 4937 Gelasii
1322 4899 1501 4954 papae,
1552 4876 1673 4953 cap.
1730 4885 1797 4937 12

223 4950 363 5019 (cap.
402 4950 465 5003 14
495 4966 558 5019 ep
611 4950 646 5003 9
675 4950 745 5005 ad
774 4954 937 5020 episc.
968 4968 1068 5022 per
1093 4955 1327 5021 Lucan.)

222 5036 335 5106 (20,
370 5054 421 5107 q.
463 5042 509 5105 1,
532 5056 579 5093 c.
614 5039 829 5094 Devotis
861 5041 967 5094 Deo
996 5043 1285 5113 virginib.)
1311 5042 1540 5097 Devotis
1566 5058 1795 5113 quoque

156 5128 268 5180 Deo
296 5126 626 5197 virginibus
660 5126 768 5182 nisi
800 5132 903 5183 aut
931 5128 989 5184 in
1024 5130 1368 5202 Epiphania,
1400 5136 1502 5186 aut
1532 5130 1589 5185 in
1633 5130 1796 5186 Albis

156 5212 556 5284 paschalibus,
589 5220 692 5270 aut
723 5216 781 5270 in
814 5217 1211 5288 apostolorum
1244 5219 1526 5276 natalitiis
1560 5236 1796 5275 sacrum

155 5301 399 5357 minime
431 5301 693 5359 velamen
728 5305 1065 5377 imponatur
1093 5308 1173 5376 (et
1199 5324 1314 5363 non
1346 5314 1478 5365 ante
1507 5310 1580 5363 25
1611 5326 1796 5364 annos

156 5390 265 5446 nisi
294 5390 443 5446 forte
474 5391 628 5447 sicut
666 5393 1018 5465 baptismate
1049 5396 1269 5453 dictum
1302 5403 1413 5468 est)
1458 5400 1615 5473 gravi
1670 5400 1795 5455 lan-

154 5495 290 5551 gore
310 5479 601 5550 correptis
622 5497 693 5537 ne
715 5481 840 5537 sine
862 5483 971 5539 hoc
992 5500 1233 5541 munere
1256 5487 1325 5541 de
1341 5488 1550 5544 saeculo
1566 5491 1793 5559 exeant,

152 5567 612 5640 implorantibus
635 5586 751 5627 non
786 5576 1094 5643 negentur.

474 5696 735 5761 PATROL.
782 5699 979 5763 CLXI.

1913 3212 2095 3267 tantis
2111 3213 2414 3285 virginalis
2438 3208 2827 3286 pudicitiéeEt
2849 3232 2964 3271 non
2988 3220 3130 3271 sunt
3150 3219 3560 3274 consecranda

1914 3302 2028 3356 alio
2058 3306 2338 3373 tempore,
2379 3302 2489 3358 nisi
2524 3303 2583 3358 in
2614 3303 2944 3376 Epiphania
2983 3309 3042 3360 et
3089 3304 3252 3361 Albis
3306 3306 3560 3377 pascha-

1913 3387 2091 3456 libus,
2125 3395 2181 3444 et
2211 3390 2269 3444 in
2302 3390 2701 3461 apostolorum
2725 3380 3030 3461 natalitiis,
3073 3393 3187 3448 nisi
3210 3409 3389 3450 causa
3411 3410 3561 3451 mor-

1913 3477 1989 3533 tis
2022 3483 2285 3548 urgente.

1913 3569 2045 3620 CAP.
2082 3567 2168 3620 40.
2200 3598 2269 3606 -
2295 3568 2464 3691 good
2502 3568 2882 3638 desponsatam
2927 3571 3177 3641 puellam
3226 3589 3339 3628 non
3390 3573 3556 3629 liceat

1981 3637 2091 3691 alio
2130 3639 2249 3691 viro
2331 3654 2462 3691 are:
2487 3638 2654 3691 licere
2683 3648 2889 3691 autem.
2930 3643 2982 3691 si
3024 3643 3262 3691 voluerit
3285 3650 3554 3691 monaste-

1981 3638 2091 3691 alio
2130 3639 2249 3692 viro
2295 3638 2428 3693 dare
2443 3655 2462 3699 ;
2487 3638 2654 3694 licere
2683 3648 2889 3706 autem,
2928 3638 2982 3695 si
3024 3643 3262 3699 voluerit
3285 3650 3554 3701 monaste-

1982 3707 2137 3833 riuim
2168 3708 2503 3780 ingredi.E.:c
2531 3709 2760 3766 decretis
2778 3712 3004 3767 Eusebii
3030 3728 3197 3782 papw
3218 3715 3301 3785 (in
3328 3718 3555 3787 fragm,

1983 3795 2031 3834 c.
2103 3821 2115 3834 .

1983 3866 2093 3934 (27,
2127 3883 2177 3938 q.
2210 3868 2265 3936 2,
2296 3885 2344 3925 c.
2377 3869 2815 3941 Desponsatam.)
2847 3877 3273 3943 Desponsatam
3296 3875 3556 3946 puellam

1913 3972 2027 4011 non
2060 3954 2193 4010 licet
2226 3957 2568 4028 parentibus
2599 3960 2736 4015 dare
2765 3960 2878 4015 alio
2903 3961 3025 4018 viro
3058 3981 3072 4031 ;
3106 3966 3304 4018 tamen
3350 3980 3555 4019 mona-

1912 4043 2156 4100 sterium
2190 4043 2325 4100 licet
2351 4046 2583 4119 eligere,
2617 4048 2665 4104 si
2698 4049 2962 4104 voluerit.

1911 4142 2045 4197 CAP.
2081 4143 2167 4198 41.
2195 4174 2268 4216 Α-
2302 4145 2362 4200 Ut
2389 4146 2578 4199 nullas
2604 4147 2919 4216 incognitus
2947 4149 3053 4202 cito
3073 4149 3134 4201 in
3155 4150 3560 4204 monasterium

1982 4214 2378 4290 monac/torum
2410 4214 2764 4290 _recipialur.
2825 4219 2907 4271 Ea:
2960 4219 3192 4274 concilio
3276 4219 3555 4290 Toletano,

1981 4301 2078 4360 cap
2108 4291 2143 4343 5
2172 4287 2537 4357 (Capitular.,
2572 4287 2668 4341 lib.
2694 4305 2746 4351 v,
2781 4304 2828 4342 ο.
2857 4290 3008 4359 227).

1981 4377 2093 4447 (17,
2130 4392 2177 4446 q.
2202 4378 2256 4439 2,
2289 4391 2335 4429 c.
2371 4373 2432 4429 Si
2487 4376 2610 4444 quis
2658 4376 3019 4446 incognitus.)
3052 4377 3112 4432 Si
3136 4378 3270 4449 quis
3292 4377 3558 4451 incogni-

1911 4468 2009 4518 tus
2037 4462 2456 4520 monasterium
2493 4462 2721 4533 ingredi
2754 4462 3025 4531 voluerit,
3058 4470 3192 4522 ante
3231 4466 3557 4524 triennium

1909 4552 2177 4609 monachi
2213 4550 2451 4605 habitus
2478 4551 2526 4605 ei
2558 4567 2671 4605 non
2705 4556 3031 4623 praestetur.
3070 4558 3134 4609 Et
3164 4555 3211 4609 si
3256 4554 3415 4612 intra
3431 4562 3553 4614 tres

1908 4658 2092 4697 annos
2115 4643 2216 4695 aut
2236 4655 2459 4705 servus,
2486 4643 2587 4693 aut
2606 4638 2979 4706 libertus,vel
3001 4641 3243 4699 colonus
3261 4649 3556 4714 quaeratur

1906 4746 1939 4783 a
1970 4729 2210 4784 domino
2242 4745 2371 4795 suo,
2406 4728 2682 4783 reddatur
2711 4729 2761 4784 ei
2795 4745 2921 4784 cum
2962 4731 3238 4789 omnibus
3285 4751 3409 4805 quas
3460 4739 3551 4791 at-

1905 4818 2061 4885 tulit,
2096 4818 2209 4873 fide
2238 4822 2434 4872 tamen
2470 4822 2704 4888 accepta
2736 4819 2806 4873 de
2839 4820 3209 4892 impunitate.
3243 4823 3300 4878 Si
3349 4827 3549 4880 autem

1906 4908 2062 4962 intra
2093 4906 2411 4961 triennium
2441 4922 2552 4960 non
2574 4906 2749 4962 fuerit
2770 4908 3111 4979 requisitas,
3144 4915 3345 4982 postea
3368 4912 3550 4984 quaeri

1907 5012 2022 5049 non
2059 4999 2249 5065 potest
2277 4994 2388 5048 nisi
2422 4993 2499 5048 sit
2531 4999 2647 5048 tam
2698 4994 2867 5066 longe
2915 4997 3070 5067 quod
3124 4999 3371 5054 inveniri
3428 5017 3545 5057 non

1907 5083 2126 5156 possit;
2163 5083 2263 5138 sed
2296 5087 2525 5137 tantum
2561 5100 2628 5137 ea
2659 5099 2789 5153 quas
2822 5083 2881 5139 in
2912 5087 3263 5144 monasterio
3308 5088 3552 5144 adduxit

1907 5172 2187 5228 dominus
2218 5174 2366 5226 servi
2401 5171 2663 5242 recipiat.

1908 5261 2053 5335 CAP._
2076 5260 2162 5313 42.
2197 5259 2367 5335 —_De
2396 5261 2706 5335 virginibus
2753 5264 2923 5316 sacris
2972 5277 3096 5335 quae
3152 5268 3374 5335 propter
3420 5264 3552 5320 stri-

1977 5332 2202 5386 ctiorem
2232 5331 2407 5385 vitam
2436 5331 2507 5385 ad
2538 5331 2694 5386 aliud
2722 5331 3117 5388 monasterium
3144 5331 3389 5390 transire
3443 5336 3554 5390 dis-
3606 5358 3611 5361 -

1978 5409 2300 5469 posuerunt.
2337 5402 2418 5457 Ere
2444 5418 2593 5457 conc.
2632 5404 2994 5471 Triburicnsi,
3028 5420 3147 5475 cap.
3179 5406 3270 5460 26.

1979 5491 2092 5561 (12,
2150 5507 2202 5562 q.
2254 5490 2308 5559 4,
2360 5507 2407 5545 c.
2463 5492 2752 5563 Virgines.)
2804 5492 3069 5565 Virgines
3118 5509 3318 5557 sacras,
3351 5493 3401 5549 si
3450 5511 3553 5567 pro

1914 5577 2079 5635 lucro
2112 5579 2325 5634 anima
2368 5595 2485 5633 suae
2530 5583 2764 5652 propter
2800 5579 3215 5636 districtiorem
3256 5581 3435 5639 vitam
3483 5585 3555 5641 ad

3160 5711 3237 5771 18
