3972 6056
414 292 522 347 555

1502 293 1568 342 D.
1612 290 1851 344 IVONIS
1887 286 2383 341 CARNOTENSIS
2418 285 2738 340 EPISOOPI

3720 279 3841 338 556

414 416 576 474 aliud
610 417 1029 475 monasterium
1062 417 1146 472 ire
1177 413 1578 488 disposuerint
1600 413 1801 485 ibique
1822 426 2059 467 manere
2088 414 2138 481 Α
2173 409 2375 482 ptialia
2395 411 2532 482 jura
2562 408 2924 464 contrahere.
2953 407 3114 471 Quod
3140 405 3190 462 si
3221 406 3332 462 hoc
3364 405 3582 462 inventi
3607 406 3840 464 iuerint

411 507 796 570 decreverint.
833 508 1091 580 synodus
1124 504 1434 572 concedit;
1480 504 1529 560 si
1586 520 1716 560 vero
1775 504 1912 574 fuga
1971 501 2060 555 di-

409 595 670 668 sciplinas
703 596 884 653 alium
917 595 1112 652 locum
1143 593 1505 665 quaesierint,
1531 593 1721 649 redire
1755 594 2059 664 cogantur.

411 703 544 760 CAP.
577 704 665 758 43.
700 734 769 744 -—-
798 705 910 772 Quo
955 704 1153 757 vestitu
1197 703 1437 771 virgines
1481 701 1550 754 ad
1600 700 2062 772 consecrationem

445 777 635 830 venire
654 770 902 830 debeant.
931 775 1012 829 Ex
1039 789 1186 830 conc.
1215 770 1644 843 Carthaginensi
1681 789 1757 838 ιν,
1783 787 1900 841 cap.
1936 770 2021 823 11.

477 883 634 950 (Dist.
668 881 758 947 23,
784 895 830 935 c.
856 878 1366 948 Sanctimonialis.)
1391 875 1868 932 Sanctimonialis
1899 874 2059 946 virgo

405 987 540 1026 cum
573 970 644 1024 ad
678 968 1180 1025 consecrationem
1221 967 1494 1038 episcopo
1539 983 1648 1022 suo
1705 966 1967 1030 offertur,
1999 965 2057 1018 in

407 1059 627 1115 talibus
657 1059 920 1114 vestibus
953 1056 1300 1129 applicetur,
1324 1055 1600 1127 qualibus
1625 1070 1858 1125 semper
1878 1069 2059 1108 usura

409 1151 498 1202 est
532 1145 881 1218 professioni
913 1150 970 1201 et
1001 1144 1411 1201 sanctimonia:
1445 1141 1620 1212 aptis.

410 1256 543 1311 CAP.
605 1254 692 1309 44.
757 1254 818 1309 Ut
868 1261 1069 1324 praeter
1119 1252 1413 1324 scientiam
1477 1249 1691 1324 domini
1753 1249 2058 1324 suiservus

477 1341 590 1380 non
613 1319 918 1451 3efficiatur
961 1322 1276 1378 monachus.
1343 1324 1423 1376 Ea:
1450 1321 1680 1376 concilio
1727 1319 2056 1389 Arelatensi,

481 1413 580 1451 cap
658 1439 670 1451 .

481 1413 580 1468 cap
613 1413 670 1451 ό.

485 1483 713 1540 Placuit
734 1482 792 1538 in
820 1481 1178 1537 monasterio
1197 1497 1312 1536 non
1331 1496 1460 1535 esse
1481 1477 1923 1549 suscipiendum
1942 1495 2059 1533 ser-

410 1589 546 1630 vum
561 1574 630 1628 ad
652 1571 1007 1628 monachum
1033 1569 1390 1632 faciendum,
1440 1571 1649 1639 praeter
1674 1567 1897 1621 domini
1923 1583 2056 1636 pro-

411 1663 520 1734 prii
549 1661 932 1716 voluntatem.
959 1657 1064 1724 Qui
1087 1674 1219 1713 vero
1237 1657 1347 1711 hoc
1370 1655 1755 1711 constitutum
1793 1661 2056 1710 nostrum

411 1749 743 1816 excesserit,
769 1763 904 1802 eum
933 1765 966 1802 a
995 1745 1412 1801 communione
1451 1743 1735 1814 suspendi
1795 1743 2056 1798 decrevi-
2087 1782 2135 1848 B
2235 1743 2496 1836 ξιξῖξρίζές
2530 1743 2992 1836 ὶῆεάίήέίέξέξ)

415 1855 568 1906 mus,
603 1854 673 1892 ne
703 1852 913 1891 nomen
946 1833 1176 1890 Domini
1204 1832 1664 1903 blasphematur.

2173 503 2598 571 perpetrantes,
2636 498 3238 554 excommunicentur.
3271 495 3699 552 Confitentibus
3725 514 3837 552 au-

2170 593 2288 645 tem
2321 588 2706 653 decrevimus,
2742 591 2805 643 ut
2835 586 3051 644 habeat
3097 585 3505 643 auctoritatem
3552 586 3832 657 ejusdem

2171 677 2281 734 loci
2301 677 2633 749 episcopus,
2652 676 3117 733 misericordiam
3141 674 3691 748 humanitatemque
3711 675 3833 732 lar-

2169 766 2301 838 giri.

2169 855 2302 910 CAP.
2335 857 2423 910 50.
2456 886 2524 895 —-
2558 857 2620 912 Ut
2649 855 2770 909 sine
2813 869 2906 924 spe
2956 855 3200 925 conjugii
3231 861 3519 925 maneant,
3554 857 3651 925 qui
3686 871 3826 909 san-

2239 927 2580 998 ctimoniates
2611 928 2670 980 in
2699 924 3118 998 matrimonium
3144 926 3424 981 duxerint.
3453 924 3536 980 Ea:
3567 924 3828 998 cpistola

2242 997 2521 1053 Paschalis
2544 1011 2724 1068 papae,
2758 1013 2878 1068 cap.
2915 997 3005 1052 tl.

2238 1087 2350 1156 (27,
2380 1103 2434 1157 q,
2471 1087 2520 1153 1,
2552 1101 2598 1141 c.
2629 1087 2697 1140 Hi
2723 1085 2896 1155 ergo.)
2928 1084 2994 1139 Hi
3027 1085 3126 1156 qui
3179 1083 3430 1141 scientes
3489 1085 3825 1141 sanctimo-

2167 1176 2424 1232 nialibus
2457 1176 2692 1232 feminis
2724 1178 2784 1232 in
2819 1175 3176 1232 matrinonio
3217 1180 3360 1232 sunt
3409 1177 3480 1232 ad
3531 1178 3818 1248 injuriam

2165 1265 2377 1321 Christi
2410 1265 2685 1337 copulati,
2715 1266 2884 1336 juxta
2914 1281 3223 1321 censuram
3257 1265 3577 1322 Christiani
3599 1267 3707 1323 zeli
3728 1283 3824 1324 se-

2166 1360 2466 1426 parentur,
2485 1358 2541 1410 et
2557 1369 2860 1426 nunquam
2883 1353 2968 1411 eis
2987 1355 3342 1411 concedatur
3355 1354 3547 1428 jugali
3576 1355 3822 1412 vinculo

2167 1443 2424 1511 religari,
2458 1444 2557 1499 sed
2591 1444 2648 1498 in
2672 1443 3019 1515 paenitentiae
3046 1459 3108 1500 se
3130 1443 3405 1500 lamentis
3439 1443 3823 1502 vehementer

2166 1533 2307 1587 dum
2341 1533 2563 1598 vivunt,
2599 1533 2880 1587 afﬁciant.

2165 1626 2296 1675 CAP.
2328 1622 2519 1694 51.7—
2548 1622 2618 1694 De
2656 1621 2966 1694 virginibus
3021 1623 3220 1688 sacris,
3252 1640 3369 1694 quae

2235 1697 2384 1766 sunt.
2416 1693 2500 1747 Ex
2527 1692 2736 1748 decreto
2767 1691 2981 1766 Gelasii
3002 1709 3182 1765 papae,
3213 1691 3334 1766 cap.
3377 1695 3410 1749 2

3464 1625 3819 1682 raevaricatae

3514 1696 3690 1768 (epist.
3752 1697 3814 1766 9,

2239 1854 2352 1924 (27,
2399 1871 2447 1924 q.
2503 1854 2553 1920 1,
2605 1870 2652 1908 c.
2711 1853 3072 1925 Virginibus.)
3128 1854 3470 1927 Virginibus
3507 1856 3690 1912 sacris
3723 1861 3815 1910 te-

2169 1958 2324 1996 mere
2356 1957 2416 1996 se
2449 1942 2736 2012 quosdam
2769 1943 2993 1998 sociare
3015 1943 3422 2014 “cognovimus,
3456 1948 3513 1999 et
3543 1949 3674 2016 post
3719 1944 3816 1999 di-

2166 2042 2361 2085 catum
2396 2031 2506 2086 Deo
2540 2031 2908 2101 propositum
2936 2031 3160 2088 incesta
3178 2031 3817 2104 foederasacrilegaque

2167 2119 2431 2174 miscere.
2457 2119 2609 2182 Quos
2630 2119 2920 2190 protimus
2947 2137 3177 2191 aequum
3203 2125 3339 2175 esta
3357 2137 3523 2177 sacra
3544 2137 3818 2176 commu-

2167 2209 2341 2263 nione
2373 2206 2640 2275 detrudi;
2675 2213 2731 2262 et
2762 2208 2875 2263 nisi
2907 2225 3010 2279 per
3050 2207 3348 2279 publicam
3384 2209 3818 2280 probatamque

2166 2297 2567 2370 pmnitentiam
2595 2295 2834 2352 omnino
2868 2314 2982 2353 non
3005 2297 3204 2369 recipi,
3229 2299 3329 2354 sed
3355 2303 3548 2353 tamen
3568 2297 3661 2353 his
3682 2299 3816 2353 via-

2163 2386 2345 2441 ticum
2379 2387 2448 2440 de
2481 2385 2692 2440 sacculo
2733 2386 3199 2454 transeuntibus,
3234 2387 3283 2441 si
3333 2385 3508 2456 digne
3561 2389 3812 2455 [tamen,

2161 2478 2281 2548 orig
2312 2475 2328 2549 ]
2359 2474 2755 2547 paenituerint,
2789 2491 2904 2530 non
2952 2479 3217 2546 negetur.

2162 2571 2294 2622 CAP.
2327 2565 2416 2618 52.
2449 2593 2519 2604 -
2552 2564 2613 2619 Ut
2644 2562 2827 2618 vidum
2857 2565 3038 2618 velum
3069 2563 3180 2618 sibi
3207 2578 3317 2618 non
3375 2565 3660 2634 imponant
3717 2581 3812 2619 in-

2231 2638 2474 2693 consutto
2507 2636 2769 2706 episcopo,
2789 2650 2906 2700 suo,
2939 2639 3077 2690 etne
3095 2635 3402 2706 presbyteri
3421 2637 3498 2691 eis
3521 2637 3814 2706 imponere

2227 2694 2600 2778 praesumant,
2634 2694 2774 2776 quod
2803 2694 3068 2776 episcopis
3095 2694 3205 2761 non
3253 2694 3394 2762 licet.
3440 2708 3522 2762 Ex
3575 2694 3814 2763 concilio

2234 2781 2670 2846 Rothomagensi,
2701 2793 2824 2844 cap.
2864 2778 2983 2832 119.

2230 2869 2529 2924 Statutum
2563 2871 2652 2920 est
2680 2864 2885 2920 viduas
2917 2881 3029 2920 non
3065 2865 3274 2921 debere
3303 2865 3506 2920 velari.
3535 2865 3730 2921 Simul
3751 2872 3815 2922 et

2160 2959 2270 3013 hoc
2303 2960 2593 3012 statutum
2627 2957 2716 3010 est
2744 2957 2809 3008 ut
2839 2954 2887 3008 si
2948 2954 3262 3026 quisquam
3321 2955 3801 3026 presbyterorum

2159 3047 2432 3116 deinceps
2467 3043 2644 3114 hujus
2677 3042 3115 3098 constitutionis
3138 3059 3356 3098 normis
3379 3043 3812 3099 contumaciter

2076 3144 2118 3211 (ς
2158 3141 2558 3206 transgressor
2586 3131 2892 3200 exstiterit,
2924 3131 3146 3187 scilicet
3200 3136 3265 3186 ut
3313 3131 3542 3204 aliquas
3591 3132 3809 3188 viduas

2155 3225 2342 3282 velare
2374 3225 2714 3294 praesumat,
2747 3220 2886 3292 quia
2914 3220 3024 3276 hoc
3056 3225 3114 3276 et
3139 3221 3432 3292 episcopis
3475 3238 3590 3276 non
3642 3220 3804 3293 licet,

413 1949 541 2001 CAP.
578 1945 664 1998 45.
699 1974 764 1982 -
794 1943 872 1997 Ne
900 1923 1024 2013 quis
1045 1957 1208 1995 causa
1253 1939 1547 2013 religin.)_nis
1603 1955 1817 2013 servum
1855 1937 2057 2013 doceat

485 2024 827 2071 contemnere
871 2011 1157 2068 dominum
1201 2029 1387 2066 suum.
1440 2011 1519 2064 Ea:
1565 2011 1798 2063 concilio
1848 2011 2058 2063 Braca-

484 2086 638 2142 τέηεὶ
664 2103 725 2155 II,
756 2100 877 2155 cap.
913 2085 998 2138 47.
1034 2085 1324 2154 (Martinus
1347 2083 1667 2136 Bracarens.
1692 2097 1738 2135 c.
1765 2081 1876 2150 47).

489 2175 600 2245 (17.
626 2191 677 2244 q.
711 2175 763 2243 4,
798 2189 842 2228 c.
879 2173 936 2227 Si
964 2173 1086 2243 quis
1111 2171 1243 2242 ser.)
1266 2171 1322 2227 Si
1357 2169 1490 2241 quis
1522 2185 1752 2224 servum
1799 2168 2053 2223 alienum

411 2280 588 2319 causa
615 2261 914 2333 religionis
946 2262 1116 2317 docet
1135 2265 1508 2316 contemnere
1548 2258 1851 2312 dominum
1879 2274 2054 2313 suum

409 2356 466 2406 et
495 2352 762 2407 recedere
795 2351 867 2405 ab
898 2350 1026 2420 ejus
1059 2348 1313 2416 servitio,
1347 2346 1666 2402 durissimo
1699 2346 1756 2399 in
1780 2347 2054 2402 omnibus

405 2446 709 2512 arguatur,
744 2444 800 2495 et
831 2439 903 2494 ad
937 2437 1345 2510 poenitentiam
1375 2433 1780 2507 compellatur.

405 2551 540 2604 CAP.
565 2547 654 2601 46.
691 2577 755 2589 —-—
790 2547 861 2602 De
899 2546 1156 2614 fugitivis
1209 2544 1426 2599 clericis
1485 2559 1580 2598 seu
1635 2543 1937 2598 monachis.
1970 2545 2056 2597 Ea:

897 2615 1125 2672 decretis
1154 2618 1350 2671 Leonis
1376 2629 1556 2685 papae.

477 2707 810 2779 Fugitivum
842 2722 977 2761 vero
1009 2705 1309 2771 clericum,
1341 2708 1443 2758 aut
1477 2701 1834 2758 monachum
1885 2702 2053 2758 dese-

405 2802 633 2851 rentem
666 2793 1032 2865 diciplinam,
1062 2791 1220 2848 velut
1240 2796 1706 2861 contemptorem
1732 2790 1950 2862 placuit
1972 2806 2054 2845 re-

411 2898 639 2939 vocare.

413 2973 546 3028 CAP.
580 2971 668 3024 47.
701 3000 768 3010 -
805 2974 886 3024 De
920 2969 1004 3024 his
1035 2971 1133 3041 qui
1160 2987 1285 3024 cum
1313 2971 1478 3024 semet
1498 2969 1640 3024 tonsi
1658 2969 1896 3036 fuerint,
1920 2968 2054 3023 laici

467 3044 804 3184 efﬁginntur.
843 3046 927 3096 Ea:
984 3057 1136 3096 conc.
1193 3041 1352 3096 Totet.
1387 3057 1442 3109 v,
1499 3057 1618 3110 cap.
1653 3041 1722 3094 45
1777 3041 1910 3110 (Tol.
1966 3055 2045 3107 ιν,

474 3131 524 3170 c.
657 3153 668 3166 .

467 3201 814 3272 Quicunque
846 3215 915 3256 ex
953 3198 1334 3256 saecularibus
1367 3198 1720 3269 accipientes
1761 3198 2043 3270 poeniten-

395 3291 542 3347 tiam
575 3306 637 3346 se
667 3291 1066 3352 totonderunt,
1101 3291 1158 3366 et
1191 3304 1397 3343 rursus
1429 3287 1873 3358 praevaricantes
1911 3287 2044 3342 laici

393 3380 580 3435 effecti
612 3382 773 3447 sunt,
807 3377 1222 3448 comprehensi
1249 3378 1321 3432 ab
1343 3379 1617 3450 episcopo
1638 3393 1742 3432 suo
1766 3377 1836 3431 ad
1857 3376 2044 3448 paeni-

395 3469 666 3532 tentiam,
701 3483 768 3522 ex
799 3483 919 3537 qua
961 3471 1357 3533 recesserunt,
1393 3471 1753 3522 revocentur.
1789 3466 1951 3529 Quod
1996 3465 2045 3520 si

395 3557 576 3627 aliqui
610 3571 713 3626 per
742 3555 1141 3626 pmnitentiam
1172 3553 1582 3610 irrevocabiles
1613 3559 1774 3624 sunt,
1806 3569 1911 3609 nec
1943 3555 2047 3609 ad-

400 3639 1007 3710 moniti‘revertuntur,
1035 3660 1165 3698 vere
1193 3648 1259 3698 ut
1289 3648 1567 3715 apostatae
1590 3659 1782 3698 coram
1805 3642 2048 3698 ecclesia

400 3732 793 3790 anathematis
826 3732 1119 3788 sententia
1151 3732 1654 3799 condemnentur;
1706 3748 1819 3787 non
1879 3730 2049 3786 aliter

401 3828 459 3878 et
487 3823 547 3878 hi
582 3821 683 3894 qui
713 3822 865 3878 tonsi
899 3821 1372 3876 collaudantibus
1406 3822 1750 3891 parentibus
1811 3821 2048 3875 fuerunt

402 3916 504 3967 aut
562 3915 770 3983 sponte
821 3926 930 3965 sua
984 3909 1223 3964 amissis
1252 3908 1592 3979 parentibus
1647 3908 1870 3978 seipsos
1910 3908 2048 3962 reli-

395 4001 553 4072 gioni
571 4000 1010 4065 devoverunt,et
1034 4000 1235 4067 postea
1260 3997 1518 4050 habitum
1537 3996 1874 4051 saecularem
1893 4014 2048 4051 sum-

395 4093 658 4162 pserunt,
693 4093 757 4144 ut
782 4088 959 4142 iidem
995 4103 1026 4142 a
1049 4085 1350 4142 saccrdote
1365 4085 1799 4156 comprehensi,
1825 4086 1896 4140 ad
1920 4085 2044 4141 cul-

396 4188 518 4236 tum
551 4177 872 4250 religionis,
907 4181 1038 4231 acta
1070 4175 1232 4246 prius
1287 4173 1648 4245 poenitentia,
1683 4179 2043 4230 revocentur.

395 4268 556 4333 Quod
581 4268 629 4323 si
652 4265 854 4320 reverti
880 4263 1248 4330 nolunt,vere
1273 4268 1333 4317 ut
1355 4266 1637 4335 apostata:
1654 4263 2047 4320 anathematis

2152 3312 2370 3386 gradus
2393 3311 2481 3366 sui
2508 3309 2835 3380 periculum
2859 3309 3142 3364 incurrat.
3168 3309 3456 3364 Similiter
3471 3313 3528 3364 et
3549 3311 3620 3365 de
3635 3309 3806 3380 puel-

2151 3403 2226 3459 lis
2260 3400 2584 3472 virginibus
2615 3415 2647 3453 a
2679 3397 3033 3470 presbyteris
3066 3415 3179 3454 non
3211 3397 3472 3455 velandis
3502 3402 3801 3455 statutum

2154 3500 2242 3550 est
2275 3498 2338 3546 ut
2369 3491 2418 3545 si
2442 3489 2575 3561 quis
2606 3489 2713 3544 hoc
2747 3493 2934 3544 lacere
2951 3488 3578 3562 tentaverit,tanquam
3602 3495 3800 3546 trans-

2154 3597 2392 3653 gressor
2421 3593 2714 3635 canonum
2747 3578 3080 3633 damnetur.

2155 3687 2268 3743 CAP
2297 3688 2387 3742 53.
2421 3717 2488 3726 —
2520 3685 2672 3754 Quod
2700 3684 2885 3740 viduae
2915 3683 3014 3739 sub
3046 3684 3205 3738 nulla
3251 3684 3364 3740 sint
3433 3685 3814 3742 benedictione

2226 3758 2494 3830 velandae.
2531 3760 2622 3830 Ege
2653 3756 2880 3830 decretis
2911 3755 3110 3830 Getasii
3128 3771 3320 3827 papae,
3361 3773 3483 3829 cap.
3542 3759 3607 3812 21
3661 3757 3808 3830 (cap.

2225 3832 2318 3896 23,
2348 3845 2429 3896 ep.
2464 3829 2498 3882 9
2531 3827 2598 3882 ad
2629 3829 2792 3897 episc.
2822 3842 2919 3898 per
2947 3828 3151 3882 Lucan.

2224 3919 2368 3973 Nam
2392 3919 2463 3972 de
2483 3915 2684 3971 viduis
2716 3916 2827 3971 sub
2856 3914 3022 3970 nulla
3071 3915 3477 3972 benedictione
3532 3916 3802 3973 velandis

2154 4007 2425 4078 superius
2458 4005 2634 4060 latius
2667 4004 2942 4059 duximus
2969 4003 3402 4060 disserendum.
3435 4007 3568 4069 Quae
3586 4006 3637 4061 si
3661 4022 3806 4077 pro-

2155 4094 2588 4168 priavoluntate
2603 4093 2930 4164 professam
2944 4092 3177 4164 pristini
3191 4094 3319 4164 conj
3330 4093 3446 4165 ugii
3465 4094 3802 4151 castitatem

2156 4183 2424 4239 mutabili
2457 4186 2651 4238 mente
2684 4181 3055 4248 calcaverint,
3091 4181 3329 4253 periculi
3363 4198 3565 4239 earum
3616 4183 3804 4240 inter-

2154 4275 2284 4342 erit,
2315 4271 2472 4343 quali
2521 4277 2700 4328 Deum
2766 4271 3021 4327 debeant
3081 4270 3487 4328 satisfactione
3540 4271 3805 4344 placare,

397 4355 702 4412 sententiae
733 4353 1148 4423 subjiciantur.
1170 4352 1303 4416 Qua:
1323 4353 1510 4407 forma
1527 4351 1854 4408 servabitur
1873 4353 2046 4408 etiam
2154 4362 2302 4433 quia,
2329 4362 2502 4432 juxta
2530 4358 2898 4429 Αροειοιυω,
2925 4357 3178 4430 primam
3208 4360 3378 4430 ﬁdem
3408 4361 3636 4417 irritam
3653 4368 3806 4432 μισε-

401 4447 459 4500 in
491 4444 707 4511 viduis,
735 4441 1184 4512 virginibusque
1206 4441 1410 4509 sacris,
1437 4457 1501 4496 ac
1522 4441 1938 4512 pmnitentibus
1963 4444 2046 4498 fe-
2153 4454 2285 4504 runt
2312 4451 2356 4520 (ι
2392 4449 2527 4504 Tim,
2560 4449 2640 4518 v).
2674 4447 2836 4504 Sicut
2875 4448 3033 4503 enim
3087 4447 3136 4504 si
3193 4464 3256 4503 se
3305 4449 3552 4506 forsitan
3609 4452 3808 4506 οοῃιί-

405 4533 603 4601 minis,
637 4548 763 4601 quae
797 4529 1312 4585 sanctimonialem
1347 4530 1610 4585 habitum
1645 4530 2047 4594 induerunt,et
2077 4529 2122 4592 Ι)
2156 4554 2290 4594 nere
2320 4555 2433 4593 non
2485 4541 2776 4610 poterant,
2808 4537 3134 4592 secundum
3189 4537 3561 4608 Αροειοιυω,
3602 4538 3805 4595 nulla-

404 4625 720 4694 posteaaut
744 4621 960 4672 vestem
987 4622 1489 4685 mutaverunt,aut
1511 4618 1580 4673 ad
1599 4617 1831 4688 nuptias
1849 4626 2040 4672 trans-
2146 4632 2317 4682 tenus
2345 4627 2562 4681 nubere
2597 4626 2948 4681 vetabantur
3014 4625 3056 4696 (1
3084 4624 3208 4680 Cor,
3269 4626 3391 4696 vn),
3451 4627 3536 4681 sic
3596 4625 3812 4684 habita

407 4710 624 4765 ierunt.
2147 4731 2345 4770 secum
2360 4714 2797 4778 deliberatione,
2813 4712 3165 4784 promissam
3186 4713 3302 4769 Deo
3316 4713 3610 4785 pudicitiae
3625 4714 3808 4771 ﬁdem

406 4799 542 4852 CAP.
578 4797 662 4848 48.
698 4825 762 4833 ——
795 4794 873 4847 Ne
901 4807 1086 4846 servus
1119 4803 1368 4848 noscente
1413 4792 1629 4846 domino
1657 4807 1752 4845 suo
1811 4793 1866 4846 in
1921 4809 2041 4846 mo-

475 4868 716 4921 nasterio
773 4866 1099 4933 recipiatur.
1159 4865 1241 4918 Ere
1314 4863 1548 4918 concilio
1593 4862 2040 4930 Chalcedonensi,

474 4956 594 5008 cap.
630 4938 660 4990 4
691 4937 928 5006 (actione
966 4933 1070 5002 15).

473 5029 586 5099 (16.
619 5043 671 5098 q.
706 5027 758 5088 1,
789 5041 835 5078 c.
871 5025 977 5091 Qui
997 5023 1164 5092 vere.)
1195 5022 1434 5076 Nullum
1474 5037 1606 5076 vero
1642 5021 1896 5089 recipere
1919 5035 2040 5074 ser-

396 5133 529 5172 vum
550 5116 610 5170 in
637 5113 1011 5170 monasteriis
1031 5112 1267 5165 obtentu
1291 5110 1804 5181 monachi,praater
1819 5107 2040 5164 domini

395 5206 489 5261 sui
521 5203 966 5266 conscientiam,
1002 5199 1156 5254 licet.

2150 4805 2480 4860 debuerunt
2531 4803 2848 4858 custodire.
2896 4801 3142 4870 (Ibidem)
3180 4801 3296 4857 Nos
3344 4806 3542 4858 autem
3565 4802 3807 4859 nullum

2148 4893 2368 4950 talibus
2394 4893 2671 4964 laqueum
2705 4891 2988 4946 debemus
3012 4891 3381 4962 injicere,sed
3406 4891 3562 4947 solas
3579 4892 3803 4948 adhor-

2149 4983 2402 5038 tationes
2421 4980 2643 5052 pramii
2667 4977 3010 5050 sempiterni
3027 4995 3346 5052 pinnasque
3369 4996 3694 5052 proponere
3717 4981 3804 5036 di-

2147 5071 2269 5126 vini
2294 5069 2523 5141 judicii,
2558 5073 2620 5124 ut
2651 5073 2854 5123 nostra
2885 5066 2962 5124 sit
2997 5067 3271 5124 absoluta
3323 5069 3710 5140 conscientia,
3743 5076 3803 5126 et

2148 5160 2384 5216 illarum
2416 5175 2518 5230 pro
2551 5175 2614 5214 se
2647 5157 2933 5212 rationem
2968 5162 3079 5213 Deo
3115 5159 3324 5214 reddat
3363 5159 3636 5214 intentio.
3681 5161 3798 5216 Ca-

393 5246 1078 5360 ἓξὲῖὶὖῖΪριιοάἠοη
1111 5288 1270 5342 liceat
1296 5289 1398 5343 Deo
1447 5290 1682 5342 sacratis
1737 5286 2038 5360 nuptialia,
2148 5246 3803 5360 ἴῖῗῗῗῗῖῗῗῖῗὲῗίὲἒῗι.ῗ¹ἒ¹⁰.ίῖ,ίῗῗ.ῗῗ¹’“ἷῗ.ῗῗῖῗῗ¹¹ῗ,ὶῖἶῨ

457 5333 1399 5438 ὶῖἱνιῖυὲοηιφῖῗιῐὲἷεῗνὲᾦῶἶὶεῇἓῖ)
1447 5333 2038 5430 nassonem;
2149 5337 2614 5438 b‘usque‘befttu?
2645 5333 2862 5390 Paulus
2913 5337 3190 5438 testatur.
3221 5335 3528 5434 apostolus
3577 5335 3628 5408 (ι
3658 5337 3799 5391 Tim-

476 5441 560 5492 16.
1873 5423 1879 5425 ’
1984 5423 1995 5430 ’
2148 5425 2225 5497 v),
2258 5426 2410 5496 quod
2444 5423 2674 5496 plenius
2715 5438 3002 5494 exponere
3055 5423 3446 5494 prmterimus,
3496 5441 3567 5479 ne
3617 5441 3802 5482 sexus

2149 5513 2446 5569 instabilis
2521 5529 2636 5569 non
2717 5517 2839 5568 tam
2917 5511 3198 5567 deterreri
3249 5528 3428 5586 quam
3485 5513 3802 5572 admoneri

2149 5603 2434 5664 videatur.

471 5526 586 5597 (27,
617 5541 668 5596 q.
703 5526 754 5592 1,
789 5542 837 5580 ιε.
869 5522 930 5578 Si
957 5538 1064 5594 qua
1094 5520 1291 5592 virgo.)
1319 5519 1618 5592 Virginem
1661 5535 1786 5590 quae
1826 5535 1888 5575 se
1929 5520 2042 5575 Deo

401 5611 786 5680 consecravit,
811 5610 1084 5668 similiter
1113 5613 1172 5668 et
1203 5608 1580 5678 monachum,
1612 5625 1727 5664 non
1747 5607 1921 5664 licere
1938 5624 2045 5664 nu-
