3994 6052
155 343 268 397 557

1091 344 1401 397 DECRETI
1444 345 1629 397 PARS
1670 344 1791 396 νη.
1830 370 1897 380 --
1929 344 2025 395 DE
2064 344 2452 411 MONACHIS,
2495 348 2650 401 ETC.

3468 364 3575 419 558

150 471 284 552 Cas.
317 467 405 548 5t.
441 496 511 552 ἢ
540 471 617 522 De
648 466 825 521 viduis
843 481 965 538 quae
994 467 1159 552 semel
1186 472 1409 552 sacratae
1436 466 1799 552 conversatio-
1828 470 1881 533 Α
1913 464 2110 519 velatae
2144 469 2200 521 et
2229 467 2343 521 Deo
2373 474 2718 525 consecratae
2744 473 2790 525 si
2835 475 3059 545 abjecto
3087 483 3384 552 proposito
3414 502 3553 543 san-

227 538 400 620 tionis
430 540 674 663 veéamen
694 547 1061 609 susceperunt.
1084 541 1164 593 Ea:
1182 537 1415 594 concilio
1436 539 1800 592 Aurelianen—

230 625 299 663 sz.
333 626 451 663 can.
526 652 538 663 .

230 625 299 676 si,
333 626 451 680 cap.
485 625 538 664 δ.

231 700 341 770 (27,
376 717 429 769 q.
467 699 663 755 Viduas
688 700 853 769 quae.)
882 698 1079 752 Vidua
1105 714 1231 767 quae
1255 700 1576 767 spontanee
1604 695 1808 750 volun-

156 792 276 843 tate
311 789 382 843 ab
412 787 580 843 altari
610 805 787 843 sacrm
828 786 1286 842 conversationis
1320 785 1581 841 velamen
1624 783 1807 840 susei-

154 878 351 949 piunt,
379 877 632 932 decrevit
663 880 867 932 sancta
888 877 1148 947 synodus
1180 876 1238 929 in
1269 875 1473 930 eodem
1506 873 1802 945 proposito

152 982 257 1021 eas
290 981 650 1036 permanere.
681 965 808 1023 Non
839 965 995 1020 enim
1029 964 1115 1020 fas
1142 980 1271 1019 esse
1300 963 1690 1028 decernimus,
1741 966 1804 1017 ut

154 1058 477 1125 postquam
510 1070 572 1108 se
602 1053 848 1109 Domino
881 1051 1060 1108 semel
1106 1052 1215 1107 sub
1269 1050 1387 1105 velo
1428 1065 1800 1105 consecrave-

153 1144 275 1197 rint
299 1144 444 1211 [Haec
464 1143 661 1198 desunt
691 1142 839 1213 apud
862 1142 1059 1210 Grat.],
1105 1144 1162 1195 et
1205 1140 1358 1195 inter
1388 1138 1607 1195 velatas
1639 1139 1801 1194 obla-

151 1232 344 1287 tiones
376 1231 636 1301 fecerint,
670 1233 880 1287 iterum
915 1229 1000 1285 eis
1031 1229 1269 1285 concedi
1315 1228 1559 1300 Spiritui
1600 1233 1803 1283 sancto

154 1320 417 1377 mentiri.

153 1412 287 1465 CAP.
320 1411 410 1463 55.
444 1440 513 1449 -——
544 1410 607 1466 Ut
638 1410 825 1463 nullus
849 1408 1043 1463 viduas
1066 1408 1253 1462 velare
1283 1411 1537 1461 attentet.
1570 1406 1651 1459 Ex
1670 1420 1801 1460 eon-

296 1481 429 1536 cilio
460 1482 844 1551 Magontiensi,
878 1497 998 1551 cap.
1024 1480 1058 1532 6
1080 1480 1249 1549 (conc.
1277 1479 1442 1543 Trib.,
1467 1494 1515 1533 c.
1547 1478 1655 1545 25).

226 1572 339 1641 (27,
368 1588 419 1642 q.
456 1572 507 1639 1,
534 1586 579 1625 c.
620 1570 845 1626 Viduas.
901 1568 1081 1624 Getas.
1112 1584 1162 1623 ε.
1199 1568 1285 1631 13,
1318 1584 1401 1637 ep.
1452 1566 1531 1635 9.)
1580 1565 1801 1619 Viduas

158 1664 352 1715 autem
384 1660 574 1714 velare
606 1659 950 1730 pontificum
981 1655 1179 1710 nullus
1209 1660 1453 1709 attentet
1481 1654 1800 1726 (lCor.vn),

156 1753 330 1819 prout
362 1751 646 1803 statutum
679 1753 767 1802 est
798 1746 859 1801 in
892 1744 1142 1801 decretis
1173 1743 1387 1799 Gelasii
1428 1758 1592 1813 papa
1626 1758 1677 1796 c.
1710 1740 1798 1806 43,

153 1837 313 1909 quod
374 1853 479 1891 nec
529 1836 847 1891 auctoritas
877 1834 1094 1899 divina,
1128 1848 1233 1887 nec
1285 1846 1575 1887 canonum
1616 1830 1803 1884 forma
1830 1843 1877 1908 Β

152 1925 443 1998 prazstitit.
478 1925 613 1988 Quze
645 1924 692 1978 si
728 1923 962 1994 propria
986 1920 1160 1977 fuerit
1179 1919 1478 1975 voluntate
1502 1918 1800 1973 continen-

149 2015 296 2070 tiam
330 2014 611 2086 profcssa,
646 2012 784 2067 utin
808 2011 1073 2082 ejusdem
1113 2008 1325 2065 Gelasii
1371 2026 1421 2063 c.
1452 2008 1517 2061 21
1563 2006 1798 2079 legitur,

150 2106 280 2174 ejus
303 2103 550 2158 intentio
574 2119 675 2172 pro
698 2118 760 2156 se
784 2102 988 2156 reddat
1006 2100 1292 2154 rationem
1322 2103 1450 2163 Deo,
1470 2095 1605 2167 quia
1626 2096 1799 2159 sicut,

150 2192 481 2249 secundum
517 2189 884 2262 Apostolum,
913 2190 960 2245 si
986 2206 1047 2244 se
1071 2187 1367 2243 continere
1403 2202 1518 2241 non
1551 2188 1796 2256 poterat,

152 2286 208 2335 et
240 2280 502 2335 nullatus
536 2279 756 2334 nubere
787 2276 1217 2343 vetabatur,sic
1252 2292 1451 2331 secum
1485 2274 1687 2329 habita
1707 2274 1799 2327 de-

158 2370 503 2425 liberatione
534 2367 885 2439 promissam
924 2366 1095 2420 fidem
1148 2364 1437 2434 pudicitia
1486 2368 1597 2417 Deo
1630 2362 1801 2416 debet

157 2458 470 2514 custodire.
505 2456 619 2511 Nos
642 2459 839 2511 autem
864 2454 1206 2508 auctoritate
1232 2453 1465 2507 Patrum
1492 2451 1713 2506 sutl'ulti
1739 2450 1795 2503 in

158 2550 264 2603 hoc
297 2563 458 2603 sacro
493 2548 780 2599 conventu
814 2542 1116 2599 sancimus
1148 2544 1205 2595 et
1234 2540 1413 2594 libere
1439 2539 1794 2607 judicamus,

156 2637 203 2691 si
238 2647 443 2708 sponte
472 2633 761 2700 velamen,
797 2631 1066 2702 quamvis
1099 2648 1213 2684 non
1249 2632 1651 2683 consecratum
1684 2626 1797 2681 sibi

154 2724 522 2795 imposuerit,
547 2727 603 2776 et
628 2722 685 2775 in
712 2720 971 2776 Ecclesia
1012 2719 1163 2773 inter
1191 2718 1410 2773 velatas
1442 2716 1796 2771 oblationem

157 2821 266 2869 Deo
301 2812 596 2880 obtulerit,
621 2811 761 2867 velit
784 2810 950 2877 nolit,
975 2807 1378 2865 sanctimoniae
1402 2806 1669 2861 habitum
1707 2803 1797 2858 ul-

152 2903 333 2959 terius
366 2903 579 2957 babere
630 2901 818 2967 debet,
859 2900 994 2953 licet
1038 2901 1405 2953 sacramento
1451 2896 1798 2949 conﬁrmare

152 2991 289 3047 velit
319 3006 385 3046 eo
418 2996 614 3045 tenore
643 2994 699 3044 et
730 2988 953 3044 ratione
985 2986 1247 3042 velamen
1279 2984 1391 3042 sibi
1423 2983 1796 3055 imposuisse,

154 3086 217 3135 ut
246 3080 459 3134 iterum
493 3082 691 3148 posset
720 3079 1028 3147 deponere.

152 3170 287 3225 CAP.
320 3169 410 3221 56.
444 3198 510 3207 —
542 3167 903 3221 Denobilibus
932 3168 1126 3220 velatis
1157 3180 1280 3236 qua?
1319 3168 1503 3235 postea
1552 3163 1698 3236 domi
1736 3165 1795 3236 in

223 3239 438 3293 deliciis
460 3239 696 3293 residere
727 3238 1081 3292 delectantur.
1109 3234 1190 3291 Ei:
1216 3237 1454 3292 concilio
1472 3235 1615 3305 apud
1636 3234 1797 3305 Aqui-

225 3327 491 3381 sgranum
522 3310 787 3364 Ludovico
818 3310 917 3363 Pio
936 3317 1222 3381 prasente,
1254 3324 1372 3378 cap.
1399 3308 1433 3359 6
1460 3304 1543 3375 (in
1563 3304 1797 3376 capital.

227 3380 485 3452 adjectis,
509 3381 787 3436 additione
803 3382 857 3447 2,
880 3396 924 3434 c.
961 3380 1071 3447 15).

236 3471 311 3525 De
347 3468 641 3524 nobilibus
674 3468 910 3523 feminis
941 3484 1068 3537 quae
1103 3466 1341 3523 amissis
1378 3466 1520 3520 viris
1565 3467 1803 3535 repente

162 3558 452 3624 velantur,
478 3562 533 3612 et
555 3558 611 3611 in
662 3555 911 3627 prepriis
940 3556 1216 3611 domibus
1246 3556 1504 3609 diversas
1542 3552 1802 3607 necessi-

161 3652 308 3702 tates
342 3650 701 3718 Opponentes
734 3644 1377 3709 resideredelectantur,
1413 3645 1481 3697 de
1511 3641 1801 3711 quibusin

160 3735 289 3790 aliis
305 3734 687 3789 conventibus
707 3748 897 3787 coram
921 3732 1233 3787 serenitate
1248 3731 1609 3800 vestrajamd
1621 3730 1801 3783 udum

158 3823 504 3879 ventilatum
529 3828 616 3877 est
637 3826 692 3876 et
714 3820 1258 3890 deﬁnitum,majori
1274 3819 1588 3889 solertique
1606 3820 1801 3874 studio

161 3912 561 3969 admouendae
578 3914 633 3967 et
654 3910 1033 3965 instruendus
1056 3909 1127 3965 ab
1149 3908 1437 3980 episcopis
1460 3908 1800 3974 statuimus,

163 4008 453 4074 quatenus
484 4018 600 4057 suae
632 3999 809 4056 saluti
842 3998 1175 4065 consulant,
1210 4014 1313 4053 nec
1352 3997 1435 4052 sic
1486 3996 1801 4052 indiscrete

162 4092 422 4157 vivendo,
459 4095 513 4146 et
539 4088 774 4161 prepria
823 4088 1111 4159 noxiaque
1151 4086 1416 4142 libertate
1472 4086 1709 4155 utendo,
1743 4089 1800 4140 et

160 4197 262 4250 per
289 4180 521 4234 diversa
549 4178 809 4248 vagando
842 4176 1168 4248 periculum
1203 4175 1534 4231 animarum
1557 4191 1799 4230 suarum

160 4268 463 4322 incurrant
484 4282 714 4337 semper
735 4265 881 4319 illud
908 4264 1293 4335 apostolicum
1318 4268 1449 4318 ante
1471 4262 1670 4318 oculos
1705 4262 1801 4316 ba-

163 4358 365 4413 bentes
384 4372 497 4427 quo
516 4355 733 4411 dicitur
758 4372 769 4409 :
797 4354 986 4421 Vidua,
1011 4368 1136 4423 qua?
1164 4355 1223 4408 in
1241 4352 1459 4408 deliciis
1495 4358 1592 4418 est,
1616 4354 1802 4407 vivens

162 4449 377 4501 mortua
408 4449 484 4500 est
510 4446 558 4512 (I
581 4445 711 4498 Tim.
746 4447 824 4509 v).

163 4535 294 4590 CAP.
327 4536 416 4589 57.
448 4565 511 4573 —
541 4534 615 4589 De
642 4534 724 4587 his
756 4532 853 4602 qui
882 4532 1086 4586 velatas
1107 4535 1158 4585 et
1179 4531 1281 4585 Deo
1309 4542 1558 4585 sacratas
1592 4534 1650 4584 in
1679 4546 1801 4585 con-

1920 553 2143 609 ctitatis
2166 555 2498 611 clanculum
2541 560 2821 632 sacrilega
2853 580 2913 617 se
2944 569 3291 641 contagione
3323 574 3569 632 miscue-

1920 641 2038 695 rint
2067 647 2121 697 et
2152 642 2377 698 illicitis
2409 646 2812 716 complexibus
2854 653 3085 722 publice
3123 662 3178 712 et
3209 658 3389 717 libere
3417 663 3568 720 filios

1917 732 2373 821 procreaverint,
2402 733 2506 789 bas
2530 738 2768 807 nuptias
2807 740 3181 803 detestabiles
3214 749 3570 821 [impudicas

1915 819 2409 892 detestabilesque
2442 832 2974 899 personas,0rig.et
3005 832 3183 905 Grat.]
3216 852 3249 890 a
3277 819 3570 898 monaste-

1914 907 2135 962 riorum
2172 914 2316 963 coetu
2352 918 2409 965 et
2437 912 2817 970 ecclesiarum
2849 923 3229 979 conventibus
3262 926 3573 985 eliminan-

1915 996 2015 1050 das
2032 999 2505 1066 essejudicatum
2531 1006 2638 1070 est,
2665 1011 2955 1072 quatenus
2979 1011 3227 1066 detrusa:
3251 1019 3568 1086 ergastulis

1912 1089 2141 1140 tantum
2161 1088 2386 1142 facinus
2409 1092 2684 1146 continua
2709 1092 3129 1154 lamentatione
3160 1102 3429 1159 defleant.
3448 1106 3566 1162 Uu-

1913 1174 1982 1228 de
2003 1175 2177 1229 verbo
2200 1175 2433 1231 Domini
2461 1184 2516 1232 et
2539 1182 2822 1237 canonica
2856 1189 3202 1244 auctoritate
3223 1192 3283 1245 in
3308 1192 3415 1248 bac
3435 1212 3567 1251 san-

1912 1266 1998 1317 sta
2030 1264 2250 1334 synodo
2281 1266 2690 1336 praecipimus,
2720 1275 2783 1324 ut
2823 1274 3161 1332 omnimodo
3193 1288 3563 1357 separentur,

1912 1356 1969 1404 et
1993 1354 2328 1422 juramento
2360 1354 2731 1428 colligentur,
2766 1362 3013 1418 ulterius
3047 1365 3156 1419 sub
3182 1384 3296 1423 uno
3330 1387 3444 1427 non
3472 1354 3565 1430 eo;

1911 1438 2176 1529 habitare
2224 1446 2400 1529 tecto,
2438 1460 2544 1499 nec
2586 1446 2861 1502 familiari
2895 1450 3005 1504 frui
3035 1452 3346 1529 colloquio,
3398 1476 3567 1518 exce-

1913 1532 2008 1596 pto
2040 1528 2096 1581 in
2127 1528 2372 1584 ecclesia
2404 1536 2505 1586 aut
2536 1532 2591 1587 in
2624 1535 2881 1605 publico,
2902 1544 3003 1594 aut
3028 1558 3149 1598 rem
3186 1528 3365 1603 ullam
3389 1548 3564 1608 habe-

1912 1632 1971 1670 re
1991 1633 2385 1687 communem,
2423 1621 2574 1675 unde
2608 1625 2865 1695 suspicio
2901 1627 3225 1688 illecebrosi
3264 1636 3561 1709 desiderii,

1913 1710 2013 1795 aut
2044 1708 2389 1764 scandalum
2441 1710 2745 1767 libidinosi
2796 1716 3118 1791 tactijuste
3169 1726 3353 1795 possit
3398 1708 3559 1788 oriri.

1910 1793 1967 1847 Si
1999 1811 2129 1864 quae
2153 1798 2331 1852 etiam
2365 1798 2515 1854 inter
2564 1817 2626 1856 se
2673 1803 2989 1862 dividenda
3019 1793 3469 1885 suntvdividant,
3504 1822 3562 1873 et

1909 1887 2151 1981 uterque
2179 1901 2288 1940 sua
2320 1889 2625 1957 provideat
2656 1896 2713 1945 et
2742 1891 3115 1955 incestuosus
3151 1900 3277 1957 sine
3308 1920 3411 1975 spe
3429 1923 3563 1961 con-

1905 1970 2044 2040 jugii
2085 1979 2339 2029 maneat.

1908 2066 2035 2121 CAP.
2066 2068 2156 2120 58.
2190 2100 2259 2148 —_—
2288 2071 2360 2125 De
2408 2073 2768 2148 viduis_quaz
2814 2080 3119 2148 pro/essam
3162 2088 3563 2144 continentiam

1974 2140 2365 2269 pgpmvzricatze
2393 2147 2537 2197 sunt.
2592 2140 2677 2199 ea
2724 2140 2957 2207 concilio
3008 2140 3553 2232 Carthaginensi

1978 2297 2089 2395 (27,
2208 2302 2255 2353 1.
2290 2318 2337 2355 c.
2366 2304 2567 2395 sicut.)
2598 2306 2989 2395 Sicutbonum
3015 2318 3564 2390 estcastitatispree-

1910 2389 2115 2475 mium,
2144 2389 2220 2441 ita
2244 2396 2299 2443 et
2322 2392 2530 2459 majori
2560 2394 2928 2452 observantia
2951 2405 3006 2454 et
3030 2389 3438 2475 praeceptione
3459 2424 3560 2462 cu—

1907 2473 2404 2543 stodiendumest,
2440 2483 2503 2532 ut
2528 2479 2576 2534 si
2600 2498 2724 2551 qua:
2752 2484 2964 2557 viduae,
3010 2473 3336 2559 quamlibet
3368 2494 3559 2551 adhuc

1907 2561 1965 2615 in
2000 2561 2323 2619 minoribus
2349 2568 2520 2622 annis
2543 2570 2771 2639 positae,
2808 2579 2865 2627 et
2886 2582 3120 2632 matura
3148 2584 3317 2634 mtate
3355 2599 3387 2635 a
3433 2582 3557 2638 viro

1908 2649 2138 2740 relictae‘
2171 2668 2231 2705 se
2265 2654 2597 2710 devoverint
2629 2662 2742 2714 Deo
2773 2666 2829 2715 et
2877 2667 3035 2719 veste
3083 2664 3276 2723 laicali
3326 2670 3557 2740 abjecta

1907 2739 2016 2792 sub
2048 2740 2383 2797 testimonio
2416 2744 2673 2817 episcopi
2723 2749 2993 2806 Ecclesiae
3036 2753 3305 2825 religioso
3348 2739 3555 2812 habitu

1906 2829 2302 2897 apparuerint;
2331 2838 2529 2901 postea
2548 2850 2683 2889 vero
2697 2838 2769 2891 ad
2795 2840 3030 2910 nuptias
3054 2843 3363 2901 saeculares
3387 2849 3553 2902 tran.

1906 2915 2150 2972 sierunt.
2172 2921 2497 2976 secundum
2520 2924 2870 2993 Apostolum
2892 2928 2943 2998 (Ι
2970 2930 3103 2986 Tim.
3125 2932 3205 3001 v),
3230 2933 3559 2991 damnatio-

1906 3021 2038 3094 nem
2062 3004 2361 3062 habebunt
2382 3010 2851 3084 [habeant],quia
2874 3017 3048 3073 fidem
3069 3020 3355 3077 castitatis
3375 3039 3555 3094 quam

1906 3092 2021 3147 Deo
2052 3101 2350 3163 voverunt,
2378 3097 2601 3154 irritam
2628 3101 2820 3159 facere
2844 3105 2976 3160 viszs
2999 3108 3185 3178 [nisaa,
3208 3110 3356 3166 alias
3378 3092 3558 3183 ausae,

1828 3203 1870 3271 ρ
1909 3183 2071 3252 orig.]
2109 3190 2267 3238 sunt.
2326 3186 2496 3241 Tales
2536 3205 2673 3260 ergo
2716 3209 2975 3261 persona:
3013 3212 3046 3249 a
3088 3196 3560 3257 Christianorum

1911 3274 2282 3330 commnione
2314 3283 2775 3348 sequestrantur,
2832 3300 3018 3355 neque
3068 3286 3244 3343 etiam
3278 3289 3336 3344 in
3364 3291 3560 3346 convi—

1909 3360 2000 3415 vio
2023 3379 2154 3417 cum
2178 3364 2522 3420 Christianis
2538 3371 2995 3428 communicent.
3021 3374 3183 3445 Nam,
3208 3377 3259 3431 si
3285 3378 3560 3434 adulterae

1910 3455 2188 3519 conjuges
2204 3467 2310 3506 reas
2336 3463 2490 3518 sunt,
2518 3455 2566 3508 si
2598 3456 2723 3511 suis
2756 3458 2894 3515 viris
2916 3461 3176 3518 ObDOXltB
3200 3466 3382 3533 [reatu
3421 3471 3563 3523 sunt

1910 3538 2049 3591 viris
2072 3539 2218 3605 suis,
2242 3540 2401 3610 obn.,
2426 3544 2591 3613 orig.]
2628 3545 2866 3615 fuerint,
2887 3556 3107 3618 quanto
3134 3554 3324 3625 magis
3345 3555 3555 3625 vidua,

1910 3644 2031 3695 qua
2054 3626 2153 3681 Dei
2186 3626 2627 3699 religiositatem
2652 3638 3295 3704 mutaverunt,crimine
3328 3643 3558 3700 adulte-

1911 3716 1981 3769 rii
2002 3716 2381 3781 notabuntur,
2406 3718 2453 3772 si
2489 3720 2858 3778 devotionem
2877 3741 3052 3795 quam
3079 3735 3287 3801 sponte
3301 3749 3405 3788 nec
3422 3750 3556 3789 coa-

1910 3809 1997 3859 cte
2026 3808 2138 3860 Deo
2161 3806 2520 3879 obtulerunt,
2549 3807 2866 3869 libidinosa
2887 3814 3183 3873 voluntate
3215 3820 3558 3893 [voluptate,

1908 3893 2072 3963 orig.]
2099 3895 2485 3965 corruperint,
2504 3900 2677 3969 atque
2699 3901 2771 3955 ad
2794 3904 3081 3961 secundas
3103 3908 3341 3979 nuptias
3363 3914 3557 3967 trans-

1909 3982 2088 4037 situm
2109 3982 2377 4039 fecerint?
2396 3986 2532 4052 Qua:
2563 3988 2672 4043 etsi
2696 3989 2969 4047 violentia
2990 3992 3247 4051 irruente
3269 3998 3339 4052 ab
3360 3998 3558 4069 aliquo

1909 4087 2167 4143 Oppresae
2215 4072 2456 4139 fuerint,
2492 4092 2557 4130 ac
2596 4081 2801 4147 postea
2852 4080 3243 4139 delectatione
3294 4085 3561 4143 libidinis

1908 4175 2250 4230 permanere
2284 4162 2340 4215 in
2373 4164 2644 4235 conjugio
2704 4167 2949 4237 raptori,
3011 4170 3099 4225 vel
3158 4172 3411 4227 violento
3440 4174 3565 4230 viro

1908 4248 2335 4314 consenserint,
2370 4252 2748 4307 damnatione
2778 4256 3052 4325 superius
3086 4258 3240 4313 dicta
3258 4264 3567 4318 teneantur

1908 4335 2188 4390 obnoxiae.
2217 4336 2295 4389 De
2323 4337 2542 4393 talibus
2577 4340 2657 4394 ait
2675 4343 2987 4411 Apostolus
3014 4363 3026 4400 :
3055 4345 3185 4400 Cum
3216 4350 3367 4403 enim
3396 4350 3563 4405 luxu-

1908 4424 2070 4480 riatae
2088 4426 2296 4493 fuerint
2320 4428 2374 4479 in
2402 4426 2631 4496 Christo,
2663 4432 2867 4486 nubere
2892 4433 3080 4488 volunt
3109 4434 3371 4492 habentes
3392 4440 3563 4493 dam-

1906 4511 2205 4580 nationem,
2265 4516 2395 4583 quia
2449 4518 2692 4586 primam
2746 4520 2915 4588 ﬁdem
2975 4523 3194 4579 irritam
3250 4527 3487 4596 fecerint
3517 4526 3565 4599 (Ι

219 4574 863 4677 jugiumduxerintflix
892 4602 1132 4677 concilio
1162 4602 1572 4671 Aurelianensi,
1590 4619 1709 4673 cap.
1733 4602 1801 4655 23
1831 4574 1876 4638 D
1914 4603 2047 4656 Tim.
2082 4602 2160 4671 v).

230 4678 376 4748 (cap.
406 4676 497 4744 23,
520 4691 667 4729 conc.
703 4675 1055 4742 Triburien.).

231 4766 338 4834 (27,
373 4781 423 4835 q.
452 4765 503 4828 1,
534 4764 595 4818 Si
624 4764 746 4834 quis
772 4766 975 4830 sacro.)
1027 4762 1085 4817 Si
1120 4762 1254 4832 quis
1307 4778 1469 4817 sacro
1518 4760 1806 4816 velamine

160 4856 560 4909 consecratam
596 4850 653 4905 in
672 4851 1011 4921 conjugium
1040 4851 1290 4919 duxerit,
1326 4853 1381 4904 et
1395 4854 1527 4921 post
1548 4850 1806 4904 dicatum

158 4943 274 4998 Deo
293 4940 656 5013 propositum
678 4940 903 4995 incesta
918 4940 1131 4994 fcedera
1149 4938 1546 5010 sacrilegaque
1563 4939 1807 4994 miscue-

156 5031 249 5101 rit,
274 5035 339 5086 ut
364 5030 423 5085 in
476 5028 815 5085 constitutis
874 5028 1094 5083 Gelasii
1155 5045 1316 5099 papae
1367 5045 1415 5083 c.
1448 5029 1519 5082 20
1570 5027 1803 5099 legitur,

158 5120 427 5192 protinus
450 5134 683 5189 aequum
716 5121 803 5172 est
834 5134 1047 5173 asacra
1061 5116 1475 5172 communione
1495 5118 1807 5187 detrudi,et

159 5209 271 5265 nisi
295 5226 398 5280 per
420 5207 712 5280 publicam
733 5208 1155 5277 probatumque
1183 5206 1591 5276 paenitentiam
1616 5208 1805 5261 omni-

158 5316 229 5353 no
258 5314 373 5352 non
402 5295 603 5367 recipi.
628 5295 685 5349 Si
716 5298 915 5349 tamen
940 5293 1807 5366 pmnituerint,transeuntibus

157 5387 225 5441 de
255 5384 470 5441 saeculo
505 5383 782 5439 viaticum
815 5400 929 5438 non
968 5386 1231 5453 negetur.
1261 5384 1325 5437 In
1349 5383 1807 5439 Cbalcedonensi

156 5474 426 5537 concilio,
460 5490 587 5544 cap.
614 5474 701 5541 16,
726 5472 834 5527 hoc
857 5476 1263 5544 perpetrantes
1300 5473 1809 5528 excommunicau-

156 5568 252 5619 tur
277 5561 694 5618 confitentibus
724 5566 919 5616 autem
942 5558 1285 5615 auctoritate
1328 5560 1584 5632 episcopi
1628 5560 1805 5616 mise-

157 5651 408 5708 ricordia
437 5650 743 5723 largiatur.
781 5650 842 5705 In
879 5648 1128 5720 epistola
1159 5648 1366 5719 Syricii
1398 5666 1557 5720 papae
1589 5665 1714 5720 cap.
1749 5651 1803 5718 6,

1912 4703 2045 4754 CAP.
2075 4698 2163 4753 59.
2199 4730 2264 4739 —
2298 4705 2372 4755 De
2399 4702 2600 4786 eodem.
2635 4706 2716 4786 Eae
2764 4706 2993 4786 decretis
3030 4710 3327 4786 Zepherini
3376 4729 3565 4786 papa,

2232 4788 2355 4842 cap.
2388 4772 2418 4825 4
2458 4772 2631 4843 (conc.
2674 4777 3028 4847 Aquisgran.,
3063 4772 3113 4835 εξ
3142 4782 3257 4852 35).

1990 4862 2061 4913 Ut
2094 4858 2352 4913 vidumin
2377 4859 2598 4917 deliciis
2630 4880 2743 4919 non
2768 4865 2908 4935 sint,
2942 4868 3041 4923 sed
3067 4872 3392 4927 secundum
3416 4876 3566 4944 Apo-

1915 4947 2129 5002 stolum
2161 4950 2269 5002 sub
2302 4954 2587 5019 potestate
2618 4952 2874 5025 episcopi
2906 4957 3102 5010 vivant
3135 4975 3147 5012 :
3182 4960 3447 5031 Przecipe,
3471 4962 3566 5015 in-

1918 5035 2063 5106 quit,
2092 5039 2149 5089 ut
2171 5036 2345 5091 viduae
2371 5037 2879 5109 irreprehensibiles
2909 5046 3040 5099 sint.
3082 5046 3255 5103 Vidua
3280 5050 3569 5121 deligatur

1918 5141 2025 5179 non
2055 5126 2241 5179 minus
2262 5127 2559 5194 sexaginta
2579 5147 2877 5201 annorum,
2907 5134 2965 5187 in
2997 5137 3254 5205 aperibus
3287 5139 3441 5193 bonis
3467 5144 3569 5194 tes-

1915 5215 2212 5268 timonium
2242 5214 2447 5269 habens
2480 5234 2491 5271 ε
2524 5219 2588 5271 Si
2638 5218 2779 5286 ﬁlios
2828 5222 3077 5278 educavit
3121 5226 3169 5296 (Ι
3200 5228 3331 5282 Tim.
3384 5231 3459 5299 v),
3512 5234 3569 5283 et

1917 5308 2137 5357 caetera.
2190 5302 2651 5362 Adolescentiores
2718 5309 2915 5365 viduas
2973 5312 3174 5369 devita.
3229 5316 3362 5369 Cum
3418 5318 3567 5371 enim

1918 5393 2229 5448 luxuriata:
2256 5395 2467 5463 fuerint
2499 5396 2556 5449 in
2591 5396 2826 5465 Christo,
2858 5402 3064 5456 nubere
3106 5404 3321 5467 volunt,
3356 5404 3568 5458 haben-

1918 5481 1995 5531 tes
2024 5478 2456 5548 damnationem,
2491 5488 2620 5553 quia
2648 5488 2897 5554 primam
2944 5489 3107 5557 ﬁdem
3158 5492 3381 5544 irritam
3427 5492 3570 5561 fece-

1918 5572 2075 5635 runt,
2102 5568 2277 5623 simul
2297 5579 2346 5625 et
2365 5574 2547 5626 otiosae
2575 5575 2852 5643 loquentes
2875 5591 3001 5646 qua:
3029 5592 3138 5633 non
3163 5584 3394 5649 oportet.
3448 5581 3569 5637 Volo

1918 5670 2044 5727 ergo
2064 5656 2311 5725 iuniores
2334 5662 2552 5728 nubere,
2577 5662 2721 5730 ﬁlios
2746 5680 3066 5735 procreare,
3091 5674 3291 5724 matres
3315 5670 3567 5741 familias
