3972 6056
402 312 509 368 559

1481 299 1548 348 D.
1589 294 1828 347 IVONIS
1863 289 2360 344 CARNOTENSIS
2396 289 2713 342 EPISCOPI

3711 280 3834 336 560

409 455 544 504 esse,
585 434 801 490 nullam
847 429 1183 486 occasionem
1229 422 1358 476 dare
1409 418 1722 473 adversario
1765 413 2057 470 maledicti.
2087 421 2139 487 Α
2171 410 2263 466 his
2295 412 2522 482 agenda
2553 410 2900 483 paenitentia
2939 411 3048 479 est,
3088 408 3228 479 quia
3267 407 3507 480 sponsio
3547 424 3757 465 earum
3798 425 3838 464 a

409 531 614 600 gratia.
649 526 769 587 Jam
799 521 946 575 enim
976 515 1226 588 quaedam
1258 523 1542 566 conversae
1589 509 1717 562 sunt
1765 508 1908 560 retro
1936 506 2058 574 post

411 618 678 673 Satanam
708 608 912 682 (ihid.).

410 712 546 765 CAP.
578 704 667 757 60.
701 731 768 740 ——
793 698 870 752 Ne
897 692 1144 765 feminae,
1178 704 1409 765 quorum
1444 686 1634 765 mariti
1655 682 2061 765 οὸἰςιῖιίηιηςίιρ

481 751 546 834 ἔθ’
566 751 759 829 v'e'lent.
785 751 866 823 Ea:
895 751 1562 827 concilioA'uretianeusi,
1595 773 1714 827 cap.
1736 757 1770 809 5
1794 751 2055 824 (Capitul.

488 849 580 903 tib.
620 863 659 908 1,
691 859 736 896 ο.
778 839 916 906 102).

485 937 564 991 De
597 928 829 986 feminis
851 941 978 996 quis
1005 922 1162 978 viros
1193 919 1493 985 amittunt,
1528 916 1718 988 placet
1761 930 1831 969 ne
1863 929 1924 968 se
1954 910 2056 982 (si-

416 1032 511 1080 cut
543 1016 848 1087 hactenus)
880 1013 1195 1067 indiscrete
1226 1009 1437 1077 velent,
1472 1006 1570 1061 sed
1614 1021 1725 1058 xxx
1772 1003 1895 1057 dies
1933 1003 2065 1071 post

416 1114 723 1168 decessum
767 1105 862 1158 Iiri
897 1102 987 1156 sui
1020 1103 1373 1169 exspectent,
1417 1102 1472 1150 et
1520 1097 1651 1165 post
1701 1090 2065 1146 tricesimum

420 1200 599 1268 diem,
626 1210 728 1267 per
759 1189 1067 1248 consilium
1119 1185 1378 1257 episcopi
1410 1183 1502 1238 sui
1532 1181 1624 1236 vel
1656 1180 1705 1236 si
1753 1178 2068 1249 episcopus

422 1289 635 1344 absens
659 1282 835 1338 fuerit.
866 1277 1109 1334 consilio
1142 1275 1389 1330 aliorum
1432 1271 1838 1342 religiosorum
1873 1283 2065 1321 sacer-

424 1379 651 1439 dotum,
685 1382 1038 1438 suorumque
1068 1365 1388 1420 amicorum
1424 1361 1479 1414 id
1531 1359 1684 1430 quod
1731 1355 1944 1425 eligere
1965 1354 2062 1408 de-

426 1467 583 1534 bent,
615 1461 853 1532 eligant.
879 1457 948 1510 Et
979 1458 1042 1510 ut
1073 1457 1312 1523 rogetur
1344 1449 1614 1520 princeps
1646 1463 1676 1500 a
1708 1460 1874 1534 sacro
1924 1459 2065 1497 con-

425 1532 620 1618 ventu,
655 1555 719 1605 ut
751 1547 807 1602 hi
840 1545 938 1616 qui
973 1541 1265 1614 publicam
1300 1537 1523 1609 egerint
1552 1532 1978 1607 pcenitcntiam,
2014 1533 2070 1585 et

429 1645 658 1700 feminae
683 1653 812 1711 quae
829 1636 986 1690 viros
1009 1633 1308 1697 amittunt,
1341 1644 1449 1682 sua
1471 1626 1815 1680 auctoritate
1843 1623 2070 1711 donen-

429 1739 548 1802 tur,
581 1710 906 1786 deliberent
940 1722 1077 1794 quid
1103 1723 1301 1791 agant,
1336 1720 1613 1770 tueantur
1642 1719 1698 1769 et
1743 1710 2073 1802 specialiter

2169 501 2418 555 Domino
2437 503 2766 555 tenebatur.
2783 498 3012 554 Sienim
3039 498 3189 552 inter
3207 497 3473 552 homines
3492 496 3837 554 soletbona

2169 587 2301 644 ﬁdei
2323 592 2653 643 contractus
2673 587 2835 642 nulla
2860 586 3080 641 ratione
3100 585 3363 656 dissolvi,
3387 591 3603 656 quanto
3627 589 3833 660 magis

2170 678 2282 732 ista
2314 676 2658 748 pollicitatio
2693 692 2870 747 quam
2904 691 3036 730 cum
3093 675 3203 729 Deo
3236 675 3458 746 pepigit
3506 674 3651 730 solvi
3695 677 3839 733 sine

2167 767 2424 821 vindicta
2452 783 2565 820 non
2594 763 2825 835 poterit,
2857 767 2967 820 etc.
2999 763 3170 830 Nam,
3195 764 3246 818 si
3269 762 3524 834 virgines
3555 766 3832 820 nondum

2173 855 2373 909 velatae
2404 853 2598 909 taliter
2641 855 2984 925 poenitentia
3016 850 3252 923 publica
3310 851 3660 924 puniuntur,
3707 858 3766 910 et
3803 871 3841 910 a

2172 948 2320 998 coetu
2352 943 2612 998 ﬁdelium
2661 959 2845 1012 usque
2891 941 2963 996 ad
3009 940 3468 996 satisfactionem
3501 942 3836 998 excludun-

2172 1039 2289 1101 tur,
2317 1037 2536 1103 quanto
2568 1032 2766 1102 potius
2794 1031 3137 1102 viduae,tu
3161 1029 3524 1100 perfectioris
3547 1032 3740 1088 aetatis
3774 1037 3842 1087 et

2176 1123 2528 1177 maturioris
2551 1121 2852 1193 sapientiae
2884 1125 3054 1191 atque
3085 1119 3314 1175 consilii
3345 1121 3628 1188 existunt,
3674 1119 3841 1176 viro-

2176 1227 2432 1282 rumque
2461 1210 2748 1266 consortio
2783 1207 3082 1264 multoties
3127 1225 3243 1264 usae
3285 1213 3445 1276 sunt,
3470 1213 3527 1264 et
3556 1209 3839 1265 habitum

2179 1298 2478 1370 religionis
2501 1303 2977 1370 assumpserunt,
2993 1302 3047 1352 et
3064 1297 3302 1352 demum
3328 1302 3845 1369 apostataverunt,

2179 1393 2355 1460 atque
2386 1389 2454 1443 ad
2491 1389 2745 1460 priorem
2787 1386 3074 1442 vomitum
3121 1391 3263 1442 sunt
3295 1402 3541 1442 reversae
3575 1387 3644 1458 (11
3682 1388 3843 1443 Petr.

2178 1481 2264 1544 ιι),
2298 1494 2331 1530 a
2363 1477 2534 1532 nobis
2572 1482 2630 1532 et
2660 1476 2732 1532 ab
2783 1474 3058 1531 omnibus
3102 1473 3378 1531 ﬁdelibus
3431 1492 3463 1531 a
3525 1475 3843 1531 liminibus

2178 1567 2433 1622 ecclesiae
2466 1573 2521 1621 ct
2549 1584 2579 1620 a
2613 1571 2761 1622 coetu
2805 1564 3070 1620 ﬁdelium
3123 1580 3311 1636 usque
3355 1565 3428 1620 ad
3475 1565 3842 1622 satisfactio-

2181 1672 2312 1709 nem
2357 1661 2497 1710 suut
2551 1655 2945 1719 eliminandae,
3007 1658 3063 1709 et
3115 1653 3449 1710 carceribus
3512 1654 3841 1722 tradendae,

2186 1742 2436 1814 qualiter
2460 1745 2629 1812 juxta
2659 1743 2720 1797 B.
2744 1741 3071 1812 apostolum
3104 1741 3352 1797 Paulum
3385 1743 3684 1798 tradentes
3718 1743 3843 1798 hu-

437 1796 544 1894 pro'
562 1821 656 1874 his
679 1809 1168 1903 σερίιυιεδονίυθι
1190 1807 1336 1878 legis
1362 1805 1673 1861 mundanae
1695 1799 2076 1873 capitulisin-
2107 1796 2156 1860 Β
2183 1796 3844 1903 {sanossummam...sin-mm“manu-

442 1908 689 1966 serenda
719 1902 1103 1960 decrevimus.

441 2002 575 2054 ttae.
607 1996 697 2049 6t.
729 2022 799 2032 ——
833 1993 894 2046 Ut
949 1986 1240 2042 viduitatis
1290 1984 1556 2054 professio
1595 1996 1790 2054 coram
1826 1981 2082 2054 episcopo

517 2070 635 2137 ﬁat.
668 2067 750 2120 Ex
778 2061 1010 2117 concilio
1041 2052 1314 2124 ArausicI,
1367 2071 1488 2121 cap.
1522 2055 1555 2105 6
1587 2052 1753 2121 (conc.
1798 2052 1994 2103 Araus.
2041 2065 2080 2113 1,

518 2155 638 2209 cap.
678 2137 790 2205 ‘27).

520 2229 631 2296 (27,
656 2241 709 2297 q.
748 2228 795 2292 1,
827 2238 873 2276 c.
913 2218 1245 2282 Viduitatis.)
1268 2210 1584 2268 Viduitatis
1621 2209 1919 2266 serVandae
1961 2224 2086 2279 pro-

449 2316 761 2372 fessionem
797 2325 993 2365 corani
1056 2305 1326 2376 episcopo
1362 2302 1418 2354 in
1453 2301 1764 2355 secretario
1798 2297 2082 2362 habitam,

446 2403 721 2476 imposita
749 2415 947 2454 coram
999 2395 1271 2465 episcopo
1329 2395 1486 2444 veste
1530 2386 1746 2442 viduali
1790 2402 1903 2439 non
1959 2401 2087 2439 esse

445 2473 797 2550 violandam.
832 2487 1028 2557 Ipsam
1061 2486 1253 2537 autem
1294 2478 1428 2533 talis
1484 2473 1860 2547 professionis
1895 2475 2087 2528 deser-

441 2584 674 2648 tricem,
699 2576 906 2632 merito
939 2570 1338 2628 damnandam
1373 2582 1500 2621 esse
1524 2563 1916 2619 decernimus.

442 2671 577 2728 CAP.
609 2669 699 2723 62.
733 2695 796 2707 -
832 2666 893 2720 Ut
926 2662 1112 2716 nullus
1143 2663 1277 2713 vetet
1309 2655 1502 2709 viduas
1545 2653 1858 2728 nubere,rsi
1903 2651 2086 2706 votue-

677 2740 812 2793 rint.
837 2738 919 2790 Ex
947 2730 1179 2787 concilio
1214 2729 1467 2784 Totetano
1502 2742 1585 2793 ιιι,
1617 2741 1734 2794 cap.
1773 2723 1856 2775 18.

515 2830 627 2899 (32,
659 2844 709 2898 q.
742 2827 797 2890 2,
830 2841 877 2879 c.
905 2824 1009 2876 Hoc
1036 2817 1335 2886 sanctum.)
1363 2815 1464 2868 Pro
1480 2811 1748 2867 consultu
1783 2809 2091 2899 castitatis,

448 2898 602 2990 quad
629 2914 881 2970 maxime
909 2909 1275 2964 hortamento
1297 2901 1530 2958 concilii
1563 2898 2090 2990 proﬁceregdebcat,

450 2988 746 3062 annuente
776 2999 1030 3072 glorioso
1076 2992 1312 3049 domino
1364 2995 1561 3045 nostro
1611 2988 1902 3042 Recaredo
1936 3002 2090 3057 rege,

449 3095 559 3149 hoc
589 3094 860 3147 sanctum
893 3080 1510 3151 confirmat[afﬁrmat,
1533 3078 1680 3145 orig.
1704 3075 2092 3145 ctGrat.]con-

448 3182 673 3246 cilium,
698 3183 763 3233 ut
792 3177 1000 3238 viduae,
1033 3171 1250 3242 quibus
1282 3167 1338 3239 pl

450 3280 588 3340 tem,
617 3267 782 3324 nulla
802 3265 856 3320 vi
887 3263 959 3318 ad
992 3260 1228 3331 nuptias
1252 3256 1550 3313 iterandas
1569 3252 1765 3308 venire
1783 3256 2088 3323 cogantur.

445 3359 608 3423 Quod
631 3356 680 3412 si
706 3354 1050 3426 priusquam
1074 3346 1459 3419 proﬁteantur
1489 3341 1936 3407 continentiam,
1982 3356 2091 3394 nu-

447 3449 578 3503 bere
608 3442 912 3514 elegerint,
937 3437 1056 3492 illis
1087 3434 1336 3499 nubant,
1370 3449 1516 3504 quos
1538 3429 1773 3501 propria
1793 3429 2091 3484 voluntate

444 3532 734 3589 voluerint
755 3529 969 3584 habere
1003 3525 1265 3580 maritos.
1288 3521 1511 3576 Similis
1534 3518 1791 3575 conditio
1814 3522 1869 3572 et
1893 3517 1961 3572 de
1984 3517 2092 3570 vir-

444 3622 678 3695 ginibus
703 3618 1003 3680 habeatur,
1028 3629 1133 3669 nec
1167 3615 1366 3667 contra
1387 3609 1752 3663 voluntatem
1781 3610 2091 3695 parentum

442 3694 531 3766 vel
562 3724 729 3764 suam
760 3710 1046 3778 cogantur
1079 3700 1322 3756 maritos
1359 3698 1635 3768 accipere.
1672 3695 1731 3750 Si
1775 3694 1908 3766 quis
1957 3709 2090 3749 vero

445 3797 808 3871 propositum
840 3790 1124 3850 castitatis
1154 3789 1340 3843 viduae
1363 3787 1451 3841 vel
1475 3783 1716 3856 virginis
1739 3783 1815 3837 im
1829 3782 2087 3871 pedieprit,

446 3870 479 3946 a
527 3891 730 3944 sancta
759 3881 1170 3940 communione
1199 3883 1256 3931 et
1285 3893 1318 3931 a
1350 3874 1664 3929 liminibus
1695 3871 1951 3927 ecclesia
1984 3870 2090 3926 ha-

446 3978 654 4033 beatur
683 3979 1015 4030 extraneus.

445 4072 576 4122 CAP.
607 4065 702 4119 63.
741 4093 810 4103 —
837 4062 899 4117 Ut
928 4057 1104 4113 viduae
1134 4071 1167 4108 a
1193 4053 1471 4124 praposito
1503 4049 1791 4124 uiduitatis
1814 4048 2090 4124 discedens

518 4120 594 4193 tes
625 4120 1205 4191 excommunicenturf
1224 4120 1307 4178 Eat
1335 4122 1792 4193 epistotaisancti
1841 4120 2095 4193 Gregorii

511 4191 674 4280 papa
702 4207 874 4260 missa
893 4201 963 4256 ad
994 4197 1343 4267 Boni/nciam
1361 4191 1614 4264 (capital.
1647 4191 1823 4246 addit.
1857 4192 1909 4258 4,
1944 4207 1991 4245 c.
2023 4192 2095 4245 65

514 4279 796 4436 .i,
816 4378 861 4416 c.
894 4359 1138 4424 Viduas.)
1159 4354 1382 4409 Viduas
1407 4370 1438 4408 a
1461 4350 1759 4424 proposito
1791 4350 2092 4406 disceden-

443 4461 532 4510 tes
547 4451 871 4519 viduitatis,
889 4463 1067 4518 super
1098 4444 1315 4517 quibus
1353 4459 1458 4496 nos
1483 4439 1788 4496 consulere
1813 4439 2092 4494 voluitdi-

2191 1922 2337 1974 ritus
2368 1921 2550 1974 salvus
2575 1920 2645 1974 sit
2669 1923 2729 1974 in
2759 1918 2849 1974 die
2879 1919 3102 1974 Domini
3120 1920 3166 1990 (I
3197 1919 3318 1975 Cor.
3367 1920 3444 1989 v).
3498 1919 3578 1974 De
3618 1919 3847 1976 talibus

2193 2010 2346 2063 enim
2381 2014 2435 2062 et
2469 2008 2750 2063 Dominus
2782 2023 2884 2078 per
2915 2007 3148 2079 Moysen
3181 2006 3446 2078 loquitur
3475 2008 3654 2078 (Deut.
3690 2009 3850 2080 x111),

2194 2097 2395 2151 dicens
2431 2113 2443 2152 :
2487 2096 2717 2150 Auferte
2743 2095 2965 2150 malum
2999 2097 3065 2150 de
3084 2095 3275 2150 medio
3304 2097 3500 2153 vestri.
3527 2098 3600 2152 De
3624 2097 3852 2167 quibus

2193 2190 2247 2240 et
2275 2201 2376 2256 per
2405 2185 2757 2257 Prophetam
2788 2185 2872 2240 ait
2903 2203 2916 2240 :
2943 2184 3245 2239 Laetabitur
3268 2186 3452 2256 justus
3487 2202 3610 2242 cum
3640 2186 3854 2242 viderit

2194 2273 2510 2340 vindictam,
2543 2291 2740 2329 manus
2760 2289 2886 2328 suas
2909 2273 3123 2328 lavabit
3152 2273 3212 2328 in
3241 2276 3512 2345 sanguine
3537 2279 3857 2345 peccatoris

2198 2364 2370 2449 (Psal.
2405 2363 2554 2434 1.v11).
2583 2368 2658 2418 De
2679 2363 2900 2417 talibus
2922 2378 3178 2433 namque
3207 2370 3258 2418 el
3291 2379 3493 2419 eorum
3525 2364 3858 2427 similibus.

2197 2452 2602 2522 atqueeisdem
2630 2451 3133 2506 consentientibus
3166 2450 3380 2506 dicitur
3412 2468 3425 2505 :
3461 2451 3606 2518 Quia
3634 2469 3749 2508 non
3767 2470 3863 2507 so-

2199 2542 2313 2594 lum
2341 2541 2437 2610 qui
2464 2541 2697 2608 faciunt,
2729 2539 2818 2594 sed
2847 2539 3018 2593 etiam
3067 2540 3164 2610 qui
3190 2542 3539 2596 consentiunt
3577 2542 3860 2610 facienti-

2200 2629 2315 2689 bus,
2350 2629 2430 2682 rei
2456 2627 2763 2697 judicandi
2798 2631 2937 2682 sunt
2967 2627 3137 2697 (Rom.
3177 2631 3240 2694 1).

2197 2739 2332 2790 CAP.
2365 2735 2454 2787 64.
2481 2762 2549 2773 —-
2583 2735 2644 2789 Ut
2675 2733 2853 2786 viduae
2885 2733 3088 2790 velatae
3117 2732 3187 2786 ad
3233 2735 3454 2790 nuptias
3501 2750 3609 2789 non
3665 2739 3865 2790 trans-

2269 2810 2417 2860 eant.
2451 2806 2532 2858 Ex
2561 2806 2796 2879 decretis
2825 2803 3027 2859 Getasii
3044 2821 3221 2876 papae,
3253 2803 3324 2860 ad
3359 2806 3672 2862 Siticienses
3693 2807 3856 2879 epis-

2274 2892 2451 2947 copos,
2483 2892 2604 2942 cap.
2635 2875 2688 2930 9.

2272 2965 2381 3034 (27,
2415 2981 2465 3033 q.
2503 2964 2551 3027 1,
2579 2980 2627 3018 c.
2659 2965 2837 3033 Neque
2868 2963 3105 3034 viduas.)
3135 2969 3335 3035 Neque
3360 2965 3568 3020 viduas
3620 2965 3693 3020 ad
3744 2983 3860 3022 nu-

2204 3053 2357 3123 ptias
2387 3051 2640 3106 transire
2672 3051 2951 3122 patimur,
2984 3069 3110 3122 quae
3141 3052 3200 3106 in
3235 3051 3505 3124 religioso
3550 3055 3862 3125 proposito

1345 3139 1564 3222 “uellit
1609 3139 1806 3220 {emere
1847 3139 2090 3218 sagum-
2121 3149 2163 3215 ρ
2204 3141 2486 3196 diuturna
2518 3139 2921 3195 observatione
2953 3145 3439 3211 permanserunt.
3472 3141 3759 3199 Similiter
3807 3147 3871 3198 et

2201 3230 2458 3301 virgines
2491 3230 2709 3285 nubere
2747 3229 3150 3300 prohibemus,
3195 3246 3341 3300 quas
3364 3231 3537 3286 annis
3584 3231 3868 3302 plurimis

2200 3318 2259 3373 in
2291 3318 2647 3372 monasterio
2679 3320 2907 3372 aetatem
2940 3317 3238 3389 peregisse
3273 3318 3600 3392 contigerit.

2202 3426 2333 3480 CAP.
2366 3424 2457 3478 65.
2483 3456 2548 3463 —
2587 3428 2666 3495 De
2694 3422 2862 3478 vidua
2891 3437 3017 3492 quw
3044 3423 3142 3477 sub
3172 3423 3400 3480 obtentu
3444 3425 3737 3495 religionis
3765 3444 3865 3483 ve-

2273 3496 2388 3549 lum
2415 3495 2529 3549 sibi
2555 3494 2625 3549 ad
2655 3502 2864 3564 tempus
2894 3495 3234 3564 imposuerit.
3279 3496 3364 3550 Ea:
3411 3494 3644 3565 epistola
3695 3499 3865 3555 Nico-

2273 3567 2564 3707 taiipapze,
2606 3582 2723 3636 cap.
2757 3565 2792 3619 5
2843 3567 3014 3636 (inter
3069 3565 3336 3638 rescripta
3381 3567 3501 3622 Nic.
3553 3586 3591 3636 1,
3644 3571 3729 3625 tit.
3768 3572 3861 3638 13,

2273 3654 2316 3693 c.
2412 3681 2424 3693 .

2269 3654 2316 3693 0.
2352 3654 2424 3693 1).

2271 3726 2539 3797 (Dist.27,
2571 3742 2617 3780 c.
2666 3724 2819 3792 Quod
2857 3726 3264 3797 interrogasti.)
3295 3725 3571 3783 Nicolaus
3621 3728 3860 3800 episco-

2204 3830 2308 3886 pus
2331 3829 2536 3868 servus
2565 3828 2860 3868 servorum
2901 3812 2996 3868 Dei
3018 3814 3504 3870 reverendissimo
3527 3819 3584 3871 et
3605 3819 3860 3874 sanctis-

2201 3904 2350 3960 simo
2373 3902 2648 3958 confratri
2677 3907 2878 3958 nostro
2910 3903 3220 3960 Adalwino
3253 3908 3464 3960 sanctis
3494 3904 3864 3964 Viennensis

2203 3991 2606 4062 [Vinanensis]
2631 3990 2899 4046 Ecclesiae
2935 3991 3395 4064 archiepiscopo.
3432 3995 3591 4060 Quod
3618 3995 3866 4052 interro-

2201 4079 2348 4147 gasti
2377 4081 2445 4133 de
2473 4080 2706 4145 femina,
2741 4096 2871 4151 quae
2923 4084 3054 4152 post
3093 4082 3319 4136 obitum
3345 4082 3540 4137 mariti
3573 4083 3665 4138 sui
3698 4085 3858 4142 vela-

2203 4185 2334 4222 men
2359 4184 2588 4222 sacrum
2617 4184 2796 4238 super
2813 4172 2990 4239 caput
3012 4185 3186 4224 suum
3215 4169 3574 4241 imposuit,et
3600 4172 3778 4229 ﬁnxit
3799 4192 3861 4231 se

2202 4256 2312 4311 sub
2345 4256 2546 4310 eodem
2579 4256 2867 4311 velamine
2899 4257 3408 4313 sanctimonialem
3451 4275 3604 4328 esse,
3648 4267 3862 4332 postea

2202 4361 2335 4399 vero
2365 4343 2436 4398 ad
2470 4344 2706 4415 nuptias
2738 4344 2929 4412 rediit,
2972 4345 3194 4400 bonum
3243 4345 3387 4401 mihi
3429 4346 3682 4416 videtur,
3719 4351 3863 4421 quia

2201 4449 2302 4504 per
2331 4432 2689 4503 hypocrisim
2713 4432 3172 4488 ecclesiasticam
3203 4436 3466 4505 regulam
3499 4438 3863 4494 conturbare

443 4543 612 4598 lectio
643 4547 746 4595 tua
777 4514 1348 4601 frater—charissima,
1374 4531 1545 4586 credo
1593 4535 1650 4584 te
1694 4545 1868 4584 nosse
1890 4545 1922 4582 a
1954 4545 2088 4583 san-
2121 4514 2168 4577 D
2200 4521 2402 4590 voluit,
2433 4525 2488 4575 et
2521 4538 2633 4575 non
2667 4519 2925 4592 legitime
2955 4522 3013 4575 in
3046 4527 3176 4577 voto
3222 4539 3328 4578 suo
3378 4525 3730 4594 permansit,
3788 4532 3852 4582 ut

443 4638 536 4687 cto
560 4629 736 4684 Paulo
757 4633 813 4682 et
835 4645 868 4681 a
901 4624 1107 4680 multis
1143 4621 1366 4677 sanctis
1387 4619 1680 4684 Patribus,
1710 4617 1821 4671 nisi
1854 4633 2089 4671 conver-

446 4725 664 4784 tantur,
693 4716 830 4773 olim
866 4731 995 4770 esse
1027 4714 1353 4771 damnatas,
1375 4723 1522 4778 quas
1546 4711 1602 4760 et
1632 4721 1738 4759 nos
1771 4705 2092 4774 apostolica

446 4808 790 4866 auctoritate
839 4805 1015 4857 damn
1030 4800 1237 4864 andas,
1261 4802 1362 4850 eta
1380 4793 1783 4849 communione
1808 4791 2086 4858 titlelium,

445 4903 619 4968 atque
643 4912 674 4950 a
697 4892 1000 4947 liminibus
1027 4887 1285 4942 ecclesiae
1307 4883 1590 4938 arcendas
1609 4882 1727 4935 fore
1757 4895 2085 4947 censemus,

443 5000 751 5058 usquequo
782 4979 1060 5036 obediant
1120 4976 1245 5030 suis
1303 4970 1615 5043 episcopis,
1667 4974 1724 5024 et
1764 4970 1832 5025 ad
1867 4969 2085 5024 bonum

441 5075 593 5147 quod
627 5074 948 5142 coeperunt,
971 5065 1165 5119 invita:
1198 5067 1298 5116 aut
1325 5058 1665 5113 voluntaria:
1698 5062 2082 5113 revertantur.

437 5167 518 5222 De
560 5161 889 5234 virginibus
922 5161 1116 5211 autem
1171 5169 1282 5206 non
1316 5148 1523 5204 velatis
1558 5150 1606 5205 si
1641 5147 2021 5216 deviaverint,
2054 5165 2086 5203 a

436 5260 650 5310 sancta:
676 5238 977 5305 memoria:
1029 5243 1453 5314 praedecessore
1485 5243 1684 5293 nostro
1736 5253 1884 5309 papa
1915 5237 2081 5292 Inno-

433 5345 621 5400 centio
644 5339 834 5396 taliter
851 5337 1150 5391 decretum
1168 5330 1483 5386 habemus:
1513 5327 1611 5381 Has
1635 5343 1768 5380 vero
1793 5342 1921 5396 quae
1954 5341 2083 5382 nec.

431 5435 572 5488 dum
606 5445 771 5486 sacro
803 5423 1088 5482 velamine
1117 5425 1279 5475 tectae
1325 5422 1520 5472 tamen
1548 5417 1605 5469 in
1633 5414 1930 5486 proposito
1960 5414 2081 5470 vir-

430 5520 607 5593 ginali
639 5533 872 5590 semper
899 5531 960 5568 se
993 5509 1421 5567 simulaverunt
1445 5518 1806 5577 permanere,
1833 5502 1968 5558 licet
1985 5518 2078 5559 ve-

433 5611 564 5670 latis
595 5625 710 5667 non
742 5605 982 5677 iuerint,
1011 5602 1060 5660 si
1093 5597 1423 5679 nupserint,
1469 5594 1766 5669 aliquanto
1814 5596 2078 5671 tempore

2199 4609 2598 4682 pmnitentiam
2631 4613 2767 4681 agat
2795 4610 2866 4664 de
2898 4608 3171 4666 illusione
3204 4610 3474 4680 nefanda,
3501 4615 3557 4668 et
3586 4619 3850 4671 reverta-

2198 4705 2294 4755 tur
2315 4698 2465 4753 adid
2487 4699 2642 4768 quod
2675 4699 3009 4770 spopondit,
3040 4703 3096 4754 et
3118 4701 3176 4753 in
3202 4715 3368 4754 sacro
3391 4700 3726 4757 ministerio
3759 4704 3849 4759 in-

2198 4787 2448 4843 choavit.
2475 4793 2642 4855 Nam,
2665 4787 2714 4841 si
2745 4786 3220 4842 consenserimus
3243 4789 3398 4858 quod
3427 4789 3629 4844 omnia
3649 4807 3853 4847 sacra-

2199 4881 2392 4931 menta
2422 4874 2842 4941 ecclesiastica,
2858 4874 3104 4946 quisque
3124 4875 3431 4945 proutvult
3453 4877 3724 4948 tingat,et
3739 4895 3856 4934 non

2196 4981 2324 5020 vere
2349 4963 2542 5032 faciat,
2575 4963 2764 5017 omnis
2805 4964 2942 5018 ordo
2992 4963 3429 5020 ecclesiasticus
3471 4967 3855 5022 conturbabi-

2194 5058 2309 5120 tur,
2336 5069 2439 5107 nec
2456 5049 2754 5106 catholicae
2780 5051 3064 5121 fideijura
3086 5052 3434 5122 consistent,
3462 5070 3569 5109 nec
3593 5071 3852 5112 canones

2195 5141 2342 5196 sacri
2360 5141 2468 5195 rite
2490 5138 2977 5194 observabuntur.
3009 5139 3158 5204 Quid
3193 5140 3349 5197 enim
3375 5142 3594 5213 proluit
3624 5144 3849 5200 Simoni

2194 5237 2352 5303 Mago
2384 5229 2743 5300 baptismum
2777 5245 3012 5285 sacrum
3042 5230 3172 5286 ﬁcte
3194 5230 3583 5303 suscipere,et
3606 5233 3667 5288 in
3684 5234 3856 5289 Chri-

2193 5319 2487 5376 stianitate
2505 5334 2949 5388 permansurum
2973 5334 3034 5374 se
3058 5319 3461 5390 ﬁnxisse,cum
3479 5335 3584 5392 per
3603 5324 3851 5393 Aposto-

2192 5408 2314 5463 lum
2346 5407 2548 5461 fraude
2580 5407 2708 5476 ejus
2739 5407 2986 5474 detecta,
3026 5408 3167 5478 quid
3210 5409 3324 5464 sibi
3378 5410 3644 5466 futurum
3691 5417 3853 5469 esset

2191 5495 2650 5568 praenuntiatum
2684 5495 2801 5550 est!
2837 5496 2933 5550 Ait
2977 5496 3136 5552 enim
3171 5513 3184 5552 :
3219 5501 3470 5554 Pecunia
3517 5505 3620 5554 tua
3668 5505 3851 5558 tecum

2186 5590 2258 5644 sit
2286 5588 2346 5642 in
2375 5584 2768 5658 perditionem,
2791 5600 2884 5641 cor
2902 5586 3055 5642 enim
3087 5593 3243 5644 tuum
3270 5602 3381 5645 non
3411 5596 3491 5646 est
3522 5593 3737 5648 rectum
3759 5607 3846 5655 co-
