3994 6052
190 216 291 273 561

1132 228 1439 281 DECRETI
1480 229 1664 282 PARS
1702 229 1821 280 VII.
1855 254 1920 264 -—
1963 229 2057 279 DE
2096 230 2485 297 MONACHIS,
2525 233 2673 286 ETC.

3504 227 3611 283 562

190 364 312 402 ram
348 347 472 401 Deo.
496 349 884 405 Paenitentiam
916 350 1103 422 itaque
1123 368 1221 421 age
1237 352 1304 407 ab
1325 358 1423 407 hac
1443 353 1695 423 nequitia
1726 363 1843 422 tim,
1882 355 1931 418 Α
1962 355 2088 406 CAP.
2121 355 2208 409 68.
2242 386 2309 394 —
2339 358 2412 411 De
2456 356 2635 410 viduis
2668 356 2858 410 velatis
2906 358 2958 409 si
3006 355 3368 422 voluptatibus
3413 358 3603 411 carnis

190 446 248 492 et
278 453 409 504 roga
442 439 630 507 Deum,
667 441 718 493 si
766 443 908 509 forte
964 443 1287 495 remittatur
1311 441 1415 495 tibi
1444 443 1561 498 haec
1590 443 1857 509 cogitatio

191 526 369 582 cordis
401 528 505 581 tui.
540 529 599 581 In
629 527 768 595 felle
798 530 949 583 enim
980 530 1380 584 amaritudinis
1423 536 1475 585 et
1523 532 1855 601 obligatione

191 616 512 686 iniquitatis
558 617 710 671 video
762 626 811 671 te
853 634 968 673 esse
998 620 1131 681 (Act.
1165 620 1309 689 vm).
1363 620 1493 675 Ideo
1544 618 1688 674 tales
1738 610 1852 673 nisi

191 703 565 773 resipiscam,
600 705 890 775 spirituali
941 706 1138 778 gladio
1184 712 1482 778 percutere
1521 720 1849 783 censemusj

191 791 316 846 Non
368 793 523 848 enim
580 794 664 848 fas
710 799 798 849 est
848 796 1089 867 Spiritui
1141 801 1341 852 sancto
1389 797 1645 867 mentiri,
1679 789 1851 853 sicut1

186 881 447 937 Ananiae
478 886 535 937 et
570 884 819 954 Sapbira
850 884 1076 941 mentiti
1110 891 1270 956 sunt,
1302 890 1357 942 et
1414 888 1611 942 statim
1660 889 1843 958 perie-

190 974 331 1024 runt
360 970 501 1039 (Act.
538 974 612 1039 v).

185 1060 316 1112 CAP.
463 1090 547 1134 _—_
569 1061 643 1134 De
669 1060 851 1134 viduis
880 1070 930 1116 et
954 1061 1159 1131 puellis
1190 1078 1315 1133 quae
1345 1066 1404 1119 in
1433 1064 1682 1120 domibus
1711 1082 1841 1134 pro-

259 1130 406 1205 priis
455 1130 704 1185 habitum
752 1130 1035 1205 religionis
1081 1130 1448 1205 susceperunt.
1486 1138 1566 1191 Ea:
1612 1130 1842 1194 concilio

262 1200 508 1279 Toletano
540 1218 759 1279 πνέῃ).
784 1200 1058 1274 57⁷(εοηε.
1095 1200 1274 1261 Paris.
1309 1225 1364 1272 v,
1397 1223 1440 1261 c.
1482 1209 1567 1277 13,
1598 1208 1835 1279 Capitul.

260 1272 355 1325 lib.
390 1289 489 1341 v11,
525 1289 572 1327 c.
604 1274 753 1344 257).

257 1360 366 1429 (27,
392 1377 442 1431 q.
470 1361 521 1426 1,
547 1376 591 1415 c.
627 1365 707 1414 De
729 1362 909 1416 viduis
929 1363 1027 1433 et.)
1052 1363 1130 1418 De
1162 1364 1351 1419 viduis
1383 1370 1438 1420 et
1468 1365 1679 1435 puellis
1711 1384 1836 1436 quae

179 1447 455 1504 habitum
490 1449 789 1522 religionis
823 1451 879 1505 in
914 1452 1189 1507 domibus
1223 1455 1471 1524 propriis
1522 1461 1641 1508 tam
1674 1473 1706 1509 a
1738 1473 1836 1524 pa-

180 1537 470 1606 rentibus,
496 1555 673 1607 quam
708 1556 808 1602 per
837 1557 899 1595 se
928 1546 1316 1611 mutaverunt,
1340 1544 1389 1597 si
1414 1549 1614 1613 postea
1634 1550 1837 1600 contra

180 1625 456 1685 instituta
498 1628 736 1682 Patrum
768 1631 855 1683 vel
890 1636 1177 1701 praecepta.
1224 1649 1513 1686 canonum
1564 1634 1837 1705 conjugis.

2035 425 2302 481 inservire
2332 431 2684 482 accusantur.
2720 431 2804 482 Ea:
2832 428 3061 483 concilio
3095 426 3387 493 Meldensi,
3416 443 3538 495 cap.
3571 429 3607 481 2

2035 496 2151 563 (sub
2182 500 2368 567 Sergio
2398 501 2464 565 II,
2495 516 2613 569 cap.
2648 499 2759 569 70).

2036 584 2106 639 Ut
2136 585 2246 639 illae
2279 603 2405 657 quae
2438 588 2605 658 quasi
2638 585 3118 641 sanetimouiales
3168 585 3277 641 sub
3320 586 3607 641 velamine

1960 672 2261 743 religionis
2292 677 2497 743 degere
2528 675 2815 742 videntur,
2838 676 2937 728 sed
2969 676 3164 743 potius
3190 674 3247 727 in
3279 674 3505 729 deliciis
3523 675 3607 729 vi-

1958 766 2161 816 ventes
2209 769 2448 818 mortuae
2480 764 2537 817 in
2570 763 2781 817 divinis
2813 762 2999 817 oculis
3032 768 3471 833 computantur,
3505 779 3608 833 per

1958 852 2284 922 provincias
2305 853 2699 908 discurrentes
2724 853 2963 905 curiosis
2990 852 3233 920 [otiosae]
3254 856 3309 904 et
3327 851 3602 915 verbosas,

1955 940 2004 994 si
2037 939 2383 995 libidinibus
2413 940 2750 1009 caeterisque
2782 940 2974 995 carnis
3006 938 3602 1008 voluptatibusinser-

1952 1028 2070 1083 vire
2102 1034 2476 1093 accusantur,
2510 1030 2557 1083 si
2592 1028 2900 1083 manifeste
2933 1026 3120 1097 detegi
3154 1025 3604 1097 potuerint,epi-

1953 1118 2169 1188 scopali
2207 1120 2549 1173 auctoritate
2572 1123 2626 1171 et
2650 1118 2807 1189 regia
2830 1115 3198 1186 potestate,in
3221 1114 3437 1168 talibus
3457 1114 3603 1169 locis

1950 1208 2204 1263 residere
2239 1208 2348 1263 sub
2380 1207 2711 1262 testimonio
2746 1205 3017 1277 religioso
3036 1207 3337 1274 cogantur,
3365 1202 3464 1256 ubi
3487 1218 3599 1273 pm-

1949 1296 2255 1351 nitentiam
2306 1297 2351 1350 si
2406 1296 2647 1350 fecerint
2694 1295 2953 1365 dignam.
2990 1296 3379 1361 assequentur
3421 1290 3596 1346 etiam

1948 1386 2328 1441 fructuosam.
2347 1384 2405 1438 Si
2428 1386 2583 1439 enim
2611 1383 2920 1437 manifeste
2941 1380 3128 1451 detegi
3149 1398 3261 1434 non
3280 1379 3593 1444 valuerint,

1946 1491 2082 1544 erga
2112 1474 2419 1529 ecclesiam
2454 1491 2570 1528 suae
2604 1472 2898 1543 opinionis
2931 1469 3143 1524 malam
3178 1470 3392 1523 famam
3426 1484 3594 1523 cano-

1946 1564 2073 1618 nice
2122 1579 2371 1633 purgare
2416 1565 2736 1632 cogantur;
2772 1565 2828 1614 et
2859 1564 2922 1613 ut
2951 1558 3281 1629 religiosius
3299 1558 3368 1611 de
3385 1563 3591 1612 caetero

1944 1651 2220 1717 vivant,et
2241 1652 2296 1704 in
2324 1649 2692 1705 monasteriis
2714 1645 3477 1716 conserventurepiscopuli
3498 1646 3593 1699 de-

178 1715 539 1769 crediderint
595 1716 945 1787 copulanda,
978 1720 1176 1774 tandiu
1240 1722 1470 1790 utrique
1527 1724 1830 1792 [utraeque,

1954 1746 2097 1795 creto
2146 1715 2203 1795 et
2253 1739 2411 1809 regia
2460 1741 2739 1809 potestate
2771 1742 3165 1790 coerceantur.
3201 1736 3277 1789 De
3310 1735 3402 1788 his
3432 1734 3588 1788 enim

178 1803 359 1873 Crat.)
391 1804 716 1860 habeantur
746 1824 778 1861 a
808 1808 1221 1863 communione
1254 1811 1521 1878 suspensi
1558 1812 1830 1882 [suspen-

174 1910 277 1959 διε,
313 1893 508 1965 Grat.],
540 1910 657 1965 quo
690 1912 877 1967 usque
908 1898 1060 1967 quod
1096 1897 1293 1953 illicite
1326 1904 1828 1969 perpetraverunt,

173 1983 510 2037 emendent.
544 1984 705 2048 Quod
744 1984 792 2038 si
835 1986 1144 2041 emendare
1193 1987 1570 2058 neglexerint,
1606 2007 1637 2042 a
1667 2006 1826 2044 com-

172 2072 454 2127 munione
478 2077 535 2128 et
556 2073 819 2128 omnium
851 2075 1315 2131 Christianorum
1338 2079 1595 2134 convivio
1623 2079 1677 2133 in
1706 2096 1828 2150 per-

175 2166 419 2232 petuum
456 2161 576 2217 sint
606 2168 1007 2233 sequestratae.

174 2249 430 2326 Caram.
462 2282 529 2290 -—
577 2251 727 2326 Quod
783 2259 1008 2306 sanctus
1064 2251 1353 2323 Gregorius
1406 2257 1700 2325 quamdam
1742 2259 1827 2326 fe-

250 2320 461 2376 minam
510 2323 762 2387 velatam,
815 2338 938 2397 quce
983 2320 1201 2397 sacrum
1245 2320 1584 2397 propositum
1640 2320 1828 2383 trans-

249 2409 437 2469 gressa
462 2397 629 2469 “erat
686 2394 1085 2469 _comprehendz'
1116 2394 1389 2469 jusserit.
1449 2400 1529 2452 Ex
1601 2403 1829 2469 registro

248 2463 495 2542 Gregorii
549 2464 635 2542 ad
671 2463 1053 2542 Vitalianum'
1103 2466 1454 2534 Sipontinum
1520 2463 1827 2542 epist-bpum

243 2534 371 2604 (lib.
405 2552 482 2589 vn
514 2537 755 2605 registri,
786 2552 833 2591 c.
865 2538 942 2604 9).

247 2625 363 2694 (27,
396 2642 447 2695 q.
482 2626 532 2694 t,
565 2642 610 2679 c.
646 2624 705 2679 Si
734 2627 955 2697 custos.)
983 2626 1040 2681 Si
1075 2632 1269 2683 custos
1301 2629 1555 2700 religiosi
1589 2630 1827 2687 habitus

171 2713 411 2778 fuisses,
445 2718 545 2768 aut
575 2731 703 2769 esse
735 2730 939 2770 nosses
970 2716 1299 2788 episcopus,
1338 2719 1516 2773 ﬁliam
1562 2719 1829 2791 gloriosae

176 2802 475 2857 memoria:
504 2802 755 2858 Tulliani
792 2804 1053 2875 magistri
1088 2805 1330 2874 militiae,
1364 2811 1417 2862 te
1449 2807 1567 2863 illic
1616 2810 1825 2881 posito,

173 2906 280 2945 nec
326 2891 600 2961 projectis
650 2890 939 2964 religiosis
974 2894 1235 2950 vestibus
1266 2897 1337 2950 ad
1370 2898 1704 2953 saecularem
1738 2917 1825 2955 re-

172 2977 319 3033 verti
344 2978 635 3047 habitum,
672 2996 775 3035 nec
806 2981 877 3035 ad
912 2998 1017 3036 nos
1052 2981 1313 3039 licuisset
1343 3001 1672 3055 perversam
1705 2989 1826 3058 epi-

172 3066 387 3122 stolam
408 3067 722 3123 destinare.
741 3068 874 3137 Sed,
898 3070 1036 3140 quia
1054 3070 1237 3126 nimia
1267 3072 1492 3128 desidia
1509 3091 1573 3128 ac
1594 3079 1825 3146 torpore
1856 3086 1898 3153 α

170 3156 607 3227 deprimeris,in
634 3163 731 3212 tuo
746 3158 1023 3213 dedecore
1036 3174 1128 3215 res
1141 3161 1211 3214 ad
1228 3178 1483 3232 praesens
1498 3162 1824 3218 illicitaim-

171 3260 329 3315 pune
388 3245 703 3300 commissa
733 3249 840 3301 est.
872 3249 1041 3312 Nam,
1077 3247 1227 3303 sicut
1262 3251 1481 3320 praefati
1512 3268 1745 3318 sumus,
1775 3243 1823 3307 si

166 3331 457 3388 sollicitus
480 3335 847 3406 esses,prius
882 3336 952 3389 ad
989 3353 1094 3391 nos
1128 3337 1269 3392 ultio
1302 3339 1566 3395 mulieris
1599 3340 1822 3410 pravis-

168 3422 337 3477 simaa
369 3439 543 3494 quam
575 3422 745 3494 culpa
769 3423 970 3478 debuit
988 3426 1306 3495 pervenire.
1334 3428 1479 3490 Quia
1499 3428 1822 3498 igiturtan-

168 3516 297 3565 tum
332 3511 534 3577 hebes,
569 3516 916 3583 tantumque
947 3530 1009 3567 es
1042 3513 1360 3585 negligens,
1394 3520 1457 3570 ut
1489 3517 1599 3571 nisi
1648 3535 1823 3573 cano-

169 3600 361 3654 nicam
393 3600 449 3653 in
483 3605 540 3655 te
575 3601 750 3656 lueris
776 3601 1133 3657 coercionem
1162 3609 1450 3674 expertus,
1480 3606 1535 3659 in
1571 3605 1700 3662 aliis
1731 3608 1821 3660 di-

167 3687 523 3742 strictiorem
558 3688 933 3758 disciplinam
967 3692 1195 3748 nescias
1225 3694 1539 3762 custodire,
1573 3694 1825 3765 qualiter

166 3776 382 3831 debeas
410 3792 539 3831 esse
569 3777 877 3846 sollicitus,
907 3795 1165 3851 congrue
1192 3780 1319 3849 tibi,
1344 3781 1391 3835 si
1419 3783 1666 3838 Domino
1700 3786 1820 3853 pla-

166 3864 373 3929 cuerit,
408 3867 669 3935 tempore
701 3867 1260 3924 demonstrabimus.
1297 3871 1609 3927 Praesentia
1643 3872 1823 3943 igitur

166 3952 389 4022 scripta
419 3954 751 4024 suscipiens
783 3955 1084 4027 evigilalet
1105 3958 1390 4013 excitatus
1423 3960 1628 4015 saltem
1660 3978 1820 4017 exse-

167 4042 540 4111 quere,quod
576 4058 817 4112 pressus
851 4060 1005 4097 nunc
1037 4061 1222 4115 usque
1254 4046 1480 4117 ignavia
1512 4049 1817 4105 distulisti.

168 4130 471 4184 Instantiae
499 4145 630 4198 ergo
659 4136 767 4185 tuas
817 4131 894 4186 sic
950 4133 1282 4203 pres-dictam
1340 4136 1643 4192 mulierem
1703 4156 1821 4193 una

167 4232 302 4270 cum
327 4217 527 4288 Sergio
547 4218 850 4274 defensore
867 4218 1281 4293 [nostro,orig.]
1304 4226 1818 4296 comprehendere,

167 4310 225 4360 et
256 4305 458 4360 statim
493 4323 606 4361 non
640 4307 829 4362 solum
850 4309 916 4363 ad
942 4309 1091 4364 male
1116 4316 1516 4383 contemptum
1552 4314 1818 4370 habitum

164 4394 293 4448 sine
323 4395 700 4451 excusatione
730 4396 925 4468 aliqua
957 4414 1246 4470 revocare,
1272 4402 1367 4455 sed
1395 4403 1571 4457 etiam
1608 4405 1662 4458 in
1697 4421 1819 4459 mo-

166 4482 443 4549 nasterio,
478 4484 578 4539 ubi
613 4483 851 4540 omnino
884 4486 1149 4543 districts
1180 4488 1371 4545 valeat
1401 4493 1699 4559 custodiri,
1733 4494 1827 4547 de-
1857 4452 1902 4515 Β

165 4571 424 4641 trudere,
444 4576 500 4626 et
530 4573 606 4627 ita
636 4590 869 4629 omnem
888 4575 1042 4630 circa
1067 4575 1225 4631 illam
1246 4578 1701 4635 sollicitudinem
1721 4599 1818 4637 ex-

166 4659 386 4724 hibere,
425 4664 693 4732 utquam
740 4663 819 4717 sit
869 4664 1157 4719 nefarium
1207 4669 1361 4736 quod
1412 4670 1707 4724 commisit
1754 4687 1822 4724 ex

164 4754 267 4801 tua
328 4749 514 4818 possit
561 4750 926 4806 districtione
973 4768 1340 4822 cognoscere.
1384 4757 1506 4819 Qua
1554 4758 1609 4811 in
1662 4776 1720 4812 re
1770 4759 1818 4813 si

168 4838 303 4908 quis
335 4838 513 4907 (quod
549 4855 662 4893 non
695 4840 1016 4904 credimus)
1047 4841 1331 4899 laicorum
1366 4844 1562 4916 aliquo
1594 4847 1695 4900 tibi
1730 4846 1818 4901 in-

164 4924 333 4993 genio
346 4927 1079 4984 tentaveritobsistendum
1096 4947 1128 4985 a
1142 4932 1529 4987 sanctissimae
1542 4949 1675 4987 eum
1692 4951 1818 4989 com

167 5012 468 5068 munionis
490 5015 937 5087 participatione
960 5020 1277 5090 suspende,
1297 5021 1582 5093 nobisque
1607 5039 1819 5077 renun-

165 5101 313 5156 tiare
345 5101 559 5158 festina
592 5108 655 5158 ut
685 5109 970 5175 quantum
1001 5106 1077 5161 sit
1106 5110 1461 5167 exsecrabile
1494 5112 1646 5182 quod
1677 5128 1819 5182 prae-

168 5190 372 5259 sumit,
398 5196 707 5263 postquam
741 5193 1206 5253 consideratione
1228 5199 1461 5271 propria
1481 5217 1595 5255 non
1618 5202 1820 5256 adver-

168 5280 259 5344 tit,
291 5282 722 5337 emendationis
755 5282 1039 5353 qualitate
1070 5296 1400 5357 cognoscat.
1422 5290 1482 5344 In
1504 5288 1594 5345 his
1625 5294 1819 5344 autem

172 5367 447 5425 omnibus
477 5371 555 5424 ita
582 5376 819 5426 cautum
852 5389 917 5427 ac
948 5374 1118 5429 stude
1167 5376 1501 5447 vigilantem
1538 5384 1590 5432 te
1622 5386 1819 5434 osten-

172 5456 326 5524 dere,
354 5462 417 5512 ut
448 5458 678 5530 culpam
712 5464 874 5516 tuam
908 5478 1021 5517 non
1058 5463 1356 5533 geminare
1388 5466 1816 5538 neglectus,sed

174 5543 606 5619 aliquantisper
635 5548 820 5606 valeat
850 5555 908 5606 et
938 5551 1271 5609 sollicitudo
1303 5555 1584 5611 minuere.

1938 1828 2252 1900 Apostolus
2306 1828 2447 1882 dicit
2490 1846 2501 1882 :
2563 1829 2695 1891 Quae
2745 1841 2877 1879 cum
2932 1825 3223 1878 fornicata)
3268 1823 3485 1878 fuerint
3529 1824 3591 1876 in

1941 1917 2170 1982 Christo,
2205 1918 2412 1971 nubere
2446 1917 2630 1971 volunt
2661 1916 2708 1984 (l
2744 1915 2874 1967 Tim.
2907 1915 2983 1980 v).

1938 2025 2071 2081 CAP.
2105 2026 2194 2079 69.
2228 2056 2295 2064 —-
2349 2026 2408 2080 Ut
2463 2023 2725 2091 sacrilegi
2781 2021 3116 2088 iudicentur,
3160 2020 3261 2091 qni
3315 2034 3370 2091 se
3422 2018 3593 2071 sacris

2007 2096 2230 2166 feminis
2277 2096 2619 2150 miscuerint.
2652 2089 2735 2147 Ex
2762 2091 2994 2148 concilio
3044 2089 3375 2154 Arelatensi,
3406 2104 3524 2157 cap.
3556 2091 3589 2141 7

2011 2169 2093 2238 (in
2122 2168 2370 2240 fragm).

2011 2258 2120 2329 (27,
2149 2276 2200 2327 q.
2238 2258 2285 2321 1,
2319 2272 2368 2311 c.
2413 2252 2748 2319 Sciendum.)
2802 2250 3115 2306 Sciendum
3170 2253 3259 2303 est
3312 2248 3587 2302 omnibus

1939 2347 2090 2417 quod
2121 2346 2235 2399 Deo
2268 2349 2634 2398 sacratarum
2668 2340 3017 2395 feminarum
3051 2353 3311 2407 corpora,
3349 2353 3447 2406 per
3489 2353 3587 2391 vo-

1935 2438 2063 2490 tum
2116 2433 2357 2503 prepriaa
2410 2429 2747 2501 sponsionis
2786 2439 2840 2481 et
2875 2429 3047 2482 verba
3094 2425 3434 2492 sacerdotis,
3470 2424 3584 2479 Deo

1937 2529 2275 2577 consecrata
2321 2520 2541 2589 templa
2588 2534 2736 2579 esse.
2767 2516 3197 2585 Scripturarum
3232 2512 3587 2567 testimoniis

1937 2611 2433 2680 comprobantur:
2469 2612 2525 2661 et
2557 2608 2685 2661 ideo
2714 2605 3021 2659 violatores
3062 2618 3284 2666 earum,
3317 2600 3584 2671 sacrilegi

1937 2719 2003 2758 ac
2026 2703 2194 2771 juxta
2226 2699 2563 2771 Apostolum
2597 2697 2699 2751 filii
2725 2692 3070 2767 perditionis
3101 2708 3229 2746 esse
3262 2695 3587 2745 noscuntur

1936 2791 2295 2934 $3201.”:
2329 2879 2399 2933 De
2451 2877 2534 2929 his
2582 2876 2676 2946 qui
2722 2870 3173 2946 sanctimoniales
3223 2869 3463 2946 virgines
3508 2868 3588 2946 vel

2008 2951 2199 3005 viduas
2276 2951 2533 3021 rapiunt.
2588 2940 2677 3000 Ἐκ
2730 2943 2958 3000 concilio
3013 2941 3307 3008 Mcldensi,
3362 2955 3490 3008 cap.
3550 2940 3588 2992 6

2006 3026 2148 3092 (cap.
2180 3023 2289 3089 67).

2008 3111 2115 3177 Qui
2146 3106 2621 3165 sanctimoniales
2652 3103 2928 3175 virgines,
2961 3099 3049 3153 vel
3081 3099 3287 3153 viduas
3327 3097 3583 3168 rapiunt,

1936 3204 1992 3255 et
2022 3216 2332 3270 progressu
2366 3197 2539 3252 etiam
2574 3192 2839 3249 criminis
2864 3191 2919 3244 in
2945 3188 3284 3259 conjugium
3320 3190 3583 3255 sumunt,

1934 3287 2180 3360 publicae
2217 3283 2563 3358 poenitentia.-
2595 3282 2947 3353 subigantur
2981 3278 3163 3350 [juxta
3185 3277 3419 3330 modum
3446 3274 3582 3344 qui-

1934 3377 2044 3433 bus
2077 3376 2404 3448 praaviderit
2432 3374 2761 3445 episcopus,
2784 3368 2948 3440 orig.]
2976 3367 3119 3438 Ipsae
3168 3381 3299 3419 vero
3352 3362 3579 3418 feminae

1933 3465 2078 3522 locis
2107 3464 2379 3535 congruis
2410 3460 2758 3533 poenitentiae
2789 3458 3188 3518 retrudantur,
3222 3459 3277 3507 et
3307 3453 3374 3507 ad
3410 3451 3579 3506 habi-

1932 3559 2059 3610 tum
2105 3553 2402 3624 religionis
2436 3551 2623 3605 redire
2654 3551 2958 3618 cogantur.
2996 3546 3122 3614 Ipse
3170 3547 3368 3597 autem
3419 3540 3576 3595 ince-

1933 3652 2170 3699 stuosus
2201 3641 2327 3695 sine
2359 3640 2626 3711 [uterque
2656 3641 2848 3691 autem
2874 3633 3020 3698 sine,
3045 3632 3212 3700 orig]
3233 3647 3335 3700 spe
3366 3628 3579 3684 uxoriae

1932 3729 2322 3803 copulationis
2336 3726 2671 3799 perenniter
2686 3721 3062 3782 maneat,nisi
3082 3720 3339 3773 nescisse
3356 3733 3417 3771 se
3433 3716 3583 3771 vela-

1932 3824 2050 3876 tam
2068 3833 2386 3889 expurgare
2407 3813 2814 3886 potuerit[hazc
2830 3812 3032 3864 absunt
3054 3808 3120 3862 ab
3143 3804 3402 3874 orig.].Si
3424 3820 3580 3869 vero,

1934 3909 2086 3980 quod
2114 3904 2299 3962 absit!
2331 3905 2605 3975 conjugis
2624 3902 2834 3956 iterare
2853 3891 3581 3980 praesumpserint,acriori

1932 3979 2264 4053 subdantur
2296 3993 2582 4057 vindictae,
2616 3995 2672 4045 et
2705 3988 2960 4059 amplius
2993 3979 3583 4055 propellantur.Quod

1934 4086 2078 4158 [qui,
2102 4083 2335 4155 orig.]si
2367 4083 2510 4136 forte
2542 4079 2778 4135 obedire
2812 4074 3051 4130 monitis
3085 4070 3444 4127 salutaribus
3476 4084 3581 4121 no—

1930 4173 2169 4242 luerint,
2202 4170 2783 4226 anathematizentur.

1931 4281 2067 4336 CAP.
2098 4280 2187 4333 71.
2223 4309 2287 4318 -
2320 4276 2467 4344 Quod
2495 4275 2692 4329 clerici
2721 4281 2769 4326 et
2800 4271 2931 4347 laici
2954 4285 3097 4347 cum_
3111 4268 3244 4320 bono
3275 4264 3580 4347 tes'tiingnio

2000 4368 2127 4405 cum
2159 4334 2560 4416 sacris‘puellis
2593 4347 2744 4415 loqui
2772 4342 3021 4397 debeant.
3056 4340 3137 4392 Ex
3184 4336 3414 4391 concilio
3445 4334 3580 4403 Spa-

2007 4424 2167 4486 lensi,
2193 4437 2315 4490 cap.
2350 4421 2436 4475 10.

2014 4513 2139 4566 Haec
2171 4508 2394 4565 cautela
2419 4507 2571 4561 circa
2602 4519 2803 4559 omnes
2828 4504 3111 4566 servetur,
3135 4501 3199 4552 ut
3220 4494 3348 4551 laici
3378 4494 3584 4549 remoti

1931 4618 1964 4655 a
1994 4599 2395 4671 peccliaritate
2426 4595 2740 4665 virginum,
2772 4606 2874 4645 nec
2909 4604 3094 4658 usque
3125 4588 3193 4640 ad
3229 4582 3581 4639 vestibulum

1930 4689 2185 4745 habeant
2198 4685 2509 4741 accedendi
2532 4684 2579 4737 fa
2592 4680 2815 4736 miliare
2831 4672 3466 4751 permissum.Necipse
3479 4672 3579 4769 qui

1931 4782 2142 4848 praeest
2173 4791 2301 4829 cum
2334 4772 2457 4827 sola
2489 4768 2738 4839 colloqui
2763 4768 2953 4833 debet,
2975 4765 3072 4819 sed
3103 4763 3212 4818 sub
3243 4763 3582 4815 testimonio

1930 4847 2178 4921 duarum
2212 4867 2313 4917 aut
2343 4862 2521 4916 trium
2554 4855 2941 4925 sororum,ita
2964 4858 3026 4908 ut
3051 4870 3178 4907 rara
3201 4850 3279 4905 sit
3301 4847 3579 4911 accessio,

1929 4952 2237 5022 brevisque
2266 4950 2501 5005 locutio.

1930 5061 2058 5116 Car.
2091 5060 2180 5112 72.
2214 5091 2281 5099 —
2308 5058 2455 5126 Quod
2486 5056 2748 5111 mulieres
2799 5050 2995 5126 velatae
3024 5056 3117 5105 aut
3146 5048 3203 5102 in
3236 5044 3581 5126 monasteriis

2000 5140 2096 5185 aut
2127 5132 2180 5185 in
2211 5116 2461 5185 doiriibus
2492 5130 2607 5183 suis
2636 5126 2887 5181 habitum
2918 5123 3218 5178 observent.
3239 5122 3319 5173 Ex
3347 5116 3580 5171 decretis

2003 5204 2241 5271 Eugenii
2266 5218 2441 5272 papae,
2472 5217 2588 5270 cap.
2621 5200 2709 5252 26.
3040 5282 3049 5283 ί
3343 5275 3379 5283 __
3431 5275 3441 5283 _
3533 5272 3544 5283 ,

2002 5292 2111 5361 (27,
2136 5309 2185 5361 q.
2214 5292 2261 5355 1,
2286 5307 2331 5345 c.
2369 5288 2672 5357 Mulieres.)
2704 5283 2975 5341 Mulieres
3004 5282 3244 5336 obtentu
3282 5275 3580 5347 religionis

1928 5380 2147 5443 velatae,
2182 5384 2281 5434 aut
2328 5380 2386 5433 in
2434 5375 2787 5433 monasterio
2837 5371 3183 5441 regulariter
3230 5366 3440 5430 vivant,
3477 5365 3579 5418 aut

1928 5469 1987 5523 in
2022 5469 2296 5523 domibus
2327 5467 2451 5523 suis
2480 5469 2816 5535 susceptum
2853 5460 3119 5516 habitum
3171 5460 3329 5512 caste
3372 5453 3575 5509 obser-

1927 5561 2082 5621 vent,
