3972 6056
365 198 473 254 563

1451 202 1519 253 D.
1559 199 1802 253 IVONIS
1840 199 2332 254 CARNOTENSIS
2367 197 2689 254 EPISCOPI

3669 202 3786 258 564

368 325 499 380 CAP.
531 324 650 400 73._
677 354 743 363 —
785 327 853 400 VUt
906 325 1627 400 adolescentioresgviduae,
1675 325 1760 400 get
1810 324 2019 400 δαηρξξ-
2048 327 2101 391 Α
2133 323 2322 379 mulos
2354 327 2456 379 aut
2484 323 2734 380 famulas
2765 341 2880 380 non
2912 324 3131 382 habent
3159 327 3230 381 ad
3262 329 3582 384 exercenda
3611 344 3791 400 nego-

439 395 707 467 moniales
738 399 806 450 ab
835 399 1081 467 episcopo
1109 413 1216 452 non
1246 396 1637 466 negligantur.
1671 396 1753 449 Ea:
1789 396 2019 450 concilio

446 466 874 535 Carthaginensi
905 485 977 535 iv,
1011 466 1129 538 Cap.
1168 469 1286 523 102.

448 555 610 627 (Dist.
637 556 728 623 81,
759 572 805 611 c.
838 556 917 609 Ad
946 557 1206 625 reatum.)
1232 556 1315 609 Ad
1350 560 1576 610 reatum
1609 555 1867 626 episcopi
1900 572 2027 625 per—

376 644 527 700 tinet
572 644 660 699 vel
713 645 1061 716 presbyteri,
1098 647 1196 714 qui
1246 647 1505 715 parceciae
1555 649 1781 714 praeest,
1816 645 1860 698 si
1893 661 2029 699 sus-

377 734 669 790 tentandae
700 733 771 789 ab
805 732 1061 788 Ecclesia
1088 733 1217 786 vitae
1258 733 1562 804 praesentis
1613 751 1787 789 causa
1837 732 2030 788 adole-

381 823 700 878 scentiores
730 823 938 890 vidua,
962 820 1049 876 vel
1081 822 1579 889 sanctimoniales,
1615 839 1816 877 eorum
1850 821 2030 891 [cleri-

383 927 607 981 corum,
639 912 806 981 orig.]
840 909 1340 965 familiaritatibus
1371 911 1780 981 subjiciantur.

382 1018 511 1073 CAP.
544 1018 632 1072 74.
667 1047 733 1057 --
769 1019 830 1072 Ut
862 1019 1233 1086 unusquisque
1261 1019 1547 1087 episcopus
1593 1018 1818 1072 clericos
1848 1019 1904 1072 in
1935 1033 2033 1072 suo

453 1090 720 1158 episcopio
763 1093 1018 1158 vagantes
1066 1088 1134 1142 ad
1180 1105 1340 1142 suum
1373 1091 1676 1159 episcOpum
1723 1090 1903 1143 rmlire
1947 1094 2030 1159 fa-

453 1162 581 1215 ciat.
614 1160 697 1214 Ea:
725 1162 961 1215 concilio
992 1160 1373 1229 Magoniiensi,
1404 1176 1521 1230 cap.
1557 1161 1641 1213 19.

457 1248 526 1304 Ut
557 1249 967 1320 unusquisque
997 1249 1310 1320 episcopus
1341 1248 1401 1302 in
1452 1266 1558 1303 sua
1606 1249 1852 1319 parcncia
1900 1247 2032 1303 dili-

386 1342 592 1409 genter
621 1339 990 1410 presbyteros
1021 1337 1104 1392 vel
1139 1338 1382 1393 clericos
1424 1337 1681 1408 inquirat
1712 1339 1864 1393 unde
1896 1338 2033 1409 sint,

385 1429 442 1482 et
457 1425 506 1482 si
525 1425 780 1499 aliquem
794 1426 1103 1499 fugitivum
1116 1427 1403 1481 invenerit
1419 1427 1489 1480 ad
1507 1443 1680 1480 suum
1695 1428 2036 1498 episcopum

386 1515 574 1572 redire
604 1515 796 1571 faciat.

513 1616 640 1667 CAP.
667 1614 757 1668 75.
786 1643 854 1652 —
883 1614 1018 1668 Item
1049 1613 1115 1667 de
1141 1614 1359 1668 clericis
1387 1614 1556 1684 vagis.
1592 1619 1677 1670 Ex
1705 1614 1909 1678 eodem,

947 1701 1066 1755 cap.
1101 1687 1167 1738 18
1198 1689 1337 1756 (cap.
1371 1687 1481 1756 2‘3).

461 1772 541 1827 De
570 1771 797 1826 clericis
828 1772 992 1843 vagis
1020 1787 1124 1828 seu
1156 1773 1474 1844 acephalis,
1507 1772 1561 1827 id
1597 1777 1688 1828 est
1717 1774 1787 1829 de
1813 1773 1904 1828 his
1936 1773 2037 1844 qui

386 1865 526 1915 sunt
556 1859 684 1914 sine
717 1859 929 1930 capite,
961 1876 1150 1932 neque
1192 1861 1249 1914 in
1301 1861 1536 1916 servitio
1568 1861 1797 1916 Domini
1832 1861 2038 1931 nostri,

386 1964 576 2019 neque
607 1948 715 2002 sub
737 1947 1032 2020 episcopo,
1058 1965 1246 2020 neque
1281 1950 1389 2005 sub
1423 1951 1766 2016 abbate,sed
1800 1951 1924 2006 sine
1945 1967 2040 2005 ca-

388 2037 599 2092 nonica
629 2035 716 2090 vel
746 2036 995 2108 regulari
1026 2036 1146 2092 vita
1176 2039 1476 2110 degentes,
1509 2041 1574 2092 ut
1613 2039 1670 2092 in
1715 2039 1863 2093 libro
1912 2039 2040 2110 (lsi-

385 2124 533 2196 dor.)
567 2125 905 2180 Ofﬁciorum
957 2128 1237 2194 secundo,
1272 2144 1399 2198 cap.
1441 2128 1474 2181 3
1529 2127 1598 2182 de
1643 2127 1734 2182 his
1781 2127 2037 2183 dicitur:

386 2216 506 2269 Hos
535 2228 722 2284 neque
754 2213 904 2269 inter
930 2213 1130 2284 laicos,
1149 2215 1301 2269 inter
1321 2215 1687 2270 saecularium
1717 2216 2038 2271 ofﬁciorum

387 2302 608 2368 studia,
631 2318 821 2372 neque
853 2303 1005 2358 inter
1034 2303 1276 2359 clericos
1308 2305 1509 2376 religio
1541 2309 1789 2360 retentat
1819 2305 2037 2375 divina,

387 2392 487 2447 sed
523 2391 746 2446 solutos
777 2396 953 2462 atque
985 2392 1320 2448 oberrantcs
1353 2393 1477 2448 sola
1507 2394 1700 2464 turpis
1730 2395 1846 2447 vita
1876 2410 2037 2448 com-

385 2478 662 2550 plectitur
690 2482 748 2534 et
776 2496 959 2550 vaga;
1012 2481 1227 2551 quique
1271 2482 1412 2536 dum
1463 2482 1693 2536 nullum
1743 2487 2035 2551 metuunt,

385 2567 681 2639 explendae
714 2567 1030 2639 voluptatis
1053 2587 1168 2624 suae
1189 2570 1436 2626 licentiae
1462 2575 1845 2640 sectantur,et
1867 2573 2035 2642 quasi

383 2657 671 2712 animalia
702 2657 873 2711 bruta
903 2658 1168 2712 libertate
1200 2674 1267 2714 ac
1298 2661 1585 2716 desiderio
1621 2662 1905 2728 feruntur,
1939 2661 2037 2715 ha-

383 2746 591 2802 bentes
623 2746 863 2816 signum
897 2745 1200 2817 religionis
1250 2765 1364 2802 non
1412 2748 1712 2819 religionis
1751 2751 2033 2816 ofﬁcium,

383 2833 862 2905 hippocentauris
895 2835 1140 2901 similes,
1158 2852 1262 2889 nec
1285 2836 1417 2907 equi
1439 2853 1543 2892 nec
1567 2838 1862 2894 homines:
1890 2839 2036 2894 tales

383 2921 623 2978 omnino
655 2921 1024 2994 praecipimus
1061 2928 1123 2978 ut
1155 2924 1487 2996 ubicunque
1525 2926 1742 2982 inventi
1798 2929 2032 2994 fuerint,

387 3009 646 3080 episcopi
677 3009 803 3065 sine
837 3009 956 3066 ulla
986 3027 1149 3066 mora
1179 3029 1276 3067 eos
1301 3014 1410 3068 sub
1443 3015 1708 3070 custodia
1746 3017 2033 3072 constrin-

382 3103 527 3171 gant
557 3098 860 3165 canonica,
891 3106 947 3155 et
984 3099 1321 3155 nullatenus
1349 3118 1442 3157 eos
1476 3104 1730 3174 amplius
1765 3106 1844 3158 ita
1873 3121 2034 3161 erra-

387 3185 623 3243 bundos
654 3189 711 3242 et
739 3202 915 3258 vagos
957 3190 1282 3244 secundum
1329 3191 1620 3247 desideria
1671 3193 2033 3265 voluptatum

391 3291 634 3331 suarum
667 3275 854 3331 vivere
885 3276 1246 3347 permittant.
1278 3279 1375 3333 Sin
1396 3283 1586 3336 autem
1607 3282 1896 3354 episcopis
1913 3284 2036 3340 suis

391 3364 670 3420 canonice
693 3364 927 3421 obedire
941 3364 2038 3444 noluerint,excommunicenturusque

388 3455 460 3508 ad
484 3453 776 3524 judicium
810 3454 1066 3525 episcopi
1121 3456 1422 3528 [archiep.,
1454 3461 1617 3530 orig.]
1664 3461 1915 3532 regionis
1966 3462 2034 3517 il-

385 3541 524 3596 lius.
554 3543 654 3596 Sin
675 3554 870 3597 autem
906 3559 1010 3598 nec
1040 3543 1124 3597 illi
1156 3561 1254 3599 eos
1286 3547 1576 3618 corrigere
1592 3549 2035 3611 valuerint.om-

385 3629 526 3684 nino
541 3631 649 3684 sub
664 3629 912 3686 vinculis
939 3635 1616 3708 constringanturusque
1635 3639 1703 3692 ad
1723 3641 2032 3709 synodum,

386 3721 451 3772 ut
481 3718 565 3774 eis
596 3719 674 3773 ibi
699 3719 1018 3790 judicetur,
1050 3725 1247 3777 utrum
1268 3724 1363 3780 .ad
1409 3725 1702 3794 judicium
1753 3728 2034 3800 principis

383 3807 606 3862 domini
643 3808 850 3878 nostri,
884 3811 1070 3882 orig.],
1105 3828 1175 3866 an
1225 3813 1289 3867 ad
1325 3814 1712 3871 universalem
1745 3818 2033 3888 synodum

381 3895 721 3951 deferantur
751 3897 860 3952 sub
896 3899 1162 3953 custodia
1195 3900 1446 3970 publica.

381 4001 511 4058 CAP.
531 4003 619 4056 76.
641 4034 708 4080 _—
734 4005 795 4059 Ut
815 4006 1090 4080 monachw
1115 4009 1412 4080 monasticis
1431 4010 1618 4063 vivant
1658 4015 1707 4064 et
1748 4017 2032 4080 canonice,

452 4076 746 4154 secungt‘um
804 4077 975 4154 pilam
1007 4078 1500 4154 canonica-mulio
1541 4081 1725 4136 eodem
1781 4076 2032 4154 concilio,

452 4163 571 4223 cap.
591 4147 693 4223 _13,
721 4148 813 4223 cui
841 4147 1217 4223 inteifuerunt
1249 4149 1470 4223 Carolus
1503 4154 1817 4223 imperator,
1847 4163 1899 4211 et
1938 4147 2033 4211 Ri;

451 4218 660 4286 chot/‘us
692 4217 1132 4290 archiepiscopus
1182 4221 1242 4275 in
1288 4221 1527 4278 claustro
1571 4217 1764 4281 Sancti
1804 4217 2030 4282 ’Alboni.

453 4305 790 4360 Abbatissas
821 4312 1018 4361 autem
1048 4324 1183 4362 cum
1213 4310 1762 4369 sanctimonialibus
1793 4317 2032 4373 omnino

2068 1692 2115 1756 B

2137 412 2238 477 tia,
2274 412 2343 465 ad
2375 413 2625 467 mediam
2669 415 3006 469 monasterii
3059 421 3285 487 portam
3335 418 3698 488 perveniant,
3733 422 3793 474 et

2137 500 2217 556 ibi
2247 517 2441 556 coram
2474 503 2724 556 testibus
2751 503 3046 572 negotium
3080 521 3256 559 suum
3287 513 3614 564 exerceant.

2138 607 2266 662 CAP.
2299 607 2388 662 78.
2421 639 2488 647 —
2533 610 2607 684 De
2647 609 2872 684 feminis
2930 626 3054 681 quae
3108 616 3332 684 propter
3383 614 3792 670 continentiam

2209 685 2499 804 assuniiiént
2552 682 2772 736 virilem
2823 683 3088 738 habitum.
3121 682 3219 738 Ex'
3257 700 3404 740 conc.
3459 685 3792 756 Gangrensi,

2209 767 2329 804 can.
2449 793 2460 804 .

2209 767 2329 820 cap.
2380 767 2460 804 1.5.

2211 839 2371 909 (Dist.
2404 840 2492 909 30,
2526 856 2572 894 c.
2605 840 2666 894 Si
2693 858 2800 912 qua
2829 843 3076 912 mulier.)
3101 844 3156 897 Si
3182 861 3299 915 qua
3319 845 3533 900 mulier
3553 849 3796 918 propter

2141 927 2558 983 continentiam
2594 947 2720 1001 quae
2753 935 3010 1001 putatur,
3048 933 3312 988 habitum
3359 939 3567 1004 mutat,
3595 940 3655 990 et
3689 953 3795 1006 pro

2144 1017 2313 1072 solito
2332 1017 2601 1073 muliebri
2617 1020 2894 1075 amictum
2909 1020 3133 1076 virilem
3152 1023 3793 1092 sumit,anathemasit.

2141 1127 2274 1183 CAP.
2307 1128 2394 1181 79.
2420 1158 2488 1167 -—
2511 1128 2582 1181 De
2605 1129 2699 1180 illo
2730 1129 2833 1203 qui
2854 1130 3228 1203 virginitatem
3247 1130 3799 1203 observans,nuptias

2371 1208 2705 1253 exsecratur.
2734 1201 2815 1254 Ex
2843 1200 3031 1255 eodem
3058 1203 3309 1267 concilio,
3341 1219 3459 1272 cap.
3492 1204 3543 1256 9.

2214 1289 2371 1359 (hist.
2405 1290 2494 1353 30,
2525 1306 2570 1342 c.
2603 1289 2664 1343 Si
2695 1292 2819 1359 quis
2845 1288 2983 1361 vel.)
3013 1291 3354 1361 Quicunque
3392 1292 3797 1363 virginitatem

2145 1377 2504 1447 custodiens,
2537 1385 2639 1433 aut
2670 1378 3039 1433 continentiae
3089 1380 3358 1447 studens,
3392 1381 3546 1436 velut
3593 1383 3799 1438 horre-

2145 1485 2314 1524 scens
2347 1471 2582 1539 nuptias
2613 1474 2880 1533 temerat,
2916 1485 3019 1523 nec
3054 1475 3286 1541 pr0pter
3324 1471 3432 1526 hoc
3485 1473 3641 1542 quod
3691 1474 3800 1529 bo-

2147 1575 2285 1613 num
2307 1564 2362 1613 et
2381 1563 2647 1613 sanctum
2663 1563 2990 1626 est,nomen
3010 1559 3362 1630 virginitatis
3383 1562 3804 1624 assumil,ana-

2143 1648 2343 1703 thema
2373 1649 2470 1703 sit.

2147 1739 2280 1793 CAP.
2313 1738 2400 1791 80.
2429 1768 2498 1779 --
2528 1738 2600 1793 De
2625 1739 2852 1808 feminis
2885 1753 3004 1809 qum
3048 1746 3268 1810 prapter
3309 1739 3635 1810 religionem
3682 1741 3799 1795 cri-

2281 1825 2375 1865 nes
2404 1810 2768 1865 tolonderunt.
2803 1811 2886 1864 Ex
2913 1811 3096 1865 eodem
3134 1811 3385 1876 concilio,
3414 1828 3535 1883 cap.
3570 1813 3655 1868 17.

2222 1901 2378 1970 (Dist.
2413 1900 2501 1968 30,
2534 1915 2579 1954 c.
2613 1902 2965 1968 Quaecunque
2992 1900 3296 1969 mulieres.)
3329 1900 3388 1955 Si
3419 1917 3537 1971 qua
3585 1901 3809 1957 mulier

2149 1993 2386 2059 propter
2417 1987 2681 2042 divinum
2715 1985 2936 2043 cultum
2970 1991 3034 2042 ut
3061 1987 3374 2056 existimat,
3401 1990 3593 2045 crines
3615 1993 3809 2047 atton-

2150 2077 2265 2146 det,
2285 2093 2432 2148 quos
2450 2077 2498 2131 ei
2524 2077 2679 2132 Deus
2702 2077 2772 2131 ad
2797 2076 3181 2147 subjectionis
3201 2078 3546 2134 memoriam
3564 2079 3802 2149 tribuit,

2148 2172 2431 2237 tanquam
2464 2171 2815 2237 praaceptum
2840 2165 3166 2222 dissolvens
3186 2166 3808 2236 obedientiae,anathe-

2150 2272 2244 2311 ma
2274 2255 2369 2310 sit.

2147 2346 2278 2400 CAP.
2312 2346 2402 2398 81.
2434 2377 2502 2384 -
2534 2347 2605 2399 De
2634 2345 2749 2399 illis
2797 2346 2893 2418 qui
2938 2352 3163 2418 propter
3189 2347 3591 2401 continentiam
3613 2347 3814 2418 palliis

2491 2419 2822 2472 vestiuntur.
2857 2417 2938 2470 Ex
2966 2416 3173 2484 eodem,
3205 2433 3325 2488 cap.
3360 2418 3446 2472 12.

2219 2507 2374 2572 (Dist.
2407 2507 2496 2572 30,
2528 2524 2574 2560 ιτ.
2609 2505 2669 2561 Si
2716 2507 2841 2576 quis
2887 2506 3180 2575 virorum.)
3225 2506 3282 2560 Si
3334 2506 3466 2576 quis
3515 2506 3804 2572 virorum,

2147 2601 2380 2668 propter
2427 2595 2845 2651 continentiam
2902 2611 3028 2666 quae
3077 2599 3335 2666 putatur,
3368 2596 3584 2651 amictu
3635 2596 3802 2668 pallii

2145 2686 2355 2753 utitur,
2384 2685 2551 2756 quasi
2586 2701 2685 2755 per
2714 2684 2824 2739 hoc
2855 2683 3069 2738 habere
3095 2700 3157 2739 se
3181 2685 3476 2754 justitiam
3526 2686 3799 2755 credens,

2145 2782 2203 2831 et
2233 2775 2480 2846 despicit
2507 2791 2604 2829 eos
2637 2773 2738 2845 qui
2767 2789 2900 2828 cum
2935 2773 3255 2829 reverentia
3285 2779 3342 2827 et
3370 2774 3566 2840 birris,
3587 2783 3645 2829 et
3665 2774 3803 2830 aliis

2144 2863 2558 2921 communibus
2590 2868 2647 2919 et
2677 2861 2865 2918 solitis
2895 2861 3155 2919 vestibus
3187 2866 3455 2930 utuntur,
3479 2863 3803 2920 anathema

2144 2955 2241 3010 sit.

2145 3045 2278 3100 CAP.
2311 3044 2398 3097 82.
2434 3074 2500 3083 —
2533 3043 2608 3097 Ne
2637 3043 2922 3098 continens
2963 3041 3224 3097 adversus
3269 3042 3591 3113 conjugatos
3619 3041 3800 3097 extol-

2444 3115 2609 3170 latur.
2644 3115 2726 3169 Ex
2754 3115 2946 3170 eodem
2975 3115 3230 3180 concilio,
3258 3130 3375 3184 cap.
3410 3113 3497 3168 10.

2215 3205 2271 3258 Si
2311 3203 2445 3274 quis
2476 3221 2543 3258 ex
2577 3204 2666 3258 his
2698 3203 2798 3275 qui
2830 3202 3227 3274 virginitatem
3279 3205 3514 3256 servant
3558 3205 3802 3273 prOpter

2147 3298 2348 3362 Deum,
2381 3292 2677 3348 extollitur
2723 3293 3032 3347 adversum
3085 3293 3450 3363 conjugatos,
3483 3289 3800 3346 anathema

2143 3382 2240 3438 sit.

2144 3471 2276 3525 CAP.
2302 3471 2390 3523 83.
2417 3501 2482 3510 —
2515 3469 2663 3537 Quod
2693 3485 2797 3542 non
2829 3470 2899 3524 sit
2928 3468 3355 3542 permittendum
3395 3467 3684 3542 monachos
3746 3474 3802 3523 et

2214 3543 2511 3596 monachus
2554 3545 2615 3596 in
2661 3541 2844 3597 eodem
2892 3540 3237 3597 monasterio
3293 3541 3460 3596 simul
3515 3540 3794 3596 habitare.

2218 3619 2307 3669 hac
2337 3616 2562 3684 registro
2587 3616 2772 3669 sancti
2798 3614 3066 3684 Gregorii.

2219 3706 2278 3757 In
2314 3702 2474 3758 nullo
2493 3703 2616 3757 loco
2637 3701 2950 3758 monachos
2967 3706 3026 3756 et
3046 3699 3365 3756 monachas
3395 3699 3799 3771 permittimus

2149 3808 2326 3846 unum
2384 3791 2803 3846 monasterium
2853 3791 3103 3859 habere;
3156 3791 3256 3845 sed
3291 3806 3394 3845 nec
3426 3805 3491 3844 ea
3521 3806 3649 3860 quae
3679 3790 3794 3844 du-

2145 3879 2318 3950 plicia
2350 3885 2574 3934 vocant.
2596 3884 2666 3934 Et
2696 3879 2744 3934 si
2776 3879 2917 3950 quid
2950 3879 3066 3934 tale
3095 3883 3205 3944 est,
3226 3879 3537 3951 religiosus
3566 3877 3795 3948 episco-

2145 3985 2254 4040 pus
2289 3968 2562 4023 mulieres
2595 3967 2832 4039 quidem
2865 3969 2922 4022 in
2957 3985 3062 4023 suo
3092 3969 3216 4023 loco
3248 3969 3480 4023 studeat
3532 3983 3796 4033 manere,

2143 4058 2464 4113 monachos
2497 4063 2688 4112 autem
2723 4056 2880 4112 aliud
2914 4057 3336 4113 monasterium
3367 4057 3652 4112 aediﬁcare
3696 4073 3795 4111 co-

2143 4153 2260 4217 gat.
2295 4146 2354 4200 Si
2387 4150 2580 4200 autem
2615 4146 2871 4218 plurima
2902 4147 3022 4202 sint
3052 4146 3193 4202 talia
3225 4145 3598 4216 monasteria,
3625 4161 3795 4216 sepa-

2142 4241 2345 4290 rentur
2393 4235 2449 4289 in
2503 4235 2635 4291 aliis
2687 4235 3062 4291 monasteriis
3111 4234 3432 4300 monachae,
3461 4239 3516 4289 et
3552 4235 3608 4289 in
3660 4233 3795 4288 aliis

2146 4324 2436 4379 monachi.
2471 4325 2580 4380 Res
2632 4329 2824 4381 autem
2857 4342 3002 4396 quas
3035 4325 3252 4380 habent
3300 4339 3665 4390 communes,
3699 4340 3794 4379 se-

376 4396 530 4485 Ρξοίθ
560 4396 616 4447 3t
640 4393 803 4462 .lUSte
846 4393 1035 4485 Ϋίνθΐθ
1083 4412 1412 4454 οθῐιεθῐηυδο
1448 4403 1580 4466 Ουω
1627 4420 1760 4459 vero
1811 4406 2028 4473 proles-
2059 4419 2107 4485 Β
2138 4413 2395 4468 cundum
2424 4415 2556 4482 jura
2586 4415 2669 4469 eis
2702 4393 3092 4485 competentia
3121 4413 3570 4469 distribuantur.

378 4479 606 4535 sionem
656 4483 983 4537 secundum
1030 4485 1290 4555 regulam
1324 4487 1519 4543 Sancti
1555 4492 1848 4546 Benedicti
1879 4495 2027 4549 fece-

377 4574 537 4637 runt,
561 4568 911 4640 regulariter
939 4571 1155 4627 vivant.
1181 4575 1282 4630 Sin
1315 4584 1509 4633 autem
1537 4581 1811 4636 canonice
1835 4582 2032 4638 vivant

375 4656 648 4728 pleniler,
681 4663 737 4711 et
789 4659 900 4713 sub
931 4660 1198 4732 diligenti
1229 4681 1368 4719 cura
1399 4668 1720 4722 custodiam
1757 4669 2028 4739 habeant,

377 4749 434 4800 et
463 4744 520 4798 in
551 4745 822 4802 claustris
853 4748 978 4804 suis
1010 4759 1408 4823 permaneant,
1446 4770 1548 4809 nec
1607 4757 1761 4813 foras
1810 4759 2028 4814 exitum

376 4833 654 4889 habeant.
688 4835 794 4890 Sed
830 4841 885 4891 et
918 4836 1057 4908 ipsa:
1090 4840 1399 4896 abbatissae
1432 4843 1489 4897 in
1525 4845 1895 4903 monasteriis
1939 4866 2027 4904 se-

377 4923 697 4990 deant,nec
726 4925 880 4981 foras
910 4927 1126 4982 vadant
1156 4928 1282 4985 sine
1308 4930 1542 4988 licentia
1559 4937 1614 4988 et
1635 4935 1876 4992 consilio
1908 4937 2028 5008 epi-

376 5012 538 5083 scopi
569 5012 685 5068 sui.

379 5110 512 5191 CAP.
543 5110 644 5191 77..
669 5141 733 5151 —
759 5111 833 5191 ﬁt
861 5115 1311 5191 sanctimoniales
1356 5135 1466 5173 non
1516 5123 1874 5191 egrediantur
1911 5127 2030 5182 sine

709 5185 1027 5267 abbatissae.
1060 5188 1144 5267 Eu:
1167 5188 1350 5267 collem
1381 5183 1565 5255 conca"
1585 5212 1702 5266 cap.
1740 5196 1802 5249 14
1858 5198 2026 5267 (conc.

455 5252 722 5309 Cabillon.
758 5271 795 5309 ιι
825 5256 924 5310 sub
957 5258 1173 5314 Carolo.
1206 5259 1415 5329 Magno,
1447 5279 1492 5318 c.
1525 5252 1637 5336 62).

455 5341 961 5414 Sanctimonialcs,
998 5345 1109 5400 nisi
1140 5347 1283 5403 forte
1314 5351 1615 5409 abbatissa
1646 5372 1755 5410 sua
1787 5371 1886 5424 pro
1924 5355 2029 5411 ali-

385 5445 502 5500 qua
531 5431 878 5487 necessitate
920 5434 1295 5492 incumbente
1325 5439 1456 5496 illas
1485 5443 1777 5512 mittente,
1810 5461 2028 5516 nequa-

385 5533 562 5589 quam
593 5519 664 5574 de
695 5521 1050 5577 monasterio
1081 5526 1471 5594 egrediantur.
1500 5532 1592 5586 Hae
1621 5549 1754 5586 vero
1786 5549 1916 5604 quae
1947 5535 2030 5590 fa-

2139 4501 2272 4556 CAP.
2316 4504 2400 4556 84.
2461 4534 2523 4544 --
2581 4504 2832 4574 Episcopi
2886 4504 3227 4557 monasteria
3282 4503 3681 4558 monachorum
3741 4508 3793 4558 et

2208 4573 2630 4646 monac/earum
2660 4576 2981 4646 frequenter
3025 4575 3275 4630 visitent.
3309 4579 3393 4631 Ex
3419 4575 3649 4630 concilio
3679 4575 3788 4632 Ro-

2211 4645 2572 4716 thomagensi,
2604 4645 2724 4718 cap.
2759 4648 2812 4701 3.

2214 4733 2282 4788 Ut
2311 4736 2621 4808 episcopus
2648 4735 3004 4790 monasteria
3035 4735 3457 4791 monachorum
3490 4739 3547 4791 et
3576 4737 3792 4792 sancti-

2141 4821 2456 4877 monialum
2493 4825 2827 4896 frequenter
2855 4825 3127 4892 introeat,
3161 4828 3217 4879 et
3246 4841 3379 4879 cum
3428 4824 3703 4896 gravibus
3735 4831 3793 4882 et

2137 4911 2426 4983 religiosis
2446 4915 2710 4984 personis
2741 4913 2798 4968 in
2831 4929 3030 4968 eorum
3061 4912 3143 4968 vel
3175 4915 3231 4968 in
3265 4931 3464 4969 earum
3499 4921 3789 4971 conventu

2140 4999 2424 5068 residens,
2443 5018 2642 5056 eorum
2676 5001 2853 5056 vitam
2879 5011 2935 5057 et
2955 5002 3456 5058 conversationem
3477 5003 3794 5074 diligenter

2139 5089 2456 5158 discutiat;
2481 5096 2537 5145 et
2559 5091 2604 5144 si
2631 5091 2768 5160 quid
2795 5091 3256 5162 reprehensibile
3277 5091 3585 5163 invenerit,
3608 5093 3790 5149 corri-

2139 5196 2271 5249 gere
2330 5185 2575 5251 satagat.
2619 5180 3164 5236 Sanctimonialium
3217 5181 3392 5236 etiam
3445 5181 3789 5252 pudicitiam

2139 5268 2436 5323 subtiliter
2467 5269 2867 5338 invcstiget,et
2898 5270 2945 5324 si
2978 5269 3174 5340 aliqua
3201 5270 3500 5326 invenitur
3531 5287 3659 5342 quea
3693 5288 3788 5326 nc-

2138 5355 2326 5423 glecto
2367 5358 2662 5428 proposito
2707 5359 2992 5414 castitatis
3022 5359 3230 5415 clerico
3263 5364 3364 5415 aut
3395 5359 3539 5416 laico
3586 5361 3752 5432 impu
3773 5396 3789 5403 -

2138 5445 2341 5498 denter
2373 5445 2709 5512 misceatur,
2739 5449 2948 5503 acriter
2979 5448 3313 5504 verberibus
3342 5456 3698 5521 coerceatur,
3735 5459 3794 5507 ct

2139 5534 2196 5588 in
2230 5535 2448 5603 privata
2480 5539 2744 5594 custodia
2786 5539 3139 5606 retrudatur,
3169 5539 3267 5595 ubi
3317 5540 3469 5610 quod
3513 5539 3668 5597 male
3712 5543 3787 5598 ad
