3994 6052
171 249 284 304 565

1099 254 1409 309 DECRETI
1449 252 1632 304 PARS
1668 248 1789 300 V11.
1835 272 1903 282 ——-
1944 246 2041 298 DE
2079 245 2469 310 MONACHIS,
2510 247 2663 299 ETC.

3481 244 3593 297 566

176 378 342 434 misit
370 378 548 450 digne
580 377 877 448 poeniteat.
915 377 1227 433 lnterdicat
1257 379 1432 434 etiam
1479 393 1547 431 ex
1576 372 1826 430 auctori-
1858 373 1912 439 Α
1942 370 2068 425 sine
2099 371 2297 442 aliqua
2325 371 2534 426 exinde
2568 370 2940 425 excusatione
2963 370 3265 435 tollantur,
3297 373 3355 425 et
3383 370 3584 426 nullus

175 472 297 521 tate
320 472 657 522 sanctorum
683 483 974 521 canonum
1010 472 1075 521 ut
1105 467 1303 521 nullus
1324 466 1510 521 laicus
1533 470 1633 521 aut
1662 465 1829 520 cleri-

176 572 281 610 cus
309 556 365 609 in
414 572 615 610 earum
668 555 946 611 claustris
991 560 1049 610 et
1088 556 1325 611 secretis
1373 555 1832 610 habitationibus

178 661 485 699 accessum
509 644 741 715 habeat,
768 660 957 716 neque
981 644 1325 717 presbyteri,
1359 644 1470 699 nisi
1504 649 1736 698 tantum
1759 642 1829 696 ad

180 734 449 789 missam.
486 732 724 804 Expleta
769 736 947 790 missa
994 736 1061 790 ad
1094 734 1367 790 ecclesias
1399 750 1539 788 suas
1571 734 1829 789 redeant.

177 823 469 878 Omnibus
502 826 779 894 praeterea
814 824 1047 895 publice
1096 828 1152 877 et
1202 823 1471 895 privatim
1506 823 1829 891 denuntiet,

177 916 464 981 quantum
506 909 813 983 piaculum
837 912 932 981 sit,
957 911 1056 983 qui
1081 928 1359 981 sponsam
1391 910 1603 965 Christi
1624 911 1833 965 vitiare

174 1001 499 1069 praesumit.
534 1000 593 1055 Si
624 1000 778 1055 enim
824 1000 921 1055 ille
954 1017 1086 1055 reus
1135 1005 1383 1064 tenetur,
1418 999 1517 1071 qui
1550 1016 1831 1070 sponsam

173 1089 437 1145 hominis
469 1090 668 1157 violat,
692 1095 910 1160 quanto
936 1090 1121 1159 magis
1144 1105 1277 1144 reus
1300 1090 1624 1159 majestatis
1648 1089 1829 1142 efﬁci-

173 1181 290 1246 tur,
324 1178 427 1247 qui
458 1194 738 1249 sponsam
771 1179 1194 1249 omnipotentis
1226 1178 1321 1231 Dei
1354 1177 1723 1248 corrumpit?

173 1284 308 1338 CAP.
341 1284 432 1339 85.
463 1315 531 1326 -υ
566 1287 629 1341 Ut
652 1286 875 1340 abbates
903 1287 965 1340 in
994 1290 1261 1357 potestate
1290 1287 1668 1357 episcoporum
1696 1302 1829 1341 con-

244 1358 465 1496 :istht.
499 1358 584 1411 Ex
612 1356 848 1413 concilio
871 1356 1297 1420 Aurelianensi,
1322 1375 1447 1429 cap.
1472 1356 1515 1410 3
1547 1358 1752 1429 (Aurel.
1787 1376 1825 1425 1,

245 1516 356 1586 (18,
389 1533 442 1588 q.
474 1519 529 1583 2,
561 1532 608 1571 ε.
642 1517 913 1585 Abbates).
952 1516 1210 1572 Abbates
1242 1534 1342 1589 pro
1371 1516 1704 1573 humilitate
1734 1534 1825 1572 re-

171 1602 410 1676 ligionis
437 1604 495 1659 in
528 1605 943 1676 episcoporum
997 1609 1283 1676 potestate
1312 1606 1658 1669 consistant,
1691 1610 1747 1661 et
1777 1608 1826 1661 si

171 1691 316 1764 quid
349 1696 509 1747 extra
540 1692 801 1764 regulam
832 1694 1092 1760 fecerint,
1113 1696 1182 1749 ab
1205 1695 1497 1766 episcopis
1530 1695 1825 1767 corrigan-

169 1784 288 1835 tur.
322 1782 411 1853 (Et
441 1798 486 1837 c.
546 1783 660 1837 Non
689 1784 900 1851 semel).
946 1783 1071 1838 Non
1124 1783 1325 1854 semel,
1360 1785 1459 1839 sed
1512 1785 1726 1856 saepius
1767 1784 1825 1839 in

167 1886 324 1926 anno
356 1871 612 1943 episcopi
643 1871 882 1927 visitant
909 1872 1271 1928 monasteria
1300 1873 1745 1945 monachorum,
1770 1878 1828 1929 et

165 1958 216 2013 si
250 1960 390 2031 quid
410 1959 825 2032 corrigendum
852 1961 1047 2027 fuerit,
1077 1961 1417 2033 corrigatur.
1446 1962 1707 2017 Monacbi
1731 1980 1827 2019 au'

162 2052 283 2103 tem
317 2049 631 2104 abbatibus
664 2050 821 2103 omni
847 2050 1180 2105 obedientia
1208 2056 1265 2105 et
1297 2051 1596 2107 devotione
1622 2052 1823 2123 subja-

165 2142 354 2193 ceant.
384 2138 545 2202 Quod
580 2138 627 2193 si
663 2137 798 2207 quis
830 2155 929 2211 per
953 2140 1384 2195 contumaciam
1416 2140 1701 2196 exstiterit
1734 2142 1823 2195 in-

168 2226 437 2290 devotus,
470 2242 535 2281 ac
567 2242 669 2297 per
719 2226 845 2281 loca
892 2226 1087 2296 aliqua
1116 2228 1337 2299 vagari,
1387 2233 1487 2283 aut
1531 2229 1823 2299 peculiare

169 2314 394 2386 aliquid
444 2314 661 2370 habere
708 2316 1173 2387 praesumpserit,
1205 2316 1402 2370 omnia
1450 2333 1576 2388 qua}
1624 2318 1821 2389 acqui-

170 2402 338 2457 sierit
366 2403 437 2457 ab
470 2402 781 2458 abbatibus
806 2404 1167 2469 auferantur,
1198 2405 1524 2459 secundum
1558 2405 1820 2477 regulam

170 2492 369 2547 Sancti
404 2491 726 2558 Benedicti,
749 2492 1104 2546 monasterio
1128 2495 1453 2563 profutura.
1492 2494 1601 2565 ipsi
1626 2502 1820 2550 autem

171 2579 275 2651 qui
310 2580 529 2635 fuerint
560 2580 876 2653 pervagati,
910 2581 1009 2635 ubi
1039 2581 1256 2636 inventi
1285 2581 1518 2648 fuerint,
1554 2600 1686 2637 cum
1720 2602 1819 2639 au-

168 2668 309 2724 xilio
335 2670 597 2741 episcopi
627 2675 904 2741 tanquam
938 2670 1196 2741 fugaces,
1219 2670 1328 2727 sub
1361 2671 1629 2727 custodia
1660 2689 1819 2728 revo-

170 2762 379 2813 centur
406 2764 465 2813 et
495 2759 1003 2831 constringantur.

168 2847 305 2902 CAP.
335 2848 424 2901 86.
458 2879 526 2888 ——
556 2849 632 2903 De
662 2847 947 2902 monachis
976 2849 1089 2919 qui
1107 2848 1248 2916 ﬁlios
1274 2850 1706 2919 procreaverint.
1742 2851 1823 2905 Ex

781 2920 951 2974 dictis
982 2918 1206 2973 lsidori.

243 3006 508 3063 Monachi
540 3006 692 3062 ﬁlios
716 3013 1088 3079 procreantes
1110 3007 1169 3062 in
1189 3024 1477 3064 carcerem
1514 3010 1818 3066 retrudan-

169 3099 268 3150 tur
291 3099 521 3150 tantum
570 3096 797 3151 facinus
845 3096 1124 3151 continua
1151 3095 1567 3153 lamentatione
1597 3099 1819 3154 deflen-
1850 3102 1892 3169 C

170 3188 282 3249 tes,
298 3188 363 3239 ut
392 3184 477 3240 eis
506 3184 595 3240 vel
620 3185 689 3240 ad
716 3189 965 3240 mortem
990 3184 1117 3240 sola
1147 3185 1550 3242 misericordia
1572 3188 1629 3242 in
1656 3205 1815 3244 com-

174 3272 474 3328 munionis
504 3273 692 3345 gratia
723 3272 908 3344 possit
936 3272 1248 3345 indulgeri.

172 3362 306 3417 CAP.
340 3362 429 3415 87.
464 3392 525 3445 -;
562 3363 635 3445 pe
680 3362 1221 3445 sanctimonialibus
1244 3379 1365 3445 quae
1408 3366 1520 3417 vim
1560 3366 1821 3445 barbari-

243 3450 366 3488 cam
391 3434 781 3516 pertulerunt.“
806 3435 889 3487 Ea:
934 3433 1162 3487 decretis
1194 3435 1391 3488 Leonis
1432 3450 1598 3506 papw
1640 3437 1819 3507 (epist.

245 3505 335 3571 87,
367 3504 438 3559 ad
466 3521 627 3575 epise.
659 3506 966 3575 Africanos,
999 3521 1048 3560 ο.
1079 3506 1154 3575 2).

242 3592 323 3647 De
353 3593 446 3647 his
477 3598 673 3648 autem
706 3609 831 3664 quae
863 3593 921 3648 in
946 3609 1112 3649 sacro
1134 3593 1490 3665 virginitatis
1524 3595 1821 3666 proposito

170 3680 500 3735 constitutae
532 3680 895 3735 barbaricam
931 3681 1219 3752 pertulere
1251 3682 1610 3748 violentiam,
1644 3690 1699 3737 et
1728 3684 1821 3736 in-

172 3769 500 3840 tegritatem
532 3770 774 3842 pudoris
808 3787 921 3825 non
954 3771 1175 3841 animo,
1210 3771 1309 3825 sed
1356 3786 1595 3843 corpore
1626 3773 1821 3843 perdi-

172 3858 329 3922 dere,
360 3873 427 3912 ea
461 3858 629 3914 nobis
660 3859 891 3914 videtur
935 3861 1221 3914 servanda
1252 3860 1593 3928 moderatio,
1631 3865 1692 3915 ut
1726 3878 1825 3916 ne-

173 3962 283 4017 que
316 3946 373 4000 in
406 3947 712 4002 viduarum
748 3947 1099 4018 dejiciantur
1124 3950 1396 4020 gradum,
1423 3966 1609 4021 neque
1640 3949 1697 4004 in
1732 3967 1823 4005 sa-

172 4052 405 4090 crarum
437 4042 493 4091 et
521 4038 1022 4108 perseverantium
1069 4037 1359 4109 virginum
1413 4055 1657 4094 numero
1690 4054 1824 4094 cen-

173 4128 431 4180 seantur.
465 4126 709 4195 Quibus,
735 4126 781 4181 si
815 4125 871 4180 in
907 4126 1183 4181 omnibus
1209 4127 1590 4197 virginalibus
1621 4129 1823 4183 obser-

172 4214 506 4268 vationibus
540 4218 935 4281 perseverant,
969 4219 1026 4268 et
1074 4216 1432 4270 castimoniae
1465 4215 1823 4270 soliditatem

174 4307 370 4358 mente
399 4303 761 4369 custodiunt,
796 4307 1300 4359 sacramentorum
1336 4321 1446 4358 non
1489 4310 1579 4359 est
1608 4321 1823 4377 negan-

175 4392 248 4446 da
278 4392 639 4460 communio,
673 4391 1117 4463 quiainjustnm
1143 4396 1232 4446 est
1263 4392 1394 4447 illas
1426 4393 1481 4446 in
1516 4409 1580 4447 eo
1613 4393 1698 4448 vel
1731 4411 1823 4448 ar-

174 4481 272 4551 gui
304 4479 391 4534 vel
426 4481 638 4545 notari,
671 4482 824 4551 quod
859 4497 971 4535 non
1011 4480 1277 4536 voluntas
1311 4482 1570 4548 admisit,
1603 4484 1701 4537 sed
1736 4499 1823 4538 V18
1855 4472 1899 4535 Ι)

175 4567 407 4623 hostilis
438 4569 670 4640 eripuit.

178 4657 311 4712 CAP.
345 4658 434 4712 88.
467 4687 533 4696 --
573 4658 645 4712 De
690 4658 935 4730 quadam
980 4659 1295 4721 abbatissa,
1343 4676 1461 4727 quae
1503 4676 1557 4713 se
1599 4660 1821 4729 procla-

247 4737 491 4801 maverat
522 4729 987 4801 super’mi'litibus
1018 4730 1075 4783 in
1116 4730 1363 4783 claustro
1412 4746 1507 4785 suo
1540 4730 1821 4801 hospitan-

246 4800 407 4855 tibus.
441 4802 520 4854 Ex
548 4800 782 4870 registro
820 4800 1067 4868 Gregorii
1115 4801 1184 4855 ad
1214 4804 1580 4855 Fortunatam
1617 4804 1822 4872 episco-

243 4873 845 5013 pumwlg’saapolitanum
890 4874 950 4944 (ι.
1004 4889 1101 4938 νιι,
1154 4872 1269 4929 ind.
1301 4874 1355 4940 2,
1387 4889 1435 4928 e.
1496 4874 1635 4939 107,-
1679 4874 1824 4927 alias

246 4959 330 5013 ep.
501 4985 513 4997 .

248 4960 274 4996 e
318 4986 330 4997 .
366 4960 467 4996 ιυδ
501 4985 513 4997 .

248 4960 577 5087 Iiisinuaivit
607 5032 775 5088 nobis
818 5032 988 5088 latrix
1036 5032 1410 5105 praesentium
1447 5031 1692 5103 Agnella
1722 5033 1823 5087 ab—

178 5120 400 5176 batissa
427 5122 582 5192 quod
615 5122 767 5177 intra
798 5123 1221 5177 monasterium
1258 5121 1445 5193 ipsius
1480 5120 1691 5175 milites
1722 5120 1824 5175 ho-

177 5210 490 5279 spitentur.
527 5211 597 5265 Et
626 5210 864 5266 omnino
895 5212 967 5265 de
1016 5210 1398 5266 fraternitatis
1428 5215 1629 5265 vestrae
1660 5208 1823 5265 solli-

177 5298 437 5354 citudine
468 5298 659 5354 mirati
691 5315 919 5369 sumus,
954 5315 1058 5353 cur
1087 5299 1194 5353 hoc
1216 5300 1499 5369 patienter
1527 5298 1745 5365 tulerit,
1771 5301 1827 5353 et

179 5404 293 5442 non
335 5386 479 5441 illud
513 5404 646 5442 cum
695 5389 854 5443 omni
907 5387 1198 5444 celeritate
1248 5388 1443 5442 fecerit
1491 5388 1822 5442 emendare.

182 5477 344 5533 Unde
388 5477 717 5545 hortamur,
750 5484 813 5534 ut
843 5479 929 5535 vel
980 5496 1138 5533 nunc
1170 5478 1349 5533 studii
1400 5479 1574 5533 vestri
1606 5478 1700 5545 sit,
1738 5479 1825 5532 in-

181 5570 406 5624 stanter
436 5567 542 5636 eis,
576 5583 827 5638 quorum
877 5568 1141 5635 interest,
1174 5566 1503 5633 imminere,
1536 5570 1828 5638 quatenus

1856 1739 1905 1805 B

1941 460 2061 515 illic
2094 460 2339 515 ulterius
2390 466 2648 514 meatum
2700 461 2968 531 accipiat,
3004 477 3073 514 ne
3122 458 3370 514 callidus
3402 459 3588 515 hostis

1940 551 2305 604 occasionem
2338 548 2657 616 inveniens,
2693 550 2762 602 de
2808 548 3149 618 deceptione
3196 547 3451 617 religiosi
3484 548 3590 603 ha-

1942 637 2099 692 bitus
2131 640 2309 709 (quod
2343 638 2517 708 absit)
2550 636 2737 691 valeat
2765 637 3077 692 exsultare.

1925 744 2075 799 -CAP.
2109 744 2197 797 89.
2232 776 2295 783 —
2333 744 2479 811 Quod
2524 760 2607 799 res
2637 744 3023 799 ecclesiastij
3070 760 3103 797 a
3151 744 3311 797 laicis
3340 758 3451 797 non
3479 746 3591 795 sint

2010 816 2391 940 dispariigndee.
2477 817 2557 869 Ex
2639 817 2871 870 concilio
2955 815 3099 885 apud
3169 814 3585 885 Compendium,

2010 904 2131 940 can.
2244 929 2254 939 .
3157 938 3162 940 _

2008 904 2131 958 cap.
2172 904 2254 940 1U.

2012 975 2285 1045 Synodali
2319 976 2551 1031 decreto
2583 974 2875 1030 sancitum
2908 978 2996 1029 est
3027 990 3098 1029 ne
3127 973 3259 1029 laici
3287 976 3373 1030 vel
3405 994 3588 1032 seacu-

1941 1063 2093 1119 lares
2127 1065 2196 1118 de
2225 1064 2361 1119 viris
2394 1069 2506 1119 Deo
2560 1062 2763 1118 dicatis
2794 1062 3177 1133 Ecclesiaaque
3210 1062 3589 1121 facultatibus

1940 1152 2159 1221 aliquid
2194 1153 2263 1205 ad
2300 1168 2360 1207 se
2406 1157 2613 1223 putent
2664 1150 2752 1205 vel
2786 1156 3141 1222 praesumant
3190 1154 3396 1222 praeter
3427 1170 3588 1209 reve-

1941 1241 2189 1295 rentiam
2224 1241 2534 1311 pertinere,
2567 1255 2817 1310 quorum
2869 1255 3237 1310 quarumque
3266 1242 3589 1297 sacerdoti-

1940 1330 2054 1383 bus
2086 1330 2431 1399 disponendi
2482 1328 2813 1384 indiscusse
2856 1346 2887 1381 a
2937 1328 3051 1382 Deo
3083 1345 3223 1383 cura
3271 1330 3590 1386 commissa

1937 1434 2064 1473 esse
2098 1418 2359 1472 docetur.
2394 1418 2450 1472 Si
2484 1418 2617 1487 quis
2649 1421 2853 1471 contra
2883 1416 3003 1471 hinc
3033 1416 3227 1471 venire
3258 1434 3585 1491 praesump-

1937 1508 2101 1573 serit,
2136 1508 2510 1561 anathemate
2544 1506 2810 1561 leriatur.

2005 1602 2137 1658 CAP.
2172 1604 2259 1657 90.
2296 1635 2361 1644 —
2392 1604 2465 1657 De
2494 1603 2699 1658 eodem.
2724 1605 2806 1657 Ex
2824 1602 3006 1659 eodem
3027 1606 3276 1671 concilio,
3309 1621 3425 1676 cap.
3457 1606 3510 1661 3.

2008 1697 2082 1746 De
2114 1691 2250 1747 viris
2282 1693 2394 1747 Deo
2418 1691 2647 1760 dicatis,
2667 1690 2755 1745 vel
2776 1691 3185 1747 ecclesiasticis
3208 1694 3585 1751 facultatibus

1936 1780 2157 1851 aliquid
2191 1780 2563 1851 disponendi,
2589 1780 2751 1835 nulla
2784 1781 2991 1852 legitur
3014 1781 3177 1836 laicis
3211 1783 3478 1854 quamvis
3504 1801 3588 1839 re-

1938 1868 2162 1939 ligiosis
2196 1886 2453 1940 unquam
2489 1870 2773 1923 attributa
2805 1868 3070 1925 facultas.

1935 1960 2064 2014 CAP.
2097 1958 2184 2012 91.
2223 1990 2287 1997 —
2339 1962 2421 2013 Ne
2471 1958 2687 2012 abbales
2742 1958 2812 2011 ad
2854 1958 3120 2029 synodum
3174 1960 3257 2012 ire
3302 1964 3584 2029 rogantur,

2004 2032 2118 2083 nisi
2173 2046 2276 2098 pro
2329 2029 2664 2086 ratiOnabili
2718 2044 2901 2084 causa.
2965 2031 3043 2084 Ex
3094 2045 3241 2085 conc.
3304 2029 3587 2102 Turonic’o,

2004 2117 2121 2171 cap.
2162 2106 2242 2154 11.

2004 2192 2163 2258 (Dist.
2202 2190 2286 2259 18,
2323 2206 2371 2244 c.
2407 2191 2729 2258 Episcopus,
2760 2206 2805 2244 c.
2842 2190 2953 2259 10).
2988 2189 3308 2260 Episcopus
3341 2208 3454 2245 non
3490 2192 3586 2246 de-

1932 2279 2027 2332 bet
2057 2294 2259 2350 cogere
2312 2278 2583 2333 abbatem
2629 2279 2697 2333 ad
2748 2279 3036 2349 synodum
3089 2278 3194 2347 ire,
3245 2279 3357 2335 nisi
3391 2279 3587 2350 aliqua

1934 2366 2301 2421 rationabilis
2333 2383 2507 2421 causa
2538 2367 2842 2422 consistat.

1930 2459 2066 2511 CAP.
2097 2455 2186 2509 92.
2217 2485 2284 2495 —
2341 2455 2402 2511 Ut
2445 2456 2894 2523 congregationes
2942 2455 3338 2509 monachorum
3388 2456 3588 2526 absque

2001 2542 2265 2581 consensu
2294 2527 2539 2595 episcopi
2568 2542 2673 2580 non
2710 2526 2869 2594 ﬁant.
2904 2528 2985 2579 Ea:
3013 2528 3245 2581 concilio
3272 2530 3587 2596 Epaonensi

1998 2614 2117 2668 cap.
2158 2602 2215 2651 11
2251 2601 2324 2667 (et
2355 2598 2551 2664 Agath.
2582 2598 2694 2667 58).

2001 2688 2112 2756 (18,
2146 2702 2197 2756 q.
2227 2689 2282 2751 2,
2314 2702 2359 2739 c.
2397 2685 2670 2756 Cellulas).
2715 2684 2971 2740 Cellulas
3004 2701 3182 2740 novas
3216 2689 3316 2740 aut
3345 2701 3583 2750 congre-

1930 2775 2301 2847 gatiunculas
2348 2773 2770 2829 monachorum
2820 2774 3039 2844 absque
3089 2773 3297 2828 notitia
3326 2774 3584 2846 episcopi

1930 2864 2312 2935 prohibemus
2342 2863 2591 2917 institui.

1930 2956 2055 3007 CAP.
2104 2952 2192 3006 93.
2244 2982 2311 2992 -η
2373 2957 2452 3006 De
2506 2952 2813 3021 virginibus
2864 2954 3039 3005 sacris
3095 2967 3212 3021 qum
3266 2952 3586 3020 parentibus

1999 3026 2313 3164 privantBIg)‘.
2350 3025 2432 3079 Ex
2461 3023 2706 3078 concilio
2735 3024 3016 3089 Africano,
3046 3039 3163 3091 cap.
3200 3023 3258 3075 11
3295 3024 3366 3091 (et
3397 3022 3583 3077 Carth.

2006 3113 2089 3161 ιιι,
2122 3113 2168 3150 c.
2302 3138 2313 3150 .

2076 3137 2089 3161 ,
2122 3137 2168 3150 ν.
2203 3137 2313 3161 υυι.

2002 3183 2074 3239 Ut
2103 3184 2358 3254 virgines
2390 3199 2590 3252 sacrze,
2624 3183 2671 3237 si
2707 3183 3053 3252 parentibus
3085 3199 3118 3235 a
3148 3182 3362 3252 quibus
3394 3189 3584 3237 custo-

1930 3273 2241 3328 diebantur
2272 3272 2506 3343 privates
2555 3272 2791 3334 fuerint,
2824 3272 2894 3325 ab
2944 3271 3213 3341 episcopo
3244 3272 3581 3327 custodian-

1928 3366 2042 3415 tur.
2096 3361 2198 3415 Ubi
2251 3364 2444 3415 autem
2495 3361 2803 3432 episcopus
2857 3360 3069 3414 absens
3120 3363 3225 3420 est.
3272 3360 3579 3430 providen-

1930 3450 2015 3503 tia
2044 3448 2407 3519 gravioribus
2441 3448 2673 3504 feminis
2695 3449 3160 3515 commendetur,
3183 3451 3247 3501 ut
3278 3447 3454 3502 simul
3481 3448 3581 3503 ba-

1931 3538 2182 3591 bitantes
2239 3536 2485 3591 invicem
2546 3554 2608 3591 se
2668 3537 3025 3605 custodiant,
3088 3553 3160 3591 ne
3213 3536 3434 3607 passim
3486 3553 3583 3590 va-

1931 3626 2122 3697 gando
2155 3624 2420 3679 Ecclesiae
2468 3625 2681 3679 laedant
2738 3624 3183 3680 aestimationem
3220 3624 3584 3694 [existimat.,

1933 3713 2117 3783 orig.].

1934 3802 2061 3857 CAP.
2093 3802 2183 3854 94.
2217 3831 2284 3839 -
2317 3802 2446 3867 Quis
2475 3801 2549 3853 sit
2580 3801 2864 3868 religiosis
2914 3802 3144 3872 feminis
3173 3801 3587 3869 praaponendus.

2002 3872 2381 4015 Exgﬁoncilio
2446 3872 2887 3943 Carthagincnsi,
2943 3888 3062 3941 cap.
3124 3874 3191 3925 27
3254 3872 3459 3942 (Carth.
3513 3889 3586 3938 xv,

2004 3962 2048 3999 c.
2181 3987 2192 3998 .

2004 3962 2048 3999 0.
2081 3962 2141 3997 ‘Jl
2162 3962 2192 3999 l.

2005 4035 2112 4100 (18,
2146 4049 2196 4103 q.
2230 4033 2283 4101 ‘2,
2317 4049 2363 4087 c.
2400 4032 2506 4099 Qui
2537 4032 2856 4101 religiosis).
2892 4032 2999 4097 Qui
3035 4030 3321 4101 religiosis
3354 4030 3588 4085 feminis

1934 4122 2365 4191 praeponendus
2397 4121 2493 4187 sit,
2528 4122 2599 4175 ab
2633 4119 2905 4191 episc0po
2940 4120 3238 4190 probetur.

1931 4214 2066 4266 CAP.
2100 4210 2187 4262 9.3.
2221 4240 2289 4249 —
2321 4210 2461 4276 Quid
2508 4209 2963 4263 sanctimoniales
3015 4209 3075 4261 in
3118 4207 3352 4260 claustro
3402 4207 3591 4270 facere

2003 4280 2255 4335 debeant.
2290 4282 2369 4333 Ere
2412 4282 2643 4335 concilio
2698 4280 3057 4343 Magonticnsi
3104 4279 3279 4346 (conc.
3313 4277 3587 4333 Cabillon.

2007 4369 2067 4413 ιι,
2094 4352 2192 4405 sub
2223 4352 2414 4405 Carolo
2446 4352 2654 4421 Magno,
2688 4368 2733 4404 ι’.
2770 4351 2881 4418 59).

2005 4438 2490 4495 Sanctimoniales
2524 4440 2581 4493 in
2603 4437 2956 4493 monasterio
2974 4436 3309 4491 constituta
3335 4435 3593 4490 habeant

1931 4529 2191 4584 studium
2225 4528 2284 4580 in
2316 4526 2581 4597 legendo,
2616 4532 2671 4581 et
2702 4527 2759 4580 in
2784 4527 3095 4589 cantando,
3129 4530 3186 4579 et
3215 4525 3391 4579 horas
3422 4541 3589 4578 cano-

1930 4617 2093 4671 nicas
2133 4615 2475 4670 solemniter
2524 4616 2739 4686 pariter
2786 4614 3101 4679 celebrent,
3135 4618 3192 4668 et
3239 4629 3464 4681 omnes,
3493 4629 3589 4667 ex-

1932 4705 2115 4775 ceptis
2164 4721 2311 4774 quas
2366 4704 2682 4758 infirmitas
2733 4707 2909 4771 tenet,
2962 4703 3019 4757 in
3069 4701 3406 4757 dormitorio
3457 4702 3590 4755 dor-

1934 4795 2137 4857 miant,
2168 4799 2225 4848 et
2250 4792 2523 4847 omnibus
2558 4792 2768 4847 diebus
2801 4794 2868 4846 ad
2923 4792 3243 4862 capitulum
3276 4797 3333 4845 et
3362 4791 3431 4845 ad
3469 4790 3589 4845 col-

1934 4884 2207 4937 lationem
2258 4880 2517 4947 veniant,
2569 4886 2625 4935 et
2673 4881 2938 4951 regulam
2974 4898 3005 4935 a
3048 4881 3268 4936 sanctis
3318 4879 3590 4935 Patribus

1934 4970 2051 5025 illis
2084 4971 2461 5025 constitutam
2497 4970 2809 5041 diligenter
2839 4970 3167 5025 observent.

1934 5073 2060 5123 CAP.
2093 5067 2181 5121 96.
2216 5098 2282 5105 ——
2318 5068 2380 5123 Ut
2412 5068 2600 5122 nullus
2643 5068 2893 5123 claustra
2949 5068 3463 5121 sanctimonialium
3496 5069 3581 5119 in-

2005 5138 2313 5208 grediatur,
2331 5139 2444 5192 nisi
2460 5140 2534 5193 ad
2555 5156 2719 5207 opera
2749 5140 3077 5195 exercenda.
3105 5139 3183 5192 Ea:
3200 5139 3389 5193 eodem
3412 5152 3587 5206 ronc.,

2004 5227 2124 5278 cap.
2162 5212 2222 5263 16
2253 5211 2423 5281 (conc.
2460 5210 2735 5266 Cabillon.
2770 5212 2857 5281 ii).

2005 5298 2214 5354 Nullus
2260 5316 2467 5354 vassus
2520 5300 2855 5365 abbatissaa,
2909 5302 3011 5354 aut
3057 5296 3323 5353 minister
3370 5295 3585 5365 aliquis

1934 5405 2040 5443 nec
2072 5386 2339 5456 clericus,
2374 5404 2477 5443 nec
2503 5388 2686 5443 laicus
2719 5388 2973 5443 claustra
3004 5385 3344 5441 ancillarum
3370 5383 3468 5438 Dei
3496 5382 3582 5436 in-

1936 5478 2257 5549 grediatur,
2293 5476 2406 5531 nisi
2454 5478 2599 5532 forte
2651 5476 2884 5547 quando
2934 5474 3257 5530 necessitas
3302 5472 3582 5543 operandi

1939 5565 2246 5622 incumbit.
