3972 6056
381 270 504 329 567

1487 275 1554 326 n.
1594 240 2361 326 Ivouis‘raauo'rnusis
2396 272 2718 328 EPISCOPI

3693 266 3809 324 568

389 400 517 455 ΟΑιι.
548 396 639 452 97.
672 428 740 436 -
774 397 837 453 Ut
857 396 1103 467 janitria:
1129 413 1241 451 non
1269 394 1534 468 eligatur,
1586 397 1697 449 nisi
1729 393 2033 468 bonitesti-
2064 392 2116 457 Α
2148 397 2215 447 ut
2246 392 2405 449 nulla
2436 396 2901 452 sanctimonialis
2932 395 3090 468 virgo
3134 394 3223 451 vel
3271 395 3447 450 vidua
3476 401 3814 450 conventus

463 468 661 525 monii.
695 469 776 523 Ea:
795 466 910 524 eod.
940 485 1058 539 cap.
1085 470 1144 521 11
1172 468 1342 539 (conc.
1373 467 1642 522 Cabillon.
1676 484 1737 528 ιι,
1771 482 1821 518 c.
1852 466 1963 532 64).

463 556 727 612 Portaria
758 573 874 611 non
905 556 1176 628 eligatur,
1198 555 1307 610 nisi
1334 572 1459 626 quas
1491 560 1653 610 aetate
1683 558 1910 609 matura
1940 554 2036 621 sit,

392 651 450 703 et
480 645 885 702 testimonium
928 644 1139 698 habeat
1185 645 1427 707 bonum,
1461 648 1516 698 et
1562 644 1693 698 vitae
1724 641 2040 714 probabilis

427 751 492 790 ιι.

427 751 444 790 ι
480 777 492 790 .

393 740 523 877 ἓν.
556 822 644 875 98.
677 850 746 860 -—
775 821 837 877 Ut
882 818 1163 875 abbatissa
1210 821 1326 873 nisi
1354 837 1450 889 per
1498 800 1777 875 licentiam
1806 820 1895 874 sui
1923 823 2041 887 epi—

465 894 635 963 scopi,
684 908 713 946 e
754 891 1085 947 monasterio
1132 906 1239 946 non
1288 892 1619 959 egrediatur.
1673 897 1763 946 Ex
1806 892 2044 947 concilio

468 964 794 1031 Gangrensi,
824 978 945 1033 cap.
977 963 1010 1016 8
1039 963 1212 1017 (conc.
1249 964 1523 1017 Cabillon.
1560 981 1621 1029 ιι,
1651 980 1698 1018 c.
1732 965 1843 1032 57).

464 1052 801 1116 Abbatissa,
834 1067 964 1122 qum
1007 1051 1065 1105 in
1119 1052 1347 1106 civitate
1394 1053 1811 1107 monasterium
1844 1052 2040 1116 habet,

394 1155 761 1211 nequaquam
808 1140 879 1195 de
941 1140 1297 1195 monasterio
1358 1141 1710 1212 egrediatur,
1770 1141 1881 1195 nisi
1943 1158 2045 1213 per

394 1227 691 1284 licentiam
739 1228 997 1300 episcOpi
1044 1228 1158 1285 sui.
1212 1231 1277 1283 Et
1330 1230 1380 1283 si
1425 1231 1660 1300 quando
1708 1232 1862 1285 foras
1913 1247 2041 1301 per-

393 1316 498 1389 git,
547 1318 619 1371 de
674 1316 1227 1371 sanctimonialibus
1284 1333 1432 1386 quas
1488 1334 1687 1373 secum
1739 1318 1900 1373 ducit
1943 1335 2041 1372 cu-

394 1422 513 1461 ram
542 1405 855 1461 maximam
908 1404 1139 1475 habeat,
1177 1410 1239 1460 ut
1289 1405 1448 1461 nulla
1496 1406 1579 1461 eis
1613 1409 1781 1461 detur
1818 1407 2044 1462 occasio

395 1496 696 1567 peccandi.

394 1584 525 1641 CAP.
555 1585 650 1640 99.
689 1614 759 1624 —
792 1585 856 1640 Ut
885 1583 1076 1657 nullus
1098 1583 1263 1657 abbas
1287 1585 1502 1640 duobus
1530 1587 1880 1641 monasterii:
1907 1603 2044 1657 prav-

465 1659 699 1798 διιὲἹῗπ
751 1670 898 1711 conc.
961 1654 1235 1719 Arausic.,
1294 1672 1413 1727 cap.
1473 1659 1542 1711 54
1599 1658 1769 1727 (conc.
1824 1654 2041 1727 Agam,

468 1743 515 1782 c.
648 1767 661 1780 .

2147 484 2444 553 generates
2476 486 2665 555 adeat,
2700 486 2809 541 nisi
2842 504 2875 541 a
2900 485 3163 557 principe
3214 485 3389 541 fuerit
3420 488 3680 548 evocata,
3706 491 3815 539 aut

2148 571 2219 625 ab
2250 572 2521 644 episcopo
2553 592 2682 638 suo,
2714 576 2827 630 nisi
2861 577 3006 631 forte
3030 574 3275 646 propria:
3308 574 3679 630 necessitatis
3712 590 3810 629 ra-

2148 660 2229 715 tio
2262 661 2581 732 impulerit,
2614 671 2670 719 et
2702 665 2810 720 hoc
2842 666 3037 735 ipsum
3082 680 3216 719 cum
3248 663 3484 719 licentia
3512 668 3566 718 et
3598 663 3814 719 nuntio

2078 754 2085 760 ’
2152 751 2229 821 [et
2261 769 2403 807 nun.
2435 754 2627 808 desunt
2658 758 2718 809 in
2750 754 2983 825 origin.]
3016 754 3273 826 episcopi
3306 755 3420 809 sui.

2151 860 2286 917 CAP.
2326 863 2445 915 104.
2479 893 2546 902 —-
2578 862 2727 929 Quod
2759 863 2923 917 abbas
2950 880 3053 933 pro
3084 862 3403 916 humilitate
3441 862 3616 916 locum
3645 876 3818 915 suum

2187 933 2495 1004 relinquere
2523 937 2706 1003 posszt.
2742 937 2823 988 Eae
2849 936 3083 989 concilio
3109 934 3497 1001 Magontiensi,
3522 949 3646 1002 cap.
3685 933 3778 985 18.

2224 1022 2334 1091 (18,
2368 1038 2419 1091 q.
2452 1024 2505 1087 2,
2539 1039 2584 1076 c.
2621 1024 2793 1076 Abbas
2822 1022 3043 1093 potest).
3095 1022 3289 1075 Abbas
3339 1025 3530 1092 potest
3563 1036 3666 1091 pro
3701 1018 3818 1073 hu-

2152 1108 2555 1169 miliatione.et
2579 1128 2709 1165 curn
2734 1111 3118 1181 permissione
3134 1109 3391 1181 episcopi
3414 1108 3607 1164 locum
3634 1123 3815 1163 suum

2151 1198 2415 1252 deserere
2449 1198 2923 1269 [derelinquere].
2957 1203 3173 1254 Tamen
3211 1198 3417 1253 fratres
3445 1197 3668 1268 eligant
3700 1196 3815 1250 sibi

2152 1285 2421 1341 abbatem
2456 1288 2527 1341 de
2556 1287 2723 1357 ipsis,
2758 1288 2848 1342 sin
2882 1292 3082 1342 autem
3114 1287 3182 1341 de
3217 1286 3529 1342 extraneis.
3553 1286 3668 1341 Nec
3689 1285 3816 1355 epi-

2151 1391 2366 1444 scopus
2389 1376 2560 1430 debet
2590 1376 2858 1431 abbatem
2882 1376 3164 1431 violenter
3193 1376 3511 1431 retinerein
3531 1373 3657 1429 loco
3675 1391 3812 1430 suo.

2153 1464 2534 1535 Congregatio
2553 1465 2722 1519 debet
2745 1465 2857 1520 sibi
2880 1465 3095 1537 eligere
3112 1464 3381 1521 abbatem
3405 1470 3537 1535 post
3558 1466 3810 1519 mortem

2153 1552 2383 1609 abbatis
2414 1554 2528 1619 sui,
2564 1553 2651 1609 vel
2683 1570 2748 1609 eo
2798 1554 3044 1622 vivente,
3078 1555 3128 1609 si
3161 1554 3287 1626 ipse
3326 1553 3687 1620 discesserit,
3719 1551 3808 1607 vel

2154 1643 2495 1714 peccaverit.
2531 1644 2659 1714 Ipse
2690 1643 2846 1699 enim
2872 1660 2986 1699 non
3017 1647 3209 1715 potest
3240 1641 3495 1713 aliquem
3531 1642 3811 1697 ordinare

2075 1742 2122 1807 Β
2154 1731 2225 1786 de
2257 1731 2380 1787 suis
2413 1732 2778 1803 propinquis,
2807 1730 2897 1787 vel
2929 1731 3158 1797 amicis,
3193 1731 3322 1787 sine
3349 1730 3656 1787 voluntate
3688 1731 3809 1785 fra-

468 1816 581 1887 (21,
615 1832 666 1887 q.
701 1817 754 1881 1,
783 1832 830 1869 c.
867 1815 1084 1886 Unum).
1121 1814 1311 1870 Unum
1343 1816 1610 1873 abbatem
1651 1818 1885 1874 duobus
1917 1834 2047 1873 mo-
2153 1824 2332 1875 trum.

400 1904 677 1960 nasteriis
701 1903 1108 1959 interdicimus
1140 1905 1467 1975 praesidere.

398 2010 533 2083 CAP.
568 2011 690 2083 100.
724 2040 791 2050 ——
814 2010 889 2083 ,Ut
914 2011 1170 2083 monachi
1190 2011 1273 2065 vel
1304 2012 1588 2068 monache
1611 2017 1911 2083 compatres
1934 2030 2045 2069 non

506 2082 769 2137 habeant.
800 2082 884 2136 Ea:
925 2081 1154 2137 concilio
1199 2083 1693 2151 Augustodunensi,
1724 2081 1848 2155 cap.
1881 2086 1935 2138 5.

467 2169 541 2225 Ut
570 2169 840 2225 monachi
870 2173 927 2224 et
976 2170 1275 2225 monachis
1307 2176 1636 2242 compatres
1682 2172 1895 2228 habere
1927 2189 2041 2228 non

393 2262 777 2331 praesumant.

389 2362 526 2415 CAP.
564 2357 685 2411 101.
716 2385 785 2395 -
816 2355 973 2428 Quod
1009 2356 1248 2428 feminae
1295 2358 1349 2411 in
1384 2364 1655 2414 conventu
1701 2360 1890 2415 docere
1932 2377 2039 2417 non

455 2429 685 2501 possint.
736 2426 1095 2501 Exgconcilio
1146 2427 1587 2497 Carthaginiensi,
1637 2447 1759 2499 cap.
1805 2435 1827 2486 1
1867 2436 2036 2501 (conc.

462 2499 650 2554 Carth.
685 2515 762 2565 ιν,
788 2498 902 2569 99).

459 2588 617 2658 (Dist.
648 2588 739 2656 22,
770 2602 818 2643 c.
864 2587 1103 2658 Mulier).
1166 2588 1375 2644 Mulier
1423 2590 1688 2660 quamvis
1734 2592 1924 2662 docta,
1976 2593 2035 2647 in

386 2680 673 2732 conventu
704 2676 908 2731 docere
940 2692 1055 2730 non
1088 2677 1321 2732 audeat.

386 2783 519 2839 ΟΔι».
565 2782 686 2854 102.
733 2812 799 2821 -
850 2782 1000 2850 Quod
1052 2785 1273 2849 feminae
1314 2784 1701 2854 parnitentiam
1750 2786 1881 2841 dare
1925 2804 2032 2842 non

459 2852 687 2925 possint,
719 2868 820 2906 nec
848 2854 997 2907 inter
1019 2852 1324 2908 sacerdotes
1354 2858 1411 2909 in
1440 2859 1689 2911 convivio
1716 2859 1928 2912 sedere.
1954 2861 2036 2915 Ea:

462 2938 611 2978 conc.
646 2927 917 2989 Remensi,
949 2941 1065 2994 cap.
1101 2928 1152 2989 5,
1194 2936 1461 2995 pra’sente
1492 2928 1763 2983 Ludovico
1792 2930 1996 3001 imper.

463 3009 699 3066 Femina
730 3027 845 3066 non
878 3012 973 3066 det
1004 3012 1400 3082 paenitentiam
1436 3031 1539 3070 nec
1573 3016 1869 3088 corporale
1899 3035 2031 3075 cum

2154 1917 2283 1974 CAP.
2324 1919 2445 1973 105.
2480 1950 2548 1959 -
2580 1919 2730 1987 Quod
2760 1919 2933 1974 laicus
2965 1920 3024 1974 in
3053 1918 3282 1974 ecclesia
3331 1918 3617 1974 lectionem
3657 1920 3804 1972 reci-

2225 1993 2344 2045 tare
2374 2006 2481 2045 non
2512 1993 2700 2058 possit.
2753 1993 2837 2046 Ecc
2864 1990 3076 2055 eodem,
3124 2006 3244 2062 cap.
3286 1990 3321 2043 9
3362 1990 3531 2060 (inter
3559 1988 3812 2045 Herardi

2229 2062 2355 2115 Tur.
2389 2061 2539 2116 arch.
2573 2063 2842 2133 capitula,
2874 2078 2921 2117 c.
2957 2062 3101 2133 136).

2223 2149 2433 2205 Laicus
2464 2167 2575 2205 non
2608 2150 2780 2205 debet
2809 2152 2866 2205 in
2900 2149 3144 2206 ecclesia
3190 2149 3500 2206 lectionem
3533 2149 3809 2219 recitare,

2151 2253 2256 2293 nec
2284 2236 2532 2294 Alleluia
2561 2238 2903 2307 dicere,nisi
2929 2237 3191 2311 psalmos
3221 2243 3452 2294 tantum
3483 2241 3541 2292 et
3568 2253 3815 2309 respon-

2151 2327 2328 2392 soria,
2364 2328 2489 2382 sine
2521 2326 2791 2383 Alleluia.

2149 2424 2281 2479 CAP.
2314 2426 2435 2479 106.
2464 2456 2532 2465 —
2565 2425 2714 2492 Quod
2743 2441 2852 2480 non
2888 2425 3054 2480 liceat
3084 2427 3331 2496 episcopo
3351 2440 3465 2480 rem
3480 2420 3816 2479 monasterii

2361 2498 2701 2551 abstrahere.
2736 2498 2819 2551 Ex
2850 2498 3035 2551 eodem
3064 2496 3317 2564 concilio,
3347 2512 3468 2567 cap.
3500 2496 3589 2550 20.

2218 2585 2327 2655 (16,
2363 2602 2414 2656 q.
2446 2588 2503 2653 6,
2534 2602 2583 2641 c.
2621 2586 2924 2657 Episcopo).
2976 2585 3262 2657 Episcopo
3294 2600 3409 2639 non
3442 2583 3578 2639 licet
3602 2581 3813 2638 tollere

2149 2674 2585 2744 possessionem
2622 2674 2987 2738 monasterii,
3022 2674 3289 2745 quamvis
3322 2673 3505 2729 abbas
3535 2687 3809 2744 peccave-

2145 2762 2258 2829 rit;
2295 2763 2392 2816 sed
2430 2764 2628 2817 mittat
2657 2779 2791 2817 eum
2825 2762 2883 2817 in
2914 2762 3073 2817 aliud
3108 2761 3531 2818 monasterium
3552 2759 3611 2815 in
3644 2763 3809 2831 pote-

2147 2855 2357 2906 statem
2392 2851 2636 2906 alterius
2667 2852 2917 2907 abbatis.
3286 2860 3289 2863 '

3043 2958 3212 3012 tacita
3256 2958 3551 3013 saecularia
3578 2956 3808 3013 adeant.

3056 3032 3225 3101 (conc.
3257 3035 3509 3100 Magunt.
3545 3047 3584 3095 ι,
3615 3045 3661 3084 c.
3697 3030 3805 3091 12;

2145 2958 2282 3013 CAP.
2319 2958 2441 3012 107.
2477 2990 2532 2998 —
2577 2963 2657 3015 Ne
2699 2959 2963 3013 monachi

2216 3030 2299 3083 Ex
2328 3030 2517 3083 eodem
2545 3032 2779 3084 concilio
2803 3046 2921 3101 cap.
2954 3033 2987 3082 2

391 3098 707 3164 oblatione,
742 3115 846 3154 nec
877 3100 1116 3155 calicem
1151 3117 1324 3172 super
1350 3102 1529 3158 altare
1564 3110 1760 3174 ponat,
1815 3123 1918 3161 nec
1950 3108 2037 3163 in-
2069 3106 2113 3173 (Γ,
2221 3117 2268 3155 c.
2301 3102 2371 3154 65
2402 3104 2626 3169 Regulae
2652 3103 2711 3155 S.
2747 3098 3067 3171 Benedicti).

390 3191 481 3245 ter
510 3188 809 3243 ordinatos
842 3192 957 3243 stet
987 3190 1045 3243 in
1096 3187 1362 3256 ecclesia,
1400 3207 1501 3246 nec
1534 3192 1732 3247 sedeat
1763 3193 1916 3249 inter
1945 3213 2037 3251 sa-

390 3278 655 3335 cerdotes
686 3276 746 3331 in
780 3277 1062 3333 convivio.

398 3378 536 3431 CAP.
568 3375 689 3430 103.
721 3405 791 3415 -
840 3376 914 3429 De
959 3376 1285 3432 mulieribus
1335 3377 1582 3433 virorum
1626 3396 1817 3435 causas
1866 3382 2041 3437 dism-

454 3446 857 3581 tientibus.ig;c
884 3447 1121 3503 concilio
1153 3448 1509 3515 Nannetensi,
1540 3467 1662 3522 cap.
1697 3453 1729 3506 8
1762 3454 1881 3522 (sub
1912 3457 2039 3510 For-

458 3534 626 3583 mosa,
657 3533 705 3573 c.
841 3561 853 3573 .

458 3606 598 3661 Cum
650 3604 963 3676 Apostolus
1012 3608 1168 3662 dicat
1219 3624 1231 3661 :
1285 3607 1537 3665 Mulieres
1582 3612 1641 3664 in
1690 3612 1919 3669 ecclesia
1957 3621 2039 3668 ta-

387 3699 548 3750 ceant
578 3711 685 3750 non
716 3695 866 3751 enim
894 3698 1246 3763 permittitur
1265 3701 1343 3753 eis
1375 3701 1526 3771 loqui
1552 3718 1571 3755 :
1601 3705 1760 3774 turpe
1789 3706 1865 3759 est
1892 3706 2041 3759 enim

390 3783 619 3839 mulieri
648 3786 707 3839 in
732 3785 960 3840 ecclesia
989 3786 1140 3856 loqui
1168 3787 1217 3857 (ι
1237 3789 1361 3843 Cor.
1393 3791 1509 3855 xxv)
1544 3805 1556 3843 :
1589 3788 1746 3861 loqui
1775 3809 1787 3856 ;
1823 3792 2038 3847 mirum

386 3872 619 3928 videtur
648 3874 802 3945 quod
850 3875 1120 3944 quaedam
1172 3875 1531 3949 muliercula:
1579 3884 1783 3934 contra
1812 3881 2040 3936 divinas

387 3960 799 4033 humanasque
832 3961 987 4033 leges
1019 3962 1217 4018 attrita
1250 3964 1434 4019 fronte
1467 3967 1835 4036 impudenter
1863 3984 2036 4041 agen-

385 4054 498 4121 tes,
541 4051 755 4123 placita
783 4051 1075 4124 generalia
1105 4057 1158 4106 et
1185 4052 1450 4122 publicos
1480 4066 1798 4114 conventus
1820 4059 2039 4115 indesi-

384 4146 592 4197 nenter
621 4142 856 4207 adeant,
882 4146 939 4195 et
964 4141 1193 4213 negotia
1219 4142 1382 4214 regni
1415 4143 1819 4218 utilitatesque
1852 4150 2039 4220 reipu-

382 4230 544 4286 blicae
579 4230 768 4302 magis
802 4231 1160 4301 perturbent,
1187 4247 1360 4302 quam
1393 4232 1708 4305 disponant
1738 4253 1749 4289 :
1784 4254 1916 4292 cum
1954 4239 2037 4293 in-

383 4318 595 4373 decens
626 4317 723 4384 sit,
748 4322 805 4372 et
820 4318 996 4374 etiam
1020 4319 1173 4390 apud
1200 4320 1478 4377 barbaras
1496 4328 1702 4393 gentes
1724 4326 2034 4397 reprehen-

384 4404 554 4461 sibile
588 4405 859 4461 mulieres
882 4406 1138 4462 virorum
1170 4424 1380 4464 causas
1403 4410 1712 4479 discutere,
1741 4419 1796 4469 et
1818 4431 1944 4486 quae
1966 4417 2036 4472 de

386 4492 664 4547 lanificiis
688 4493 813 4549 suis
838 4494 1114 4565 operibus
1136 4496 2039 4569 textilibusstmulirribus,inter

387 4580 728 4653 genitiarias
760 4598 900 4637 suas
922 4581 1244 4639 residentes
1275 4586 1599 4642 debuerant
1631 4591 1953 4662 disputare,
1978 4594 2036 4648 in

389 4674 674 4724 conventu
713 4669 965 4740 publico,
1000 4687 1067 4725 ac
1112 4671 1161 4726 si
1193 4673 1251 4727 in
1300 4674 1462 4728 curia
1494 4676 1837 4741 residentes.
1868 4697 2009 4735 sena

387 4756 601 4812 teriam
631 4758 744 4812 sibi
797 4765 1088 4830 usurpant
1136 4762 1565 4817 auctoritatem.
1617 4766 1749 4828 Quae
1783 4768 2037 4838 ignomi-

388 4844 556 4901 niosa
588 4846 966 4917 praesumptio
1000 4847 1328 4904 fautoribus
1361 4850 1548 4921 magis
1582 4853 1924 4924 imputanda
1953 4857 2033 4911 vi-

387 4933 579 4999 detur,
610 4950 787 5004 quam
822 4934 1077 4989 feminis.
1133 4934 1317 5003 Unde,
1353 4938 1491 5007 quia
1522 4939 1731 4997 divinae
1762 4942 1939 5015 leges,
1972 4951 2037 5001 ut

383 5037 564 5093 supra
597 5025 984 5078 monstratum
1019 5028 1129 5088 est,
1153 5022 1261 5078 hoc
1293 5029 1723 5094 contradicunt,
1746 5036 1801 5084 et
1824 5031 2032 5088 huma-

380 5127 467 5166 nas
500 5110 887 5167 nihilominus
910 5112 1167 5183 idipsum
1193 5112 1527 5184 prohibent,
1555 5122 1617 5170 ut
1643 5119 1865 5175 feminae
1888 5122 2033 5177 nihil

378 5198 535 5255 aliud
557 5202 1068 5272 prosequanturin
1101 5201 1353 5272 publico,
1378 5219 1552 5273 quam
1580 5223 1743 5260 suam
1770 5225 2028 5267 causam:

379 5287 461 5343 ait
490 5290 646 5343 enim
692 5287 781 5345 lex
831 5288 1241 5344 Theodosiana
1272 5306 1285 5345 :
1319 5289 1491 5347 Nulla
1539 5294 1761 5351 ratione
1804 5298 2030 5354 femina:

378 5375 636 5448 amplius
674 5393 853 5448 quam
886 5395 1026 5432 suas
1047 5395 1258 5433 causas
1279 5381 1489 5449 agendi
1514 5381 1767 5440 habeant
1791 5391 2032 5456 potesta-

380 5467 519 5531 tem,
553 5483 658 5523 nec
687 5465 941 5539 alicujus
971 5483 1209 5522 causam
1234 5484 1269 5522 a
1290 5484 1353 5523 se
1383 5470 1645 5527 noverint
1673 5480 2028 5547 presequcn-

2221 3191 2299 3243 Ac
2330 3188 2539 3244 deinde
2572 3188 2956 3258 decrevimus,
2986 3190 3141 3244 sicut
3178 3193 3382 3245 sancta
3412 3187 3613 3260 regula
3640 3189 3804 3254 dicit,

2150 3281 2216 3333 ut
2248 3278 2667 3333 monasterium
2706 3278 2804 3333 ubi
2832 3277 2953 3332 fieri
2988 3278 3198 3350 possit,
3229 3295 3333 3349 per
3361 3279 3614 3333 decanos
3643 3277 3773 3333 ordi
3794 3307 3806 3318 -

2151 3368 2323 3418 netur
2356 3381 2368 3419 :
2404 3364 2542 3433 quia
2571 3363 2653 3418 illi
2706 3364 3002 3436 praepositi
3035 3381 3187 3437 saape
3221 3366 3277 3420 in
3307 3364 3620 3421 elationem
3653 3365 3808 3419 inci-

2150 3452 2318 3519 dunt,
2344 3461 2397 3507 et
2427 3451 2486 3506 in
2519 3452 2796 3523 laqueum
2830 3452 3049 3508 diaboli
3083 3454 3126 3519 (l
3152 3454 3284 3508 Tim.
3320 3453 3425 3524 In).
3462 3453 3577 3509 Hoc
3605 3457 3806 3508 tamen

2150 3538 2389 3592 omnino
2418 3537 2690 3593 volumus
2724 3544 2786 3592 ut
2818 3556 2933 3594 non
2958 3538 3231 3594 monachi
3262 3539 3334 3593 ad
3357 3538 3657 3595 saecularia
3679 3539 3806 3615 pla-

2150 3626 2265 3682 cita
2300 3627 2591 3683 ullatenus
2612 3627 2854 3683 veniant
2885 3644 3074 3699 neque
3107 3628 3232 3699 ipse
3263 3628 3445 3683 abbas
3475 3628 3603 3684 sine
3629 3627 3808 3684 licen-

2148 3714 2229 3770 tia
2258 3716 2513 3787 episcopi
2538 3716 2630 3771 sui
2665 3735 2677 3772 :
2713 3720 2770 3771 et
2800 3732 2931 3771 cum
2962 3717 3281 3772 necessitas
3311 3717 3507 3790 exigit,
3536 3721 3682 3773 tunc
3704 3734 3809 3787 per

2140 3801 2473 3871 jussionem
2528 3811 2584 3861 et
2630 3805 2941 3861 consilium
2991 3806 3250 3878 episcopi
3300 3806 3392 3862 sui
3437 3806 3576 3862 illuc
3604 3807 3803 3864 vadat.

2148 3891 2529 3963 Nequaquam
2577 3897 2773 3948 tamen
2825 3895 3229 3952 contentiones
3277 3899 3379 3950 aut
3407 3895 3540 3951 lites
3572 3894 3805 3966 aliquas

2148 3978 2229 4033 ibi
2277 3997 2503 4035 movere
2554 3991 2891 4052 praesumat,
2943 3984 3040 4038 sed
3078 3984 3361 4056 quidquid
3418 3984 3804 4055 quaerendum

2145 4067 2232 4123 vel
2264 4068 2438 4123 etiam
2489 4071 2968 4141 respondendum
3021 4072 3116 4141 sit,
3152 4089 3253 4144 per
3300 4073 3610 4128 advocatos
3662 4088 3807 4129 suos

2144 4156 2255 4212 hoc
2288 4158 2478 4212 faciat.
2509 4159 2757 4214 Abbates
2782 4164 2840 4215 et
2864 4161 3133 4216 monachi
3159 4178 3346 4232 usque
3368 4163 3437 4217 ad
3470 4161 3807 4233 interroga-

2144 4245 2365 4300 tionem
2390 4246 2687 4302 silentium
2716 4248 3031 4303 habeantet
3056 4266 3188 4306 cum
3212 4250 3651 4321 interrogantur
3666 4266 3803 4306 cum

2144 4334 2480 4389 humilitate
2500 4341 2556 4390 et
2574 4336 2893 4392 reverentia
2912 4338 3338 4409 respondeant;
3368 4337 3513 4393 alias
3532 4337 3804 4409 querelas

2146 4423 2383 4478 omnino
2414 4424 2683 4479 devitent.
2744 4427 2802 4480 In
2854 4442 3052 4481 eorum
3104 4426 3360 4482 claustro
3397 4420 3802 4499 permaneant,

2147 4510 2463 4579 nullusque
2485 4529 2551 4566 ex
2565 4512 2648 4567 eis
2667 4513 2817 4568 foras
2838 4514 3155 4580 vadat,nisi
3176 4531 3278 4587 per
3299 4515 3706 4571 necessitatem
3730 4516 3802 4571 ab

2146 4600 2354 4654 abbate
2388 4601 2657 4655 mittatur
2685 4600 2744 4656 in
2781 4602 3194 4673 obedientiam,
3228 4620 3332 4659 nec
3364 4605 3517 4660 foras
3551 4605 3801 4659 mandu-

2147 4692 2235 4742 cet
2268 4705 2454 4757 nuque
2488 4688 2647 4744 bibat
2697 4690 2824 4745 sine
2871 4691 3255 4762 permissione
3305 4692 3557 4759 abbatis,
3590 4710 3697 4749 nec
3728 4694 3800 4749 ad

2145 4777 2407 4831 convivia
2436 4777 2741 4833 srecularia
2766 4779 2960 4835 vadat.

2145 4882 2279 4937 CAP.
2316 4883 2434 4937 108.
2464 4915 2530 4923 —
2563 4884 2698 4952 Quae
2727 4885 2847 4960 sint»
2868 4886 3165 4960 saecularia
3195 4888 3440 4958 negotia.
3476 4890 3558 4943 Ex
3585 4890 3802 4960 eodem,

2640 4973 2759 5026 cap.
2788 4957 2856 5010 2‘2
2889 4957 3079 5027 (ibid.,
3109 4975 3155 5012 c.
3192 4957 3297 5027 14).

2213 5042 2458 5096 Μὶηἱδῐνῑ
2495 5047 2688 5097 autem
2725 5042 2924 5100 altaris
2970 5045 3201 5101 Domini
3249 5046 3335 5100 vel
3369 5049 3665 5119 monachi,
3698 5068 3801 5106 no—

2143 5128 2233 5183 bis
2263 5128 2498 5200 placuit,
2530 5136 2589 5184 ut
2621 5148 2652 5184 a
2686 5132 2934 5201 negotiis
2958 5133 3340 5191 saecularibus
3364 5138 3604 5193 omnino
3626 5140 3804 5195 absti'

2143 5222 2338 5271 neant.
2393 5217 2572 5271 Multa
2603 5224 2744 5273 sunt
2778 5236 2915 5291 ergo
2949 5224 3181 5293 negotia
3214 5223 3557 5291 szecularia;
3606 5228 3678 5281 de
3708 5227 3801 5283 bis

2140 5310 2335 5359 tamen
2361 5322 2541 5375 pauca
2576 5308 3068 5379 perstringamus,
3093 5312 3160 5365 ad
3183 5327 3310 5381 qua:
3332 5314 3581 5384 pertinet
3604 5317 3800 5372 omnis

2138 5391 2342 5453 libido.
2366 5411 2481 5447 non
2502 5394 2692 5449 solum
2716 5395 3092 5453 immunditia
3116 5400 3330 5468 carnis,
3355 5403 3452 5456 sed
3477 5403 3651 5459 etiam
3676 5422 3798 5460 om-

2137 5480 2228 5535 nis
2260 5482 2510 5536 carnalis
2560 5486 3057 5556 concupiscentia.
3112 5488 3405 5561 Quidquid
3457 5490 3593 5561 plus
3632 5495 3796 5563 justo

384 5552 545 5624 dam,
577 5555 791 5611 idcirco
823 5572 891 5612 ex
924 5555 1269 5612 auctoritate
1290 5560 1568 5627 canonica
1600 5562 2026 5633 interdicimus,
2133 5569 2356 5639 appetit
2382 5569 2576 5639 homo,
2613 5552 3156 5645 turpelucrumest.
3190 5552 3435 5635 Munera
3457 5552 3684 5650 injuste
3705 5600 3797 5639 ac-
