  <div class='ocr_page' id='page_1' title='image "/cluster/home/n/w/nwhite01/storage/ocr_20150623/161/hvd.32044054760194/332.png"; bbox 0 0 3994 6052; ppageno 0'>
   <div class='ocr_carea' id='block_1_1' title="bbox 234 254 344 312">
    <p class='ocr_par' dir='ltr' id='par_1_1' title="bbox 234 254 344 312">
     <span class='ocr_line' id='line_1_1' title="bbox 234 254 344 312; baseline 0 -1"><span class='ocrx_word' id='word_1_1' title='bbox 234 254 344 312; x_wconf 83' lang='grc'>573</span> 
     </span>
    </p>
   </div>
   <div class='ocr_carea' id='block_1_2' title="bbox 245 378 1969 452">
    <p class='ocr_par' dir='ltr' id='par_1_2' title="bbox 245 378 1969 452">
     <span class='ocr_line' id='line_1_2' title="bbox 245 378 1969 452; baseline -0.002 -15"><span class='ocrx_word' id='word_1_2' title='bbox 245 381 568 437; x_wconf 77' lang='lat' dir='ltr'>cretionem</span> <span class='ocrx_word' id='word_1_3' title='bbox 588 378 919 452; x_wconf 89' lang='lat' dir='ltr'>nupserint,</span> <span class='ocrx_word' id='word_1_4' title='bbox 952 394 1065 435; x_wconf 92' lang='lat' dir='ltr'>non</span> <span class='ocrx_word' id='word_1_5' title='bbox 1087 381 1207 434; x_wconf 87' lang='lat' dir='ltr'>tam</span> <span class='ocrx_word' id='word_1_6' title='bbox 1235 378 1509 435; x_wconf 66' lang='lat' dir='ltr'>adulteras</span> <span class='ocrx_word' id='word_1_7' title='bbox 1534 382 1675 435; x_wconf 91' lang='lat' dir='ltr'>sunt</span> <span class='ocrx_word' id='word_1_8' title='bbox 1704 394 1881 449; x_wconf 86' lang='lat' dir='ltr'>quam</span> <span class='ocrx_word' id='word_1_9' title='bbox 1916 380 1969 446; x_wconf 79' lang='grc' dir='ltr'><strong>Α</strong></span> 
     </span>
    </p>
   </div>
   <div class='ocr_carea' id='block_1_3' title="bbox 246 471 506 528">
    <p class='ocr_par' dir='ltr' id='par_1_3' title="bbox 246 471 506 528">
     <span class='ocr_line' id='line_1_3' title="bbox 246 471 506 528; baseline 0.004 -2"><span class='ocrx_word' id='word_1_10' title='bbox 246 471 506 528; x_wconf 64' lang='lat' dir='ltr'>incestis.</span> 
     </span>
    </p>
   </div>
   <div class='ocr_carea' id='block_1_4' title="bbox 240 556 1892 629">
    <p class='ocr_par' dir='ltr' id='par_1_4' title="bbox 240 556 1892 629">
     <span class='ocr_line' id='line_1_4' title="bbox 240 556 1892 629; baseline -0.005 -13"><span class='ocrx_word' id='word_1_11' title='bbox 240 560 379 617; x_wconf 81' lang='lat' dir='ltr'>CAP.</span> <span class='ocrx_word' id='word_1_12' title='bbox 418 561 536 613; x_wconf 86' lang='grc'>125.</span> <span class='ocrx_word' id='word_1_13' title='bbox 571 589 639 600; x_wconf 90' lang='grc'><strong><em>-</em></strong></span> <span class='ocrx_word' id='word_1_14' title='bbox 671 558 811 625; x_wconf 82' lang='lat' dir='ltr'>Quid</span> <span class='ocrx_word' id='word_1_15' title='bbox 840 557 1111 629; x_wconf 86' lang='lat' dir='ltr'>agendum</span> <span class='ocrx_word' id='word_1_16' title='bbox 1139 560 1208 612; x_wconf 84' lang='lat' dir='ltr'>sit</span> <span class='ocrx_word' id='word_1_17' title='bbox 1229 558 1297 611; x_wconf 86' lang='lat' dir='ltr'>de</span> <span class='ocrx_word' id='word_1_18' title='bbox 1317 558 1408 629; x_wconf 81' lang='lat' dir='ltr'>iis,</span> <span class='ocrx_word' id='word_1_19' title='bbox 1429 556 1477 611; x_wconf 81' lang='lat' dir='ltr'>si</span> <span class='ocrx_word' id='word_1_20' title='bbox 1516 556 1661 627; x_wconf 82' lang='lat' dir='ltr'><strong><em>lapsi</em></strong></span> <span class='ocrx_word' id='word_1_21' title='bbox 1682 556 1892 629; x_wconf 75' lang='lat' dir='ltr'>fuerint</span> 
     </span>
    </p>
   </div>
   <div class='ocr_carea' id='block_1_5' title="bbox 312 627 1892 712">
    <p class='ocr_par' dir='ltr' id='par_1_5' title="bbox 312 627 1892 712">
     <span class='ocr_line' id='line_1_5' title="bbox 312 627 1892 712; baseline -0.003 -27"><span class='ocrx_word' id='word_1_22' title='bbox 312 632 572 712; x_wconf 72' lang='lat' dir='ltr'>monachi</span> <span class='ocrx_word' id='word_1_23' title='bbox 600 631 685 685; x_wconf 89' lang='lat' dir='ltr'>vel</span> <span class='ocrx_word' id='word_1_24' title='bbox 716 627 1031 686; x_wconf 73' lang='lat' dir='ltr'>monachae.</span> <span class='ocrx_word' id='word_1_25' title='bbox 1066 630 1323 697; x_wconf 73' lang='lat' dir='ltr'>Pelagius</span> <span class='ocrx_word' id='word_1_26' title='bbox 1368 628 1675 683; x_wconf 79' lang='lat' dir='ltr'>Secundino</span> <span class='ocrx_word' id='word_1_27' title='bbox 1705 627 1892 697; x_wconf 82' lang='lat' dir='ltr'>defen-</span> 
     </span>
    </p>
   </div>
   <div class='ocr_carea' id='block_1_6' title="bbox 312 718 451 756">
    <p class='ocr_par' dir='ltr' id='par_1_6' title="bbox 312 718 451 756">
     <span class='ocr_line' id='line_1_6' title="bbox 312 718 451 756; baseline -0.007 0"><span class='ocrx_word' id='word_1_28' title='bbox 312 718 451 756; x_wconf 73' lang='grc'><strong>801⁸1.</strong></span> 
     </span>
    </p>
   </div>
   <div class='ocr_carea' id='block_1_7' title="bbox 313 787 1896 861">
    <p class='ocr_par' dir='ltr' id='par_1_7' title="bbox 313 787 1896 861">
     <span class='ocr_line' id='line_1_7' title="bbox 313 787 1896 861; baseline -0.004 -15"><span class='ocrx_word' id='word_1_29' title='bbox 313 791 662 861; x_wconf 90' lang='lat' dir='ltr'>Quicunque</span> <span class='ocrx_word' id='word_1_30' title='bbox 693 791 764 845; x_wconf 91' lang='lat' dir='ltr'>de</span> <span class='ocrx_word' id='word_1_31' title='bbox 787 789 877 845; x_wconf 88' lang='lat' dir='ltr'>his</span> <span class='ocrx_word' id='word_1_32' title='bbox 903 790 1003 861; x_wconf 86' lang='lat' dir='ltr'>qui</span> <span class='ocrx_word' id='word_1_33' title='bbox 1037 789 1307 845; x_wconf 78' lang='lat' dir='ltr'>Ecclesiae</span> <span class='ocrx_word' id='word_1_34' title='bbox 1331 788 1584 844; x_wconf 79' lang='lat' dir='ltr'>militare</span> <span class='ocrx_word' id='word_1_35' title='bbox 1605 787 1896 853; x_wconf 86' lang='lat' dir='ltr'>videntur,</span> 
     </span>
    </p>
   </div>
   <div class='ocr_carea' id='block_1_8' title="bbox 241 878 1899 947">
    <p class='ocr_par' dir='ltr' id='par_1_8' title="bbox 241 878 1899 947">
     <span class='ocr_line' id='line_1_8' title="bbox 241 878 1899 947; baseline -0.001 -15"><span class='ocrx_word' id='word_1_36' title='bbox 241 880 329 934; x_wconf 90' lang='lat' dir='ltr'>vel</span> <span class='ocrx_word' id='word_1_37' title='bbox 360 879 416 934; x_wconf 90' lang='lat' dir='ltr'>in</span> <span class='ocrx_word' id='word_1_38' title='bbox 452 880 655 934; x_wconf 90' lang='lat' dir='ltr'>habitu</span> <span class='ocrx_word' id='word_1_39' title='bbox 686 883 773 947; x_wconf 88' lang='lat' dir='ltr'>(ut</span> <span class='ocrx_word' id='word_1_40' title='bbox 806 880 1028 934; x_wconf 88' lang='lat' dir='ltr'>dictum</span> <span class='ocrx_word' id='word_1_41' title='bbox 1062 882 1171 944; x_wconf 90' lang='lat' dir='ltr'>est)</span> <span class='ocrx_word' id='word_1_42' title='bbox 1202 878 1654 941; x_wconf 79' lang='lat' dir='ltr'>monachorum,</span> <span class='ocrx_word' id='word_1_43' title='bbox 1696 892 1899 930; x_wconf 84' lang='lat' dir='ltr'>mona-</span> 
     </span>
    </p>
   </div>
   <div class='ocr_carea' id='block_1_9' title="bbox 244 963 1901 1032">
    <p class='ocr_par' dir='ltr' id='par_1_9' title="bbox 244 963 1901 1032">
     <span class='ocr_line' id='line_1_9' title="bbox 244 963 1901 1032; baseline -0.005 -7"><span class='ocrx_word' id='word_1_44' title='bbox 244 968 487 1025; x_wconf 89' lang='lat' dir='ltr'>charum</span> <span class='ocrx_word' id='word_1_45' title='bbox 519 967 597 1022; x_wconf 90' lang='lat' dir='ltr'>ita</span> <span class='ocrx_word' id='word_1_46' title='bbox 631 968 1013 1023; x_wconf 89' lang='lat' dir='ltr'>inveniuntur</span> <span class='ocrx_word' id='word_1_47' title='bbox 1046 967 1325 1022; x_wconf 69' lang='lat' dir='ltr'>inhaerere</span> <span class='ocrx_word' id='word_1_48' title='bbox 1349 966 1685 1032; x_wconf 84' lang='lat' dir='ltr'>consortiis,</span> <span class='ocrx_word' id='word_1_49' title='bbox 1709 968 1772 1018; x_wconf 90' lang='lat' dir='ltr'>ut</span> <span class='ocrx_word' id='word_1_50' title='bbox 1802 963 1901 1018; x_wconf 86' lang='lat' dir='ltr'>ali-</span> 
     </span>
    </p>
   </div>
   <div class='ocr_carea' id='block_1_10' title="bbox 245 1053 1896 1130">
    <p class='ocr_par' dir='ltr' id='par_1_10' title="bbox 245 1053 1896 1130">
     <span class='ocr_line' id='line_1_10' title="bbox 245 1053 1896 1130; baseline -0.004 -17"><span class='ocrx_word' id='word_1_51' title='bbox 245 1076 363 1130; x_wconf 90' lang='lat' dir='ltr'>qua</span> <span class='ocrx_word' id='word_1_52' title='bbox 392 1057 581 1127; x_wconf 84' lang='lat' dir='ltr'>turpis</span> <span class='ocrx_word' id='word_1_53' title='bbox 605 1073 673 1112; x_wconf 81' lang='lat' dir='ltr'>ex</span> <span class='ocrx_word' id='word_1_54' title='bbox 702 1057 786 1111; x_wconf 90' lang='lat' dir='ltr'>eis</span> <span class='ocrx_word' id='word_1_55' title='bbox 821 1056 997 1127; x_wconf 90' lang='lat' dir='ltr'>(quod</span> <span class='ocrx_word' id='word_1_56' title='bbox 1037 1056 1210 1127; x_wconf 88' lang='lat' dir='ltr'>absit)</span> <span class='ocrx_word' id='word_1_57' title='bbox 1239 1056 1429 1127; x_wconf 86' lang='lat' dir='ltr'>possit</span> <span class='ocrx_word' id='word_1_58' title='bbox 1459 1070 1586 1111; x_wconf 88' lang='lat' dir='ltr'>esse</span> <span class='ocrx_word' id='word_1_59' title='bbox 1618 1053 1896 1125; x_wconf 68' lang='lat' dir='ltr'>suspicio.</span> 
     </span>
    </p>
   </div>
   <div class='ocr_carea' id='block_1_11' title="bbox 244 1144 1901 1217">
    <p class='ocr_par' dir='ltr' id='par_1_11' title="bbox 244 1144 1901 1217">
     <span class='ocr_line' id='line_1_11' title="bbox 244 1144 1901 1217; baseline -0.003 -15"><span class='ocrx_word' id='word_1_60' title='bbox 244 1152 300 1202; x_wconf 88' lang='lat' dir='ltr'>te</span> <span class='ocrx_word' id='word_1_61' title='bbox 333 1148 685 1217; x_wconf 84' lang='lat' dir='ltr'>exsequente</span> <span class='ocrx_word' id='word_1_62' title='bbox 717 1145 1047 1200; x_wconf 88' lang='lat' dir='ltr'>Secundino</span> <span class='ocrx_word' id='word_1_63' title='bbox 1070 1149 1497 1216; x_wconf 65' lang='lat' dir='ltr'>praesententur</span> <span class='ocrx_word' id='word_1_64' title='bbox 1519 1144 1811 1215; x_wconf 89' lang='lat' dir='ltr'>episcopo,</span> <span class='ocrx_word' id='word_1_65' title='bbox 1839 1146 1901 1197; x_wconf 87' lang='lat' dir='ltr'>ut</span> 
     </span>
    </p>
   </div>
   <div class='ocr_carea' id='block_1_12' title="bbox 243 1234 1601 1304">
    <p class='ocr_par' dir='ltr' id='par_1_12' title="bbox 243 1234 1601 1304">
     <span class='ocr_line' id='line_1_12' title="bbox 243 1234 1601 1304; baseline -0.004 -14"><span class='ocrx_word' id='word_1_66' title='bbox 243 1236 526 1291; x_wconf 88' lang='lat' dir='ltr'>canonica</span> <span class='ocrx_word' id='word_1_67' title='bbox 555 1234 613 1289; x_wconf 90' lang='lat' dir='ltr'>in</span> <span class='ocrx_word' id='word_1_68' title='bbox 644 1234 729 1289; x_wconf 88' lang='lat' dir='ltr'>eis</span> <span class='ocrx_word' id='word_1_69' title='bbox 756 1234 944 1304; x_wconf 85' lang='lat' dir='ltr'>possit</span> <span class='ocrx_word' id='word_1_70' title='bbox 976 1234 1235 1289; x_wconf 83' lang='lat' dir='ltr'>vindicta</span> <span class='ocrx_word' id='word_1_71' title='bbox 1265 1234 1601 1304; x_wconf 85' lang='lat' dir='ltr'>procedere.</span> 
     </span>
    </p>
   </div>
   <div class='ocr_carea' id='block_1_13' title="bbox 386 1332 1605 1389">
    <p class='ocr_par' dir='ltr' id='par_1_13' title="bbox 386 1332 1605 1389">
     <span class='ocr_line' id='line_1_13' title="bbox 386 1332 1605 1389; baseline -0.003 0"><span class='ocrx_word' id='word_1_72' title='bbox 386 1335 521 1389; x_wconf 83' lang='lat' dir='ltr'>CAP.</span> <span class='ocrx_word' id='word_1_73' title='bbox 557 1334 679 1388; x_wconf 74' lang='lat' dir='ltr'>I26.</span> <span class='ocrx_word' id='word_1_74' title='bbox 706 1362 774 1372; x_wconf 78' lang='lat'>-—</span> <span class='ocrx_word' id='word_1_75' title='bbox 798 1334 872 1387; x_wconf 88' lang='lat' dir='ltr'>De</span> <span class='ocrx_word' id='word_1_76' title='bbox 898 1332 1111 1387; x_wconf 86' lang='lat' dir='ltr'>eodem.</span> <span class='ocrx_word' id='word_1_77' title='bbox 1145 1332 1294 1388; x_wconf 89' lang='lat' dir='ltr'>Idem</span> <span class='ocrx_word' id='word_1_78' title='bbox 1323 1333 1605 1388; x_wconf 81' lang='lat' dir='ltr'>Seuerino.</span> 
     </span>
    </p>
   </div>
   <div class='ocr_carea' id='block_1_14' title="bbox 314 1427 1899 1500">
    <p class='ocr_par' dir='ltr' id='par_1_14' title="bbox 314 1427 1899 1500">
     <span class='ocr_line' id='line_1_14' title="bbox 314 1427 1899 1500; baseline -0.001 -15"><span class='ocrx_word' id='word_1_79' title='bbox 314 1429 540 1486; x_wconf 88' lang='lat' dir='ltr'>Jurasti</span> <span class='ocrx_word' id='word_1_80' title='bbox 556 1428 725 1485; x_wconf 90' lang='lat' dir='ltr'>nobis</span> <span class='ocrx_word' id='word_1_81' title='bbox 738 1430 915 1500; x_wconf 92' lang='lat' dir='ltr'>(quod</span> <span class='ocrx_word' id='word_1_82' title='bbox 935 1445 1147 1500; x_wconf 88' lang='lat' dir='ltr'>negare</span> <span class='ocrx_word' id='word_1_83' title='bbox 1164 1446 1277 1484; x_wconf 90' lang='lat' dir='ltr'>non</span> <span class='ocrx_word' id='word_1_84' title='bbox 1301 1429 1487 1500; x_wconf 88' lang='lat' dir='ltr'>potes)</span> <span class='ocrx_word' id='word_1_85' title='bbox 1503 1434 1558 1484; x_wconf 91' lang='lat' dir='ltr'>te</span> <span class='ocrx_word' id='word_1_86' title='bbox 1577 1427 1871 1484; x_wconf 89' lang='lat' dir='ltr'>Julianam</span> <span class='ocrx_word' id='word_1_87' title='bbox 1885 1472 1899 1497; x_wconf 95' lang='lat'>,</span> 
     </span>
    </p>
   </div>
   <div class='ocr_carea' id='block_1_15' title="bbox 249 1518 1898 1590">
    <p class='ocr_par' dir='ltr' id='par_1_15' title="bbox 249 1518 1898 1590">
     <span class='ocr_line' id='line_1_15' title="bbox 249 1518 1898 1590; baseline -0.001 -15"><span class='ocrx_word' id='word_1_88' title='bbox 249 1519 419 1590; x_wconf 87' lang='lat' dir='ltr'>cujus</span> <span class='ocrx_word' id='word_1_89' title='bbox 452 1534 556 1573; x_wconf 90' lang='lat' dir='ltr'>nec</span> <span class='ocrx_word' id='word_1_90' title='bbox 578 1518 847 1573; x_wconf 90' lang='lat' dir='ltr'>habitum</span> <span class='ocrx_word' id='word_1_91' title='bbox 870 1533 975 1573; x_wconf 91' lang='lat' dir='ltr'>nec</span> <span class='ocrx_word' id='word_1_92' title='bbox 997 1518 1497 1574; x_wconf 80' lang='lat' dir='ltr'>consecrationem</span> <span class='ocrx_word' id='word_1_93' title='bbox 1520 1518 1764 1584; x_wconf 89' lang='lat' dir='ltr'>veritus,</span> <span class='ocrx_word' id='word_1_94' title='bbox 1782 1518 1898 1573; x_wconf 90' lang='lat' dir='ltr'>Deo</span> 
     </span>
    </p>
   </div>
   <div class='ocr_carea' id='block_1_16' title="bbox 248 1605 1899 1678">
    <p class='ocr_par' dir='ltr' id='par_1_16' title="bbox 248 1605 1899 1678">
     <span class='ocr_line' id='line_1_16' title="bbox 248 1605 1899 1678; baseline -0.001 -16"><span class='ocrx_word' id='word_1_95' title='bbox 248 1608 309 1663; x_wconf 90' lang='lat' dir='ltr'>in</span> <span class='ocrx_word' id='word_1_96' title='bbox 341 1606 701 1678; x_wconf 88' lang='lat' dir='ltr'>correptione</span> <span class='ocrx_word' id='word_1_97' title='bbox 732 1605 921 1678; x_wconf 87' lang='lat' dir='ltr'>ipsius</span> <span class='ocrx_word' id='word_1_98' title='bbox 952 1606 1231 1677; x_wconf 88' lang='lat' dir='ltr'>injuriam</span> <span class='ocrx_word' id='word_1_99' title='bbox 1260 1606 1508 1678; x_wconf 87' lang='lat' dir='ltr'>irrogas,</span> <span class='ocrx_word' id='word_1_100' title='bbox 1533 1611 1597 1661; x_wconf 90' lang='lat' dir='ltr'>ut</span> <span class='ocrx_word' id='word_1_101' title='bbox 1614 1605 1661 1661; x_wconf 90' lang='lat' dir='ltr'>si</span> <span class='ocrx_word' id='word_1_102' title='bbox 1685 1622 1899 1678; x_wconf 91' lang='lat' dir='ltr'>cogno-</span> 
     </span>
    </p>
   </div>
   <div class='ocr_carea' id='block_1_17' title="bbox 1163 255 2725 323">
    <p class='ocr_par' dir='ltr' id='par_1_17' title="bbox 1163 255 2725 323">
     <span class='ocr_line' id='line_1_17' title="bbox 1163 255 2725 323; baseline -0.001 -15"><span class='ocrx_word' id='word_1_103' title='bbox 1163 256 1481 312; x_wconf 79' lang='lat' dir='ltr'>DECRETI</span> <span class='ocrx_word' id='word_1_104' title='bbox 1520 255 1705 310; x_wconf 80' lang='lat' dir='ltr'>PARS</span> <span class='ocrx_word' id='word_1_105' title='bbox 1741 256 1862 309; x_wconf 89' lang='lat' dir='ltr'>VII.</span> <span class='ocrx_word' id='word_1_106' title='bbox 1896 282 1964 295; x_wconf 90' lang='lat'>—-</span> <span class='ocrx_word' id='word_1_107' title='bbox 2003 257 2101 309; x_wconf 85' lang='lat' dir='ltr'>DE</span> <span class='ocrx_word' id='word_1_108' title='bbox 2138 256 2527 323; x_wconf 81' lang='lat' dir='ltr'>MONACHIS,</span> <span class='ocrx_word' id='word_1_109' title='bbox 2569 256 2725 309; x_wconf 83' lang='lat' dir='ltr'>ETC.</span> 
     </span>
    </p>
   </div>
   <div class='ocr_carea' id='block_1_18' title="bbox 3545 253 3653 307">
    <p class='ocr_par' dir='ltr' id='par_1_18' title="bbox 3545 253 3653 307">
     <span class='ocr_line' id='line_1_18' title="bbox 3545 253 3653 307; baseline 0 -1"><span class='ocrx_word' id='word_1_110' title='bbox 3545 253 3653 307; x_wconf 79' lang='grc'>574</span> 
     </span>
    </p>
   </div>
   <div class='ocr_carea' id='block_1_19' title="bbox 2076 377 3658 443">
    <p class='ocr_par' dir='ltr' id='par_1_19' title="bbox 2076 377 3658 443">
     <span class='ocr_line' id='line_1_19' title="bbox 2076 377 3658 443; baseline 0.001 -11"><span class='ocrx_word' id='word_1_111' title='bbox 2076 379 2132 433; x_wconf 86' lang='lat' dir='ltr'>in</span> <span class='ocrx_word' id='word_1_112' title='bbox 2219 394 2329 434; x_wconf 90' lang='lat' dir='ltr'>uno</span> <span class='ocrx_word' id='word_1_113' title='bbox 2391 379 2533 434; x_wconf 80' lang='lat' dir='ltr'>lecto</span> <span class='ocrx_word' id='word_1_114' title='bbox 2586 394 2711 432; x_wconf 89' lang='lat' dir='ltr'>cum</span> <span class='ocrx_word' id='word_1_115' title='bbox 2794 378 3055 433; x_wconf 72' lang='lat' dir='ltr'>masculis</span> <span class='ocrx_word' id='word_1_116' title='bbox 3118 378 3425 443; x_wconf 78' lang='lat' dir='ltr'>iacuerunt.</span> <span class='ocrx_word' id='word_1_117' title='bbox 3512 377 3658 433; x_wconf 87' lang='lat' dir='ltr'>Idem</span> 
     </span>
    </p>
   </div>
   <div class='ocr_carea' id='block_1_20' title="bbox 2080 451 2355 518">
    <p class='ocr_par' dir='ltr' id='par_1_20' title="bbox 2080 451 2355 518">
     <span class='ocr_line' id='line_1_20' title="bbox 2080 451 2355 518; baseline -0.007 -13"><span class='ocrx_word' id='word_1_118' title='bbox 2080 451 2355 518; x_wconf 79' lang='lat' dir='ltr'>(ibidem).</span> 
     </span>
    </p>
   </div>
   <div class='ocr_carea' id='block_1_21' title="bbox 2078 554 3654 623">
    <p class='ocr_par' dir='ltr' id='par_1_21' title="bbox 2078 554 3654 623">
     <span class='ocr_line' id='line_1_21' title="bbox 2078 554 3654 623; baseline -0.001 -11"><span class='ocrx_word' id='word_1_119' title='bbox 2078 556 2353 612; x_wconf 89' lang='lat' dir='ltr'>Consulte</span> <span class='ocrx_word' id='word_1_120' title='bbox 2405 555 2613 623; x_wconf 79' lang='lat' dir='ltr'>fecisti,</span> <span class='ocrx_word' id='word_1_121' title='bbox 2664 555 2841 609; x_wconf 77' lang='lat' dir='ltr'>frater</span> <span class='ocrx_word' id='word_1_122' title='bbox 2888 554 3254 623; x_wconf 81' lang='lat' dir='ltr'>charissima,</span> <span class='ocrx_word' id='word_1_123' title='bbox 3306 554 3654 611; x_wconf 88' lang='lat' dir='ltr'>abstinendo</span> 
     </span>
    </p>
   </div>
   <div class='ocr_carea' id='block_1_22' title="bbox 2008 643 3654 715">
    <p class='ocr_par' dir='ltr' id='par_1_22' title="bbox 2008 643 3654 715">
     <span class='ocr_line' id='line_1_22' title="bbox 2008 643 3654 715; baseline -0.001 -15"><span class='ocrx_word' id='word_1_124' title='bbox 2008 644 2347 711; x_wconf 84' lang='lat' dir='ltr'>diaconum,</span> <span class='ocrx_word' id='word_1_125' title='bbox 2374 646 2471 715; x_wconf 90' lang='lat' dir='ltr'>qui</span> <span class='ocrx_word' id='word_1_126' title='bbox 2505 661 2639 699; x_wconf 89' lang='lat' dir='ltr'>cum</span> <span class='ocrx_word' id='word_1_127' title='bbox 2670 643 2893 715; x_wconf 84' lang='lat' dir='ltr'>virgine</span> <span class='ocrx_word' id='word_1_128' title='bbox 2922 644 3163 711; x_wconf 81' lang='lat' dir='ltr'>mansit,</span> <span class='ocrx_word' id='word_1_129' title='bbox 3199 644 3296 698; x_wconf 84' lang='lat' dir='ltr'>sed</span> <span class='ocrx_word' id='word_1_130' title='bbox 3331 647 3388 699; x_wconf 87' lang='lat' dir='ltr'>et</span> <span class='ocrx_word' id='word_1_131' title='bbox 3417 648 3654 699; x_wconf 70' lang='lat' dir='ltr'>caeteros</span> 
     </span>
    </p>
   </div>
   <div class='ocr_carea' id='block_1_23' title="bbox 2008 732 3651 805">
    <p class='ocr_par' dir='ltr' id='par_1_23' title="bbox 2008 732 3651 805">
     <span class='ocr_line' id='line_1_23' title="bbox 2008 732 3651 805; baseline -0.002 -17"><span class='ocrx_word' id='word_1_132' title='bbox 2008 734 2109 805; x_wconf 89' lang='lat' dir='ltr'>qui</span> <span class='ocrx_word' id='word_1_133' title='bbox 2140 750 2274 789; x_wconf 89' lang='lat' dir='ltr'>cum</span> <span class='ocrx_word' id='word_1_134' title='bbox 2298 734 2623 803; x_wconf 85' lang='lat' dir='ltr'>virginibus</span> <span class='ocrx_word' id='word_1_135' title='bbox 2656 733 2912 788; x_wconf 89' lang='lat' dir='ltr'>dormire</span> <span class='ocrx_word' id='word_1_136' title='bbox 2934 736 3382 787; x_wconf 90' lang='lat' dir='ltr'>consueverunt.</span> <span class='ocrx_word' id='word_1_137' title='bbox 3417 732 3577 797; x_wconf 89' lang='lat' dir='ltr'>Quod</span> <span class='ocrx_word' id='word_1_138' title='bbox 3602 733 3651 787; x_wconf 90' lang='lat' dir='ltr'>si</span> 
     </span>
    </p>
   </div>
   <div class='ocr_carea' id='block_1_24' title="bbox 2010 822 3654 894">
    <p class='ocr_par' dir='ltr' id='par_1_24' title="bbox 2010 822 3654 894">
     <span class='ocr_line' id='line_1_24' title="bbox 2010 822 3654 894; baseline -0.001 -17"><span class='ocrx_word' id='word_1_139' title='bbox 2010 823 2412 894; x_wconf 62' lang='lat' dir='ltr'>paenitentiam</span> <span class='ocrx_word' id='word_1_140' title='bbox 2445 822 2632 877; x_wconf 83' lang='lat' dir='ltr'>illiciti</span> <span class='ocrx_word' id='word_1_141' title='bbox 2657 822 3003 877; x_wconf 87' lang='lat' dir='ltr'>concubitus</span> <span class='ocrx_word' id='word_1_142' title='bbox 3036 822 3128 875; x_wconf 84' lang='lat' dir='ltr'>sui</span> <span class='ocrx_word' id='word_1_143' title='bbox 3159 826 3424 892; x_wconf 89' lang='lat' dir='ltr'>egerunt,</span> <span class='ocrx_word' id='word_1_144' title='bbox 3452 824 3509 876; x_wconf 90' lang='lat' dir='ltr'>et</span> <span class='ocrx_word' id='word_1_145' title='bbox 3538 838 3570 876; x_wconf 91' lang='lat' dir='ltr'>a</span> <span class='ocrx_word' id='word_1_146' title='bbox 3591 837 3654 875; x_wconf 87' lang='lat' dir='ltr'>se</span> 
     </span>
    </p>
   </div>
   <div class='ocr_carea' id='block_1_25' title="bbox 2007 910 3653 981">
    <p class='ocr_par' dir='ltr' id='par_1_25' title="bbox 2007 910 3653 981">
     <span class='ocr_line' id='line_1_25' title="bbox 2007 910 3653 981; baseline -0.001 -15"><span class='ocrx_word' id='word_1_147' title='bbox 2007 911 2257 967; x_wconf 84' lang='lat' dir='ltr'>invicem</span> <span class='ocrx_word' id='word_1_148' title='bbox 2290 916 2680 979; x_wconf 88' lang='lat' dir='ltr'>recesserunt,</span> <span class='ocrx_word' id='word_1_149' title='bbox 2712 910 3105 981; x_wconf 81' lang='lat' dir='ltr'>inspicientur</span> <span class='ocrx_word' id='word_1_150' title='bbox 3126 910 3361 965; x_wconf 85' lang='lat' dir='ltr'>interim</span> <span class='ocrx_word' id='word_1_151' title='bbox 3396 910 3653 981; x_wconf 83' lang='lat' dir='ltr'>virgines</span> 
     </span>
    </p>
   </div>
   <div class='ocr_carea' id='block_1_26' title="bbox 2011 998 3649 1071">
    <p class='ocr_par' dir='ltr' id='par_1_26' title="bbox 2011 998 3649 1071">
     <span class='ocr_line' id='line_1_26' title="bbox 2011 998 3649 1071; baseline -0.003 -14"><span class='ocrx_word' id='word_1_152' title='bbox 2011 1002 2081 1057; x_wconf 90' lang='lat' dir='ltr'>ab</span> <span class='ocrx_word' id='word_1_153' title='bbox 2112 1000 2525 1057; x_wconf 85' lang='lat' dir='ltr'>obstetricibus</span> <span class='ocrx_word' id='word_1_154' title='bbox 2579 1001 2907 1071; x_wconf 86' lang='lat' dir='ltr'>diligenter,</span> <span class='ocrx_word' id='word_1_155' title='bbox 2944 1004 3001 1054; x_wconf 91' lang='lat' dir='ltr'>et</span> <span class='ocrx_word' id='word_1_156' title='bbox 3033 1000 3081 1054; x_wconf 88' lang='lat' dir='ltr'>si</span> <span class='ocrx_word' id='word_1_157' title='bbox 3112 999 3373 1069; x_wconf 85' lang='lat' dir='ltr'>virgines</span> <span class='ocrx_word' id='word_1_158' title='bbox 3404 998 3649 1053; x_wconf 64' lang='lat' dir='ltr'>inventae</span> 
     </span>
    </p>
   </div>
   <div class='ocr_carea' id='block_1_27' title="bbox 2011 1087 3649 1160">
    <p class='ocr_par' dir='ltr' id='par_1_27' title="bbox 2011 1087 3649 1160">
     <span class='ocr_line' id='line_1_27' title="bbox 2011 1087 3649 1160; baseline -0.002 -16"><span class='ocrx_word' id='word_1_159' title='bbox 2011 1091 2247 1157; x_wconf 85' lang='lat' dir='ltr'>fuerint,</span> <span class='ocrx_word' id='word_1_160' title='bbox 2282 1090 2340 1144; x_wconf 92' lang='lat' dir='ltr'>in</span> <span class='ocrx_word' id='word_1_161' title='bbox 2386 1094 2621 1160; x_wconf 88' lang='lat' dir='ltr'>accepta</span> <span class='ocrx_word' id='word_1_162' title='bbox 2672 1089 3085 1143; x_wconf 89' lang='lat' dir='ltr'>communione</span> <span class='ocrx_word' id='word_1_163' title='bbox 3134 1088 3277 1158; x_wconf 72' lang='grc' dir='ltr'><strong>[αρε.</strong></span> <span class='ocrx_word' id='word_1_164' title='bbox 3320 1087 3649 1142; x_wconf 88' lang='lat' dir='ltr'>communi-</span> 
     </span>
    </p>
   </div>
   <div class='ocr_carea' id='block_1_28' title="bbox 2010 1176 3649 1249">
    <p class='ocr_par' dir='ltr' id='par_1_28' title="bbox 2010 1176 3649 1249">
     <span class='ocr_line' id='line_1_28' title="bbox 2010 1176 3649 1249; baseline -0.003 -14"><span class='ocrx_word' id='word_1_165' title='bbox 2010 1180 2235 1235; x_wconf 86' lang='lat' dir='ltr'>catione</span> <span class='ocrx_word' id='word_1_166' title='bbox 2269 1179 2327 1233; x_wconf 90' lang='lat' dir='ltr'>in</span> <span class='ocrx_word' id='word_1_167' title='bbox 2378 1177 2707 1246; x_wconf 83' lang='lat' dir='ltr'>ecclesiam,</span> <span class='ocrx_word' id='word_1_168' title='bbox 2756 1177 2929 1249; x_wconf 68' lang='lat' dir='ltr'>orig]</span> <span class='ocrx_word' id='word_1_169' title='bbox 2973 1176 3400 1242; x_wconf 84' lang='lat' dir='ltr'>admittantur;</span> <span class='ocrx_word' id='word_1_170' title='bbox 3451 1179 3649 1230; x_wconf 88' lang='lat' dir='ltr'>tamen</span> 
     </span>
    </p>
   </div>
   <div class='ocr_carea' id='block_1_29' title="bbox 2010 1263 3652 1335">
    <p class='ocr_par' dir='ltr' id='par_1_29' title="bbox 2010 1263 3652 1335">
     <span class='ocr_line' id='line_1_29' title="bbox 2010 1263 3652 1335; baseline -0.002 -13"><span class='ocrx_word' id='word_1_171' title='bbox 2010 1267 2508 1331; x_wconf 88' lang='lat' dir='ltr'>interminatione,</span> <span class='ocrx_word' id='word_1_172' title='bbox 2536 1270 2598 1320; x_wconf 92' lang='lat' dir='ltr'>ut</span> <span class='ocrx_word' id='word_1_173' title='bbox 2629 1265 2679 1320; x_wconf 89' lang='lat' dir='ltr'>si</span> <span class='ocrx_word' id='word_1_174' title='bbox 2701 1266 2771 1320; x_wconf 90' lang='lat' dir='ltr'>ad</span> <span class='ocrx_word' id='word_1_175' title='bbox 2804 1265 3041 1320; x_wconf 89' lang='lat' dir='ltr'>eosdem</span> <span class='ocrx_word' id='word_1_176' title='bbox 3075 1263 3367 1319; x_wconf 89' lang='lat' dir='ltr'>masculos</span> <span class='ocrx_word' id='word_1_177' title='bbox 3395 1268 3652 1335; x_wconf 90' lang='lat' dir='ltr'>postmo-</span> 
     </span>
    </p>
   </div>
   <div class='ocr_carea' id='block_1_30' title="bbox 2010 1352 3653 1419">
    <p class='ocr_par' dir='ltr' id='par_1_30' title="bbox 2010 1352 3653 1419">
     <span class='ocr_line' id='line_1_30' title="bbox 2010 1352 3653 1419; baseline -0.002 -7"><span class='ocrx_word' id='word_1_178' title='bbox 2010 1358 2149 1412; x_wconf 89' lang='lat' dir='ltr'>dum</span> <span class='ocrx_word' id='word_1_179' title='bbox 2202 1372 2445 1411; x_wconf 72' lang='lat' dir='ltr'>reversze</span> <span class='ocrx_word' id='word_1_180' title='bbox 2477 1355 2708 1419; x_wconf 82' lang='lat' dir='ltr'>fuerint,</span> <span class='ocrx_word' id='word_1_181' title='bbox 2760 1358 2861 1409; x_wconf 90' lang='lat' dir='ltr'>aut</span> <span class='ocrx_word' id='word_1_182' title='bbox 2910 1354 2959 1408; x_wconf 91' lang='lat' dir='ltr'>si</span> <span class='ocrx_word' id='word_1_183' title='bbox 2990 1370 3124 1407; x_wconf 90' lang='lat' dir='ltr'>cum</span> <span class='ocrx_word' id='word_1_184' title='bbox 3174 1352 3394 1407; x_wconf 78' lang='lat' dir='ltr'>eisdem</span> <span class='ocrx_word' id='word_1_185' title='bbox 3426 1352 3486 1406; x_wconf 85' lang='lat' dir='ltr'>in</span> <span class='ocrx_word' id='word_1_186' title='bbox 3536 1369 3653 1408; x_wconf 91' lang='lat' dir='ltr'>una</span> 
     </span>
    </p>
   </div>
   <div class='ocr_carea' id='block_1_31' title="bbox 2009 1441 3651 1513">
    <p class='ocr_par' dir='ltr' id='par_1_31' title="bbox 2009 1441 3651 1513">
     <span class='ocr_line' id='line_1_31' title="bbox 2009 1441 3651 1513; baseline -0.002 -12"><span class='ocrx_word' id='word_1_187' title='bbox 2009 1447 2206 1513; x_wconf 91' lang='lat' dir='ltr'>domo,</span> <span class='ocrx_word' id='word_1_188' title='bbox 2237 1449 2293 1500; x_wconf 91' lang='lat' dir='ltr'>et</span> <span class='ocrx_word' id='word_1_189' title='bbox 2319 1444 2429 1499; x_wconf 89' lang='lat' dir='ltr'>sub</span> <span class='ocrx_word' id='word_1_190' title='bbox 2459 1444 2661 1499; x_wconf 90' lang='lat' dir='ltr'>eodem</span> <span class='ocrx_word' id='word_1_191' title='bbox 2694 1446 2843 1498; x_wconf 88' lang='lat' dir='ltr'>tecto</span> <span class='ocrx_word' id='word_1_192' title='bbox 2876 1441 3053 1497; x_wconf 89' lang='lat' dir='ltr'>simul</span> <span class='ocrx_word' id='word_1_193' title='bbox 3082 1441 3492 1512; x_wconf 86' lang='lat' dir='ltr'>habitaverint,</span> <span class='ocrx_word' id='word_1_194' title='bbox 3515 1458 3651 1513; x_wconf 85' lang='lat' dir='ltr'>gra-</span> 
     </span>
    </p>
   </div>
   <div class='ocr_carea' id='block_1_32' title="bbox 2008 1530 3651 1604">
    <p class='ocr_par' dir='ltr' id='par_1_32' title="bbox 2008 1530 3651 1604">
     <span class='ocr_line' id='line_1_32' title="bbox 2008 1530 3651 1604; baseline -0.002 -13"><span class='ocrx_word' id='word_1_195' title='bbox 2008 1535 2153 1591; x_wconf 88' lang='lat' dir='ltr'>viori</span> <span class='ocrx_word' id='word_1_196' title='bbox 2183 1551 2432 1590; x_wconf 86' lang='lat' dir='ltr'>censura</span> <span class='ocrx_word' id='word_1_197' title='bbox 2452 1533 2767 1604; x_wconf 88' lang='lat' dir='ltr'>ejiciantur</span> <span class='ocrx_word' id='word_1_198' title='bbox 2792 1575 2804 1599; x_wconf 96' lang='lat'>,</span> <span class='ocrx_word' id='word_1_199' title='bbox 2834 1547 2938 1586; x_wconf 90' lang='lat' dir='ltr'>nec</span> <span class='ocrx_word' id='word_1_200' title='bbox 2970 1532 3024 1585; x_wconf 90' lang='lat' dir='ltr'>in</span> <span class='ocrx_word' id='word_1_201' title='bbox 3061 1530 3366 1586; x_wconf 88' lang='lat' dir='ltr'>ecclesiam</span> <span class='ocrx_word' id='word_1_202' title='bbox 3390 1535 3651 1603; x_wconf 82' lang='lat' dir='ltr'>postmo—</span> 
     </span>
    </p>
   </div>
   <div class='ocr_carea' id='block_1_33' title="bbox 2008 1620 3651 1693">
    <p class='ocr_par' dir='ltr' id='par_1_33' title="bbox 2008 1620 3651 1693">
     <span class='ocr_line' id='line_1_33' title="bbox 2008 1620 3651 1693; baseline -0.002 -14"><span class='ocrx_word' id='word_1_203' title='bbox 2008 1625 2149 1679; x_wconf 90' lang='lat' dir='ltr'>dum</span> <span class='ocrx_word' id='word_1_204' title='bbox 2185 1623 2353 1678; x_wconf 87' lang='lat' dir='ltr'>facile</span> <span class='ocrx_word' id='word_1_205' title='bbox 2384 1622 2760 1693; x_wconf 87' lang='lat' dir='ltr'>recipiantur.</span> <span class='ocrx_word' id='word_1_206' title='bbox 2792 1622 2853 1676; x_wconf 90' lang='lat' dir='ltr'>Si</span> <span class='ocrx_word' id='word_1_207' title='bbox 2884 1624 3080 1676; x_wconf 89' lang='lat' dir='ltr'>autem</span> <span class='ocrx_word' id='word_1_208' title='bbox 3112 1621 3184 1675; x_wconf 90' lang='lat' dir='ltr'>de</span> <span class='ocrx_word' id='word_1_209' title='bbox 3204 1621 3289 1676; x_wconf 91' lang='lat' dir='ltr'>eis</span> <span class='ocrx_word' id='word_1_210' title='bbox 3310 1620 3507 1692; x_wconf 89' lang='lat' dir='ltr'>aliqua</span> <span class='ocrx_word' id='word_1_211' title='bbox 3526 1621 3651 1676; x_wconf 88' lang='lat' dir='ltr'>fue-</span> 
     </span>
    </p>
   </div>
   <div class='ocr_carea' id='block_1_34' title="bbox 250 1694 3649 1809">
    <p class='ocr_par' dir='ltr' id='par_1_34' title="bbox 250 1694 3649 1809">
     <span class='ocr_line' id='line_1_34' title="bbox 250 1694 3649 1809; baseline -0.001 -42"><span class='ocrx_word' id='word_1_212' title='bbox 250 1713 440 1809; x_wconf 48' lang='grc' dir='ltr'>εοῗξθε</span> <span class='ocrx_word' id='word_1_213' title='bbox 473 1695 612 1795; x_wconf 37' lang='lat' dir='ltr'>quia</span> <span class='ocrx_word' id='word_1_214' title='bbox 638 1712 834 1809; x_wconf 43' lang='lat' dir='ltr'>rei“?</span> <span class='ocrx_word' id='word_1_215' title='bbox 866 1712 899 1751; x_wconf 72' lang='grc'>⁸</span> <span class='ocrx_word' id='word_1_216' title='bbox 941 1699 995 1751; x_wconf 63' lang='lat' dir='ltr'>te</span> <span class='ocrx_word' id='word_1_217' title='bbox 1041 1694 1209 1751; x_wconf 62' lang='lat' dir='ltr'>vellet</span> <span class='ocrx_word' id='word_1_218' title='bbox 1253 1696 1571 1762; x_wconf 62' lang='lat' dir='ltr'>discedere:</span> <span class='ocrx_word' id='word_1_219' title='bbox 1606 1711 1739 1750; x_wconf 67' lang='lat' dir='ltr'>mox</span> <span class='ocrx_word' id='word_1_220' title='bbox 1770 1711 1898 1750; x_wconf 68' lang='lat' dir='ltr'>eam</span> <span class='ocrx_word' id='word_1_221' title='bbox 1928 1744 1975 1809; x_wconf 83' lang='lat' dir='ltr'><strong>B</strong></span> <span class='ocrx_word' id='word_1_222' title='bbox 2006 1714 2079 1769; x_wconf 89' lang='lat' dir='ltr'>rit</span> <span class='ocrx_word' id='word_1_223' title='bbox 2109 1717 2404 1784; x_wconf 88' lang='lat' dir='ltr'>corrupta,</span> <span class='ocrx_word' id='word_1_224' title='bbox 2436 1716 2493 1767; x_wconf 89' lang='lat' dir='ltr'>et</span> <span class='ocrx_word' id='word_1_225' title='bbox 2524 1710 2890 1781; x_wconf 87' lang='lat' dir='ltr'>deprehensa</span> <span class='ocrx_word' id='word_1_226' title='bbox 2922 1715 3057 1781; x_wconf 81' lang='lat' dir='ltr'>agat</span> <span class='ocrx_word' id='word_1_227' title='bbox 3088 1710 3489 1781; x_wconf 65' lang='lat' dir='ltr'>paenitentiam</span> <span class='ocrx_word' id='word_1_228' title='bbox 3526 1710 3649 1779; x_wconf 90' lang='lat' dir='ltr'>ple-</span> 
     </span>
    </p>
   </div>
   <div class='ocr_carea' id='block_1_35' title="bbox 250 1784 1040 1855">
    <p class='ocr_par' dir='ltr' id='par_1_35' title="bbox 250 1784 1040 1855">
     <span class='ocr_line' id='line_1_35' title="bbox 250 1784 1040 1855; baseline -0.005 -13"><span class='ocrx_word' id='word_1_229' title='bbox 250 1785 421 1842; x_wconf 87' lang='lat' dir='ltr'>nobis</span> <span class='ocrx_word' id='word_1_230' title='bbox 450 1790 511 1840; x_wconf 93' lang='lat' dir='ltr'>tu</span> <span class='ocrx_word' id='word_1_231' title='bbox 545 1784 672 1855; x_wconf 87' lang='lat' dir='ltr'>ipse</span> <span class='ocrx_word' id='word_1_232' title='bbox 703 1785 1040 1840; x_wconf 89' lang='lat' dir='ltr'>deduceres.</span> 
     </span>
    </p>
   </div>
   <div class='ocr_carea' id='block_1_36' title="bbox 250 1872 1893 1943">
    <p class='ocr_par' dir='ltr' id='par_1_36' title="bbox 250 1872 1893 1943">
     <span class='ocr_line' id='line_1_36' title="bbox 250 1872 1893 1943; baseline 0 -14"><span class='ocrx_word' id='word_1_233' title='bbox 250 1872 377 1929; x_wconf 79' lang='lat' dir='ltr'>CAP.</span> <span class='ocrx_word' id='word_1_234' title='bbox 415 1874 537 1928; x_wconf 88' lang='grc'>127.</span> <span class='ocrx_word' id='word_1_235' title='bbox 571 1874 729 1929; x_wconf 88' lang='lat' dir='ltr'>—De</span> <span class='ocrx_word' id='word_1_236' title='bbox 759 1873 1070 1941; x_wconf 74' lang='lat' dir='ltr'>virginibus</span> <span class='ocrx_word' id='word_1_237' title='bbox 1101 1888 1244 1943; x_wconf 67' lang='lat' dir='ltr'>quae,</span> <span class='ocrx_word' id='word_1_238' title='bbox 1276 1889 1400 1927; x_wconf 88' lang='lat' dir='ltr'>cum</span> <span class='ocrx_word' id='word_1_239' title='bbox 1427 1874 1683 1928; x_wconf 69' lang='lat' dir='ltr'>masculis</span> <span class='ocrx_word' id='word_1_240' title='bbox 1719 1874 1777 1927; x_wconf 87' lang='lat' dir='ltr'>in</span> <span class='ocrx_word' id='word_1_241' title='bbox 1807 1887 1893 1929; x_wconf 88' lang='lat' dir='ltr'>eo-</span> 
     </span>
    </p>
   </div>
   <div class='ocr_carea' id='block_1_37' title="bbox 317 1945 1894 2017">
    <p class='ocr_par' dir='ltr' id='par_1_37' title="bbox 317 1945 1894 2017">
     <span class='ocr_line' id='line_1_37' title="bbox 317 1945 1894 2017; baseline 0 -18"><span class='ocrx_word' id='word_1_242' title='bbox 317 1945 439 1999; x_wconf 86' lang='lat' dir='ltr'>dem</span> <span class='ocrx_word' id='word_1_243' title='bbox 471 1946 603 1999; x_wconf 84' lang='lat' dir='ltr'>lecto</span> <span class='ocrx_word' id='word_1_244' title='bbox 624 1946 997 2015; x_wconf 71' lang='lat' dir='ltr'>deprehensae,</span> <span class='ocrx_word' id='word_1_245' title='bbox 1051 1947 1459 2017; x_wconf 79' lang='lat' dir='ltr'>corruptionem</span> <span class='ocrx_word' id='word_1_246' title='bbox 1486 1962 1595 2000; x_wconf 86' lang='lat' dir='ltr'>non</span> <span class='ocrx_word' id='word_1_247' title='bbox 1624 1948 1894 2015; x_wconf 73' lang='lat' dir='ltr'>fatentur.</span> 
     </span>
    </p>
   </div>
   <div class='ocr_carea' id='block_1_38' title="bbox 322 2017 1896 2111">
    <p class='ocr_par' dir='ltr' id='par_1_38' title="bbox 322 2017 1896 2111">
     <span class='ocr_line' id='line_1_38' title="bbox 322 2017 1896 2111; baseline -0.001 -40"><span class='ocrx_word' id='word_1_248' title='bbox 322 2018 635 2111; x_wconf 51' lang='lat' dir='ltr'>gyprianu‘s</span> <span class='ocrx_word' id='word_1_249' title='bbox 692 2018 784 2099; x_wconf 34' lang='lat' dir='ltr'>ad.</span> <span class='ocrx_word' id='word_1_250' title='bbox 821 2018 1196 2111; x_wconf 45' lang='lat' dir='ltr'>‘Po’mponium</span> <span class='ocrx_word' id='word_1_251' title='bbox 1241 2017 1304 2073; x_wconf 88' lang='lat' dir='ltr'>de</span> <span class='ocrx_word' id='word_1_252' title='bbox 1352 2017 1662 2087; x_wconf 72' lang='lat' dir='ltr'>virginibus</span> <span class='ocrx_word' id='word_1_253' title='bbox 1720 2017 1835 2085; x_wconf 86' lang='lat' dir='ltr'>(lib.</span> <span class='ocrx_word' id='word_1_254' title='bbox 1878 2033 1896 2070; x_wconf 80' lang='grc' dir='ltr'>ι</span> 
     </span>
    </p>
   </div>
   <div class='ocr_carea' id='block_1_39' title="bbox 317 2087 1021 2159">
    <p class='ocr_par' dir='ltr' id='par_1_39' title="bbox 317 2087 1021 2159">
     <span class='ocr_line' id='line_1_39' title="bbox 317 2087 1021 2159; baseline 0.003 -19"><span class='ocrx_word' id='word_1_255' title='bbox 317 2100 402 2158; x_wconf 79' lang='lat' dir='ltr'>ep.</span> <span class='ocrx_word' id='word_1_256' title='bbox 440 2087 497 2141; x_wconf 90' lang='grc'>11</span> <span class='ocrx_word' id='word_1_257' title='bbox 536 2088 659 2159; x_wconf 82' lang='lat' dir='ltr'>[al.,</span> <span class='ocrx_word' id='word_1_258' title='bbox 692 2090 851 2159; x_wconf 82' lang='lat' dir='ltr'>epist.</span> <span class='ocrx_word' id='word_1_259' title='bbox 885 2087 1021 2158; x_wconf 76' lang='lat'>62]).</span> 
     </span>
    </p>
   </div>
   <div class='ocr_carea' id='block_1_40' title="bbox 319 2175 1894 2248">
    <p class='ocr_par' dir='ltr' id='par_1_40' title="bbox 319 2175 1894 2248">
     <span class='ocr_line' id='line_1_40' title="bbox 319 2175 1894 2248; baseline 0 -19"><span class='ocrx_word' id='word_1_260' title='bbox 319 2175 456 2248; x_wconf 88' lang='lat' dir='ltr'>Legi</span> <span class='ocrx_word' id='word_1_261' title='bbox 488 2176 785 2248; x_wconf 75' lang='lat' dir='ltr'>(legimus,</span> <span class='ocrx_word' id='word_1_262' title='bbox 819 2176 985 2247; x_wconf 74' lang='lat' dir='ltr'>orig.)</span> <span class='ocrx_word' id='word_1_263' title='bbox 1019 2176 1243 2231; x_wconf 88' lang='lat' dir='ltr'>litteras</span> <span class='ocrx_word' id='word_1_264' title='bbox 1276 2180 1430 2245; x_wconf 88' lang='lat' dir='ltr'>tuas,</span> <span class='ocrx_word' id='word_1_265' title='bbox 1464 2177 1641 2232; x_wconf 87' lang='lat' dir='ltr'>frater</span> <span class='ocrx_word' id='word_1_266' title='bbox 1669 2175 1894 2232; x_wconf 89' lang='lat' dir='ltr'>charis-</span> 
     </span>
    </p>
   </div>
   <div class='ocr_carea' id='block_1_41' title="bbox 248 2263 1893 2337">
    <p class='ocr_par' dir='ltr' id='par_1_41' title="bbox 248 2263 1893 2337">
     <span class='ocr_line' id='line_1_41' title="bbox 248 2263 1893 2337; baseline 0 -18"><span class='ocrx_word' id='word_1_267' title='bbox 248 2263 421 2336; x_wconf 88' lang='lat' dir='ltr'>sime,</span> <span class='ocrx_word' id='word_1_268' title='bbox 454 2281 601 2336; x_wconf 81' lang='lat' dir='ltr'>quas</span> <span class='ocrx_word' id='word_1_269' title='bbox 624 2282 726 2337; x_wconf 87' lang='lat' dir='ltr'>per</span> <span class='ocrx_word' id='word_1_270' title='bbox 754 2265 1073 2321; x_wconf 86' lang='lat' dir='ltr'>Paconium</span> <span class='ocrx_word' id='word_1_271' title='bbox 1099 2266 1339 2321; x_wconf 83' lang='lat' dir='ltr'>fratrem</span> <span class='ocrx_word' id='word_1_272' title='bbox 1355 2270 1623 2321; x_wconf 88' lang='lat' dir='ltr'>nostrum</span> <span class='ocrx_word' id='word_1_273' title='bbox 1657 2265 1893 2331; x_wconf 91' lang='lat' dir='ltr'>misisti,</span> 
     </span>
    </p>
   </div>
   <div class='ocr_carea' id='block_1_42' title="bbox 249 2354 1893 2426">
    <p class='ocr_par' dir='ltr' id='par_1_42' title="bbox 249 2354 1893 2426">
     <span class='ocr_line' id='line_1_42' title="bbox 249 2354 1893 2426; baseline 0 -17"><span class='ocrx_word' id='word_1_274' title='bbox 249 2355 559 2424; x_wconf 86' lang='lat' dir='ltr'>postulans</span> <span class='ocrx_word' id='word_1_275' title='bbox 582 2359 638 2410; x_wconf 90' lang='lat' dir='ltr'>et</span> <span class='ocrx_word' id='word_1_276' title='bbox 671 2355 1018 2410; x_wconf 88' lang='lat' dir='ltr'>desiderans</span> <span class='ocrx_word' id='word_1_277' title='bbox 1059 2359 1123 2409; x_wconf 91' lang='lat' dir='ltr'>ut</span> <span class='ocrx_word' id='word_1_278' title='bbox 1164 2354 1271 2409; x_wconf 92' lang='lat' dir='ltr'>tibi</span> <span class='ocrx_word' id='word_1_279' title='bbox 1316 2354 1711 2412; x_wconf 85' lang='lat' dir='ltr'>scriberemus</span> <span class='ocrx_word' id='word_1_280' title='bbox 1752 2354 1893 2426; x_wconf 90' lang='lat' dir='ltr'>quid</span> 
     </span>
    </p>
   </div>
   <div class='ocr_carea' id='block_1_43' title="bbox 248 2443 1898 2514">
    <p class='ocr_par' dir='ltr' id='par_1_43' title="bbox 248 2443 1898 2514">
     <span class='ocr_line' id='line_1_43' title="bbox 248 2443 1898 2514; baseline 0 -16"><span class='ocrx_word' id='word_1_281' title='bbox 248 2444 419 2499; x_wconf 90' lang='lat' dir='ltr'>nobis</span> <span class='ocrx_word' id='word_1_282' title='bbox 450 2445 521 2499; x_wconf 91' lang='lat' dir='ltr'>de</span> <span class='ocrx_word' id='word_1_283' title='bbox 552 2444 645 2499; x_wconf 92' lang='lat' dir='ltr'>his</span> <span class='ocrx_word' id='word_1_284' title='bbox 676 2443 1010 2513; x_wconf 83' lang='lat' dir='ltr'>virginibus</span> <span class='ocrx_word' id='word_1_285' title='bbox 1042 2443 1310 2499; x_wconf 89' lang='lat' dir='ltr'>videatur</span> <span class='ocrx_word' id='word_1_286' title='bbox 1350 2460 1476 2514; x_wconf 81' lang='lat' dir='ltr'>quae</span> <span class='ocrx_word' id='word_1_287' title='bbox 1534 2461 1667 2499; x_wconf 92' lang='lat' dir='ltr'>cum</span> <span class='ocrx_word' id='word_1_288' title='bbox 1718 2444 1898 2499; x_wconf 80' lang='lat' dir='ltr'>semel</span> 
     </span>
    </p>
   </div>
   <div class='ocr_carea' id='block_1_44' title="bbox 247 2532 1899 2588">
    <p class='ocr_par' dir='ltr' id='par_1_44' title="bbox 247 2532 1899 2588">
     <span class='ocr_line' id='line_1_44' title="bbox 247 2532 1899 2588; baseline 0 -1"><span class='ocrx_word' id='word_1_289' title='bbox 247 2536 465 2587; x_wconf 84' lang='lat' dir='ltr'>statum</span> <span class='ocrx_word' id='word_1_290' title='bbox 494 2549 668 2587; x_wconf 91' lang='lat' dir='ltr'>suum</span> <span class='ocrx_word' id='word_1_291' title='bbox 702 2533 1073 2587; x_wconf 87' lang='lat' dir='ltr'>continenter</span> <span class='ocrx_word' id='word_1_292' title='bbox 1102 2549 1166 2587; x_wconf 89' lang='lat' dir='ltr'>ac</span> <span class='ocrx_word' id='word_1_293' title='bbox 1198 2532 1446 2587; x_wconf 86' lang='lat' dir='ltr'>firmiter</span> <span class='ocrx_word' id='word_1_294' title='bbox 1476 2538 1673 2588; x_wconf 87' lang='lat' dir='ltr'>tenere</span> <span class='ocrx_word' id='word_1_295' title='bbox 1704 2533 1899 2587; x_wconf 90' lang='lat' dir='ltr'>decre-</span> 
     </span>
    </p>
   </div>
   <div class='ocr_carea' id='block_1_45' title="bbox 246 2620 1901 2691">
    <p class='ocr_par' dir='ltr' id='par_1_45' title="bbox 246 2620 1901 2691">
     <span class='ocr_line' id='line_1_45' title="bbox 246 2620 1901 2691; baseline 0.001 -17"><span class='ocrx_word' id='word_1_296' title='bbox 246 2621 458 2687; x_wconf 89' lang='lat' dir='ltr'>verint,</span> <span class='ocrx_word' id='word_1_297' title='bbox 484 2622 723 2677; x_wconf 78' lang='lat' dir='ltr'>detectae</span> <span class='ocrx_word' id='word_1_298' title='bbox 753 2625 895 2676; x_wconf 89' lang='lat' dir='ltr'>sunt</span> <span class='ocrx_word' id='word_1_299' title='bbox 926 2625 1131 2691; x_wconf 89' lang='lat' dir='ltr'>postea</span> <span class='ocrx_word' id='word_1_300' title='bbox 1164 2620 1220 2674; x_wconf 90' lang='lat' dir='ltr'>in</span> <span class='ocrx_word' id='word_1_301' title='bbox 1254 2621 1457 2675; x_wconf 91' lang='lat' dir='ltr'>eodem</span> <span class='ocrx_word' id='word_1_302' title='bbox 1488 2620 1636 2677; x_wconf 91' lang='lat' dir='ltr'>lecto</span> <span class='ocrx_word' id='word_1_303' title='bbox 1686 2622 1901 2691; x_wconf 88' lang='lat' dir='ltr'>pariter</span> 
     </span>
    </p>
   </div>
   <div class='ocr_carea' id='block_1_46' title="bbox 250 2709 1899 2781">
    <p class='ocr_par' dir='ltr' id='par_1_46' title="bbox 250 2709 1899 2781">
     <span class='ocr_line' id='line_1_46' title="bbox 250 2709 1899 2781; baseline 0.001 -17"><span class='ocrx_word' id='word_1_304' title='bbox 250 2710 544 2765; x_wconf 87' lang='lat' dir='ltr'>mansisse</span> <span class='ocrx_word' id='word_1_305' title='bbox 575 2726 710 2765; x_wconf 90' lang='lat' dir='ltr'>cum</span> <span class='ocrx_word' id='word_1_306' title='bbox 744 2709 1133 2779; x_wconf 85' lang='lat' dir='ltr'>masculis;ex</span> <span class='ocrx_word' id='word_1_307' title='bbox 1148 2710 1365 2781; x_wconf 91' lang='lat' dir='ltr'>quibus</span> <span class='ocrx_word' id='word_1_308' title='bbox 1388 2710 1899 2766; x_wconf 90' lang='lat' dir='ltr'>unumdiaconum</span> 
     </span>
    </p>
   </div>
   <div class='ocr_carea' id='block_1_47' title="bbox 247 2798 1903 2869">
    <p class='ocr_par' dir='ltr' id='par_1_47' title="bbox 247 2798 1903 2869">
     <span class='ocr_line' id='line_1_47' title="bbox 247 2798 1903 2869; baseline 0.001 -15"><span class='ocrx_word' id='word_1_309' title='bbox 247 2815 376 2854; x_wconf 90' lang='lat' dir='ltr'>esse</span> <span class='ocrx_word' id='word_1_310' title='bbox 395 2798 564 2854; x_wconf 89' lang='lat' dir='ltr'>dicis.</span> <span class='ocrx_word' id='word_1_311' title='bbox 600 2798 767 2854; x_wconf 87' lang='lat' dir='ltr'>Plane</span> <span class='ocrx_word' id='word_1_312' title='bbox 798 2799 1035 2854; x_wconf 89' lang='lat' dir='ltr'>easdem</span> <span class='ocrx_word' id='word_1_313' title='bbox 1059 2815 1189 2869; x_wconf 87' lang='lat' dir='ltr'>quae</span> <span class='ocrx_word' id='word_1_314' title='bbox 1211 2815 1271 2854; x_wconf 91' lang='lat' dir='ltr'>se</span> <span class='ocrx_word' id='word_1_315' title='bbox 1294 2816 1428 2853; x_wconf 90' lang='lat' dir='ltr'>cum</span> <span class='ocrx_word' id='word_1_316' title='bbox 1450 2800 1591 2854; x_wconf 91' lang='lat' dir='ltr'>viris</span> <span class='ocrx_word' id='word_1_317' title='bbox 1612 2800 1903 2856; x_wconf 86' lang='lat' dir='ltr'>dormisse</span> 
     </span>
    </p>
   </div>
   <div class='ocr_carea' id='block_1_48' title="bbox 248 2886 1900 2959">
    <p class='ocr_par' dir='ltr' id='par_1_48' title="bbox 248 2886 1900 2959">
     <span class='ocr_line' id='line_1_48' title="bbox 248 2886 1900 2959; baseline 0.001 -17"><span class='ocrx_word' id='word_1_318' title='bbox 248 2886 525 2943; x_wconf 76' lang='lat' dir='ltr'>confessae</span> <span class='ocrx_word' id='word_1_319' title='bbox 548 2891 709 2954; x_wconf 84' lang='lat' dir='ltr'>sunt,</span> <span class='ocrx_word' id='word_1_320' title='bbox 737 2902 1071 2943; x_wconf 88' lang='lat' dir='ltr'>asseverare</span> <span class='ocrx_word' id='word_1_321' title='bbox 1084 2904 1200 2943; x_wconf 90' lang='lat' dir='ltr'>non</span> <span class='ocrx_word' id='word_1_322' title='bbox 1215 2888 1380 2943; x_wconf 88' lang='lat' dir='ltr'>decet</span> <span class='ocrx_word' id='word_1_323' title='bbox 1402 2888 1729 2959; x_wconf 84' lang='lat' dir='ltr'>seintegras</span> <span class='ocrx_word' id='word_1_324' title='bbox 1751 2904 1900 2943; x_wconf 91' lang='lat' dir='ltr'>esse.</span> 
     </span>
    </p>
   </div>
   <div class='ocr_carea' id='block_1_49' title="bbox 248 2975 1904 3047">
    <p class='ocr_par' dir='ltr' id='par_1_49' title="bbox 248 2975 1904 3047">
     <span class='ocr_line' id='line_1_49' title="bbox 248 2975 1904 3047; baseline 0 -16"><span class='ocrx_word' id='word_1_325' title='bbox 248 2975 413 3031; x_wconf 88' lang='lat' dir='ltr'>Circa</span> <span class='ocrx_word' id='word_1_326' title='bbox 443 2992 619 3047; x_wconf 88' lang='lat' dir='ltr'>quam</span> <span class='ocrx_word' id='word_1_327' title='bbox 655 2993 776 3031; x_wconf 90' lang='lat' dir='ltr'>rem</span> <span class='ocrx_word' id='word_1_328' title='bbox 810 2976 1089 3047; x_wconf 89' lang='lat' dir='ltr'>quoniam</span> <span class='ocrx_word' id='word_1_329' title='bbox 1110 2976 1425 3032; x_wconf 88' lang='lat' dir='ltr'>consilium</span> <span class='ocrx_word' id='word_1_330' title='bbox 1447 2981 1716 3033; x_wconf 89' lang='lat' dir='ltr'>nostrum</span> <span class='ocrx_word' id='word_1_331' title='bbox 1747 2977 1904 3032; x_wconf 91' lang='lat' dir='ltr'>desi-</span> 
     </span>
    </p>
   </div>
   <div class='ocr_carea' id='block_1_50' title="bbox 248 3064 1897 3137">
    <p class='ocr_par' dir='ltr' id='par_1_50' title="bbox 248 3064 1897 3137">
     <span class='ocr_line' id='line_1_50' title="bbox 248 3064 1897 3137; baseline 0 -18"><span class='ocrx_word' id='word_1_332' title='bbox 248 3065 439 3132; x_wconf 89' lang='lat' dir='ltr'>deras,</span> <span class='ocrx_word' id='word_1_333' title='bbox 474 3067 585 3121; x_wconf 91' lang='lat' dir='ltr'>etc.</span> <span class='ocrx_word' id='word_1_334' title='bbox 622 3066 847 3136; x_wconf 84' lang='lat' dir='ltr'>(Ibidem</span> <span class='ocrx_word' id='word_1_335' title='bbox 864 3066 1033 3137; x_wconf 85' lang='lat' dir='ltr'>paulo</span> <span class='ocrx_word' id='word_1_336' title='bbox 1051 3066 1211 3136; x_wconf 83' lang='lat' dir='ltr'>post).</span> <span class='ocrx_word' id='word_1_337' title='bbox 1248 3065 1508 3120; x_wconf 86' lang='lat' dir='ltr'>Primum</span> <span class='ocrx_word' id='word_1_338' title='bbox 1544 3064 1743 3135; x_wconf 85' lang='lat' dir='ltr'>igitur,</span> <span class='ocrx_word' id='word_1_339' title='bbox 1785 3065 1897 3119; x_wconf 88' lang='lat' dir='ltr'>fra-</span> 
     </span>
    </p>
   </div>
   <div class='ocr_carea' id='block_1_51' title="bbox 244 3153 1899 3226">
    <p class='ocr_par' dir='ltr' id='par_1_51' title="bbox 244 3153 1899 3226">
     <span class='ocr_line' id='line_1_51' title="bbox 244 3153 1899 3226; baseline 0.001 -17"><span class='ocrx_word' id='word_1_340' title='bbox 244 3157 333 3209; x_wconf 95' lang='lat' dir='ltr'>ter</span> <span class='ocrx_word' id='word_1_341' title='bbox 362 3154 729 3222; x_wconf 81' lang='lat' dir='ltr'>charissima,</span> <span class='ocrx_word' id='word_1_342' title='bbox 764 3159 820 3210; x_wconf 89' lang='lat' dir='ltr'>et</span> <span class='ocrx_word' id='word_1_343' title='bbox 858 3154 1186 3226; x_wconf 65' lang='lat' dir='ltr'>praepositis</span> <span class='ocrx_word' id='word_1_344' title='bbox 1234 3158 1291 3209; x_wconf 91' lang='lat' dir='ltr'>et</span> <span class='ocrx_word' id='word_1_345' title='bbox 1329 3153 1485 3225; x_wconf 90' lang='lat' dir='ltr'>plebi</span> <span class='ocrx_word' id='word_1_346' title='bbox 1532 3154 1681 3209; x_wconf 90' lang='lat' dir='ltr'>nihil</span> <span class='ocrx_word' id='word_1_347' title='bbox 1740 3154 1899 3210; x_wconf 87' lang='lat' dir='ltr'>aliud</span> 
     </span>
    </p>
   </div>
   <div class='ocr_carea' id='block_1_52' title="bbox 245 3242 1899 3314">
    <p class='ocr_par' dir='ltr' id='par_1_52' title="bbox 245 3242 1899 3314">
     <span class='ocr_line' id='line_1_52' title="bbox 245 3242 1899 3314; baseline 0.001 -18"><span class='ocrx_word' id='word_1_348' title='bbox 245 3242 667 3297; x_wconf 87' lang='lat' dir='ltr'>elaborandum</span> <span class='ocrx_word' id='word_1_349' title='bbox 699 3247 809 3309; x_wconf 89' lang='lat' dir='ltr'>est,</span> <span class='ocrx_word' id='word_1_350' title='bbox 842 3259 1020 3314; x_wconf 91' lang='lat' dir='ltr'>quam</span> <span class='ocrx_word' id='word_1_351' title='bbox 1078 3248 1142 3297; x_wconf 91' lang='lat' dir='ltr'>ut</span> <span class='ocrx_word' id='word_1_352' title='bbox 1189 3248 1375 3297; x_wconf 76' lang='lat' dir='ltr'>Deum</span> <span class='ocrx_word' id='word_1_353' title='bbox 1411 3243 1752 3312; x_wconf 89' lang='lat' dir='ltr'>timeamus,</span> <span class='ocrx_word' id='word_1_354' title='bbox 1794 3258 1899 3297; x_wconf 87' lang='lat' dir='ltr'>nec</span> 
     </span>
    </p>
   </div>
   <div class='ocr_carea' id='block_1_53' title="bbox 249 3331 1899 3403">
    <p class='ocr_par' dir='ltr' id='par_1_53' title="bbox 249 3331 1899 3403">
     <span class='ocr_line' id='line_1_53' title="bbox 249 3331 1899 3403; baseline 0.001 -18"><span class='ocrx_word' id='word_1_355' title='bbox 249 3331 543 3401; x_wconf 88' lang='lat' dir='ltr'>patiamur</span> <span class='ocrx_word' id='word_1_356' title='bbox 572 3348 763 3387; x_wconf 86' lang='lat' dir='ltr'>errare</span> <span class='ocrx_word' id='word_1_357' title='bbox 793 3332 1003 3387; x_wconf 87' lang='lat' dir='ltr'>fratres</span> <span class='ocrx_word' id='word_1_358' title='bbox 1046 3335 1305 3397; x_wconf 90' lang='lat' dir='ltr'>nostros,</span> <span class='ocrx_word' id='word_1_359' title='bbox 1334 3347 1439 3386; x_wconf 90' lang='lat' dir='ltr'>nec</span> <span class='ocrx_word' id='word_1_360' title='bbox 1469 3331 1726 3403; x_wconf 89' lang='lat' dir='ltr'>virgines</span> <span class='ocrx_word' id='word_1_361' title='bbox 1763 3347 1899 3386; x_wconf 89' lang='lat' dir='ltr'>cum</span> 
     </span>
    </p>
   </div>
   <div class='ocr_carea' id='block_1_54' title="bbox 247 3418 1899 3483">
    <p class='ocr_par' dir='ltr' id='par_1_54' title="bbox 247 3418 1899 3483">
     <span class='ocr_line' id='line_1_54' title="bbox 247 3418 1899 3483; baseline 0.001 -10"><span class='ocrx_word' id='word_1_362' title='bbox 247 3418 530 3473; x_wconf 86' lang='lat' dir='ltr'>masculis</span> <span class='ocrx_word' id='word_1_363' title='bbox 561 3418 855 3474; x_wconf 83' lang='lat' dir='ltr'>habitare:</span> <span class='ocrx_word' id='word_1_364' title='bbox 892 3436 1006 3475; x_wconf 89' lang='lat' dir='ltr'>non</span> <span class='ocrx_word' id='word_1_365' title='bbox 1039 3420 1167 3475; x_wconf 86' lang='lat' dir='ltr'>dico</span> <span class='ocrx_word' id='word_1_366' title='bbox 1182 3419 1653 3483; x_wconf 82' lang='lat' dir='ltr'>simuldormire,</span> <span class='ocrx_word' id='word_1_367' title='bbox 1678 3420 1776 3474; x_wconf 91' lang='lat' dir='ltr'>sed</span> <span class='ocrx_word' id='word_1_368' title='bbox 1794 3436 1899 3476; x_wconf 91' lang='lat' dir='ltr'>nec</span> 
     </span>
    </p>
   </div>
   <div class='ocr_carea' id='block_1_55' title="bbox 249 3507 1899 3579">
    <p class='ocr_par' dir='ltr' id='par_1_55' title="bbox 249 3507 1899 3579">
     <span class='ocr_line' id='line_1_55' title="bbox 249 3507 1899 3579; baseline 0.001 -16"><span class='ocrx_word' id='word_1_369' title='bbox 249 3507 428 3563; x_wconf 85' lang='lat' dir='ltr'>simul</span> <span class='ocrx_word' id='word_1_370' title='bbox 457 3507 666 3563; x_wconf 88' lang='lat' dir='ltr'>vivere.</span> <span class='ocrx_word' id='word_1_371' title='bbox 696 3509 846 3579; x_wconf 81' lang='lat' dir='ltr'>(Post</span> <span class='ocrx_word' id='word_1_372' title='bbox 874 3510 1087 3579; x_wconf 89' lang='lat' dir='ltr'>aliquot</span> <span class='ocrx_word' id='word_1_373' title='bbox 1108 3511 1341 3575; x_wconf 81' lang='lat' dir='ltr'>versus.)</span> <span class='ocrx_word' id='word_1_374' title='bbox 1366 3508 1606 3573; x_wconf 88' lang='lat' dir='ltr'>Quando</span> <span class='ocrx_word' id='word_1_375' title='bbox 1638 3511 1695 3563; x_wconf 92' lang='lat' dir='ltr'>et</span> <span class='ocrx_word' id='word_1_376' title='bbox 1724 3524 1899 3565; x_wconf 87' lang='lat' dir='ltr'>sexus</span> 
     </span>
    </p>
   </div>
   <div class='ocr_carea' id='block_1_56' title="bbox 248 3596 1900 3668">
    <p class='ocr_par' dir='ltr' id='par_1_56' title="bbox 248 3596 1900 3668">
     <span class='ocr_line' id='line_1_56' title="bbox 248 3596 1900 3668; baseline 0.001 -17"><span class='ocrx_word' id='word_1_377' title='bbox 248 3596 521 3652; x_wconf 82' lang='lat' dir='ltr'>infirmus</span> <span class='ocrx_word' id='word_1_378' title='bbox 552 3602 609 3651; x_wconf 90' lang='lat' dir='ltr'>et</span> <span class='ocrx_word' id='word_1_379' title='bbox 630 3601 769 3652; x_wconf 75' lang='lat' dir='ltr'>retas</span> <span class='ocrx_word' id='word_1_380' title='bbox 794 3597 984 3652; x_wconf 90' lang='lat' dir='ltr'>adhuc</span> <span class='ocrx_word' id='word_1_381' title='bbox 1012 3597 1259 3661; x_wconf 86' lang='lat' dir='ltr'>lubrica,</span> <span class='ocrx_word' id='word_1_382' title='bbox 1287 3614 1388 3668; x_wconf 91' lang='lat' dir='ltr'>per</span> <span class='ocrx_word' id='word_1_383' title='bbox 1408 3596 1607 3652; x_wconf 90' lang='lat' dir='ltr'>omnia</span> <span class='ocrx_word' id='word_1_384' title='bbox 1630 3597 1841 3651; x_wconf 90' lang='lat' dir='ltr'>frenari</span> <span class='ocrx_word' id='word_1_385' title='bbox 1866 3614 1900 3652; x_wconf 89' lang='lat' dir='ltr'>a</span> 
     </span>
    </p>
   </div>
   <div class='ocr_carea' id='block_1_57' title="bbox 250 3685 1901 3758">
    <p class='ocr_par' dir='ltr' id='par_1_57' title="bbox 250 3685 1901 3758">
     <span class='ocr_line' id='line_1_57' title="bbox 250 3685 1901 3758; baseline -0.001 -16"><span class='ocrx_word' id='word_1_386' title='bbox 250 3686 420 3742; x_wconf 90' lang='lat' dir='ltr'>nobis</span> <span class='ocrx_word' id='word_1_387' title='bbox 451 3690 508 3741; x_wconf 89' lang='lat' dir='ltr'>et</span> <span class='ocrx_word' id='word_1_388' title='bbox 528 3686 645 3758; x_wconf 85' lang='lat' dir='ltr'>regi</span> <span class='ocrx_word' id='word_1_389' title='bbox 680 3686 870 3741; x_wconf 90' lang='lat' dir='ltr'>adhuc</span> <span class='ocrx_word' id='word_1_390' title='bbox 914 3687 1143 3754; x_wconf 87' lang='lat' dir='ltr'>debeat,</span> <span class='ocrx_word' id='word_1_391' title='bbox 1190 3702 1263 3741; x_wconf 89' lang='lat' dir='ltr'>ne</span> <span class='ocrx_word' id='word_1_392' title='bbox 1316 3685 1548 3741; x_wconf 91' lang='lat' dir='ltr'>diabolo</span> <span class='ocrx_word' id='word_1_393' title='bbox 1592 3685 1901 3740; x_wconf 89' lang='lat' dir='ltr'>insidianti</span> 
     </span>
    </p>
   </div>
   <div class='ocr_carea' id='block_1_58' title="bbox 250 3774 1897 3847">
    <p class='ocr_par' dir='ltr' id='par_1_58' title="bbox 250 3774 1897 3847">
     <span class='ocr_line' id='line_1_58' title="bbox 250 3774 1897 3847; baseline -0.001 -16"><span class='ocrx_word' id='word_1_394' title='bbox 250 3777 319 3831; x_wconf 90' lang='lat' dir='ltr'>ad</span> <span class='ocrx_word' id='word_1_395' title='bbox 348 3776 679 3831; x_wconf 88' lang='lat' dir='ltr'>nocendum</span> <span class='ocrx_word' id='word_1_396' title='bbox 706 3776 878 3831; x_wconf 90' lang='lat' dir='ltr'>detur</span> <span class='ocrx_word' id='word_1_397' title='bbox 904 3776 1151 3843; x_wconf 89' lang='lat' dir='ltr'>occasio,</span> <span class='ocrx_word' id='word_1_398' title='bbox 1178 3775 1316 3847; x_wconf 89' lang='lat' dir='ltr'>quia</span> <span class='ocrx_word' id='word_1_399' title='bbox 1333 3791 1536 3847; x_wconf 85' lang='lat' dir='ltr'>graves</span> <span class='ocrx_word' id='word_1_400' title='bbox 1577 3774 1897 3830; x_wconf 90' lang='lat' dir='ltr'>multorum</span> 
     </span>
    </p>
   </div>
   <div class='ocr_carea' id='block_1_59' title="bbox 248 3862 1898 3936">
    <p class='ocr_par' dir='ltr' id='par_1_59' title="bbox 248 3862 1898 3936">
     <span class='ocr_line' id='line_1_59' title="bbox 248 3862 1898 3936; baseline -0.001 -16"><span class='ocrx_word' id='word_1_401' title='bbox 248 3864 601 3920; x_wconf 88' lang='lat' dir='ltr'>ruinashinc</span> <span class='ocrx_word' id='word_1_402' title='bbox 628 3864 755 3919; x_wconf 82' lang='lat' dir='ltr'>ﬁeri</span> <span class='ocrx_word' id='word_1_403' title='bbox 780 3864 1068 3931; x_wconf 88' lang='lat' dir='ltr'>videmus,</span> <span class='ocrx_word' id='word_1_404' title='bbox 1094 3869 1153 3920; x_wconf 89' lang='lat' dir='ltr'>et</span> <span class='ocrx_word' id='word_1_405' title='bbox 1170 3882 1270 3935; x_wconf 92' lang='lat' dir='ltr'>per</span> <span class='ocrx_word' id='word_1_406' title='bbox 1288 3863 1628 3936; x_wconf 88' lang='lat' dir='ltr'>hujusmodi</span> <span class='ocrx_word' id='word_1_407' title='bbox 1660 3862 1898 3919; x_wconf 88' lang='lat' dir='ltr'>illicitas</span> 
     </span>
    </p>
   </div>
   <div class='ocr_carea' id='block_1_60' title="bbox 247 3952 1896 4024">
    <p class='ocr_par' dir='ltr' id='par_1_60' title="bbox 247 3952 1896 4024">
     <span class='ocr_line' id='line_1_60' title="bbox 247 3952 1896 4024; baseline -0.002 -15"><span class='ocrx_word' id='word_1_408' title='bbox 247 3959 305 4009; x_wconf 90' lang='lat' dir='ltr'>et</span> <span class='ocrx_word' id='word_1_409' title='bbox 326 3953 686 4024; x_wconf 88' lang='lat' dir='ltr'>perniciosas</span> <span class='ocrx_word' id='word_1_410' title='bbox 706 3954 1151 4023; x_wconf 87' lang='lat' dir='ltr'>conjunctiones</span> <span class='ocrx_word' id='word_1_411' title='bbox 1166 3954 1459 4023; x_wconf 90' lang='lat' dir='ltr'>corrumpi</span> <span class='ocrx_word' id='word_1_412' title='bbox 1476 3952 1763 4023; x_wconf 90' lang='lat' dir='ltr'>plurimas</span> <span class='ocrx_word' id='word_1_413' title='bbox 1784 3952 1896 4007; x_wconf 86' lang='lat' dir='ltr'>vir-</span> 
     </span>
    </p>
   </div>
   <div class='ocr_carea' id='block_1_61' title="bbox 246 4041 1899 4113">
    <p class='ocr_par' dir='ltr' id='par_1_61' title="bbox 246 4041 1899 4113">
     <span class='ocr_line' id='line_1_61' title="bbox 246 4041 1899 4113; baseline 0.001 -18"><span class='ocrx_word' id='word_1_414' title='bbox 246 4042 413 4113; x_wconf 86' lang='lat' dir='ltr'>gines</span> <span class='ocrx_word' id='word_1_415' title='bbox 444 4042 863 4113; x_wconf 87' lang='lat' dir='ltr'>conspicimus.</span> <span class='ocrx_word' id='word_1_416' title='bbox 898 4042 1060 4105; x_wconf 87' lang='lat' dir='ltr'>Quod</span> <span class='ocrx_word' id='word_1_417' title='bbox 1092 4043 1141 4097; x_wconf 90' lang='lat' dir='ltr'>si</span> <span class='ocrx_word' id='word_1_418' title='bbox 1174 4060 1238 4098; x_wconf 89' lang='lat' dir='ltr'>se</span> <span class='ocrx_word' id='word_1_419' title='bbox 1266 4061 1335 4098; x_wconf 80' lang='lat' dir='ltr'>ex</span> <span class='ocrx_word' id='word_1_420' title='bbox 1356 4043 1469 4097; x_wconf 82' lang='lat' dir='ltr'>ﬁde</span> <span class='ocrx_word' id='word_1_421' title='bbox 1487 4041 1717 4097; x_wconf 88' lang='lat' dir='ltr'>Christo</span> <span class='ocrx_word' id='word_1_422' title='bbox 1740 4043 1899 4096; x_wconf 86' lang='lat' dir='ltr'>dica-</span> 
     </span>
    </p>
   </div>
   <div class='ocr_carea' id='block_1_62' title="bbox 245 4130 1896 4202">
    <p class='ocr_par' dir='ltr' id='par_1_62' title="bbox 245 4130 1896 4202">
     <span class='ocr_line' id='line_1_62' title="bbox 245 4130 1896 4202; baseline 0.001 -18"><span class='ocrx_word' id='word_1_423' title='bbox 245 4140 454 4186; x_wconf 85' lang='lat' dir='ltr'>verunt</span> <span class='ocrx_word' id='word_1_424' title='bbox 485 4131 695 4202; x_wconf 90' lang='lat' dir='ltr'>pudice</span> <span class='ocrx_word' id='word_1_425' title='bbox 726 4136 780 4185; x_wconf 93' lang='lat' dir='ltr'>et</span> <span class='ocrx_word' id='word_1_426' title='bbox 810 4138 968 4186; x_wconf 86' lang='lat' dir='ltr'>caste</span> <span class='ocrx_word' id='word_1_427' title='bbox 995 4132 1120 4186; x_wconf 88' lang='lat' dir='ltr'>sine</span> <span class='ocrx_word' id='word_1_428' title='bbox 1145 4130 1265 4187; x_wconf 89' lang='lat' dir='ltr'>ulla</span> <span class='ocrx_word' id='word_1_429' title='bbox 1284 4131 1481 4186; x_wconf 86' lang='lat' dir='ltr'>fabula</span> <span class='ocrx_word' id='word_1_430' title='bbox 1504 4135 1896 4201; x_wconf 88' lang='lat' dir='ltr'>perseverent;</span> 
     </span>
    </p>
   </div>
   <div class='ocr_carea' id='block_1_63' title="bbox 246 4218 1899 4290">
    <p class='ocr_par' dir='ltr' id='par_1_63' title="bbox 246 4218 1899 4290">
     <span class='ocr_line' id='line_1_63' title="bbox 246 4218 1899 4290; baseline -0.001 -16"><span class='ocrx_word' id='word_1_431' title='bbox 246 4220 326 4274; x_wconf 86' lang='lat' dir='ltr'>ita</span> <span class='ocrx_word' id='word_1_432' title='bbox 356 4220 533 4275; x_wconf 83' lang='lat' dir='ltr'>fortes</span> <span class='ocrx_word' id='word_1_433' title='bbox 562 4223 618 4274; x_wconf 89' lang='lat' dir='ltr'>et</span> <span class='ocrx_word' id='word_1_434' title='bbox 646 4219 889 4274; x_wconf 86' lang='lat' dir='ltr'>stabiles</span> <span class='ocrx_word' id='word_1_435' title='bbox 941 4220 1249 4290; x_wconf 67' lang='lat' dir='ltr'>praemium</span> <span class='ocrx_word' id='word_1_436' title='bbox 1302 4218 1664 4290; x_wconf 82' lang='lat' dir='ltr'>virginitatis</span> <span class='ocrx_word' id='word_1_437' title='bbox 1696 4234 1899 4290; x_wconf 79' lang='lat' dir='ltr'>exspe-</span> 
     </span>
    </p>
   </div>
   <div class='ocr_carea' id='block_1_64' title="bbox 244 4308 1901 4380">
    <p class='ocr_par' dir='ltr' id='par_1_64' title="bbox 244 4308 1901 4380">
     <span class='ocr_line' id='line_1_64' title="bbox 244 4308 1901 4380; baseline -0.001 -16"><span class='ocrx_word' id='word_1_438' title='bbox 244 4314 403 4364; x_wconf 87' lang='lat' dir='ltr'>ctent</span> <span class='ocrx_word' id='word_1_439' title='bbox 456 4309 510 4363; x_wconf 89' lang='lat' dir='ltr'>Si</span> <span class='ocrx_word' id='word_1_440' title='bbox 538 4311 732 4363; x_wconf 90' lang='lat' dir='ltr'>autem</span> <span class='ocrx_word' id='word_1_441' title='bbox 768 4324 868 4378; x_wconf 81' lang='lat' dir='ltr'>pro</span> <span class='ocrx_word' id='word_1_442' title='bbox 897 4308 1134 4379; x_wconf 81' lang='lat' dir='ltr'>praemio</span> <span class='ocrx_word' id='word_1_443' title='bbox 1157 4308 1513 4379; x_wconf 87' lang='lat' dir='ltr'>virginitatis</span> <span class='ocrx_word' id='word_1_444' title='bbox 1531 4324 1901 4380; x_wconf 90' lang='lat' dir='ltr'>perseverare</span> 
     </span>
    </p>
   </div>
   <div class='ocr_carea' id='block_1_65' title="bbox 248 4397 1898 4467">
    <p class='ocr_par' dir='ltr' id='par_1_65' title="bbox 248 4397 1898 4467">
     <span class='ocr_line' id='line_1_65' title="bbox 248 4397 1898 4467; baseline -0.001 -15"><span class='ocrx_word' id='word_1_445' title='bbox 248 4398 475 4463; x_wconf 89' lang='lat' dir='ltr'>nolunt,</span> <span class='ocrx_word' id='word_1_446' title='bbox 508 4397 595 4452; x_wconf 91' lang='lat' dir='ltr'>vel</span> <span class='ocrx_word' id='word_1_447' title='bbox 649 4414 765 4451; x_wconf 89' lang='lat' dir='ltr'>non</span> <span class='ocrx_word' id='word_1_448' title='bbox 805 4402 1075 4467; x_wconf 87' lang='lat' dir='ltr'>possunt,</span> <span class='ocrx_word' id='word_1_449' title='bbox 1129 4397 1341 4451; x_wconf 91' lang='lat' dir='ltr'>melius</span> <span class='ocrx_word' id='word_1_450' title='bbox 1392 4401 1481 4452; x_wconf 90' lang='lat' dir='ltr'>est</span> <span class='ocrx_word' id='word_1_451' title='bbox 1530 4401 1595 4451; x_wconf 92' lang='lat' dir='ltr'>ut</span> <span class='ocrx_word' id='word_1_452' title='bbox 1650 4397 1898 4463; x_wconf 87' lang='lat' dir='ltr'>nubant,</span> 
     </span>
    </p>
   </div>
   <div class='ocr_carea' id='block_1_66' title="bbox 249 4469 1978 4559">
    <p class='ocr_par' dir='ltr' id='par_1_66' title="bbox 249 4469 1978 4559">
     <span class='ocr_line' id='line_1_66' title="bbox 249 4469 1978 4559; baseline -0.002 -18"><span class='ocrx_word' id='word_1_453' title='bbox 249 4502 427 4559; x_wconf 90' lang='lat' dir='ltr'>quam</span> <span class='ocrx_word' id='word_1_454' title='bbox 454 4486 587 4556; x_wconf 85' lang='lat' dir='ltr'>igne</span> <span class='ocrx_word' id='word_1_455' title='bbox 619 4484 814 4540; x_wconf 86' lang='lat' dir='ltr'>delicti</span> <span class='ocrx_word' id='word_1_456' title='bbox 850 4485 941 4540; x_wconf 89' lang='lat' dir='ltr'>sui</span> <span class='ocrx_word' id='word_1_457' title='bbox 977 4485 1055 4555; x_wconf 88' lang='lat' dir='ltr'>[in</span> <span class='ocrx_word' id='word_1_458' title='bbox 1092 4485 1286 4555; x_wconf 89' lang='lat' dir='ltr'>ignem</span> <span class='ocrx_word' id='word_1_459' title='bbox 1319 4485 1547 4540; x_wconf 84' lang='lat' dir='ltr'>delictis</span> <span class='ocrx_word' id='word_1_460' title='bbox 1579 4485 1704 4541; x_wconf 89' lang='lat' dir='ltr'>suis</span> <span class='ocrx_word' id='word_1_461' title='bbox 1734 4486 1901 4556; x_wconf 72' lang='lat' dir='ltr'>Orig]</span> <span class='ocrx_word' id='word_1_462' title='bbox 1932 4469 1978 4533; x_wconf 83' lang='lat' dir='ltr'><strong>D</strong></span> 
     </span>
    </p>
   </div>
   <div class='ocr_carea' id='block_1_67' title="bbox 249 4573 1905 4640">
    <p class='ocr_par' dir='ltr' id='par_1_67' title="bbox 249 4573 1905 4640">
     <span class='ocr_line' id='line_1_67' title="bbox 249 4573 1905 4640; baseline -0.001 -8"><span class='ocrx_word' id='word_1_463' title='bbox 249 4576 482 4640; x_wconf 88' lang='lat' dir='ltr'>cadant,</span> <span class='ocrx_word' id='word_1_464' title='bbox 505 4580 560 4628; x_wconf 87' lang='lat' dir='ltr'>et</span> <span class='ocrx_word' id='word_1_465' title='bbox 574 4579 727 4629; x_wconf 90' lang='lat' dir='ltr'>certe</span> <span class='ocrx_word' id='word_1_466' title='bbox 751 4573 977 4629; x_wconf 85' lang='lat' dir='ltr'>nullum</span> <span class='ocrx_word' id='word_1_467' title='bbox 1007 4574 1282 4629; x_wconf 84' lang='lat' dir='ltr'>fratribus</span> <span class='ocrx_word' id='word_1_468' title='bbox 1300 4580 1399 4629; x_wconf 88' lang='lat' dir='ltr'>aut</span> <span class='ocrx_word' id='word_1_469' title='bbox 1416 4575 1714 4630; x_wconf 84' lang='lat' dir='ltr'>sororibus</span> <span class='ocrx_word' id='word_1_470' title='bbox 1728 4592 1905 4630; x_wconf 86' lang='lat' dir='ltr'>scan—</span> 
     </span>
    </p>
   </div>
   <div class='ocr_carea' id='block_1_68' title="bbox 248 4663 1903 4734">
    <p class='ocr_par' dir='ltr' id='par_1_68' title="bbox 248 4663 1903 4734">
     <span class='ocr_line' id='line_1_68' title="bbox 248 4663 1903 4734; baseline 0 -15"><span class='ocrx_word' id='word_1_471' title='bbox 248 4664 445 4719; x_wconf 90' lang='lat' dir='ltr'>dalum</span> <span class='ocrx_word' id='word_1_472' title='bbox 481 4664 715 4719; x_wconf 80' lang='lat' dir='ltr'>faciant.</span> <span class='ocrx_word' id='word_1_473' title='bbox 749 4664 900 4733; x_wconf 81' lang='lat' dir='ltr'>(Post</span> <span class='ocrx_word' id='word_1_474' title='bbox 942 4665 1165 4734; x_wconf 84' lang='lat' dir='ltr'>pauca.)</span> <span class='ocrx_word' id='word_1_475' title='bbox 1214 4664 1327 4717; x_wconf 83' lang='lat' dir='ltr'>Nec</span> <span class='ocrx_word' id='word_1_476' title='bbox 1382 4663 1582 4734; x_wconf 90' lang='lat' dir='ltr'>aliqua</span> <span class='ocrx_word' id='word_1_477' title='bbox 1630 4668 1793 4734; x_wconf 88' lang='lat' dir='ltr'>putet</span> <span class='ocrx_word' id='word_1_478' title='bbox 1841 4679 1903 4719; x_wconf 89' lang='lat' dir='ltr'>se</span> 
     </span>
    </p>
   </div>
   <div class='ocr_carea' id='block_1_69' title="bbox 247 4750 1904 4823">
    <p class='ocr_par' dir='ltr' id='par_1_69' title="bbox 247 4750 1904 4823">
     <span class='ocr_line' id='line_1_69' title="bbox 247 4750 1904 4823; baseline 0 -14"><span class='ocrx_word' id='word_1_479' title='bbox 247 4753 621 4810; x_wconf 83' lang='lat' dir='ltr'>excusatione</span> <span class='ocrx_word' id='word_1_480' title='bbox 650 4750 909 4821; x_wconf 87' lang='lat' dir='ltr'>defendi,</span> <span class='ocrx_word' id='word_1_481' title='bbox 946 4755 1099 4822; x_wconf 90' lang='lat' dir='ltr'>quod</span> <span class='ocrx_word' id='word_1_482' title='bbox 1126 4752 1339 4823; x_wconf 89' lang='lat' dir='ltr'>inspici</span> <span class='ocrx_word' id='word_1_483' title='bbox 1372 4757 1427 4808; x_wconf 89' lang='lat' dir='ltr'>et</span> <span class='ocrx_word' id='word_1_484' title='bbox 1450 4752 1683 4823; x_wconf 91' lang='lat' dir='ltr'>probari</span> <span class='ocrx_word' id='word_1_485' title='bbox 1714 4757 1904 4823; x_wconf 85' lang='lat' dir='ltr'>potest</span> 
     </span>
    </p>
   </div>
   <div class='ocr_carea' id='block_1_70' title="bbox 248 4839 1899 4912">
    <p class='ocr_par' dir='ltr' id='par_1_70' title="bbox 248 4839 1899 4912">
     <span class='ocr_line' id='line_1_70' title="bbox 248 4839 1899 4912; baseline -0.001 -15"><span class='ocrx_word' id='word_1_486' title='bbox 248 4859 321 4898; x_wconf 89' lang='lat' dir='ltr'>an</span> <span class='ocrx_word' id='word_1_487' title='bbox 344 4842 503 4912; x_wconf 85' lang='lat' dir='ltr'>virgo</span> <span class='ocrx_word' id='word_1_488' title='bbox 537 4842 634 4906; x_wconf 87' lang='lat' dir='ltr'>sit,</span> <span class='ocrx_word' id='word_1_489' title='bbox 669 4856 802 4895; x_wconf 86' lang='lat' dir='ltr'>cum</span> <span class='ocrx_word' id='word_1_490' title='bbox 834 4844 890 4895; x_wconf 91' lang='lat' dir='ltr'>et</span> <span class='ocrx_word' id='word_1_491' title='bbox 915 4856 1126 4895; x_wconf 88' lang='lat' dir='ltr'>manus</span> <span class='ocrx_word' id='word_1_492' title='bbox 1166 4842 1549 4896; x_wconf 83' lang='lat' dir='ltr'>obstetricum</span> <span class='ocrx_word' id='word_1_493' title='bbox 1585 4846 1641 4895; x_wconf 92' lang='lat' dir='ltr'>et</span> <span class='ocrx_word' id='word_1_494' title='bbox 1696 4839 1899 4896; x_wconf 91' lang='lat' dir='ltr'>oculus</span> 
     </span>
    </p>
   </div>
   <div class='ocr_carea' id='block_1_71' title="bbox 246 4928 1899 5002">
    <p class='ocr_par' dir='ltr' id='par_1_71' title="bbox 246 4928 1899 5002">
     <span class='ocr_line' id='line_1_71' title="bbox 246 4928 1899 5002; baseline -0.001 -16"><span class='ocrx_word' id='word_1_495' title='bbox 246 4947 397 5002; x_wconf 67' lang='lat' dir='ltr'>saepe</span> <span class='ocrx_word' id='word_1_496' title='bbox 429 4929 683 4993; x_wconf 88' lang='lat' dir='ltr'>fallatur,</span> <span class='ocrx_word' id='word_1_497' title='bbox 718 4932 773 4983; x_wconf 88' lang='lat' dir='ltr'>et</span> <span class='ocrx_word' id='word_1_498' title='bbox 804 4928 853 4982; x_wconf 91' lang='lat' dir='ltr'>si</span> <span class='ocrx_word' id='word_1_499' title='bbox 878 4928 1217 5001; x_wconf 90' lang='lat' dir='ltr'>incorrupta</span> <span class='ocrx_word' id='word_1_500' title='bbox 1249 4929 1427 4985; x_wconf 90' lang='lat' dir='ltr'>fuerit</span> <span class='ocrx_word' id='word_1_501' title='bbox 1454 4929 1690 4984; x_wconf 88' lang='lat' dir='ltr'>inventa</span> <span class='ocrx_word' id='word_1_502' title='bbox 1739 4930 1899 5001; x_wconf 89' lang='lat' dir='ltr'>virgo</span> 
     </span>
    </p>
   </div>
   <div class='ocr_carea' id='block_1_72' title="bbox 242 5016 1901 5089">
    <p class='ocr_par' dir='ltr' id='par_1_72' title="bbox 242 5016 1901 5089">
     <span class='ocr_line' id='line_1_72' title="bbox 242 5016 1901 5089; baseline 0 -15"><span class='ocrx_word' id='word_1_503' title='bbox 242 5034 312 5074; x_wconf 88' lang='lat' dir='ltr'>ea</span> <span class='ocrx_word' id='word_1_504' title='bbox 334 5022 499 5089; x_wconf 88' lang='lat' dir='ltr'>parte</span> <span class='ocrx_word' id='word_1_505' title='bbox 521 5034 635 5088; x_wconf 88' lang='lat' dir='ltr'>qua</span> <span class='ocrx_word' id='word_1_506' title='bbox 661 5016 873 5071; x_wconf 91' lang='lat' dir='ltr'>mulier</span> <span class='ocrx_word' id='word_1_507' title='bbox 901 5022 1091 5088; x_wconf 88' lang='lat' dir='ltr'>potest</span> <span class='ocrx_word' id='word_1_508' title='bbox 1111 5034 1264 5084; x_wconf 86' lang='lat' dir='ltr'>esse,</span> <span class='ocrx_word' id='word_1_509' title='bbox 1291 5019 1503 5089; x_wconf 89' lang='lat' dir='ltr'>poterit</span> <span class='ocrx_word' id='word_1_510' title='bbox 1528 5022 1721 5072; x_wconf 89' lang='lat' dir='ltr'>tamen</span> <span class='ocrx_word' id='word_1_511' title='bbox 1756 5022 1811 5073; x_wconf 87' lang='lat' dir='ltr'>et</span> <span class='ocrx_word' id='word_1_512' title='bbox 1832 5034 1901 5074; x_wconf 80' lang='lat' dir='ltr'>ex</span> 
     </span>
    </p>
   </div>
   <div class='ocr_carea' id='block_1_73' title="bbox 246 5105 1897 5178">
    <p class='ocr_par' dir='ltr' id='par_1_73' title="bbox 246 5105 1897 5178">
     <span class='ocr_line' id='line_1_73' title="bbox 246 5105 1897 5178; baseline 0.001 -16"><span class='ocrx_word' id='word_1_513' title='bbox 246 5107 363 5163; x_wconf 90' lang='lat' dir='ltr'>alia</span> <span class='ocrx_word' id='word_1_514' title='bbox 394 5105 656 5177; x_wconf 88' lang='lat' dir='ltr'>corporis</span> <span class='ocrx_word' id='word_1_515' title='bbox 687 5110 851 5176; x_wconf 86' lang='lat' dir='ltr'>parte</span> <span class='ocrx_word' id='word_1_516' title='bbox 885 5121 1178 5176; x_wconf 86' lang='lat' dir='ltr'>peccasse,</span> <span class='ocrx_word' id='word_1_517' title='bbox 1203 5124 1333 5178; x_wconf 76' lang='lat' dir='ltr'>quaa</span> <span class='ocrx_word' id='word_1_518' title='bbox 1356 5108 1651 5178; x_wconf 88' lang='lat' dir='ltr'>corrumpi</span> <span class='ocrx_word' id='word_1_519' title='bbox 1685 5112 1897 5177; x_wconf 89' lang='lat' dir='ltr'>potest,</span> 
     </span>
    </p>
   </div>
   <div class='ocr_carea' id='block_1_74' title="bbox 246 5193 1900 5267">
    <p class='ocr_par' dir='ltr' id='par_1_74' title="bbox 246 5193 1900 5267">
     <span class='ocr_line' id='line_1_74' title="bbox 246 5193 1900 5267; baseline 0 -16"><span class='ocrx_word' id='word_1_520' title='bbox 246 5201 304 5251; x_wconf 90' lang='lat' dir='ltr'>et</span> <span class='ocrx_word' id='word_1_521' title='bbox 335 5200 531 5250; x_wconf 89' lang='lat' dir='ltr'>tamen</span> <span class='ocrx_word' id='word_1_522' title='bbox 565 5193 775 5265; x_wconf 91' lang='lat' dir='ltr'>inspici</span> <span class='ocrx_word' id='word_1_523' title='bbox 803 5212 917 5249; x_wconf 91' lang='lat' dir='ltr'>non</span> <span class='ocrx_word' id='word_1_524' title='bbox 953 5199 1163 5265; x_wconf 88' lang='lat' dir='ltr'>potest.</span> <span class='ocrx_word' id='word_1_525' title='bbox 1196 5200 1360 5252; x_wconf 77' lang='lat' dir='ltr'>Certe</span> <span class='ocrx_word' id='word_1_526' title='bbox 1381 5201 1439 5251; x_wconf 90' lang='lat' dir='ltr'>et</span> <span class='ocrx_word' id='word_1_527' title='bbox 1468 5197 1592 5267; x_wconf 87' lang='lat' dir='ltr'>ipse</span> <span class='ocrx_word' id='word_1_528' title='bbox 1623 5196 1900 5251; x_wconf 81' lang='lat' dir='ltr'>concubi-</span> 
     </span>
    </p>
   </div>
   <div class='ocr_carea' id='block_1_75' title="bbox 245 5282 1899 5355">
    <p class='ocr_par' dir='ltr' id='par_1_75' title="bbox 245 5282 1899 5355">
     <span class='ocr_line' id='line_1_75' title="bbox 245 5282 1899 5355; baseline 0 -15"><span class='ocrx_word' id='word_1_529' title='bbox 245 5289 365 5355; x_wconf 83' lang='lat' dir='ltr'>tus,</span> <span class='ocrx_word' id='word_1_530' title='bbox 390 5284 515 5355; x_wconf 88' lang='lat' dir='ltr'>ipse</span> <span class='ocrx_word' id='word_1_531' title='bbox 535 5282 898 5355; x_wconf 78' lang='lat' dir='ltr'>complexus,</span> <span class='ocrx_word' id='word_1_532' title='bbox 932 5283 1045 5339; x_wconf 90' lang='lat' dir='ltr'>ista</span> <span class='ocrx_word' id='word_1_533' title='bbox 1075 5284 1492 5351; x_wconf 85' lang='lat' dir='ltr'>confabulatio,</span> <span class='ocrx_word' id='word_1_534' title='bbox 1517 5285 1630 5339; x_wconf 86' lang='lat' dir='ltr'>ista</span> <span class='ocrx_word' id='word_1_535' title='bbox 1648 5285 1899 5341; x_wconf 90' lang='lat' dir='ltr'>duorum</span> 
     </span>
    </p>
   </div>
   <div class='ocr_carea' id='block_1_76' title="bbox 238 5372 1898 5446">
    <p class='ocr_par' dir='ltr' id='par_1_76' title="bbox 238 5372 1898 5446">
     <span class='ocr_line' id='line_1_76' title="bbox 238 5372 1898 5446; baseline 0 -17"><span class='ocrx_word' id='word_1_536' title='bbox 238 5372 565 5445; x_wconf 89' lang='lat' dir='ltr'>jacentium</span> <span class='ocrx_word' id='word_1_537' title='bbox 598 5372 790 5444; x_wconf 89' lang='lat' dir='ltr'>turpis</span> <span class='ocrx_word' id='word_1_538' title='bbox 810 5376 868 5428; x_wconf 91' lang='lat' dir='ltr'>et</span> <span class='ocrx_word' id='word_1_539' title='bbox 898 5372 1049 5428; x_wconf 73' lang='lat' dir='ltr'>fmda</span> <span class='ocrx_word' id='word_1_540' title='bbox 1084 5373 1374 5443; x_wconf 89' lang='lat' dir='ltr'>dormitio,</span> <span class='ocrx_word' id='word_1_541' title='bbox 1411 5379 1697 5446; x_wconf 86' lang='lat' dir='ltr'>quantum</span> <span class='ocrx_word' id='word_1_542' title='bbox 1724 5374 1898 5429; x_wconf 90' lang='lat' dir='ltr'>dede-</span> 
     </span>
    </p>
   </div>
   <div class='ocr_carea' id='block_1_77' title="bbox 248 5460 1206 5517">
    <p class='ocr_par' dir='ltr' id='par_1_77' title="bbox 248 5460 1206 5517">
     <span class='ocr_line' id='line_1_77' title="bbox 248 5460 1206 5517; baseline -0.002 0"><span class='ocrx_word' id='word_1_543' title='bbox 248 5462 402 5517; x_wconf 87' lang='lat' dir='ltr'>coris</span> <span class='ocrx_word' id='word_1_544' title='bbox 433 5469 488 5516; x_wconf 89' lang='lat' dir='ltr'>et</span> <span class='ocrx_word' id='word_1_545' title='bbox 519 5460 788 5517; x_wconf 89' lang='lat' dir='ltr'>criminis</span> <span class='ocrx_word' id='word_1_546' title='bbox 818 5461 1206 5517; x_wconf 83' lang='lat' dir='ltr'>conﬁtentur?</span> 
     </span>
    </p>
   </div>
   <div class='ocr_carea' id='block_1_78' title="bbox 248 5568 1901 5642">
    <p class='ocr_par' dir='ltr' id='par_1_78' title="bbox 248 5568 1901 5642">
     <span class='ocr_line' id='line_1_78' title="bbox 248 5568 1901 5642; baseline 0.002 -16"><span class='ocrx_word' id='word_1_547' title='bbox 248 5570 384 5626; x_wconf 75' lang='lat' dir='ltr'>CAP.</span> <span class='ocrx_word' id='word_1_548' title='bbox 430 5568 549 5622; x_wconf 84' lang='lat'>128.</span> <span class='ocrx_word' id='word_1_549' title='bbox 584 5597 652 5609; x_wconf 87' lang='lat'>-—</span> <span class='ocrx_word' id='word_1_550' title='bbox 690 5569 823 5623; x_wconf 88' lang='lat' dir='ltr'>Item</span> <span class='ocrx_word' id='word_1_551' title='bbox 875 5568 941 5622; x_wconf 86' lang='lat' dir='ltr'>de</span> <span class='ocrx_word' id='word_1_552' title='bbox 998 5570 1413 5625; x_wconf 69' lang='lat' dir='ltr'>examinatione</span> <span class='ocrx_word' id='word_1_553' title='bbox 1450 5570 1729 5640; x_wconf 81' lang='lat' dir='ltr'>virginum</span> <span class='ocrx_word' id='word_1_554' title='bbox 1778 5587 1901 5642; x_wconf 71' lang='lat' dir='ltr'>qua:</span> 
     </span>
    </p>
   </div>
   <div class='ocr_carea' id='block_1_79' title="bbox 2006 1797 3649 1871">
    <p class='ocr_par' dir='ltr' id='par_1_79' title="bbox 2006 1797 3649 1871">
     <span class='ocr_line' id='line_1_79' title="bbox 2006 1797 3649 1871; baseline -0.005 -13"><span class='ocrx_word' id='word_1_555' title='bbox 2006 1819 2167 1866; x_wconf 89' lang='lat' dir='ltr'>nam,</span> <span class='ocrx_word' id='word_1_556' title='bbox 2201 1800 2341 1871; x_wconf 85' lang='lat' dir='ltr'>quia</span> <span class='ocrx_word' id='word_1_557' title='bbox 2373 1817 2504 1871; x_wconf 71' lang='lat' dir='ltr'>quae</span> <span class='ocrx_word' id='word_1_558' title='bbox 2536 1799 2646 1854; x_wconf 89' lang='lat' dir='ltr'>hoc</span> <span class='ocrx_word' id='word_1_559' title='bbox 2680 1799 2901 1854; x_wconf 88' lang='lat' dir='ltr'>crimen</span> <span class='ocrx_word' id='word_1_560' title='bbox 2952 1798 3218 1867; x_wconf 89' lang='lat' dir='ltr'>admisit,</span> <span class='ocrx_word' id='word_1_561' title='bbox 3267 1815 3381 1853; x_wconf 92' lang='lat' dir='ltr'>non</span> <span class='ocrx_word' id='word_1_562' title='bbox 3433 1797 3649 1864; x_wconf 86' lang='lat' dir='ltr'>mariti,</span> 
     </span>
    </p>
   </div>
   <div class='ocr_carea' id='block_1_80' title="bbox 2005 1888 3653 1957">
    <p class='ocr_par' dir='ltr' id='par_1_80' title="bbox 2005 1888 3653 1957">
     <span class='ocr_line' id='line_1_80' title="bbox 2005 1888 3653 1957; baseline -0.003 -10"><span class='ocrx_word' id='word_1_563' title='bbox 2005 1892 2105 1947; x_wconf 91' lang='lat' dir='ltr'>sed</span> <span class='ocrx_word' id='word_1_564' title='bbox 2153 1890 2363 1945; x_wconf 87' lang='lat' dir='ltr'>Christi</span> <span class='ocrx_word' id='word_1_565' title='bbox 2418 1888 2685 1943; x_wconf 89' lang='lat' dir='ltr'>adultera</span> <span class='ocrx_word' id='word_1_566' title='bbox 2728 1894 2836 1943; x_wconf 91' lang='lat' dir='ltr'>est.</span> <span class='ocrx_word' id='word_1_567' title='bbox 2894 1889 2962 1943; x_wconf 89' lang='lat' dir='ltr'>Et</span> <span class='ocrx_word' id='word_1_568' title='bbox 3008 1888 3137 1943; x_wconf 91' lang='lat' dir='ltr'>ideo</span> <span class='ocrx_word' id='word_1_569' title='bbox 3170 1888 3457 1943; x_wconf 67' lang='lat' dir='ltr'>aestimato</span> <span class='ocrx_word' id='word_1_570' title='bbox 3490 1888 3653 1957; x_wconf 90' lang='lat' dir='ltr'>justo</span> 
     </span>
    </p>
   </div>
   <div class='ocr_carea' id='block_1_81' title="bbox 2002 1976 3653 2052">
    <p class='ocr_par' dir='ltr' id='par_1_81' title="bbox 2002 1976 3653 2052">
     <span class='ocr_line' id='line_1_81' title="bbox 2002 1976 3653 2052; baseline -0.004 -15"><span class='ocrx_word' id='word_1_571' title='bbox 2002 1984 2267 2052; x_wconf 89' lang='lat' dir='ltr'>tempore</span> <span class='ocrx_word' id='word_1_572' title='bbox 2299 1982 2497 2050; x_wconf 82' lang='lat' dir='ltr'>postea</span> <span class='ocrx_word' id='word_1_573' title='bbox 2521 1977 2910 2049; x_wconf 81' lang='lat' dir='ltr'>exomologesi</span> <span class='ocrx_word' id='word_1_574' title='bbox 2947 1977 3097 2033; x_wconf 89' lang='lat' dir='ltr'>facta</span> <span class='ocrx_word' id='word_1_575' title='bbox 3128 1978 3197 2032; x_wconf 88' lang='lat' dir='ltr'>ad</span> <span class='ocrx_word' id='word_1_576' title='bbox 3233 1976 3538 2032; x_wconf 87' lang='lat' dir='ltr'>ecclesiam</span> <span class='ocrx_word' id='word_1_577' title='bbox 3562 1992 3653 2031; x_wconf 88' lang='lat' dir='ltr'>re-</span> 
     </span>
    </p>
   </div>
   <div class='ocr_carea' id='block_1_82' title="bbox 2005 2063 3650 2136">
    <p class='ocr_par' dir='ltr' id='par_1_82' title="bbox 2005 2063 3650 2136">
     <span class='ocr_line' id='line_1_82' title="bbox 2005 2063 3650 2136; baseline -0.002 -13"><span class='ocrx_word' id='word_1_578' title='bbox 2005 2070 2155 2124; x_wconf 85' lang='lat' dir='ltr'>deat.</span> <span class='ocrx_word' id='word_1_579' title='bbox 2191 2068 2353 2133; x_wconf 89' lang='lat' dir='ltr'>Quod</span> <span class='ocrx_word' id='word_1_580' title='bbox 2386 2067 2435 2121; x_wconf 89' lang='lat' dir='ltr'>si</span> <span class='ocrx_word' id='word_1_581' title='bbox 2486 2066 2778 2121; x_wconf 83' lang='lat' dir='ltr'>obstinate</span> <span class='ocrx_word' id='word_1_582' title='bbox 2821 2070 3214 2136; x_wconf 85' lang='lat' dir='ltr'>perseverant,</span> <span class='ocrx_word' id='word_1_583' title='bbox 3261 2080 3365 2119; x_wconf 92' lang='lat' dir='ltr'>nec</span> <span class='ocrx_word' id='word_1_584' title='bbox 3398 2065 3469 2119; x_wconf 90' lang='lat' dir='ltr'>ab</span> <span class='ocrx_word' id='word_1_585' title='bbox 3503 2063 3650 2119; x_wconf 88' lang='lat' dir='ltr'>invi-</span> 
     </span>
    </p>
   </div>
   <div class='ocr_carea' id='block_1_83' title="bbox 2006 2153 3653 2228">
    <p class='ocr_par' dir='ltr' id='par_1_83' title="bbox 2006 2153 3653 2228">
     <span class='ocr_line' id='line_1_83' title="bbox 2006 2153 3653 2228; baseline -0.002 -15"><span class='ocrx_word' id='word_1_586' title='bbox 2006 2174 2129 2213; x_wconf 90' lang='lat' dir='ltr'>cem</span> <span class='ocrx_word' id='word_1_587' title='bbox 2181 2173 2243 2213; x_wconf 89' lang='lat' dir='ltr'>se</span> <span class='ocrx_word' id='word_1_588' title='bbox 2292 2158 2602 2228; x_wconf 83' lang='lat' dir='ltr'>separant,</span> <span class='ocrx_word' id='word_1_589' title='bbox 2657 2155 2845 2210; x_wconf 89' lang='lat' dir='ltr'>sciant</span> <span class='ocrx_word' id='word_1_590' title='bbox 2892 2170 2956 2209; x_wconf 89' lang='lat' dir='ltr'>se</span> <span class='ocrx_word' id='word_1_591' title='bbox 3016 2171 3150 2209; x_wconf 91' lang='lat' dir='ltr'>cum</span> <span class='ocrx_word' id='word_1_592' title='bbox 3194 2154 3303 2209; x_wconf 89' lang='lat' dir='ltr'>hac</span> <span class='ocrx_word' id='word_1_593' title='bbox 3351 2153 3653 2226; x_wconf 91' lang='lat' dir='ltr'>impudica</span> 
     </span>
    </p>
   </div>
   <div class='ocr_carea' id='block_1_84' title="bbox 2006 2242 3652 2315">
    <p class='ocr_par' dir='ltr' id='par_1_84' title="bbox 2006 2242 3652 2315">
     <span class='ocr_line' id='line_1_84' title="bbox 2006 2242 3652 2315; baseline -0.003 -12"><span class='ocrx_word' id='word_1_594' title='bbox 2006 2245 2403 2303; x_wconf 88' lang='lat' dir='ltr'>obstinatione</span> <span class='ocrx_word' id='word_1_595' title='bbox 2435 2260 2741 2315; x_wconf 89' lang='lat' dir='ltr'>nunquam</span> <span class='ocrx_word' id='word_1_596' title='bbox 2776 2260 2809 2298; x_wconf 86' lang='lat' dir='ltr'>a</span> <span class='ocrx_word' id='word_1_597' title='bbox 2842 2243 3013 2299; x_wconf 89' lang='lat' dir='ltr'>nobis</span> <span class='ocrx_word' id='word_1_598' title='bbox 3060 2243 3294 2298; x_wconf 82' lang='lat' dir='ltr'>admitti</span> <span class='ocrx_word' id='word_1_599' title='bbox 3325 2242 3384 2299; x_wconf 92' lang='lat' dir='ltr'>in</span> <span class='ocrx_word' id='word_1_600' title='bbox 3406 2242 3652 2298; x_wconf 88' lang='lat' dir='ltr'>ecclesia</span> 
     </span>
    </p>
   </div>
   <div class='ocr_carea' id='block_1_85' title="bbox 2006 2351 2199 2407">
    <p class='ocr_par' dir='ltr' id='par_1_85' title="bbox 2006 2351 2199 2407">
     <span class='ocr_line' id='line_1_85' title="bbox 2006 2351 2199 2407; baseline 0 -16"><span class='ocrx_word' id='word_1_601' title='bbox 2006 2351 2199 2407; x_wconf 90' lang='lat' dir='ltr'>posse.</span> 
     </span>
    </p>
   </div>
   <div class='ocr_carea' id='block_1_86' title="bbox 2008 2437 3651 2509">
    <p class='ocr_par' dir='ltr' id='par_1_86' title="bbox 2008 2437 3651 2509">
     <span class='ocr_line' id='line_1_86' title="bbox 2008 2437 3651 2509; baseline -0.004 -12"><span class='ocrx_word' id='word_1_602' title='bbox 2008 2442 2140 2497; x_wconf 78' lang='lat' dir='ltr'>CAP.</span> <span class='ocrx_word' id='word_1_603' title='bbox 2207 2440 2331 2495; x_wconf 75' lang='grc'>129.</span> <span class='ocrx_word' id='word_1_604' title='bbox 2384 2470 2453 2479; x_wconf 86' lang='lat'>——</span> <span class='ocrx_word' id='word_1_605' title='bbox 2505 2439 2583 2492; x_wconf 86' lang='lat' dir='ltr'>Ad</span> <span class='ocrx_word' id='word_1_606' title='bbox 2628 2454 2811 2507; x_wconf 86' lang='lat' dir='ltr'>regem</span> <span class='ocrx_word' id='word_1_607' title='bbox 2860 2439 3161 2509; x_wconf 86' lang='lat' dir='ltr'>Anglorum</span> <span class='ocrx_word' id='word_1_608' title='bbox 3202 2438 3269 2492; x_wconf 86' lang='lat' dir='ltr'>de</span> <span class='ocrx_word' id='word_1_609' title='bbox 3311 2437 3651 2509; x_wconf 81' lang='lat' dir='ltr'>prohibendo</span> 
     </span>
    </p>
   </div>
   <div class='ocr_carea' id='block_1_87' title="bbox 2077 2510 3651 2581">
    <p class='ocr_par' dir='ltr' id='par_1_87' title="bbox 2077 2510 3651 2581">
     <span class='ocr_line' id='line_1_87' title="bbox 2077 2510 3651 2581; baseline -0.004 -14"><span class='ocrx_word' id='word_1_610' title='bbox 2077 2512 2431 2567; x_wconf 83' lang='lat' dir='ltr'>matrimonio</span> <span class='ocrx_word' id='word_1_611' title='bbox 2467 2510 2980 2565; x_wconf 72' lang='lat' dir='ltr'>sanctimonialium</span> <span class='ocrx_word' id='word_1_612' title='bbox 3009 2515 3059 2564; x_wconf 84' lang='lat' dir='ltr'>et</span> <span class='ocrx_word' id='word_1_613' title='bbox 3088 2511 3651 2581; x_wconf 64' lang='lat' dir='ltr'>consanguineorum2</span> 
     </span>
    </p>
   </div>
   <div class='ocr_carea' id='block_1_88' title="bbox 2081 2579 3653 2654">
    <p class='ocr_par' dir='ltr' id='par_1_88' title="bbox 2081 2579 3653 2654">
     <span class='ocr_line' id='line_1_88' title="bbox 2081 2579 3653 2654; baseline -0.001 -17"><span class='ocrx_word' id='word_1_614' title='bbox 2081 2583 2403 2654; x_wconf 80' lang='lat' dir='ltr'>Boni/ocius</span> <span class='ocrx_word' id='word_1_615' title='bbox 2427 2585 2643 2651; x_wconf 86' lang='lat' dir='ltr'>martyr</span> <span class='ocrx_word' id='word_1_616' title='bbox 2688 2581 3036 2637; x_wconf 84' lang='lat' dir='ltr'>Hileribaldo</span> <span class='ocrx_word' id='word_1_617' title='bbox 3067 2579 3447 2651; x_wconf 65' lang='lat' dir='ltr'>[Hiltribalda</span> <span class='ocrx_word' id='word_1_618' title='bbox 3479 2579 3653 2649; x_wconf 88' lang='lat' dir='ltr'>Vict.]</span> 
     </span>
    </p>
   </div>
   <div class='ocr_carea' id='block_1_89' title="bbox 2080 2655 2548 2727">
    <p class='ocr_par' dir='ltr' id='par_1_89' title="bbox 2080 2655 2548 2727">
     <span class='ocr_line' id='line_1_89' title="bbox 2080 2655 2548 2727; baseline -0.006 -18"><span class='ocrx_word' id='word_1_619' title='bbox 2080 2656 2203 2724; x_wconf 85' lang='lat' dir='ltr'>regi</span> <span class='ocrx_word' id='word_1_620' title='bbox 2221 2655 2548 2727; x_wconf 78' lang='lat' dir='ltr'>Anglorum.</span> 
     </span>
    </p>
   </div>
   <div class='ocr_carea' id='block_1_90' title="bbox 2080 2738 3652 2815">
    <p class='ocr_par' dir='ltr' id='par_1_90' title="bbox 2080 2738 3652 2815">
     <span class='ocr_line' id='line_1_90' title="bbox 2080 2738 3652 2815; baseline -0.003 -18"><span class='ocrx_word' id='word_1_621' title='bbox 2080 2745 2134 2797; x_wconf 80' lang='lat' dir='ltr'>Si</span> <span class='ocrx_word' id='word_1_622' title='bbox 2168 2743 2345 2815; x_wconf 88' lang='lat' dir='ltr'>(quod</span> <span class='ocrx_word' id='word_1_623' title='bbox 2382 2741 2576 2812; x_wconf 90' lang='lat' dir='ltr'>absit),</span> <span class='ocrx_word' id='word_1_624' title='bbox 2618 2745 2681 2797; x_wconf 91' lang='lat' dir='ltr'>ut</span> <span class='ocrx_word' id='word_1_625' title='bbox 2716 2740 2884 2796; x_wconf 90' lang='lat' dir='ltr'>multi</span> <span class='ocrx_word' id='word_1_626' title='bbox 2913 2741 3139 2807; x_wconf 92' lang='lat' dir='ltr'>dicunt,</span> <span class='ocrx_word' id='word_1_627' title='bbox 3174 2755 3278 2795; x_wconf 88' lang='lat' dir='ltr'>nec</span> <span class='ocrx_word' id='word_1_628' title='bbox 3328 2738 3652 2811; x_wconf 87' lang='lat' dir='ltr'>legitimam</span> 
     </span>
    </p>
   </div>
   <div class='ocr_carea' id='block_1_91' title="bbox 2012 2828 3655 2904">
    <p class='ocr_par' dir='ltr' id='par_1_91' title="bbox 2012 2828 3655 2904">
     <span class='ocr_line' id='line_1_91' title="bbox 2012 2828 3655 2904; baseline -0.004 -15"><span class='ocrx_word' id='word_1_629' title='bbox 2012 2831 2291 2904; x_wconf 88' lang='lat' dir='ltr'>accepisti</span> <span class='ocrx_word' id='word_1_630' title='bbox 2341 2847 2600 2896; x_wconf 89' lang='lat' dir='ltr'>uxorem,</span> <span class='ocrx_word' id='word_1_631' title='bbox 2631 2846 2735 2885; x_wconf 90' lang='lat' dir='ltr'>nec</span> <span class='ocrx_word' id='word_1_632' title='bbox 2766 2829 3054 2886; x_wconf 87' lang='lat' dir='ltr'>castitatis</span> <span class='ocrx_word' id='word_1_633' title='bbox 3083 2828 3506 2885; x_wconf 88' lang='lat' dir='ltr'>abstinentiam</span> <span class='ocrx_word' id='word_1_634' title='bbox 3551 2844 3655 2899; x_wconf 89' lang='lat' dir='ltr'>pro</span> 
     </span>
    </p>
   </div>
   <div class='ocr_carea' id='block_1_92' title="bbox 2017 2917 3655 2983">
    <p class='ocr_par' dir='ltr' id='par_1_92' title="bbox 2017 2917 3655 2983">
     <span class='ocr_line' id='line_1_92' title="bbox 2017 2917 3655 2983; baseline -0.004 -6"><span class='ocrx_word' id='word_1_635' title='bbox 2017 2929 2127 2977; x_wconf 90' lang='lat' dir='ltr'>Deo</span> <span class='ocrx_word' id='word_1_636' title='bbox 2151 2920 2419 2983; x_wconf 85' lang='lat' dir='ltr'>servasti,</span> <span class='ocrx_word' id='word_1_637' title='bbox 2452 2920 2551 2975; x_wconf 91' lang='lat' dir='ltr'>sed</span> <span class='ocrx_word' id='word_1_638' title='bbox 2586 2919 2830 2975; x_wconf 90' lang='lat' dir='ltr'>libidine</span> <span class='ocrx_word' id='word_1_639' title='bbox 2862 2920 3205 2973; x_wconf 88' lang='lat' dir='ltr'>dominante</span> <span class='ocrx_word' id='word_1_640' title='bbox 3236 2919 3294 2972; x_wconf 90' lang='lat' dir='ltr'>in</span> <span class='ocrx_word' id='word_1_641' title='bbox 3327 2917 3543 2972; x_wconf 90' lang='lat' dir='ltr'>scelere</span> <span class='ocrx_word' id='word_1_642' title='bbox 3567 2917 3655 2971; x_wconf 91' lang='lat' dir='ltr'>lu-</span> 
     </span>
    </p>
   </div>
   <div class='ocr_carea' id='block_1_93' title="bbox 2014 3006 3663 3080">
    <p class='ocr_par' dir='ltr' id='par_1_93' title="bbox 2014 3006 3663 3080">
     <span class='ocr_line' id='line_1_93' title="bbox 2014 3006 3663 3080; baseline -0.003 -15"><span class='ocrx_word' id='word_1_643' title='bbox 2014 3011 2193 3065; x_wconf 66' lang='lat' dir='ltr'>xuria:</span> <span class='ocrx_word' id='word_1_644' title='bbox 2226 3014 2282 3065; x_wconf 90' lang='lat' dir='ltr'>et</span> <span class='ocrx_word' id='word_1_645' title='bbox 2303 3008 2596 3076; x_wconf 88' lang='lat' dir='ltr'>adulterii,</span> <span class='ocrx_word' id='word_1_646' title='bbox 2623 3008 2839 3064; x_wconf 90' lang='lat' dir='ltr'>famam</span> <span class='ocrx_word' id='word_1_647' title='bbox 2872 3007 3069 3080; x_wconf 74' lang='lat' dir='ltr'>gloriae</span> <span class='ocrx_word' id='word_1_648' title='bbox 3098 3011 3214 3062; x_wconf 84' lang='lat' dir='ltr'>tuae</span> <span class='ocrx_word' id='word_1_649' title='bbox 3237 3023 3433 3061; x_wconf 90' lang='lat' dir='ltr'>coram</span> <span class='ocrx_word' id='word_1_650' title='bbox 3465 3006 3580 3061; x_wconf 89' lang='lat' dir='ltr'>Deo</span> <span class='ocrx_word' id='word_1_651' title='bbox 3604 3010 3663 3061; x_wconf 88' lang='lat' dir='ltr'>et</span> 
     </span>
    </p>
   </div>
   <div class='ocr_carea' id='block_1_94' title="bbox 1930 3096 3657 3174">
    <p class='ocr_par' dir='ltr' id='par_1_94' title="bbox 1930 3096 3657 3174">
     <span class='ocr_line' id='line_1_94' title="bbox 1930 3096 3657 3174; baseline -0.005 -17"><span class='ocrx_word' id='word_1_652' title='bbox 1930 3110 1975 3174; x_wconf 78' lang='grc' dir='ltr'>ο</span> <span class='ocrx_word' id='word_1_653' title='bbox 2014 3100 2357 3156; x_wconf 86' lang='lat' dir='ltr'>hominibus</span> <span class='ocrx_word' id='word_1_654' title='bbox 2386 3098 2742 3167; x_wconf 85' lang='lat' dir='ltr'>confuderis,</span> <span class='ocrx_word' id='word_1_655' title='bbox 2776 3097 2835 3152; x_wconf 89' lang='lat' dir='ltr'>in</span> <span class='ocrx_word' id='word_1_656' title='bbox 2861 3097 2969 3152; x_wconf 91' lang='lat' dir='ltr'>hoc</span> <span class='ocrx_word' id='word_1_657' title='bbox 3001 3096 3171 3152; x_wconf 88' lang='lat' dir='ltr'>valde</span> <span class='ocrx_word' id='word_1_658' title='bbox 3217 3096 3657 3165; x_wconf 86' lang='lat' dir='ltr'>contristamur,</span> 
     </span>
    </p>
   </div>
   <div class='ocr_carea' id='block_1_95' title="bbox 2013 3184 3661 3261">
    <p class='ocr_par' dir='ltr' id='par_1_95' title="bbox 2013 3184 3661 3261">
     <span class='ocr_line' id='line_1_95' title="bbox 2013 3184 3661 3261; baseline -0.004 -17"><span class='ocrx_word' id='word_1_659' title='bbox 2013 3190 2154 3261; x_wconf 87' lang='lat' dir='ltr'>quia</span> <span class='ocrx_word' id='word_1_660' title='bbox 2185 3194 2241 3243; x_wconf 88' lang='lat' dir='ltr'>et</span> <span class='ocrx_word' id='word_1_661' title='bbox 2270 3188 2328 3242; x_wconf 90' lang='lat' dir='ltr'>in</span> <span class='ocrx_word' id='word_1_662' title='bbox 2360 3192 2675 3257; x_wconf 90' lang='lat' dir='ltr'>conspectu</span> <span class='ocrx_word' id='word_1_663' title='bbox 2708 3186 2807 3241; x_wconf 90' lang='lat' dir='ltr'>Dei</span> <span class='ocrx_word' id='word_1_664' title='bbox 2836 3184 3145 3257; x_wconf 81' lang='lat' dir='ltr'>flagitium,</span> <span class='ocrx_word' id='word_1_665' title='bbox 3171 3191 3227 3239; x_wconf 91' lang='lat' dir='ltr'>et</span> <span class='ocrx_word' id='word_1_666' title='bbox 3256 3201 3449 3240; x_wconf 90' lang='lat' dir='ltr'>coram</span> <span class='ocrx_word' id='word_1_667' title='bbox 3475 3184 3661 3239; x_wconf 89' lang='lat' dir='ltr'>homi-</span> 
     </span>
    </p>
   </div>
   <div class='ocr_carea' id='block_1_96' title="bbox 2010 3273 3659 3345">
    <p class='ocr_par' dir='ltr' id='par_1_96' title="bbox 2010 3273 3659 3345">
     <span class='ocr_line' id='line_1_96' title="bbox 2010 3273 3659 3345; baseline -0.004 -12"><span class='ocrx_word' id='word_1_668' title='bbox 2010 3278 2186 3333; x_wconf 90' lang='lat' dir='ltr'>nibus</span> <span class='ocrx_word' id='word_1_669' title='bbox 2240 3278 2405 3331; x_wconf 64' lang='lat' dir='ltr'>famae</span> <span class='ocrx_word' id='word_1_670' title='bbox 2437 3276 2702 3331; x_wconf 88' lang='lat' dir='ltr'>confusio</span> <span class='ocrx_word' id='word_1_671' title='bbox 2750 3292 2879 3330; x_wconf 89' lang='lat' dir='ltr'>esse</span> <span class='ocrx_word' id='word_1_672' title='bbox 2927 3274 3316 3345; x_wconf 88' lang='lat' dir='ltr'>dignoscitur,</span> <span class='ocrx_word' id='word_1_673' title='bbox 3367 3279 3424 3328; x_wconf 89' lang='lat' dir='ltr'>et</span> <span class='ocrx_word' id='word_1_674' title='bbox 3468 3273 3659 3328; x_wconf 90' lang='lat' dir='ltr'>adhuc</span> 
     </span>
    </p>
   </div>
   <div class='ocr_carea' id='block_1_97' title="bbox 2010 3362 3658 3438">
    <p class='ocr_par' dir='ltr' id='par_1_97' title="bbox 2010 3362 3658 3438">
     <span class='ocr_line' id='line_1_97' title="bbox 2010 3362 3658 3438; baseline -0.004 -17"><span class='ocrx_word' id='word_1_675' title='bbox 2010 3368 2163 3438; x_wconf 88' lang='lat' dir='ltr'>quod</span> <span class='ocrx_word' id='word_1_676' title='bbox 2214 3367 2383 3436; x_wconf 88' lang='lat' dir='ltr'>pejus</span> <span class='ocrx_word' id='word_1_677' title='bbox 2430 3368 2520 3419; x_wconf 81' lang='lat' dir='ltr'>est</span> <span class='ocrx_word' id='word_1_678' title='bbox 2549 3367 2650 3435; x_wconf 88' lang='lat' dir='ltr'>qui</span> <span class='ocrx_word' id='word_1_679' title='bbox 2684 3364 2852 3419; x_wconf 93' lang='lat' dir='ltr'>nobis</span> <span class='ocrx_word' id='word_1_680' title='bbox 2884 3368 3126 3418; x_wconf 87' lang='lat' dir='ltr'>narrant</span> <span class='ocrx_word' id='word_1_681' title='bbox 3174 3362 3463 3431; x_wconf 90' lang='lat' dir='ltr'>adjiciunt</span> <span class='ocrx_word' id='word_1_682' title='bbox 3503 3362 3658 3431; x_wconf 93' lang='lat' dir='ltr'>quod</span> 
     </span>
    </p>
   </div>
   <div class='ocr_carea' id='block_1_98' title="bbox 2008 3449 3660 3525">
    <p class='ocr_par' dir='ltr' id='par_1_98' title="bbox 2008 3449 3660 3525">
     <span class='ocr_line' id='line_1_98' title="bbox 2008 3449 3660 3525; baseline -0.004 -16"><span class='ocrx_word' id='word_1_683' title='bbox 2008 3454 2117 3510; x_wconf 90' lang='lat' dir='ltr'>hoc</span> <span class='ocrx_word' id='word_1_684' title='bbox 2149 3452 2341 3509; x_wconf 90' lang='lat' dir='ltr'>scelus</span> <span class='ocrx_word' id='word_1_685' title='bbox 2368 3452 2725 3525; x_wconf 73' lang='lat' dir='ltr'>ignominiae,</span> <span class='ocrx_word' id='word_1_686' title='bbox 2756 3453 3008 3507; x_wconf 87' lang='lat' dir='ltr'>maxime</span> <span class='ocrx_word' id='word_1_687' title='bbox 3035 3468 3168 3507; x_wconf 92' lang='lat' dir='ltr'>cum</span> <span class='ocrx_word' id='word_1_688' title='bbox 3193 3449 3660 3507; x_wconf 87' lang='lat' dir='ltr'>sanctimoniali-</span> 
     </span>
    </p>
   </div>
   <div class='ocr_carea' id='block_1_99' title="bbox 2010 3538 3663 3611">
    <p class='ocr_par' dir='ltr' id='par_1_99' title="bbox 2010 3538 3663 3611">
     <span class='ocr_line' id='line_1_99' title="bbox 2010 3538 3663 3611; baseline -0.004 -13"><span class='ocrx_word' id='word_1_689' title='bbox 2010 3544 2119 3598; x_wconf 90' lang='lat' dir='ltr'>bus</span> <span class='ocrx_word' id='word_1_690' title='bbox 2151 3547 2207 3597; x_wconf 91' lang='lat' dir='ltr'>et</span> <span class='ocrx_word' id='word_1_691' title='bbox 2241 3547 2350 3596; x_wconf 91' lang='lat' dir='ltr'>Deo</span> <span class='ocrx_word' id='word_1_692' title='bbox 2384 3541 2627 3596; x_wconf 87' lang='lat' dir='ltr'>sacratis</span> <span class='ocrx_word' id='word_1_693' title='bbox 2650 3540 2973 3610; x_wconf 88' lang='lat' dir='ltr'>virginibus</span> <span class='ocrx_word' id='word_1_694' title='bbox 3008 3557 3109 3611; x_wconf 90' lang='lat' dir='ltr'>per</span> <span class='ocrx_word' id='word_1_695' title='bbox 3132 3538 3487 3596; x_wconf 88' lang='lat' dir='ltr'>monasteria</span> <span class='ocrx_word' id='word_1_696' title='bbox 3508 3555 3663 3593; x_wconf 89' lang='lat' dir='ltr'>com-</span> 
     </span>
    </p>
   </div>
   <div class='ocr_carea' id='block_1_100' title="bbox 2010 3627 3665 3699">
    <p class='ocr_par' dir='ltr' id='par_1_100' title="bbox 2010 3627 3665 3699">
     <span class='ocr_line' id='line_1_100' title="bbox 2010 3627 3665 3699; baseline -0.002 -13"><span class='ocrx_word' id='word_1_697' title='bbox 2010 3631 2261 3686; x_wconf 90' lang='lat' dir='ltr'>missum</span> <span class='ocrx_word' id='word_1_698' title='bbox 2311 3630 2407 3684; x_wconf 88' lang='lat' dir='ltr'>sit.</span> <span class='ocrx_word' id='word_1_699' title='bbox 2440 3627 2587 3682; x_wconf 89' lang='lat' dir='ltr'>Nam</span> <span class='ocrx_word' id='word_1_700' title='bbox 2619 3628 2727 3683; x_wconf 92' lang='lat' dir='ltr'>hoc</span> <span class='ocrx_word' id='word_1_701' title='bbox 2777 3632 3081 3699; x_wconf 89' lang='lat' dir='ltr'>peccatum</span> <span class='ocrx_word' id='word_1_702' title='bbox 3134 3645 3248 3683; x_wconf 91' lang='lat' dir='ltr'>non</span> <span class='ocrx_word' id='word_1_703' title='bbox 3282 3627 3525 3682; x_wconf 89' lang='lat' dir='ltr'>dubium</span> <span class='ocrx_word' id='word_1_704' title='bbox 3570 3633 3665 3682; x_wconf 88' lang='lat' dir='ltr'>est</span> 
     </span>
    </p>
   </div>
   <div class='ocr_carea' id='block_1_101' title="bbox 2009 3716 3658 3790">
    <p class='ocr_par' dir='ltr' id='par_1_101' title="bbox 2009 3716 3658 3790">
     <span class='ocr_line' id='line_1_101' title="bbox 2009 3716 3658 3790; baseline -0.003 -15"><span class='ocrx_word' id='word_1_705' title='bbox 2009 3736 2139 3776; x_wconf 89' lang='lat' dir='ltr'>esse</span> <span class='ocrx_word' id='word_1_706' title='bbox 2188 3718 2403 3790; x_wconf 84' lang='lat' dir='ltr'>duplex</span> <span class='ocrx_word' id='word_1_707' title='bbox 2447 3722 2773 3788; x_wconf 88' lang='lat' dir='ltr'>peccatum,</span> <span class='ocrx_word' id='word_1_708' title='bbox 2816 3720 2881 3771; x_wconf 90' lang='lat' dir='ltr'>ut</span> <span class='ocrx_word' id='word_1_709' title='bbox 2918 3717 3079 3771; x_wconf 90' lang='lat' dir='ltr'>verbi</span> <span class='ocrx_word' id='word_1_710' title='bbox 3131 3717 3323 3787; x_wconf 89' lang='lat' dir='ltr'>gratia</span> <span class='ocrx_word' id='word_1_711' title='bbox 3370 3716 3658 3782; x_wconf 89' lang='lat' dir='ltr'>dicamus,</span> 
     </span>
    </p>
   </div>
   <div class='ocr_carea' id='block_1_102' title="bbox 2009 3806 3663 3880">
    <p class='ocr_par' dir='ltr' id='par_1_102' title="bbox 2009 3806 3663 3880">
     <span class='ocr_line' id='line_1_102' title="bbox 2009 3806 3663 3880; baseline -0.002 -16"><span class='ocrx_word' id='word_1_712' title='bbox 2009 3810 2178 3880; x_wconf 89' lang='lat' dir='ltr'>cujus</span> <span class='ocrx_word' id='word_1_713' title='bbox 2208 3807 2480 3862; x_wconf 63' lang='lat' dir='ltr'>vindictae</span> <span class='ocrx_word' id='word_1_714' title='bbox 2508 3823 2643 3861; x_wconf 90' lang='lat' dir='ltr'>reus</span> <span class='ocrx_word' id='word_1_715' title='bbox 2674 3806 2752 3861; x_wconf 90' lang='lat' dir='ltr'>sit</span> <span class='ocrx_word' id='word_1_716' title='bbox 2782 3822 2925 3876; x_wconf 91' lang='lat' dir='ltr'>puer</span> <span class='ocrx_word' id='word_1_717' title='bbox 2946 3806 3101 3876; x_wconf 90' lang='lat' dir='ltr'>apud</span> <span class='ocrx_word' id='word_1_718' title='bbox 3123 3806 3430 3861; x_wconf 88' lang='lat' dir='ltr'>dominum</span> <span class='ocrx_word' id='word_1_719' title='bbox 3462 3822 3663 3873; x_wconf 89' lang='lat' dir='ltr'>suum,</span> 
     </span>
    </p>
   </div>
   <div class='ocr_carea' id='block_1_103' title="bbox 2009 3893 3661 3970">
    <p class='ocr_par' dir='ltr' id='par_1_103' title="bbox 2009 3893 3661 3970">
     <span class='ocr_line' id='line_1_103' title="bbox 2009 3893 3661 3970; baseline -0.002 -18"><span class='ocrx_word' id='word_1_720' title='bbox 2009 3898 2109 3970; x_wconf 91' lang='lat' dir='ltr'>qui</span> <span class='ocrx_word' id='word_1_721' title='bbox 2144 3913 2379 3954; x_wconf 84' lang='lat' dir='ltr'>uxorem</span> <span class='ocrx_word' id='word_1_722' title='bbox 2406 3895 2625 3950; x_wconf 89' lang='lat' dir='ltr'>domini</span> <span class='ocrx_word' id='word_1_723' title='bbox 2659 3895 2748 3951; x_wconf 84' lang='lat' dir='ltr'>sui</span> <span class='ocrx_word' id='word_1_724' title='bbox 2772 3894 3057 3951; x_wconf 88' lang='lat' dir='ltr'>adulterio</span> <span class='ocrx_word' id='word_1_725' title='bbox 3080 3893 3413 3950; x_wconf 80' lang='lat' dir='ltr'>violaverit:</span> <span class='ocrx_word' id='word_1_726' title='bbox 3442 3898 3661 3965; x_wconf 88' lang='lat' dir='ltr'>quanto</span> 
     </span>
    </p>
   </div>
   <div class='ocr_carea' id='block_1_104' title="bbox 2010 3983 3664 4059">
    <p class='ocr_par' dir='ltr' id='par_1_104' title="bbox 2010 3983 3664 4059">
     <span class='ocr_line' id='line_1_104' title="bbox 2010 3983 3664 4059; baseline -0.004 -16"><span class='ocrx_word' id='word_1_727' title='bbox 2010 3988 2197 4059; x_wconf 84' lang='lat' dir='ltr'>magis</span> <span class='ocrx_word' id='word_1_728' title='bbox 2247 3986 2368 4054; x_wconf 88' lang='lat' dir='ltr'>ille,</span> <span class='ocrx_word' id='word_1_729' title='bbox 2400 3985 2498 4057; x_wconf 91' lang='lat' dir='ltr'>qui</span> <span class='ocrx_word' id='word_1_730' title='bbox 2531 4002 2812 4056; x_wconf 90' lang='lat' dir='ltr'>sponsam</span> <span class='ocrx_word' id='word_1_731' title='bbox 2863 3984 3152 4040; x_wconf 89' lang='lat' dir='ltr'>Creatoris</span> <span class='ocrx_word' id='word_1_732' title='bbox 3184 3984 3393 4039; x_wconf 89' lang='lat' dir='ltr'>Christi</span> <span class='ocrx_word' id='word_1_733' title='bbox 3444 3983 3569 4038; x_wconf 80' lang='lat' dir='ltr'>cceli</span> <span class='ocrx_word' id='word_1_734' title='bbox 3604 3988 3664 4037; x_wconf 84' lang='lat' dir='ltr'>et</span> 
     </span>
    </p>
   </div>
   <div class='ocr_carea' id='block_1_105' title="bbox 2009 4073 3660 4145">
    <p class='ocr_par' dir='ltr' id='par_1_105' title="bbox 2009 4073 3660 4145">
     <span class='ocr_line' id='line_1_105' title="bbox 2009 4073 3660 4145; baseline -0.004 -13"><span class='ocrx_word' id='word_1_735' title='bbox 2009 4085 2169 4132; x_wconf 70' lang='lat' dir='ltr'>terrea</span> <span class='ocrx_word' id='word_1_736' title='bbox 2198 4076 2505 4145; x_wconf 88' lang='lat' dir='ltr'>putredine</span> <span class='ocrx_word' id='word_1_737' title='bbox 2537 4093 2659 4131; x_wconf 65' lang='lat' dir='ltr'>suae</span> <span class='ocrx_word' id='word_1_738' title='bbox 2680 4075 2945 4130; x_wconf 88' lang='lat' dir='ltr'>libidinis</span> <span class='ocrx_word' id='word_1_739' title='bbox 2978 4073 3475 4128; x_wconf 82' lang='lat' dir='ltr'>commaculavit?</span> <span class='ocrx_word' id='word_1_740' title='bbox 3507 4075 3660 4127; x_wconf 85' lang='lat' dir='ltr'>Item.</span> 
     </span>
    </p>
   </div>
   <div class='ocr_carea' id='block_1_106' title="bbox 2008 4161 3658 4237">
    <p class='ocr_par' dir='ltr' id='par_1_106' title="bbox 2008 4161 3658 4237">
     <span class='ocr_line' id='line_1_106' title="bbox 2008 4161 3658 4237; baseline -0.004 -15"><span class='ocrx_word' id='word_1_741' title='bbox 2008 4168 2172 4237; x_wconf 84' lang='lat' dir='ltr'>Apud</span> <span class='ocrx_word' id='word_1_742' title='bbox 2207 4166 2430 4221; x_wconf 63' lang='lat' dir='ltr'>Graecos</span> <span class='ocrx_word' id='word_1_743' title='bbox 2462 4168 2518 4219; x_wconf 91' lang='lat' dir='ltr'>et</span> <span class='ocrx_word' id='word_1_744' title='bbox 2550 4164 2843 4219; x_wconf 85' lang='lat' dir='ltr'>Romanos</span> <span class='ocrx_word' id='word_1_745' title='bbox 2877 4164 3044 4233; x_wconf 89' lang='lat' dir='ltr'>quasi</span> <span class='ocrx_word' id='word_1_746' title='bbox 3079 4161 3510 4232; x_wconf 89' lang='lat' dir='ltr'>blasphemiam</span> <span class='ocrx_word' id='word_1_747' title='bbox 3542 4161 3658 4216; x_wconf 87' lang='lat' dir='ltr'>Deo</span> 
     </span>
    </p>
   </div>
   <div class='ocr_carea' id='block_1_107' title="bbox 2009 4250 3659 4326">
    <p class='ocr_par' dir='ltr' id='par_1_107' title="bbox 2009 4250 3659 4326">
     <span class='ocr_line' id='line_1_107' title="bbox 2009 4250 3659 4326; baseline -0.004 -15"><span class='ocrx_word' id='word_1_748' title='bbox 2009 4256 2353 4326; x_wconf 85' lang='lat' dir='ltr'>irrogasset,</span> <span class='ocrx_word' id='word_1_749' title='bbox 2390 4254 2489 4323; x_wconf 90' lang='lat' dir='ltr'>qui</span> <span class='ocrx_word' id='word_1_750' title='bbox 2524 4254 2583 4307; x_wconf 90' lang='lat' dir='ltr'>in</span> <span class='ocrx_word' id='word_1_751' title='bbox 2616 4253 2725 4307; x_wconf 94' lang='lat' dir='ltr'>hoc</span> <span class='ocrx_word' id='word_1_752' title='bbox 2758 4269 2894 4308; x_wconf 90' lang='lat' dir='ltr'>reus</span> <span class='ocrx_word' id='word_1_753' title='bbox 2925 4252 3022 4319; x_wconf 90' lang='lat' dir='ltr'>sit,</span> <span class='ocrx_word' id='word_1_754' title='bbox 3056 4255 3121 4305; x_wconf 91' lang='lat' dir='ltr'>ut</span> <span class='ocrx_word' id='word_1_755' title='bbox 3152 4250 3383 4321; x_wconf 87' lang='lat' dir='ltr'>proprie</span> <span class='ocrx_word' id='word_1_756' title='bbox 3431 4251 3501 4305; x_wconf 90' lang='lat' dir='ltr'>de</span> <span class='ocrx_word' id='word_1_757' title='bbox 3548 4250 3659 4305; x_wconf 90' lang='lat' dir='ltr'>hoc</span> 
     </span>
    </p>
   </div>
   <div class='ocr_carea' id='block_1_108' title="bbox 2010 4338 3660 4415">
    <p class='ocr_par' dir='ltr' id='par_1_108' title="bbox 2010 4338 3660 4415">
     <span class='ocr_line' id='line_1_108' title="bbox 2010 4338 3660 4415; baseline -0.004 -17"><span class='ocrx_word' id='word_1_758' title='bbox 2010 4348 2246 4415; x_wconf 88' lang='lat' dir='ltr'>peccato</span> <span class='ocrx_word' id='word_1_759' title='bbox 2278 4348 2412 4398; x_wconf 88' lang='lat' dir='ltr'>ante</span> <span class='ocrx_word' id='word_1_760' title='bbox 2434 4340 2856 4397; x_wconf 89' lang='lat' dir='ltr'>ordinationem</span> <span class='ocrx_word' id='word_1_761' title='bbox 2882 4340 3297 4411; x_wconf 89' lang='lat' dir='ltr'>interrogatus,</span> <span class='ocrx_word' id='word_1_762' title='bbox 3331 4339 3377 4394; x_wconf 91' lang='lat' dir='ltr'>si</span> <span class='ocrx_word' id='word_1_763' title='bbox 3405 4354 3538 4395; x_wconf 89' lang='lat' dir='ltr'>reus</span> <span class='ocrx_word' id='word_1_764' title='bbox 3568 4338 3660 4393; x_wconf 85' lang='lat' dir='ltr'>in-</span> 
     </span>
    </p>
   </div>
   <div class='ocr_carea' id='block_1_109' title="bbox 2007 4428 3662 4494">
    <p class='ocr_par' dir='ltr' id='par_1_109' title="bbox 2007 4428 3662 4494">
     <span class='ocr_line' id='line_1_109' title="bbox 2007 4428 3662 4494; baseline -0.003 -7"><span class='ocrx_word' id='word_1_765' title='bbox 2007 4436 2214 4487; x_wconf 90' lang='lat' dir='ltr'>ventus</span> <span class='ocrx_word' id='word_1_766' title='bbox 2262 4433 2463 4494; x_wconf 84' lang='lat' dir='ltr'>fuerit,</span> <span class='ocrx_word' id='word_1_767' title='bbox 2489 4434 2554 4485; x_wconf 88' lang='lat' dir='ltr'>ut</span> <span class='ocrx_word' id='word_1_768' title='bbox 2584 4445 2717 4483; x_wconf 87' lang='lat' dir='ltr'>cum</span> <span class='ocrx_word' id='word_1_769' title='bbox 2758 4428 2950 4484; x_wconf 88' lang='lat' dir='ltr'>velata</span> <span class='ocrx_word' id='word_1_770' title='bbox 2979 4433 3035 4483; x_wconf 89' lang='lat' dir='ltr'>et</span> <span class='ocrx_word' id='word_1_771' title='bbox 3078 4431 3416 4484; x_wconf 86' lang='lat' dir='ltr'>consecrata</span> <span class='ocrx_word' id='word_1_772' title='bbox 3464 4444 3662 4482; x_wconf 81' lang='lat' dir='ltr'>nonna</span> 
     </span>
    </p>
   </div>
   <div class='ocr_carea' id='block_1_110' title="bbox 2010 4516 3659 4590">
    <p class='ocr_par' dir='ltr' id='par_1_110' title="bbox 2010 4516 3659 4590">
     <span class='ocr_line' id='line_1_110' title="bbox 2010 4516 3659 4590; baseline -0.004 -12"><span class='ocrx_word' id='word_1_773' title='bbox 2010 4521 2448 4585; x_wconf 88' lang='lat' dir='ltr'>concubuisset,</span> <span class='ocrx_word' id='word_1_774' title='bbox 2517 4519 2588 4575; x_wconf 88' lang='lat' dir='ltr'>ab</span> <span class='ocrx_word' id='word_1_775' title='bbox 2639 4518 2798 4574; x_wconf 92' lang='lat' dir='ltr'>omni</span> <span class='ocrx_word' id='word_1_776' title='bbox 2862 4520 3046 4590; x_wconf 89' lang='lat' dir='ltr'>gradu</span> <span class='ocrx_word' id='word_1_777' title='bbox 3114 4518 3489 4573; x_wconf 88' lang='lat' dir='ltr'>sacerdotum</span> <span class='ocrx_word' id='word_1_778' title='bbox 3559 4516 3659 4572; x_wconf 89' lang='lat' dir='ltr'>Dei</span> 
     </span>
    </p>
   </div>
   <div class='ocr_carea' id='block_1_111' title="bbox 2009 4604 3659 4684">
    <p class='ocr_par' dir='ltr' id='par_1_111' title="bbox 2009 4604 3659 4684">
     <span class='ocr_line' id='line_1_111' title="bbox 2009 4604 3659 4684; baseline -0.004 -18"><span class='ocrx_word' id='word_1_779' title='bbox 2009 4610 2434 4684; x_wconf 83' lang='lat' dir='ltr'>prohiberetur.</span> <span class='ocrx_word' id='word_1_780' title='bbox 2469 4608 2710 4679; x_wconf 89' lang='lat' dir='ltr'>Propter</span> <span class='ocrx_word' id='word_1_781' title='bbox 2740 4607 2870 4674; x_wconf 91' lang='lat' dir='ltr'>hoc,</span> <span class='ocrx_word' id='word_1_782' title='bbox 2902 4606 2978 4660; x_wconf 84' lang='lat' dir='ltr'>fili</span> <span class='ocrx_word' id='word_1_783' title='bbox 3015 4606 3379 4674; x_wconf 80' lang='lat' dir='ltr'>charissima,</span> <span class='ocrx_word' id='word_1_784' title='bbox 3413 4604 3659 4662; x_wconf 89' lang='lat' dir='ltr'>sollicite</span> 
     </span>
    </p>
   </div>
   <div class='ocr_carea' id='block_1_112' title="bbox 2011 4696 3656 4767">
    <p class='ocr_par' dir='ltr' id='par_1_112' title="bbox 2011 4696 3656 4767">
     <span class='ocr_line' id='line_1_112' title="bbox 2011 4696 3656 4767; baseline -0.006 -9"><span class='ocrx_word' id='word_1_785' title='bbox 2011 4699 2507 4758; x_wconf 89' lang='lat' dir='ltr'>considerandum</span> <span class='ocrx_word' id='word_1_786' title='bbox 2540 4701 2630 4752; x_wconf 91' lang='lat' dir='ltr'>est</span> <span class='ocrx_word' id='word_1_787' title='bbox 2658 4697 2863 4767; x_wconf 88' lang='lat' dir='ltr'>quanti</span> <span class='ocrx_word' id='word_1_788' title='bbox 2897 4696 3173 4767; x_wconf 86' lang='lat' dir='ltr'>ponderis</span> <span class='ocrx_word' id='word_1_789' title='bbox 3215 4696 3319 4751; x_wconf 89' lang='lat' dir='ltr'>hoc</span> <span class='ocrx_word' id='word_1_790' title='bbox 3352 4700 3656 4767; x_wconf 90' lang='lat' dir='ltr'>peccatum</span> 
     </span>
    </p>
   </div>
   <div class='ocr_carea' id='block_1_113' title="bbox 2010 4786 3657 4861">
    <p class='ocr_par' dir='ltr' id='par_1_113' title="bbox 2010 4786 3657 4861">
     <span class='ocr_line' id='line_1_113' title="bbox 2010 4786 3657 4861; baseline -0.005 -13"><span class='ocrx_word' id='word_1_791' title='bbox 2010 4808 2139 4848; x_wconf 89' lang='lat' dir='ltr'>esse</span> <span class='ocrx_word' id='word_1_792' title='bbox 2162 4792 2462 4861; x_wconf 87' lang='lat' dir='ltr'>judicetur</span> <span class='ocrx_word' id='word_1_793' title='bbox 2487 4794 2622 4845; x_wconf 89' lang='lat' dir='ltr'>ante</span> <span class='ocrx_word' id='word_1_794' title='bbox 2652 4787 2850 4842; x_wconf 85' lang='lat' dir='ltr'>oculos</span> <span class='ocrx_word' id='word_1_795' title='bbox 2881 4786 3077 4842; x_wconf 60' lang='lat' dir='ltr'>aeterni</span> <span class='ocrx_word' id='word_1_796' title='bbox 3106 4786 3354 4857; x_wconf 88' lang='lat' dir='ltr'>Judicis,</span> <span class='ocrx_word' id='word_1_797' title='bbox 3390 4788 3546 4858; x_wconf 92' lang='lat' dir='ltr'>quod</span> <span class='ocrx_word' id='word_1_798' title='bbox 3571 4787 3657 4841; x_wconf 88' lang='lat' dir='ltr'>fa-</span> 
     </span>
    </p>
   </div>
   <div class='ocr_carea' id='block_1_114' title="bbox 2010 4874 3659 4943">
    <p class='ocr_par' dir='ltr' id='par_1_114' title="bbox 2010 4874 3659 4943">
     <span class='ocr_line' id='line_1_114' title="bbox 2010 4874 3659 4943; baseline -0.004 -7"><span class='ocrx_word' id='word_1_799' title='bbox 2010 4882 2259 4936; x_wconf 89' lang='lat' dir='ltr'>cientem</span> <span class='ocrx_word' id='word_1_800' title='bbox 2286 4880 2436 4933; x_wconf 86' lang='lat' dir='ltr'>inter</span> <span class='ocrx_word' id='word_1_801' title='bbox 2457 4875 2801 4933; x_wconf 70' lang='lat' dir='ltr'>idololatriae</span> <span class='ocrx_word' id='word_1_802' title='bbox 2823 4892 3019 4931; x_wconf 91' lang='lat' dir='ltr'>servos</span> <span class='ocrx_word' id='word_1_803' title='bbox 3040 4875 3363 4943; x_wconf 88' lang='lat' dir='ltr'>constituit,</span> <span class='ocrx_word' id='word_1_804' title='bbox 3387 4882 3443 4931; x_wconf 90' lang='lat' dir='ltr'>et</span> <span class='ocrx_word' id='word_1_805' title='bbox 3465 4874 3659 4930; x_wconf 90' lang='lat' dir='ltr'>divino</span> 
     </span>
    </p>
   </div>
   <div class='ocr_carea' id='block_1_115' title="bbox 2010 4965 3658 5036">
    <p class='ocr_par' dir='ltr' id='par_1_115' title="bbox 2010 4965 3658 5036">
     <span class='ocr_line' id='line_1_115' title="bbox 2010 4965 3658 5036; baseline -0.004 -12"><span class='ocrx_word' id='word_1_806' title='bbox 2010 4969 2337 5024; x_wconf 90' lang='lat' dir='ltr'>ministerio</span> <span class='ocrx_word' id='word_1_807' title='bbox 2361 4967 2561 5022; x_wconf 87' lang='lat' dir='ltr'>altaris</span> <span class='ocrx_word' id='word_1_808' title='bbox 2585 4965 2804 5034; x_wconf 84' lang='lat' dir='ltr'>abjicit,</span> <span class='ocrx_word' id='word_1_809' title='bbox 2830 4965 3110 5021; x_wconf 86' lang='lat' dir='ltr'>licetante</span> <span class='ocrx_word' id='word_1_810' title='bbox 3125 4969 3355 5035; x_wconf 90' lang='lat' dir='ltr'>peracta</span> <span class='ocrx_word' id='word_1_811' title='bbox 3373 4965 3658 5036; x_wconf 78' lang='lat' dir='ltr'>poeniten-</span> 
     </span>
    </p>
   </div>
   <div class='ocr_carea' id='block_1_116' title="bbox 2009 5054 2799 5113">
    <p class='ocr_par' dir='ltr' id='par_1_116' title="bbox 2009 5054 2799 5113">
     <span class='ocr_line' id='line_1_116' title="bbox 2009 5054 2799 5113; baseline -0.003 -1"><span class='ocrx_word' id='word_1_812' title='bbox 2009 5058 2088 5112; x_wconf 91' lang='lat' dir='ltr'>tia</span> <span class='ocrx_word' id='word_1_813' title='bbox 2117 5057 2529 5113; x_wconf 89' lang='lat' dir='ltr'>reconciliatus</span> <span class='ocrx_word' id='word_1_814' title='bbox 2560 5056 2640 5110; x_wconf 89' lang='lat' dir='ltr'>sit</span> <span class='ocrx_word' id='word_1_815' title='bbox 2664 5054 2799 5110; x_wconf 92' lang='lat' dir='ltr'>Deo.</span> 
     </span>
    </p>
   </div>
   <div class='ocr_carea' id='block_1_117' title="bbox 2010 5161 3655 5231">
    <p class='ocr_par' dir='ltr' id='par_1_117' title="bbox 2010 5161 3655 5231">
     <span class='ocr_line' id='line_1_117' title="bbox 2010 5161 3655 5231; baseline -0.004 -11"><span class='ocrx_word' id='word_1_816' title='bbox 2010 5167 2142 5221; x_wconf 78' lang='lat' dir='ltr'>CAP.</span> <span class='ocrx_word' id='word_1_817' title='bbox 2184 5166 2282 5219; x_wconf 77' lang='lat'>130</span> <span class='ocrx_word' id='word_1_818' title='bbox 2335 5161 2849 5231; x_wconf 68' lang='lat' dir='ltr'>~0uodmajorsit</span> <span class='ocrx_word' id='word_1_819' title='bbox 2868 5163 3106 5218; x_wconf 81' lang='lat' dir='ltr'>incestus</span> <span class='ocrx_word' id='word_1_820' title='bbox 3126 5162 3655 5226; x_wconf 64' lang='lat' dir='ltr'>sanctimonialium,</span> 
     </span>
    </p>
   </div>
   <div class='ocr_carea' id='block_1_118' title="bbox 2081 5233 3657 5307">
    <p class='ocr_par' dir='ltr' id='par_1_118' title="bbox 2081 5233 3657 5307">
     <span class='ocr_line' id='line_1_118' title="bbox 2081 5233 3657 5307; baseline -0.004 -16"><span class='ocrx_word' id='word_1_821' title='bbox 2081 5254 2245 5307; x_wconf 88' lang='lat' dir='ltr'>quam</span> <span class='ocrx_word' id='word_1_822' title='bbox 2285 5235 2649 5290; x_wconf 83' lang='lat' dir='ltr'>adulterium.</span> <span class='ocrx_word' id='word_1_823' title='bbox 2681 5238 2923 5289; x_wconf 61' lang='lat' dir='ltr'>Joannes</span> <span class='ocrx_word' id='word_1_824' title='bbox 2956 5244 3188 5305; x_wconf 77' lang='lat' dir='ltr'>quartus</span> <span class='ocrx_word' id='word_1_825' title='bbox 3227 5234 3492 5304; x_wconf 78' lang='lat' dir='ltr'>[octavus]</span> <span class='ocrx_word' id='word_1_826' title='bbox 3523 5233 3657 5285; x_wconf 73' lang='lat' dir='ltr'>Bu1~</span> 
     </span>
    </p>
   </div>
   <div class='ocr_carea' id='block_1_119' title="bbox 2080 5308 2720 5375">
    <p class='ocr_par' dir='ltr' id='par_1_119' title="bbox 2080 5308 2720 5375">
     <span class='ocr_line' id='line_1_119' title="bbox 2080 5308 2720 5375; baseline -0.006 -12"><span class='ocrx_word' id='word_1_827' title='bbox 2080 5309 2241 5363; x_wconf 69' lang='lat' dir='ltr'>credo</span> <span class='ocrx_word' id='word_1_828' title='bbox 2272 5310 2395 5375; x_wconf 87' lang='lat' dir='ltr'>regi</span> <span class='ocrx_word' id='word_1_829' title='bbox 2416 5308 2720 5361; x_wconf 74' lang='lat' dir='ltr'>Saxonum.</span> 
     </span>
    </p>
   </div>
   <div class='ocr_carea' id='block_1_120' title="bbox 2082 5390 3657 5465">
    <p class='ocr_par' dir='ltr' id='par_1_120' title="bbox 2082 5390 3657 5465">
     <span class='ocr_line' id='line_1_120' title="bbox 2082 5390 3657 5465; baseline -0.003 -14"><span class='ocrx_word' id='word_1_830' title='bbox 2082 5396 2388 5465; x_wconf 89' lang='lat' dir='ltr'>Quoniam,</span> <span class='ocrx_word' id='word_1_831' title='bbox 2420 5395 2577 5449; x_wconf 89' lang='lat' dir='ltr'>sicut</span> <span class='ocrx_word' id='word_1_832' title='bbox 2597 5393 2954 5459; x_wconf 89' lang='lat' dir='ltr'>audivimus,</span> <span class='ocrx_word' id='word_1_833' title='bbox 2981 5390 3385 5447; x_wconf 86' lang='lat' dir='ltr'>fornicationis</span> <span class='ocrx_word' id='word_1_834' title='bbox 3413 5391 3471 5445; x_wconf 91' lang='lat' dir='ltr'>in</span> <span class='ocrx_word' id='word_1_835' title='bbox 3493 5390 3657 5446; x_wconf 72' lang='lat' dir='ltr'>vobis</span> 
     </span>
    </p>
   </div>
   <div class='ocr_carea' id='block_1_121' title="bbox 2012 5480 3657 5557">
    <p class='ocr_par' dir='ltr' id='par_1_121' title="bbox 2012 5480 3657 5557">
     <span class='ocr_line' id='line_1_121' title="bbox 2012 5480 3657 5557; baseline -0.001 -18"><span class='ocrx_word' id='word_1_836' title='bbox 2012 5490 2314 5557; x_wconf 88' lang='lat' dir='ltr'>peccatum</span> <span class='ocrx_word' id='word_1_837' title='bbox 2349 5484 2601 5540; x_wconf 80' lang='lat' dir='ltr'>maxime</span> <span class='ocrx_word' id='word_1_838' title='bbox 2630 5485 2856 5553; x_wconf 89' lang='lat' dir='ltr'>regnat,</span> <span class='ocrx_word' id='word_1_839' title='bbox 2888 5497 2954 5537; x_wconf 92' lang='lat' dir='ltr'>eo</span> <span class='ocrx_word' id='word_1_840' title='bbox 2992 5482 3146 5551; x_wconf 90' lang='lat' dir='ltr'>quod</span> <span class='ocrx_word' id='word_1_841' title='bbox 3179 5480 3657 5537; x_wconf 88' lang='lat' dir='ltr'>sanctimoniales</span> 
     </span>
    </p>
   </div>
   <div class='ocr_carea' id='block_1_122' title="bbox 2012 5569 3661 5644">
    <p class='ocr_par' dir='ltr' id='par_1_122' title="bbox 2012 5569 3661 5644">
     <span class='ocr_line' id='line_1_122' title="bbox 2012 5569 3661 5644; baseline -0.001 -15"><span class='ocrx_word' id='word_1_842' title='bbox 2012 5578 2069 5631; x_wconf 91' lang='lat' dir='ltr'>et</span> <span class='ocrx_word' id='word_1_843' title='bbox 2089 5574 2205 5629; x_wconf 92' lang='lat' dir='ltr'>Deo</span> <span class='ocrx_word' id='word_1_844' title='bbox 2226 5574 2355 5644; x_wconf 88' lang='lat' dir='ltr'>jam</span> <span class='ocrx_word' id='word_1_845' title='bbox 2388 5574 2624 5628; x_wconf 89' lang='lat' dir='ltr'>devotas</span> <span class='ocrx_word' id='word_1_846' title='bbox 2655 5569 2924 5637; x_wconf 84' lang='lat' dir='ltr'>feminas,</span> <span class='ocrx_word' id='word_1_847' title='bbox 2950 5573 3127 5640; x_wconf 90' lang='lat' dir='ltr'>atque</span> <span class='ocrx_word' id='word_1_848' title='bbox 3158 5570 3227 5625; x_wconf 91' lang='lat' dir='ltr'>de</span> <span class='ocrx_word' id='word_1_849' title='bbox 3258 5570 3491 5643; x_wconf 88' lang='lat' dir='ltr'>prOpria</span> <span class='ocrx_word' id='word_1_850' title='bbox 3522 5588 3661 5627; x_wconf 88' lang='lat' dir='ltr'>con-</span> 
     </span>
    </p>
   </div>
  </div>
