3972 6056
333 229 445 284 575
533 279 536 286 .

1433 232 1500 284 D.
1540 229 1780 286 IVONIS
1813 227 2308 285 CARNOTENSIS
2342 224 2661 281 EPISCOPI

3646 222 3771 278 576

335 353 734 426 sanguinitate
754 353 1020 409 homines
1045 355 1206 426 regni
1230 354 1426 422 vestri,
1453 354 1608 408 ultra
1633 353 1821 408 sancti
1841 357 1976 408 Gre-
2010 356 2064 421 Α
2093 350 2387 426 CAPJBIi.
2423 349 2675 426 —-_Quod
2696 350 3006 426 corruptio
3029 352 3264 426 sacratae
3289 349 3525 426 virginis
3571 351 3767 402 sacri-

336 443 483 516 gorii
549 447 832 498 statutum
889 443 1111 498 novello
1180 448 1322 498 tunc
1371 443 1588 515 p0pulo
1649 441 1976 498 necessario

339 534 708 600 mandatum,
755 549 962 588 uxores
1003 533 1211 586 ducere
1263 536 1653 602 praesumant;
1689 533 1843 602 quod
1885 531 1975 586 ni-

338 622 558 678 mirum
605 621 795 677 scelus
826 637 1114 692 graveque
1145 620 1450 687 delictum,
1483 620 1577 677 his
1615 620 1975 693 apostolatus

337 710 523 768 nostri
553 709 786 774 litteris,
816 725 1014 765 omnes
1047 709 1145 780 qui
1179 711 1288 764 sub
1312 711 1443 780 jure
1475 715 1667 766 vestro
1695 711 1975 776 existunt,

341 808 455 855 tam
483 799 660 854 laicos
696 814 870 869 quam
925 798 1166 853 clericos
1197 800 1406 854 amcdo
1456 804 1513 854 et
1559 801 1833 870 deinceps
1881 815 1974 854 ca-

333 904 484 957 vere,
518 904 583 942 ac
631 887 926 958 propriam
960 886 1029 940 de
1074 886 1244 942 factis
1287 887 1685 958 pmnitentiam
1735 889 1972 959 dignam

333 992 630 1047 peragere,
676 980 732 1028 et
763 975 917 1028 ultra
948 974 1086 1028 talia
1120 992 1420 1047 nunquam
1455 978 1822 1032 committere
1855 993 1976 1032 mo-

334 1081 564 1132 nemus,
597 1064 908 1118 hortamur
933 1068 1102 1133 atque
1127 1065 1518 1135 praecipimus.
1549 1066 1712 1130 Quod
1735 1065 1780 1119 si
1815 1065 1978 1120 vobis

335 1151 443 1207 hoc
474 1151 718 1221 impium
772 1153 1082 1207 emendare
1117 1153 1362 1208 fortasse
1392 1169 1563 1219 grave
1592 1155 1839 1218 videtur,
1875 1170 1977 1224 pro

332 1256 444 1310 quo
478 1239 616 1294 talia
645 1240 950 1294 sustinetis
982 1242 1245 1309 adversa,
1281 1247 1490 1295 nostra;
1519 1242 1850 1311 paternitati
1885 1257 1979 1296 ve-

334 1327 474 1383 stris
520 1327 867 1383 innotescite
918 1327 1152 1395 litteris,
1201 1335 1266 1383 ut
1303 1331 1637 1402 apostolica:
1686 1331 1842 1385 sedis
1883 1346 1978 1384 eos

332 1415 432 1488 qui
467 1416 566 1471 tali
616 1417 868 1472 nefando
901 1417 1059 1488 operi
1109 1417 1395 1473 enerviter
1425 1418 1753 1488 subjacent,
1801 1419 1979 1473 corri-

334 1505 593 1575 piemus.
625 1510 682 1560 et
714 1506 901 1562 modis
916 1506 1194 1561 omnibus
1209 1523 1596 1578 aggravemus
1615 1509 1975 1578 [arguamus.

342 1595 473 1650 Vict.
505 1598 525 1664 ]
553 1595 822 1652 decretis-

339 1694 478 1765 CAP.
517 1693 636 1748 131.
671 1723 739 1733 —-
771 1694 844 1747 De
884 1695 1450 1749 exeommunicatzone
1478 1698 1598 1765 ejus
1625 1695 1722 1763 qui
1740 1693 1978 1748 velatam

409 1763 666 1818 duxerat.
707 1765 1016 1832 Stephanus
1049 1766 1301 1820 omnibus
1321 1763 1584 1836 episcopis
1611 1782 1709 1836 per
1757 1766 1979 1820 Italiam

409 1855 628 1906 Vestrae
661 1853 1007 1907 fraternitati
1042 1853 1285 1908 fortasse
1316 1869 1429 1907 non
1464 1860 1660 1908 manet
1717 1852 1978 1921 incogni-

338 1944 492 2006 tum,
545 1939 798 2009 qualiter
846 1940 1182 1995 Giseltruda
1237 1941 1441 1996 relicta
1473 1942 1773 2012 quondam
1803 1941 1978 2007 Petri,

335 2026 452 2082 Deo
517 2031 873 2099 contempto,
924 2033 982 2083 et
1025 2045 1191 2084 sacro
1241 2029 1526 2085 velamine
1574 2029 1796 2095 relicto,
1844 2045 1976 2084 cum

339 2115 702 2188 Winnigildo
734 2121 982 2188 cognato
1012 2135 1119 2173 suo
1151 2119 1329 2190 (quod
1362 2118 1528 2174 valde
1552 2119 1873 2176 dolendum
1900 2118 1980 2172 di-

343 2205 577 2276 cimus),
613 2210 886 2277 stuprum
908 2211 997 2261 est
1023 2213 1279 2278 cperata.
1305 2208 1610 2275 Undenos,
1635 2208 1744 2263 hoc
1758 2207 1978 2276 audito,

342 2293 480 2365 quia
531 2293 718 2365 magis
763 2311 829 2348 ac
862 2293 1050 2367 magis
1082 2295 1196 2351 tale
1248 2297 1734 2352 nefandissimum
1790 2293 1982 2353 scelus

339 2381 519 2437 deleri
551 2383 866 2453 voluimus,
903 2392 960 2440 et
989 2384 1069 2439 ita
1100 2389 1356 2440 statuere
1389 2403 1458 2440 ne
1489 2385 1620 2442 aliis
1648 2385 1982 2456 exemplum

337 2471 654 2537 tribuatur,
711 2489 809 2528 eos
842 2476 1118 2544 utrosque
1148 2475 1219 2529 ad
1253 2475 1712 2530 satisfactionem
1753 2473 1984 2529 vocavi-

339 2575 493 2625 mus,
537 2577 688 2631 saepe
742 2565 806 2615 ut
852 2563 1136 2630 venirent,
1190 2569 1244 2617 et
1295 2580 1328 2618 a
1377 2563 1476 2618 tali
1524 2563 1706 2634 impio
1771 2561 1984 2617 scelere

338 2647 774 2719 recipiscerent,
807 2651 1122 2714 monendo,
1142 2652 1212 2705 ad
1240 2668 1347 2708 nos
1378 2653 1574 2707 venire
1596 2651 1980 2707 decrevimus.

338 2736 442 2800 Qui
476 2737 751 2807 quoniam
786 2740 982 2794 venire
1010 2739 1296 2804 nolentes,
1319 2741 1418 2794 sed
1455 2741 1512 2795 in
1546 2742 1750 2795 eadem
1784 2739 1983 2794 inobe-

338 2823 558 2879 dientia
573 2829 1262 2895 perseverantes,monita
1278 2834 1476 2882 nostra
1492 2845 1591 2898 pro
1612 2827 1794 2883 nihilo
1810 2828 1984 2882 duxe-

340 2918 499 2980 runt,
532 2913 660 2968 ideo
693 2913 824 2968 illos
854 2916 1134 2971 canonico
1154 2922 1437 2971 conventu
1454 2918 1745 2971 celebrato
1763 2931 1984 2969 excom-

342 3001 735 3068 municamus,
769 3007 825 3058 et
855 3003 965 3058 nisi
990 3004 1059 3058 ad
1084 3021 1280 3059 veram
1305 3005 1766 3061 satisfactionem
1789 3021 1982 3060 accur-

341 3104 464 3144 rere
486 3089 838 3160 studuerint,
866 3097 1145 3164 perpetuo
1169 3094 1525 3150 anathemati
1549 3095 1980 3149 commisimus.

341 3190 472 3244 CAP.
511 3189 628 3244 132.
662 3220 727 3230 —
751 3194 827 3245 De
847 3190 1025 3264 eodem
1083 3194 1370 3264 Honorius
1385 3209 1534 3264 papa
1553 3194 1758 3248 Joanni
1785 3193 1985 3264 episco-

662 3277 749 3332 po,
783 3272 832 3316 et
860 3262 1074 3318 Gaudio
1100 3265 1314 3319 notario
1341 3262 1664 3336 Cimipanix

415 3347 796 3404 Prtesentium
845 3350 1016 3418 lator,
1050 3351 1367 3408 interclusa
1410 3369 1564 3422 voce,
1611 3357 1667 3408 et
1710 3351 1982 3424 suspiriis

345 3440 518 3506 atque
549 3439 888 3508 gemitibus,
921 3439 1307 3512 lacrymisque
1341 3441 1810 3497 indesinentibus
1839 3459 1981 3512 sup-

341 3524 656 3596 plicatione
707 3544 814 3582 sua
847 3528 1013 3584 nobis
1043 3545 1282 3584 exorsus
1313 3535 1420 3596 est,
1453 3547 1520 3585 eo
1551 3532 1704 3602 quod
1745 3532 1982 3602 quidam

341 3612 464 3668 illic
494 3614 771 3671 alumnus
803 3617 979 3673 filiam
1003 3618 1390 3690 supplicantis
1421 3619 1477 3674 in
1511 3620 1694 3675 sacris
1725 3620 1983 3675 vestibus

345 3703 726 3758 constitutam
768 3706 1114 3762 assiduitate
1149 3723 1252 3762 sua
1301 3709 1556 3779 decepit,
1599 3709 1985 3780 quoadusque

345 3793 404 3846 in
425 3796 969 3866 stuprumcorporis
987 3797 1274 3852 adulterio
1313 3802 1638 3869 perpetrato
1680 3797 1984 3864 deciderit,

346 3881 428 3936 ita
454 3886 514 3936 ut
548 3886 672 3950 post
685 3890 1041 3955 compertum
1064 3885 1376 3957 ﬂagitium,
1401 3886 1457 3940 in
1474 3885 1787 3957 opprobrio
1807 3885 1987 3941 totius

343 3966 744 4039 generalitatis
773 3969 891 4026 illic
921 3972 1360 4041 commorantis,
1395 3973 1520 4044 ipse
1552 3972 1986 4044 perditissimus

345 4063 743 4126 conversetur,
793 4065 969 4132 atque
999 4061 1220 4116 omissa
1263 4061 1624 4117 insecutione
1656 4061 1770 4116 huc
1801 4078 1990 4132 usque

345 4149 740 4217 quorumdam
764 4149 1026 4205 forsitam
1052 4149 1372 4220 patrocinio
1388 4151 1654 4205 eumdem
1673 4149 1865 4221 ipsum
1887 4151 1992 4206 im-

346 4237 620 4306 punitum
657 4239 894 4294 servari.
925 4238 1087 4292 Unde
1100 4238 1333 4293 dilectio
1360 4242 1461 4294 tua
1485 4238 1682 4294 divino
1706 4237 1830 4295 zelo
1854 4257 1990 4295 suc-

345 4339 538 4391 censa,
565 4325 964 4394 jurisdictioni
983 4329 1334 4398 competenti
1365 4327 1673 4383 imminere
1699 4345 1812 4384 non
1835 4329 1991 4385 desi-

346 4429 452 4468 nas
503 4417 660 4483 [forte
690 4414 965 4483 desinat],
999 4431 1304 4486 quousque
1348 4420 1709 4487 perpetrator
1757 4419 1993 4475 sceleris

346 4501 658 4570 quaestioni
727 4503 1027 4558 communi
1076 4509 1132 4560 et
1167 4505 1541 4560 severissimo
1600 4512 1993 4577 praesentatus

344 4588 621 4657 examini,
647 4589 838 4645 ultimi
863 4591 1135 4662 supplicii
1161 4609 1392 4664 pmnam
1411 4593 1716 4665 suscipiat,
1738 4611 1806 4649 ne
1821 4601 1996 4649 retar-

345 4677 484 4732 data
507 4677 564 4731 in
587 4694 719 4734 eum
741 4679 1261 4748 animadversione,
1295 4682 1476 4739 divini
1498 4683 1707 4753 judicii
1733 4682 1788 4736 in
1811 4682 1993 4754 pluri-

344 4781 472 4821 mos
504 4773 860 4839 propagetur
890 4771 1203 4825 sententia.

238 4870 245 4877 ·
346 4854 480 4930 CAP.
509 4855 632 4910 {33.
663 4886 734 4930 -_
761 4858 831 4930 De
872 4861 1203 4927 paenitentia
1235 4868 1474 4915 sacram
1495 4859 1730 4928 virginis
1761 4859 1810 4914 si
1841 4860 1994 4930 lapsa

414 4929 610 5002 fuerit.
654 4928 911 4985 Nicotaus
933 4947 1077 5002 papa
1104 4931 1304 4987 Carolo
1333 4930 1765 5002 archiepiscopo,
1796 4940 1846 4987 et
1874 4928 1993 4999 eius

415 4999 808 5070 suﬂraganeis.

414 5085 662 5141 Feminae
695 5103 822 5158 qua:
869 5104 1034 5143 sacro
1059 5091 1198 5144 sunt
1224 5092 1573 5144 consccrataa
1605 5087 1911 5156 velamine,
1943 5089 1992 5146 si

345 5175 564 5231 fuerint
607 5179 786 5249 (quod
832 5177 1128 5249 nolumus)
1191 5176 1502 5248 fornicatze,
1566 5177 1826 5234 velamen
1893 5179 1992 5235 de-

344 5283 558 5337 ponere
633 5285 749 5323 non
827 5272 1206 5338 praesumant,
1266 5267 1367 5322 sed
1436 5268 1790 5339 poenitentia
1847 5271 1992 5341 jugo

341 5355 676 5422 submissa,
729 5372 1100 5427 summopere
1133 5357 1428 5411 decertare
1480 5358 1781 5427 festinent,
1815 5364 1878 5413 ut
1921 5359 1990 5414 ad

340 5444 715 5516 indulgentias
768 5449 826 5502 et
867 5444 1238 5501 remissionis
1291 5444 1522 5502 veleant
1561 5446 1811 5519 gratiam
1861 5463 1994 5519 per-

345 5549 562 5589 VODIPO.

2236 422 2447 495 legium
2462 423 2553 489 sit,
2586 419 2904 476 Ambrosius
2935 420 3006 476 ad
3039 421 3309 489 virginem
3352 419 3584 489 lapsam.

2157 529 2312 599 (Cap.
2339 530 2392 593 9,
2427 527 2576 596 Quod
2606 532 2685 582 est
2735 528 2791 580 in
2835 531 3215 598 corruptorem
3257 525 3542 597 virginis)
3589 525 3634 580 Ο
3670 525 3763 579 fili

2089 616 2401 688 serpentis.
2437 614 2711 670 minister
2740 613 2981 682 diaboli,
3004 613 3252 668 violator
3272 613 3539 685 virginis,
3571 613 3629 668 id
3664 617 3767 669 est

2086 698 2290 776 templi
2329 706 2444 770 Dei,
2479 705 2580 776 qui
2611 704 2669 758 in
2704 721 2820 758 uno
2853 701 3071 758 scelere
3102 703 3218 757 duo
3248 703 3499 756 crimina
3538 718 3763 772 perpe-

2085 795 2275 860 trasti,
2293 793 2649 849 adulterium
2667 791 2871 864 utique
2884 790 3348 862 etsacrilegium.
3364 789 3684 863 Sacrilegiu
3699 807 3760 845 ω

2087 883 2277 954 plane,
2312 883 2410 938 ul-i
2435 900 2534 937 vas
2565 881 2794 952 Christo
2828 879 3115 950 oblatum,
3150 881 3266 936 Deo
3301 880 3585 946 dicatum,
3646 881 3759 935 de-

2088 972 2265 1027 menti
2293 972 2630 1026 temeritate
2657 971 2938 1043 polluisti.

2086 1088 2222 1144 CAP.
2259 1088 2380 1143 135.
2411 1119 2479 1128 --
2503 1087 3106 1213 Lamentatiouviolatae
3156 1087 3393 1154 virginis
3411 1085 3760 1157 paenitentis-

2879 1173 2982 1211 em.

2879 1173 2982 1211 em.

2159 1275 2368 1330 Ibidem
2413 1291 2464 1332 ε.
2519 1275 2628 1344 10.)
2685 1273 2894 1345 Accipe
2950 1272 3302 1341 lamentum,
3350 1276 3407 1327 et
3484 1271 3758 1343 primum

2090 1364 2324 1435 quidem
2343 1363 2502 1418 nullo
2518 1363 2609 1418 die
2624 1362 3158 1434 quinquagesimus
3172 1359 3756 1432 psalmusintermit-

2088 1457 2271 1518 tatur,
2305 1452 2442 1524 quia
2471 1451 2530 1506 in
2566 1451 2796 1522 negotio
2837 1451 2939 1504 tali
2992 1455 3263 1504 cantatus
3309 1454 3422 1513 est,
3457 1454 3514 1504 et
3561 1466 3756 1520 usque

2087 1541 2446 1597 versiculum
2496 1540 2702 1594 illurn:
2760 1539 2862 1593 Cor
2915 1541 3219 1595 contritum
3267 1543 3319 1594 et
3383 1539 3755 1594 humiliatum

2090 1635 2239 1685 Deus
2267 1646 2376 1684 non
2407 1629 2654 1700 spernit,
2687 1632 2812 1682 tum
2836 1626 3108 1700 lacrymis
3133 1627 3477 1698 gemituque
3505 1644 3753 1698 percur-

2006 1715 2054 1779 B
2084 1736 2239 1785 rens,
2273 1720 2514 1788 insuper
2538 1717 2721 1772 etiam
2737 1717 2889 1771 hanc
2918 1716 3396 1771 lamentationem
3445 1732 3557 1770 non
3616 1717 3752 1771 sine

2087 1805 2812 1878 compunctionecordisin
2835 1815 3146 1875 conspectu
3172 1804 3266 1860 Dei
3283 1805 3504 1875 judicis
3527 1803 3711 1861 funde
3737 1824 3752 1861 :

2091 1897 2222 1964 Quis
2251 1895 2404 1950 dabit
2459 1896 2629 1966 capiti
2684 1910 2803 1950 meo
2849 1910 3078 1964 aquam,
3127 1897 3178 1948 et
3221 1893 3394 1948 oculis
3440 1893 3582 1949 meis
3621 1896 3753 1964 fon-

2087 1990 2202 2040 tem
2232 1985 2624 2055 lacrymarum
2657 1984 2796 2052 (Jer.
2831 1982 2930 2053 ix),
2961 1987 3027 2037 ut
3057 1982 3298 2037 deﬂeam
3340 1981 3584 2038 vulnera
3620 1983 3753 2037 ani-

2091 2089 2198 2128 me:
2231 2073 2415 2128 mete?
2447 2071 2718 2127 Conversi
2750 2075 2889 2126 sunt
2915 2071 3039 2126 dies
3063 2069 3196 2125 festi
3221 2071 3335 2126 mei
3383 2070 3444 2125 in
3494 2071 3749 2139 luctum,

2091 2166 2149 2218 et
2174 2162 2403 2217 cantica
2426 2161 2483 2215 in
2516 2159 3004 2215 lamentationem
3039 2176 3051 2213 :
3084 2159 3346 2214 Recessit
3374 2177 3556 2215 sonus
3576 2159 3750 2232 hym-

2090 2267 2301 2306 norum
2329 2255 2386 2305 et
2415 2249 2616 2304 laetitia
2656 2248 3044 2319 psalmorum,
3097 2256 3152 2302 et
3199 2249 3483 2305 successit
3529 2249 3753 2304 stridor

2091 2340 2354 2395 dentium
2380 2343 2436 2393 et
2456 2339 2628 2392 ﬂetus
2660 2336 2988 2392 oculorum.
3031 2335 3290 2392 Obmutui
3326 2345 3378 2392 et
3433 2337 3752 2393 humiliata

2089 2443 2233 2490 sum,
2266 2437 2321 2482 et
2348 2428 2487 2482 silui
2518 2445 2550 2481 a
2587 2427 2756 2494 bonis,
2804 2435 2857 2480 et
2899 2426 3055 2481 dolor
3117 2441 3272 2481 meus
3321 2430 3612 2482 renovatus
3639 2435 3747 2482 est.

2095 2517 2386 2574 Concaluit
2412 2531 2505 2570 cor
2534 2531 2714 2569 meum
2740 2515 2889 2568 intra
2927 2531 3016 2568 me
3045 2523 3096 2568 et
3127 2516 3184 2567 in
3216 2515 3576 2570 meditatione
3622 2531 3751 2570 mea

2092 2606 2406 2663 exardescet
2430 2607 2580 2674 ignis
2612 2604 2768 2674 (Psal
2796 2605 3051 2675 xxxvm).
3078 2607 3258 2660 Timor
3313 2610 3366 2659 et
3397 2613 3602 2660 tremor
3655 2621 3749 2660 ve-

2092 2701 2301 2752 nerunt
2330 2713 2494 2766 super
2525 2711 2630 2759 me,
2662 2705 2712 2748 et
2743 2699 3100 2749 contexerant
3137 2710 3222 2750 me
3277 2693 3513 2750 tenebrae
3568 2694 3748 2765 (Psal.

2093 2787 2226 2856 LIV).
2258 2786 2518 2854 Abyssus
2549 2799 2642 2838 me
2673 2783 3073 2848 circumdedit,
3093 2787 3388 2854 postremo
3414 2783 3620 2838 mersit
3649 2799 3749 2838 ca-

2093 2879 2201 2947 put
2234 2890 2452 2939 meum,
2483 2875 2541 2928 in
2593 2873 2839 2928 ﬁssuras
2885 2871 3197 2926 montium.
3249 2875 3370 2926 Heu
3425 2871 3550 2926 me!
3605 2871 3752 2942 quia

2092 2963 2246 3018 facta
2276 2979 2409 3018 sum
2442 2961 2595 3017 sicut
2626 2962 2880 3017 Sodoma
2902 2965 2958 3016 et
2979 2961 3285 3016 combusta
3306 2977 3436 3016 sum
3469 2960 3751 3016 sicuth-

2015 3077 2058 3144 ρ
2095 3051 2334 3107 morrha
2366 3051 2516 3120 (Gen.
2548 3050 2845 3121 x1x).Quis
2868 3049 3243 3106 miserebitur
3281 3050 3507 3106 cineres
3545 3051 3756 3105 meos?

2095 3139 2312 3196 Durius
2339 3139 2552 3194 oﬂ'endi
2585 3155 2759 3208 quam
2789 3139 3062 3204 Sodoma,
3098 3137 3237 3209 quia
3267 3137 3368 3192 illa
3424 3137 3612 3209 legem
3647 3153 3748 3194 ne-

2091 3227 2284 3285 sciens
2314 3226 2663 3298 deliquerat,
2684 3242 2790 3298 ego
2822 3232 3015 3282 autem
3032 3230 3269 3296 accepta
3289 3226 3477 3297 gratia
3491 3225 3747 3298 peccavi,

2090 3317 2361 3373 Domino.
2393 3317 2456 3371 Si
2474 3316 2631 3371 homo
2659 3321 2839 3386 peccet
2870 3319 2930 3371 in
2955 3315 3254 3381 hominem,
3285 3317 3397 3371 erit
3421 3317 3522 3387 qui
3565 3317 3745 3371 inter-

2090 3407 2278 3462 veniat
2299 3408 2349 3474 (1
2383 3406 2509 3474 Reg.
2547 3406 2629 3474 ιι).
2655 3405 2715 3458 E'.
2741 3423 2794 3469 ο,
2829 3422 2958 3476 quin
3004 3405 3235 3475 peccavi
3288 3405 3346 3459 in
3397 3403 3740 3472 Dominum,

2093 3511 2267 3566 quem
2295 3493 2729 3566 propitiatcrem
2763 3493 3052 3550 inveniam
3077 3491 3364 3564 ?Concepi
3385 3493 3667 3562 dolorem,
3690 3499 3751 3549 et

2095 3584 2290 3656 peperi
2323 3583 2717 3655 iniquitatem,
2748 3581 2938 3638 lacum
2971 3581 3249 3653 aperuiet
3278 3582 3490 3636 offendi
3515 3599 3673 3649 eum,
3694 3587 3753 3638 et

2092 3672 2271 3728 incidi
2293 3673 2350 3727 in
2384 3673 2609 3728 foveam
2643 3689 2821 3742 quam
2858 3672 2984 3726 feci.
3016 3671 3147 3726 Ideo
3175 3687 3493 3727 conversus
3524 3676 3616 3726 est
3647 3671 3753 3726 do-

2095 3759 2185 3816 lor
2211 3777 2380 3816 meus
2412 3761 2470 3815 in
2507 3761 2694 3832 capite
2725 3777 2875 3826 meo,
2908 3764 2965 3815 et
2994 3759 3052 3814 in
3086 3759 3298 3816 vertice
3320 3776 3448 3815 meo
3470 3759 3754 3831 iniquitas

2097 3865 2226 3905 mea
2257 3849 2558 3904 descendit
2579 3850 2750 3914 (Psal.
2784 3852 2902 3915 vu).
2931 3848 3317 3904 Immunditia
3339 3865 3468 3904 mea
3499 3853 3634 3904 ante
3657 3865 3755 3920 pe-

2095 3939 2196 3994 des
2230 3954 2570 4004 meos;non
2617 3938 2700 3991 fui
2752 3953 2977 3992 memor
3021 3937 3500 3999 novissimorum,
3550 3942 3609 3992 et
3663 3953 3754 3992 ce-

2099 4026 2213 4082 cidi
2251 4025 2623 4094 mirabiliter,
2661 4041 2765 4080 nec
2799 4029 2886 4080 est
2929 4025 3029 4097 qui
3081 4024 3435 4081 consoletur.
3481 4025 3524 4080 Ο
3577 4039 3754 4096 quam

2099 4114 2344 4172 acerbus
2403 4115 2628 4170 fructus
2682 4114 2946 4179 luxuriae,
2981 4115 3238 4169 amarior
3288 4113 3437 4181 felle,
3461 4113 3756 4168 crudelior

2098 4202 2322 4275 gladio!
2357 4203 2656 4267 Quomodo
2676 4204 2826 4258 facta
2856 4219 2984 4258 sum
3009 4202 3067 4256 in
3097 4201 3752 4273 desolationem?(Psal.

2101 4295 2297 4362 Lxxn),
2359 4291 2557 4346 subito
2616 4291 2823 4359 defeci,
2885 4290 3030 4362 perii
3090 4296 3327 4362 propter
3381 4289 3753 4360 iniquitatem

2102 4380 2504 4448 meam,velut
2533 4397 2792 4436 esomno
2843 4397 3188 4452 exsurgens,
3238 4379 3367 4434 ideo
3415 4379 3474 4435 in
3524 4378 3758 4435 civitate

2104 4469 2334 4525 Domini
2366 4468 2689 4524 nulliﬂcata
2719 4473 2809 4524 est
2831 4468 3024 4540 imago
3057 4484 3206 4523 mea.
3257 4467 3523 4525 Deletum
3551 4472 3640 4524 est
3687 4469 3760 4524 de

2103 4557 2254 4614 libro
2273 4574 2486 4613 nomen
2503 4575 2718 4622 meum,
2744 4557 2895 4613 facta
2914 4573 3046 4613 sum
3074 4556 3224 4612 sicut
3244 4561 3460 4612 noctua
3484 4557 3543 4611 in
3567 4558 3757 4612 domi-

2106 4645 2264 4714 cilio,
2296 4646 2448 4701 sicut
2479 4663 2682 4718 passer
2734 4646 2946 4701 unicus
3007 4646 3065 4699 in
3125 4645 3371 4700 aedificio
3425 4646 3598 4717 (Psal.
3629 4647 3756 4718 c1):

2107 4750 2222 4788 non
2256 4739 2345 4789 est
2370 4735 2469 4805 qui
2517 4734 2849 4790 consoletur
2900 4751 3012 4788 me.
3079 4733 3394 4790 Considero
3433 4751 3467 4789 a
3509 4734 3755 4800 dextris,

2105 4827 2162 4878 et
2192 4824 2381 4894 video,
2396 4830 2453 4878 et
2470 4841 2583 4879 non
2599 4829 2688 4879 est
2702 4823 2802 4896 qui
2819 4827 3101 4894 agnoscat
3124 4838 3236 4876 me.
3261 4825 3585 4892 Periit/ago
3601 4840 3634 4878 a
3653 4837 3758 4894 me,

2105 4915 2288 4967 etnon
2320 4917 2395 4968 est
2434 4914 2531 4982 qui
2556 4915 2799 4983 requirat
2845 4914 3092 4966 animam
3136 4927 3312 4966 meam
3362 4911 3532 4965 (Psal.
3584 4915 3755 4981 om).

2103 5007 2301 5059 Factus
2329 5017 2452 5055 sum
2478 5003 2620 5057 sicut
2674 5017 2769 5056 vas
2818 4999 3123 5071 perditum,
3181 4999 3372 5055 audivi
3397 5001 3759 5071 Lvituperatio-

2103 5106 2230 5148 nem
2262 5091 2514 5146 omnium
2540 5091 2691 5146 circa
2721 5105 2806 5144 me
2832 5089 3205 5144 habitantium
3236 5088 3406 5159 (Psal.
3447 5089 3601 5160 xxx).
3661 5089 3756 5144 Vsa

2105 5181 2216 5236 diei
2252 5179 2334 5234 illi
2368 5179 2424 5232 in
2457 5195 2572 5249 quo
2606 5194 2696 5232 me
2722 5177 2924 5233 infelix
2953 5178 3160 5250 genuit
3190 5180 3376 5248 pater,
3403 5181 3460 5232 et
3506 5175 3604 5232 lux
3644 5177 3756 5234 ista

2105 5267 2359 5324 crudelis
2390 5266 2642 5337 excepit!
2675 5269 3024 5338 Oportuerat
3056 5281 3145 5322 me
3166 5282 3282 5322 non
3335 5265 3515 5322 fuisse
3561 5271 3753 5322 natam

2105 5373 2278 5427 quam
2293 5356 2378 5410 sic
2400 5356 2458 5409 in
2482 5357 2758 5426 gentibus
2781 5355 2979 5411 fabula
3000 5356 3221 5412 ﬁerem.
3243 5359 3485 5428 Propter
3503 5373 3595 5412 me
3617 5373 3753 5412 con-

2105 5445 2257 5499 fusio
2274 5445 2426 5499 facta
2450 5446 2830 5502 estomnibus
2854 5445 3093 5502 famulis
3115 5445 3367 5513 Domini,
3391 5450 3449 5501 et
3467 5446 3754 5519 condigne

2107 5532 2453 5590 colentibus.
2489 5533 2722 5605 Lugete,
2755 5541 2981 5591 montes
3011 5533 3064 5589 ei
3095 5532 3299 5600 colles,
3330 5531 3548 5604 lugete,
3568 5534 3756 5591 fontes
