3994 6052
234 304 342 359 577

1167 304 1476 358 DECRETI
1516 301 1699 354 PARS
1737 299 1860 353 VII.
1891 325 1960 336 -—
2002 300 2099 351 DE
2136 299 2521 368 MONACHIS,
2558 302 2710 356 ETC.

3538 312 3643 365 578

233 436 290 486 et
326 430 596 495 ﬂumina,
639 428 1097 501 quiaﬂetusﬁlia
1119 443 1223 499 ego
1242 445 1396 482 sum.
1422 424 1885 498 Lugeteme,sil-
1917 424 1972 491 Α
2004 424 2121 495 cn).
2160 425 2286 479 Vide
2314 425 2683 481 humilitatem
2724 443 2903 487 meam
2946 437 2999 483 et
3044 432 3283 487 laborem
3322 451 3543 492 meum:
3596 448 3648 500 et

230 537 438 575 varum
470 519 692 585 bestia,
726 518 964 590 reptilia
996 522 1184 584 terrae,
1226 522 1283 572 et
1318 516 1582 572 volucres
1629 515 1778 581 coeli,
1830 519 1887 570 et

233 608 428 665 omnis
461 608 659 663 anima
692 624 817 679 quae
850 607 965 662 vita
997 607 1228 662 frueris.
1258 606 1422 673 Nam,
1455 622 1555 660 vos
1586 606 1766 660 beatae
1802 604 1881 658 fe-

237 716 310 753 rae
333 702 392 753 et
421 696 691 753 volucres
723 696 872 764 coeli,
898 696 1115 767 quibus
1140 694 1336 751 nullus
1361 699 1553 751 metus
1571 695 1641 749 ab
1666 694 1781 764 [de]
1804 694 1887 747 in-

236 788 399 855 feris,
433 802 622 857 neque
644 791 778 857 post
801 790 1047 841 mortem
1073 785 1369 840 reddenda
1389 790 1475 839 est
1499 783 1665 839 ratio.
1700 786 1755 838 ln
1781 799 1885 837 nos

236 880 437 931 manet
466 893 634 945 pmna
665 874 919 931 crudelis
954 873 1180 938 tartari,
1214 874 1313 945 qui
1344 873 1629 928 habentes
1647 866 1887 927 sensum

235 965 622 1036 deliquimus,
655 965 783 1019 ideo
813 979 921 1019 non
952 968 1031 1018 est
1053 979 1164 1032 pax
1184 962 1561 1032 peccatoribus
1584 962 1705 1030 (lsa.
1734 960 1885 1030 Lvn).

236 1054 345 1122 (79)
371 1055 563 1109 Meum
599 1060 922 1125 peccatum,
950 1068 1081 1107 mea
1098 1052 1383 1122 iniquitas
1404 1068 1521 1106 non
1545 1056 1685 1105 sunt
1705 1049 1893 1105 consi-

236 1142 402 1197 milia
426 1143 659 1198 oﬂ‘ensse
694 1141 1023 1210 hominum,
1057 1140 1195 1212 quia
1224 1140 1499 1212 impietas
1528 1143 1635 1207 est,
1656 1153 1889 1193 carnem

235 1231 555 1303 pollicitam
591 1248 821 1287 servare
862 1230 1177 1301 virginem,
1232 1234 1289 1283 et
1337 1233 1583 1294 castam,
1631 1226 1893 1298 professa

236 1318 471 1389 publice
503 1319 745 1375 mentita
777 1336 905 1373 sum
941 1319 1201 1372 Domino.
1244 1318 1374 1372 Ideo
1408 1334 1522 1372 non
1541 1321 1629 1371 est
1651 1314 1793 1369 mihi
1820 1315 1890 1369 fi—

238 1408 411 1463 ducia
459 1408 768 1463 invocandi
820 1407 1135 1463 Dominum
1188 1406 1548 1472 altissinum,
1604 1405 1741 1477 quia
1798 1404 1889 1457 ob-

237 1502 507 1553 structum
557 1502 636 1553 est
684 1512 740 1552 os
784 1494 1254 1568 delinquentium
1301 1496 1486 1565 (Psal.
1541 1497 1695 1563 ιλιι).
1746 1492 1891 1550 Nam

236 1602 435 1643 meum
466 1586 686 1643 malum
712 1585 1000 1657 Propheta
1029 1583 1425 1655 cecinit,quod
1448 1586 1617 1657 quise
1635 1584 1893 1654 elongant

236 1693 269 1730 a
300 1677 527 1731 Domino
554 1676 839 1747 peribunt,
874 1674 1139 1746 disperdit
1186 1690 1400 1730 omnem
1445 1674 1813 1745 fornicantem
1859 1689 1893 1727 a

240 1780 301 1819 se
346 1764 497 1834 (Psal
552 1764 747 1834 Lxxu).
808 1764 872 1818 Et
924 1764 1173 1818 iterum:
1210 1762 1469 1819 Adhwsit
1524 1762 1718 1832 lingua
1772 1776 1894 1815 mea

238 1852 488 1921 faucibus
516 1854 671 1917 meis,
718 1856 769 1906 et
822 1855 875 1905 in
924 1852 1211 1922 pulverem
1257 1853 1446 1906 mortis
1488 1850 1765 1905 deduxisti
1809 1865 1895 1905 me

240 1942 419 2011 (Psal.
472 1945 631 2009 xxi).
684 1941 1101 1996 Verumtamen
1146 1940 1411 1994 clamabo
1458 1939 1528 1993 ad
1574 1938 1891 1993 Dominum

250 2036 453 2097 Deum,
486 2031 624 2084 dum
660 2030 849 2084 adhuc
884 2037 1115 2099 tempus
1137 2034 1245 2097 est,
1277 2030 1413 2083 dum
1441 2029 1614 2082 datur
1633 2028 1890 2097 spatium

246 2120 383 2190 quia
415 2120 472 2173 in
509 2124 688 2173 morte
719 2135 831 2173 non
864 2124 955 2173 est
987 2121 1288 2187 memoria,
1319 2124 1375 2172 et
1404 2118 1465 2172 in
1501 2118 1727 2171 interno
1774 2132 1891 2170 non

243 2213 330 2263 est
353 2207 640 2263 conlessio
664 2207 846 2279 (Psal.
882 2208 1005 2278 νι.).
1040 2207 1294 2273 Domine,
1318 2223 1385 2261 ne
1408 2206 1462 2259 in
1486 2208 1674 2276 furore
1694 2209 1785 2259 tuo
1803 2222 1892 2259 ai-

240 2313 377 2367 guas
408 2314 515 2360 me,
538 2314 715 2368 neque
758 2300 815 2351 in
872 2300 959 2352 ira
1006 2303 1107 2351 tua
1146 2298 1415 2367 corripias
1464 2312 1569 2351 me.
1623 2296 1891 2362 Quoniam

240 2388 461 2456 sagittae
488 2390 597 2441 tuae
626 2387 819 2456 inﬁxa?
848 2390 975 2441 sunt
1005 2385 1167 2454 mihi,
1199 2392 1250 2440 et
1297 2400 1394 2439 nec
1441 2390 1520 2439 est
1570 2386 1781 2439 sanitas
1831 2382 1889 2436 in

242 2491 406 2529 carne
434 2491 576 2530 mea.
600 2481 637 2529 Α
667 2476 820 2529 vultu
848 2477 953 2531 ira:
983 2483 1097 2530 tute
1126 2490 1233 2529 non
1263 2478 1340 2528 est
1363 2490 1473 2543 pax
1501 2472 1711 2527 ossibus
1728 2473 1889 2537 meis,

244 2581 276 2618 a
318 2566 463 2633 facie
514 2574 861 2633 peccatorum
923 2579 1186 2618 meorum.
1250 2564 1517 2630 Quoniam
1564 2562 1890 2631 iniquitates

237 2668 367 2707 mem
384 2670 752 2723 supergressa:
780 2657 909 2707 sunt
938 2661 1101 2723 caput
1131 2668 1335 2717 meum,
1358 2650 1500 2705 sicut
1544 2665 1681 2704 onus
1727 2666 1890 2720 grave

233 2752 488 2810 gravatae
518 2751 645 2797 sunt
673 2758 837 2812 super
875 2759 982 2796 me.
1036 2742 1516 2812 Computrueruut,
1559 2744 1609 2795 et
1656 2739 1889 2793 deterio-

235 2840 505 2886 raverunt
550 2833 835 2886 cicatrices
890 2845 1030 2887 mea?
1077 2848 1111 2883 a
1151 2831 1299 2899 facie
1349 2828 1685 2899 insipientia:
1732 2844 1887 2884 mem.

238 2920 470 2976 Miseria
501 2920 716 2975 afﬂicta
747 2936 879 2975 sum
903 2923 960 2974 et
980 2925 1218 2974 curvata
1248 2935 1378 2973 sum
1411 2934 1582 2989 usque
1610 2919 1671 2971 in
1699 2918 1889 2989 ﬁnem,

237 3009 405 3081 rugio
436 3026 469 3065 a
497 3010 704 3081 gemitu
732 3007 915 3063 cordis
967 3007 1095 3063 mei.
1141 3009 1241 3062 Cor
1286 3023 1472 3061 meum
1508 3006 1891 3061 conturbatum

236 3104 315 3152 est
347 3097 504 3152 intra
534 3114 646 3164 me,
678 3097 976 3167 dereliquit
996 3112 1081 3151 me
1110 3098 1284 3152 virtus
1316 3111 1435 3151 mea
1465 3103 1517 3151 et
1545 3096 1727 3150 lumen
1759 3111 1888 3151 ocu-

238 3185 427 3242 lorum
450 3204 722 3243 mecorum
740 3195 792 3242 et
813 3189 993 3258 ipsum
1012 3202 1118 3241 non
1141 3189 1219 3241 est
1240 3201 1454 3239 mecum
1475 3185 1645 3255 (Psal.
1665 3185 1886 3255 xxxm).

234 3277 396 3343 Deus,
422 3278 682 3347 repulisti
708 3292 794 3332 me
835 3279 884 3331 et
933 3275 1367 3331 destruxisli'me
1408 3272 1689 3330 ostendisti
1742 3272 1890 3329 mihi

232 3365 393 3423 dura.
423 3368 621 3436 potasti
651 3381 743 3421 me
772 3368 903 3421 vino
933 3364 1376 3435 compunctionis
1405 3364 1578 3433 (Psal.
1610 3364 1743 3433 ιιι).
1775 3363 1889 3417 Ex-

234 3452 405 3524 pulsa
435 3470 566 3508 sum
600 3456 671 3508 ab
698 3454 886 3509 oculis
916 3453 1056 3519 tuis,
1085 3454 1208 3522 jam
1239 3469 1352 3507 non
1388 3450 1660 3520 adjiciam
1695 3456 1759 3506 ut
1796 3466 1889 3505 re-

234 3558 473 3614 surgam
528 3544 599 3597 ad
652 3543 939 3614 templum
994 3547 1265 3597 sanctum
1298 3586 1310 3605 ,
1350 3546 1406 3595 et
1455 3543 1604 3595 facta
1648 3556 1778 3595 sum
1828 3539 1888 3594 in

234 3631 583 3687 exterminio
612 3634 741 3703 (lsa.
792 3648 960 3698 xxxv;
1018 3629 1173 3685 Psal.
1221 3631 1329 3700 χι).
1384 3630 1511 3696 Quae
1560 3627 1784 3683 utilitas
1831 3630 1891 3683 in

237 3723 514 3789 sanguine
542 3736 682 3788 meo,
715 3720 846 3774 dum
862 3720 1129 3774 descendo
1159 3720 1219 3773 in
1241 3720 1643 3788 corruptionem
1669 3717 1695 3770 ‘t
1712 3718 1888 3784 (Psal.

237 3809 409 3874 xxix).
446 3806 702 3877 Nunquid
718 3809 952 3862 mortuis
999 3808 1169 3877 facies
1226 3804 1515 3859 mirabilia
1554 3809 1650 3859 aut
1695 3805 1893 3859 medici

238 3895 581 3951 suscitabunt
607 3896 633 3949 ‘t
663 3896 841 3965 (Psal.
876 3899 1141 3962 Lxxxvu).
1168 3896 1329 3949 'l‘uus
1360 3910 1573 3959 sermo,
1606 3897 1707 3946 tua
1757 3909 1891 3962 pro-

241 3984 446 4039 missio
467 3990 592 4039 est:
618 3983 761 4039 Nolo
778 3989 1024 4039 mortem
1041 3983 1382 4053 peccatoris,
1404 3983 1501 4037 sed
1520 3986 1893 4037 convertatur

238 4077 295 4128 et
320 4073 478 4127 vivat
499 4073 713 4143 (Ezech.
748 4072 1069 4143 xxxm).Ad
1095 4077 1173 4141 te,
1196 4072 1367 4138 Deus,
1410 4087 1539 4126 mea
1568 4071 1889 4141 conversio,

237 4161 345 4231 qui
379 4160 541 4216 solus
573 4173 737 4232 potes
769 4177 982 4217 novare
1003 4160 1236 4216 omnia:
1272 4164 1329 4215 et
1348 4160 1419 4214 ab
1442 4160 1645 4215 inferis
1667 4161 1890 4216 animas

235 4265 494 4305 revocas.
526 4250 610 4304 Tu
644 4250 823 4306 solvis
846 4250 1206 4320 compeditos
1236 4254 1293 4303 et
1320 4248 1519 4303 allisos
1552 4250 1751 4320 erigis,
1783 4265 1892 4304 caa-

233 4354 334 4394 cos
366 4338 692 4404 illuminas,
729 4344 993 4394 mortuos
1026 4338 1279 4393 suscitas
1305 4338 1456 4408 (Psal
1481 4338 1655 4409 CXLV).
1692 4338 1890 4393 Erravi

236 4427 390 4481 sicut
410 4429 529 4481 ovis
548 4426 791 4496 perdita,
818 4426 1046 4498 require
1064 4425 1340 4481 famulam
1362 4430 1522 4481 tuam
1548 4427 1887 4497 (Ps.cxvm),

240 4531 314 4569 ne
347 4515 522 4587 lupus
555 4514 810 4569 crudelis
842 4514 1056 4586 glutiat
1087 4532 1199 4570 me.
1252 4515 1412 4569 Multi
1452 4515 1640 4569 dicunt
1687 4518 1888 4569 anima:
1917 4514 1966 4579 D

238 4618 412 4660 meae:
449 4605 561 4659 Non
593 4613 668 4659 est
696 4603 788 4658 illi
819 4605 972 4658 salus
1002 4605 1058 4658 in
1104 4606 1205 4659 Deo
1237 4604 1355 4671 eius
1402 4605 1573 4673 (Psal.
1624 4605 1731 4675 ιιι).
1779 4604 1889 4660 Sed

242 4699 408 4747 tuum
442 4692 757 4748 consilium
789 4697 983 4747 tecum
1019 4697 1125 4747 est.
1160 4693 1309 4760 Quod
1339 4696 1465 4747 sunt
1517 4692 1633 4747 dies
1665 4691 1894 4747 famula:

243 4786 355 4836 tua:
387 4782 611 4851 quando
644 4783 815 4851 [acies
849 4797 1044 4837 meum
1081 4781 1418 4851 judicium?
1468 4782 1668 4851 Deiecit
1706 4783 1897 4835 anima

244 4887 370 4925 mea
392 4873 451 4924 in
478 4872 716 4925 salutari
746 4874 858 4934 tuo,
907 4872 1052 4925 oculi
1098 4871 1207 4925 mei
1256 4871 1312 4923 in
1366 4869 1638 4940 lacrymis
1684 4870 1896 4937 de/cce-

245 4964 373 5013 runt
406 4960 563 5027 (Psal
590 4960 822 5027 cxvm);
857 4959 1043 5014 effusa
1073 4965 1162 5013 est
1205 4958 1263 5011 in
1314 4963 1469 5013 terra
1514 4958 1697 5025 gloria
1744 4974 1893 5013 mea.

243 5048 486 5111 Quando
519 5049 837 5117 respiciens
870 5050 1145 5102 restitues
1177 5047 1436 5101 animam
1462 5047 1692 5101 meam?
1713 5047 1895 5115 (Psal.

241 5136 460 5205 xxx1v).
496 5142 722 5206 Propter
752 5138 1104 5207 iniquitatem
1135 5137 1457 5207 corripuisti
1488 5152 1595 5204 me,
1646 5143 1696 5189 et
1746 5136 1895 5191 tabe-

238 5240 389 5279 scere
422 5226 613 5295 fecisti
653 5228 791 5279 sicut
839 5242 1126 5290 araneam,
1187 5226 1442 5280 animam
1490 5240 1666 5279 meam
1725 5226 1893 5295 (Psal.

236 5314 495 5384 xxxvm).
521 5314 828 5383 Memento,
857 5313 1116 5378 Domine,
1156 5314 1293 5384 quia
1324 5313 1512 5384 pulvis
1546 5330 1676 5369 sum
1713 5314 1890 5386 (Psal.

315 5551 427 5622 (79)
458 5548 698 5606 Ambros.
732 5545 896 5605 hodie
928 5548 1009 5606 sic
1038 5546 1219 5605 habet.
1246 5549 1434 5605 Meum
1456 5550 1546 5606 est
1566 5552 1890 5622 peccatum,

254 5640 385 5679 mea
416 5622 696 5695 inquitas.
728 5622 852 5678 Non
884 5626 1025 5678 sunt
1056 5622 1276 5677 similia
1319 5622 1540 5679 offensa
1586 5623 1893 5680 hominum

1923 1792 1974 1858 B

1994 512 2216 567 dimitte
2244 515 2431 568 omnia
2458 523 2677 584 peccata
2706 532 2826 571 mea
2852 520 3022 587 (Psal.
3058 524 3227 590 xxxv).
3253 523 3482 578 Remitte
3503 527 3646 581 mihi

1994 605 2053 654 ut
2085 603 2385 670 refrigerer
2409 606 2731 673 priusquam
2775 606 2983 673 abeam,
3018 610 3069 661 et
3117 611 3355 680 amplius
3404 629 3508 666 non
3551 630 3643 669 cro

1997 688 2435 761 Psal.xxxv1u).
2471 692 2587 747 Nec
2634 692 2689 746 in
2739 692 2965 749 inferno
3012 696 3120 752 erit
3162 699 3485 771 redemptio
3529 702 3643 773 (Job

1995 783 2092 844 rx).
2128 779 2335 835 Potens
2369 798 2452 851 es,
2478 782 2739 852 Domine,
2766 785 3143 841 conscindere
3166 805 3400 845 saccum
3430 807 3641 860 meum,

1997 873 2052 923 et
2084 869 2437 940 praecingere
2481 887 2571 925 me
2622 872 2825 927 latitia
2874 874 3053 942 (Psal.
3102 878 3273 947 xxxx).
3327 883 3539 936 Potens
3588 899 3651 938 es

1998 957 2243 1012 Domine
2274 959 2503 1015 vincula
2534 977 2663 1016 mea
2693 962 3030 1033 dirumpere
3063 967 3231 1032 (Psal.
3264 970 3414 1037 cxv),
3438 970 3650 1039 quibus

1998 1046 2181 1116 ligata
2209 1064 2338 1104 sum
2372 1055 2547 1120 atque
2570 1051 2906 1105 constricta.
2940 1053 3089 1107 Iram
3140 1058 3328 1122 tuam,
3381 1057 3650 1127 Domine,

2000 1136 2164 1189 aufer
2193 1152 2226 1189 a
2260 1153 2350 1189 me
2381 1138 2552 1207 (Psal.
2588 1140 2830 1209 LXXXIV),
2865 1142 3003 1209 quia
3039 1142 3267 1210 peccavi
3300 1144 3406 1198 tibi
3446 1148 3653 1201 crude-

2002 1224 2153 1290 liter,
2189 1224 2373 1279 donec
2397 1226 2690 1295 justifices
2721 1244 2962 1281 causam
2997 1245 3211 1295 meam,
3244 1236 3301 1285 et
3321 1232 3537 1288 educas
3558 1251 3653 1290 me

2000 1311 2056 1365 in
2094 1311 2340 1382 lumine,
2367 1318 2512 1368 Deus
2533 1316 2840 1370 virtutum.
2867 1316 2950 1370 Da
2979 1319 3331 1387 pmnitentiae
3354 1320 3650 1389 effectum,

1978 1401 2352 1481 poenitentia;
2375 1404 2890 1473 perseverantiam,
2914 1420 2982 1459 ne
3014 1421 3106 1459 me
3127 1406 3360 1462 indurat
3379 1408 3652 1481 deceptor

2002 1490 2229 1545 animae.
2265 1494 2383 1545 Hoc
2418 1490 2558 1545 mihi
2594 1492 2766 1558 dona,
2799 1492 2949 1547 hanc
2981 1494 3226 1565 gratiam
3257 1497 3328 1551 de
3360 1501 3459 1553 tuo
3493 1498 3651 1556 fonte

2002 1585 2279 1649 praestare
2310 1579 2586 1651 digneris.
2623 1581 2730 1644 Qui
2756 1580 2899 1637 vivis
2930 1586 2985 1637 et
3016 1600 3223 1655 regnas
3265 1584 3323 1640 in
3366 1587 3651 1645 Trinitate

2002 1669 2061 1722 in
2092 1668 2307 1723 saecula
2339 1668 2708 1725 saeculorum.

2001 1759 2129 1834 CAP.
2170 1758 2287 1834 136.
2322 1788 2394 1834 ᾖ
2421 1758 2495 1811 De
2523 1760 2868 1834 accusatione
2922 1762 3178 1834 uirginis.
3230 1765 3476 1834 Epistola
3522 1767 3651 1821 Am-

2074 1830 2242 1909 brosii
2269 1829 2337 1882 ad
2365 1833 2668 1909 Syagrium
2717 1829 3445 1909 episcodum__Veronensem
3494 1838 3651 1909 (Epic

2075 1901 2343 1955 stolarum
2374 1901 2472 1954 lib.
2506 1917 2628 1969 vui,
2660 1918 2745 1968 ep.
2779 1903 2868 1972 6’1,
2905 1904 2985 1958 vel
3026 1904 3124 1958 tib.
3158 1923 3235 1971 v1,
3269 1924 3353 1977 ep.
3394 1908 3501 1978 46.)

2071 1992 2129 2046 Si
2162 1989 2467 2046 habuisset
2490 1992 2862 2061 probationes
2886 2010 3189 2065 nunquam
3228 1997 3649 2067 inspectionem

1999 2078 2340 2149 genitalium
2374 2078 2612 2149 virginis
2634 2086 2737 2134 tua
2776 2084 3070 2137 sententia
3118 2083 3460 2155 ﬂagitasset.
3505 2087 3652 2153 Quid

2000 2184 2134 2238 ergo
2167 2168 2277 2220 sibi
2310 2166 2470 2232 velit,
2502 2174 2558 2222 et
2579 2186 2694 2238 quo
2727 2175 2947 2239 spectet
2978 2172 3131 2241 quod
3156 2174 3528 2229 obstetricem
3557 2178 3656 2230 ad-

2000 2256 2315 2310 hibendam
2340 2257 2678 2324 credideris,
2717 2275 2827 2312 non
2863 2276 3105 2330 possum
3141 2262 3459 2318 advertere.
3495 2264 3652 2320 Itane

1999 2360 2134 2415 ergo
2168 2344 2414 2398 liberum
2448 2345 2557 2398 erit
2580 2362 2855 2401 accusare
2873 2349 3170 2416 omnibus,
3193 2354 3250 2403 et
3273 2367 3407 2405 cum
3440 2355 3647 2423 proba-

2000 2434 2188 2487 tiones
2221 2433 2571 2499 destiterint,
2599 2436 2820 2504 patebit
2845 2443 2904 2488 nt
2922 2436 3264 2506 genitalium
3290 2447 3647 2496 secretorum

2000 2527 2200 2592 petant
2233 2521 2677 2592 inspectionem,
2708 2528 2763 2576 et
2791 2524 3138 2579 addicentur
3179 2544 3359 2582 sacrae
3392 2530 3652 2600 virgines

2000 2628 2230 2682 semper
2261 2613 2329 2665 ad
2364 2612 2703 2682 hujusmodi
2740 2611 2996 2667 ludibria
3030 2630 3155 2683 quae
3189 2621 3245 2670 et
3274 2616 3401 2670 visu
3449 2624 3504 2671 et
3545 2636 3650 2674 nec

2000 2700 2205 2754 auditu
2238 2699 2462 2753 horrori
2496 2704 2551 2755 ct
2583 2702 2789 2771 pudori
2825 2702 2991 2756 sint?
3023 2705 3169 2773 Item,
3205 2705 3423 2760 ibidem.
3476 2706 3649 2779 Virgo

2000 2788 2233 2843 Domini
2265 2789 2390 2843 suis
2422 2794 2509 2844 est
2544 2806 2687 2843 nexa
2716 2790 2935 2857 t‘ulcris,
2970 2793 3039 2846 ad
3072 2791 3163 2846 sui
3211 2794 3647 2865 probationem;

2001 2894 2101 2931 nec
2116 2877 2322 2932 alienis
2338 2877 2573 2933 dotibus
2592 2885 2739 2949 eget,
2770 2884 2830 2933 ut
2850 2896 2911 2933 se
2945 2881 3227 2952 virginem
3243 2883 3465 2951 probet,
3480 2891 3651 2940 etnec

2000 2966 2328 3019 abditorum
2345 2964 2831 3037 occultorumque
2852 2967 3160 3039 inspcctio,
3176 2971 3275 3024 sed
3293 2972 3655 3028 obviaomni-

2000 3055 2110 3109 bus
2142 3055 2423 3109 modestia
2458 3054 2813 3125 astipulatur
2845 3056 3189 3127 integritati.
3248 3063 3380 3114 Item
3431 3062 3651 3116 ibidem.

1916 3152 1961 3221 α
2003 3142 2149 3196 Illud
2177 3160 2289 3197 non
2315 3143 2830 3211 arbitrorjustum,
2850 3146 3004 3214 quod
3030 3146 3145 3199 tuis
3161 3149 3655 3218 comprehendisti

2002 3230 2393 3301 litteris,qnia
2425 3230 2537 3285 nisi
2565 3231 2827 3302 inspecta
2879 3234 3070 3299 fuerit,
3124 3235 3429 3307 virginitas
3480 3239 3655 3304 [inte-

1998 3323 2204 3391 gritas,
2235 3323 2355 3390 orig
2386 3319 2787 3391 ]periclitetur
2816 3327 2872 3376 et
2912 3323 3134 3378 incerta
3181 3323 3426 3396 [incerto
3485 3329 3651 3398 orig.)

1999 3409 2090 3463 sui
2124 3408 2381 3463 ﬂuctuet.
2418 3409 2565 3481 Ergo
2599 3411 3231 3483 omnesquaeinspectaa
3249 3430 3361 3468 non
3378 3420 3536 3481 sunt,
3554 3431 3651 3486 pe-

2002 3497 2249 3552 riculum
2281 3497 2590 3553 subierunt
2620 3499 2885 3568 pudoris.
2922 3500 3074 3570 Ergo
3122 3506 3179 3556 et
3228 3518 3354 3572 qua:
3387 3509 3651 3573 nupturae

2000 3591 2151 3651 sunt,
2170 3587 2331 3656 prius
2354 3586 2744 3656 inspiciuntur
2784 3592 2846 3641 ut
2866 3588 3106 3643 nubant.
3138 3589 3502 3646 Probatiores
3520 3607 3657 3664 ergo

2002 3689 2127 3743 quae
2159 3672 2415 3728 velanda
2449 3678 2607 3743 sunt,
2642 3675 2806 3744 prius
2838 3676 3216 3746 subjicienda:
3241 3682 3377 3733 sunt
3402 3678 3537 3734 huic
3570 3685 3656 3735 at-

2001 3762 2330 3817 trectationi
2354 3762 2381 3815 ‘l
2411 3766 2521 3816 etc.

1998 3872 2132 3923 CAP.
2157 3898 2226 3907 —
2258 3869 2378 3942 137.
2414 3869 2525 3922 Non
2540 3885 2690 3940 posse
2706 3888 2903 3939 corpus
2915 3872 3212 3942 corrumpi,
3228 3875 3341 3928 nisi
3360 3878 3514 3938 prius
3530 3894 3649 3934 cor-

2000 3943 2191 4008 ruptus
2223 3941 2295 3993 sit
2324 3942 2573 3995 animus.
2624 3943 2963 4010 Ambrosius,
2998 3944 3063 3997 de
3092 3941 3424 4015 virginibus,
3458 3948 3554 4003 lib.
3590 3966 3649 4005 ιι.

2072 4031 2183 4099 (32,
2215 4046 2261 4099 q.
2298 4030 2351 4095 5,
2377 4045 2424 4082 ο.
2459 4030 2865 4101 Tolerabilius)
2899 4030 3287 4089 Tolerabilius
3344 4044 3433 4090 est
3486 4054 3648 4093 men-

1998 4122 2116 4171 tem
2146 4117 2449 4188 virginem,
2485 4135 2661 4188 quam
2696 4136 2929 4173 carnem
2966 4120 3198 4175 habere.
3237 4122 3383 4191 (Post
3426 4126 3650 4195 pauca.)

2000 4204 2325 4275 Utrumque
2356 4204 2569 4259 bonum
2606 4206 2650 4260 si
2676 4205 2878 4273 liceat;
2923 4206 2973 4260 si
3026 4223 3140 4261 non
3195 4206 3385 4279 liceat,
3437 4210 3647 4266 saltem

2000 4310 2113 4349 non
2148 4294 2370 4349 homini
2405 4295 2568 4360 casti,
2601 4295 2699 4349 sed
2735 4295 2851 4349 Deo
2883 4295 3094 4365 simus,
3139 4295 3316 4368 Virgo
3380 4300 3651 4370 prostitui

1998 4388 2208 4453 potest,
2233 4382 2551 4437 adulterari
2585 4399 2697 4437 non
2732 4387 2940 4453 potest.
2975 4382 3318 4455 Ubicunque
3356 4386 3454 4441 Dei
3486 4388 3648 4460 virgo

1999 4475 2087 4525 est
2117 4470 2217 4525 Dei
2240 4470 2524 4541 templum
2551 4476 2674 4539 est;
2710 4488 2814 4526 nec
2836 4471 3144 4543 lupanaria
3164 4473 3453 4531 infamant
3474 4476 3648 4532 casti-

2000 4563 2201 4629 tatem,
2234 4560 2332 4613 sed
2368 4560 2543 4614 etiam
2576 4561 2814 4615 castitas
2846 4560 2953 4615 loci
2988 4561 3182 4616 abolet
3212 4563 3538 4618 infamiam.

2003 4661 2133 4712 CAP.
2172 4660 2290 4712 138.
2322 4688 2385 4699 -—
2419 4663 2498 4713 De
2528 4659 2730 4715 eodem.
2762 4660 3079 4715 Ambrosius
3122 4660 3186 4715 de
3217 4663 3376 4731 lapsu
3416 4665 3649 4731 virginis

2214 4739 2548 4784 consecrata:
2580 4734 2647 4799 (c.
2682 4732 2734 4783 4.
2768 4731 2836 4784 ad
2868 4733 3145 4803 virginem
3182 4733 3434 4803 lapsam).

2072 4818 2181 4887 (32.
2214 4836 2265 4888 q.
2288 4822 2395 4885 5,0.
2436 4819 2922 4889 Revera.)Revera
2956 4837 3067 4873 non
3118 4825 3311 4891 potest
3351 4838 3483 4877 caro
3514 4826 3650 4878 ante

2004 4910 2320 4980 corrumpi,
2356 4909 2465 4965 nisi
2501 4926 2666 4964 mens
2701 4910 2873 4965 fuerit
2894 4916 3027 4965 ante
3058 4921 3349 4983 corrupta.

2004 5009 2138 5060 CAP.
2174 5006 2295 5081 139.
2328 5038 2395 5046 -—
2428 5007 2577 5075 Quod
2602 5023 2706 5081 non
2754 5008 3029 5079 polluitur
3057 5025 3251 5081 corpus
3297 5010 3391 5063 ubi
3436 5012 3651 5081 integer

2074 5082 2152 5131 est
2188 5077 2430 5203 animitg.
2466 5077 2821 5149 Augustinus,
2855 5081 2927 5134 De
2970 5077 3193 5135 civitate
3236 5080 3333 5135 Dei
3360 5081 3497 5136 libro
3525 5077 3650 5151 pri-

2073 5164 2159 5203 mo
2190 5166 2311 5220 cap.
2420 5190 2431 5203 .

2074 5237 2184 5306 (32,
2220 5254 2271 5309 q.
2294 5238 2347 5303 5,
2380 5256 2425 5292 c.
2459 5240 2539 5293 Ita
2568 5255 2637 5293 ne
2674 5238 2962 5310 aliquem.)
3016 5240 3095 5295 Ne
3139 5239 3393 5309 aliquem
3426 5238 3651 5309 polluat

2002 5323 2191 5381 aliena
2221 5326 2423 5395 libido,
2442 5328 2726 5384 metuitur
2754 5332 2776 5383 Ρ
2804 5328 2926 5383 Non
2954 5328 3193 5399 polluet,
3218 5328 3266 5384 si
3291 5327 3479 5383 aliena
3501 5327 3646 5396 erit;

2005 5548 2143 5627 quia
2170 5544 2468 5630 horribilis
2491 5544 2609 5630 haec
2628 5542 2900 5630 impietas
2922 5549 3031 5609 est,
3053 5556 3226 5630 perae
3248 5538 3505 5630 pollicita
3525 5559 3651 5630 ser-

2009 5613 2146 5683 vare
2164 5622 2462 5693 virginem,
2494 5624 2551 5674 et
2580 5613 2907 5673 castitatem
2941 5615 3204 5687 professa
3244 5613 3495 5687 publice,
3537 5621 3647 5674 etc.
