  <div class='ocr_page' id='page_1' title='image "/cluster/home/n/w/nwhite01/storage/ocr_20150623/161/hvd.32044054760194/335.png"; bbox 0 0 3972 6056; ppageno 0'>
   <div class='ocr_carea' id='block_1_1' title="bbox 340 290 446 347">
    <p class='ocr_par' dir='ltr' id='par_1_1' title="bbox 340 290 446 347">
     <span class='ocr_line' id='line_1_1' title="bbox 340 290 446 347; baseline -0.038 0"><span class='ocrx_word' id='word_1_1' title='bbox 340 290 446 347; x_wconf 82' lang='grc'>579</span> 
     </span>
    </p>
   </div>
   <div class='ocr_carea' id='block_1_2' title="bbox 1422 283 2652 340">
    <p class='ocr_par' dir='ltr' id='par_1_2' title="bbox 1422 283 2652 340">
     <span class='ocr_line' id='line_1_2' title="bbox 1422 283 2652 340; baseline -0.002 -1"><span class='ocrx_word' id='word_1_2' title='bbox 1422 289 1488 339; x_wconf 92' lang='lat' dir='ltr'>D.</span> <span class='ocrx_word' id='word_1_3' title='bbox 1528 284 1769 340; x_wconf 81' lang='lat' dir='ltr'>lVONlS</span> <span class='ocrx_word' id='word_1_4' title='bbox 1804 283 2298 338; x_wconf 78' lang='lat' dir='ltr'>CARNOTENSIS</span> <span class='ocrx_word' id='word_1_5' title='bbox 2333 283 2652 337; x_wconf 82' lang='lat' dir='ltr'>EPISCOPI</span> 
     </span>
    </p>
   </div>
   <div class='ocr_carea' id='block_1_3' title="bbox 3651 281 3774 338">
    <p class='ocr_par' dir='ltr' id='par_1_3' title="bbox 3651 281 3774 338">
     <span class='ocr_line' id='line_1_3' title="bbox 3651 281 3774 338; baseline -0.008 0"><span class='ocrx_word' id='word_1_6' title='bbox 3651 281 3774 338; x_wconf 88' lang='lat'>580</span> 
     </span>
    </p>
   </div>
   <div class='ocr_carea' id='block_1_4' title="bbox 337 403 3771 483">
    <p class='ocr_par' dir='ltr' id='par_1_4' title="bbox 337 403 3771 483">
     <span class='ocr_line' id='line_1_4' title="bbox 337 403 3771 483; baseline -0.002 -14"><span class='ocrx_word' id='word_1_7' title='bbox 337 415 385 470; x_wconf 99' lang='lat' dir='ltr'>si</span> <span class='ocrx_word' id='word_1_8' title='bbox 411 418 607 469; x_wconf 90' lang='lat' dir='ltr'>autem</span> <span class='ocrx_word' id='word_1_9' title='bbox 638 411 874 483; x_wconf 84' lang='lat' dir='ltr'>polluet,</span> <span class='ocrx_word' id='word_1_10' title='bbox 899 411 1089 466; x_wconf 90' lang='lat' dir='ltr'>aliena</span> <span class='ocrx_word' id='word_1_11' title='bbox 1117 425 1230 465; x_wconf 93' lang='lat' dir='ltr'>non</span> <span class='ocrx_word' id='word_1_12' title='bbox 1252 407 1384 464; x_wconf 90' lang='lat' dir='ltr'>erit.</span> <span class='ocrx_word' id='word_1_13' title='bbox 1408 407 1685 475; x_wconf 90' lang='lat' dir='ltr'>Sed,cum</span> <span class='ocrx_word' id='word_1_14' title='bbox 1709 404 1993 478; x_wconf 82' lang='lat' dir='ltr'>pudicitia</span> <span class='ocrx_word' id='word_1_15' title='bbox 2020 407 2074 474; x_wconf 79' lang='grc' dir='ltr'><strong>Α</strong></span> <span class='ocrx_word' id='word_1_16' title='bbox 2105 408 2228 459; x_wconf 85' lang='lat' dir='ltr'>tam</span> <span class='ocrx_word' id='word_1_17' title='bbox 2260 405 2592 469; x_wconf 87' lang='lat' dir='ltr'>ducentem,</span> <span class='ocrx_word' id='word_1_18' title='bbox 2625 403 2779 460; x_wconf 89' lang='lat' dir='ltr'>bona</span> <span class='ocrx_word' id='word_1_19' title='bbox 2809 403 3023 476; x_wconf 81' lang='lat' dir='ltr'>ipsius,</span> <span class='ocrx_word' id='word_1_20' title='bbox 3053 409 3110 460; x_wconf 90' lang='lat' dir='ltr'>et</span> <span class='ocrx_word' id='word_1_21' title='bbox 3139 420 3342 461; x_wconf 91' lang='lat' dir='ltr'>eorum</span> <span class='ocrx_word' id='word_1_22' title='bbox 3391 405 3494 477; x_wconf 87' lang='lat' dir='ltr'>qui</span> <span class='ocrx_word' id='word_1_23' title='bbox 3545 406 3771 478; x_wconf 84' lang='lat' dir='ltr'>hujus-</span> 
     </span>
    </p>
   </div>
   <div class='ocr_carea' id='block_1_5' title="bbox 337 496 1987 571">
    <p class='ocr_par' dir='ltr' id='par_1_5' title="bbox 337 496 1987 571">
     <span class='ocr_line' id='line_1_5' title="bbox 337 496 1987 571; baseline -0.006 -12"><span class='ocrx_word' id='word_1_24' title='bbox 337 503 526 559; x_wconf 88' lang='lat' dir='ltr'>virtus</span> <span class='ocrx_word' id='word_1_25' title='bbox 555 504 633 558; x_wconf 88' lang='lat' dir='ltr'>sit</span> <span class='ocrx_word' id='word_1_26' title='bbox 661 500 866 571; x_wconf 88' lang='lat' dir='ltr'>animi,</span> <span class='ocrx_word' id='word_1_27' title='bbox 898 501 1287 569; x_wconf 85' lang='lat' dir='ltr'>comitemque</span> <span class='ocrx_word' id='word_1_28' title='bbox 1322 497 1532 552; x_wconf 89' lang='lat' dir='ltr'>habeat</span> <span class='ocrx_word' id='word_1_29' title='bbox 1585 496 1987 551; x_wconf 81' lang='lat' dir='ltr'>fortitudinem</span> 
     </span>
    </p>
   </div>
   <div class='ocr_carea' id='block_1_6' title="bbox 342 583 1991 665">
    <p class='ocr_par' dir='ltr' id='par_1_6' title="bbox 342 583 1991 665">
     <span class='ocr_line' id='line_1_6' title="bbox 342 583 1991 665; baseline -0.007 -16"><span class='ocrx_word' id='word_1_30' title='bbox 342 609 460 665; x_wconf 89' lang='lat' dir='ltr'>qua</span> <span class='ocrx_word' id='word_1_31' title='bbox 510 592 704 665; x_wconf 84' lang='lat' dir='ltr'>potius</span> <span class='ocrx_word' id='word_1_32' title='bbox 753 589 1024 663; x_wconf 69' lang='lat' dir='ltr'>quaelibet</span> <span class='ocrx_word' id='word_1_33' title='bbox 1069 587 1225 643; x_wconf 88' lang='lat' dir='ltr'>mala</span> <span class='ocrx_word' id='word_1_34' title='bbox 1275 585 1556 655; x_wconf 88' lang='lat' dir='ltr'>tolerare,</span> <span class='ocrx_word' id='word_1_35' title='bbox 1608 601 1785 656; x_wconf 92' lang='lat' dir='ltr'>quam</span> <span class='ocrx_word' id='word_1_36' title='bbox 1838 583 1991 638; x_wconf 81' lang='lat' dir='ltr'>malo</span> 
     </span>
    </p>
   </div>
   <div class='ocr_carea' id='block_1_7' title="bbox 339 673 1993 746">
    <p class='ocr_par' dir='ltr' id='par_1_7' title="bbox 339 673 1993 746">
     <span class='ocr_line' id='line_1_7' title="bbox 339 673 1993 746; baseline -0.007 -9"><span class='ocrx_word' id='word_1_37' title='bbox 339 681 668 738; x_wconf 90' lang='lat' dir='ltr'>consentire</span> <span class='ocrx_word' id='word_1_38' title='bbox 697 680 988 736; x_wconf 89' lang='lat' dir='ltr'>decernat.</span> <span class='ocrx_word' id='word_1_39' title='bbox 1023 675 1232 731; x_wconf 87' lang='lat' dir='ltr'>Nullus</span> <span class='ocrx_word' id='word_1_40' title='bbox 1257 680 1453 730; x_wconf 90' lang='lat' dir='ltr'>autem</span> <span class='ocrx_word' id='word_1_41' title='bbox 1487 673 1903 746; x_wconf 76' lang='lat' dir='ltr'>magnanimus</span> <span class='ocrx_word' id='word_1_42' title='bbox 1937 676 1993 728; x_wconf 91' lang='lat' dir='ltr'>et</span> 
     </span>
    </p>
   </div>
   <div class='ocr_carea' id='block_1_8' title="bbox 339 763 1990 844">
    <p class='ocr_par' dir='ltr' id='par_1_8' title="bbox 339 763 1990 844">
     <span class='ocr_line' id='line_1_8' title="bbox 339 763 1990 844; baseline -0.007 -16"><span class='ocrx_word' id='word_1_43' title='bbox 339 771 589 844; x_wconf 91' lang='lat' dir='ltr'>pudicus</span> <span class='ocrx_word' id='word_1_44' title='bbox 623 771 680 824; x_wconf 93' lang='lat' dir='ltr'>in</span> <span class='ocrx_word' id='word_1_45' title='bbox 712 771 994 840; x_wconf 81' lang='lat' dir='ltr'>potestate</span> <span class='ocrx_word' id='word_1_46' title='bbox 1029 766 1259 830; x_wconf 86' lang='lat' dir='ltr'>habeat,</span> <span class='ocrx_word' id='word_1_47' title='bbox 1282 763 1418 834; x_wconf 89' lang='lat' dir='ltr'>quid</span> <span class='ocrx_word' id='word_1_48' title='bbox 1452 764 1522 820; x_wconf 92' lang='lat' dir='ltr'>de</span> <span class='ocrx_word' id='word_1_49' title='bbox 1543 781 1648 819; x_wconf 89' lang='lat' dir='ltr'>sua</span> <span class='ocrx_word' id='word_1_50' title='bbox 1672 779 1846 819; x_wconf 89' lang='lat' dir='ltr'>carne</span> <span class='ocrx_word' id='word_1_51' title='bbox 1869 763 1990 830; x_wconf 87' lang='lat' dir='ltr'>ﬁat,</span> 
     </span>
    </p>
   </div>
   <div class='ocr_carea' id='block_1_9' title="bbox 339 851 1993 926">
    <p class='ocr_par' dir='ltr' id='par_1_9' title="bbox 339 851 1993 926">
     <span class='ocr_line' id='line_1_9' title="bbox 339 851 1993 926; baseline -0.007 -9"><span class='ocrx_word' id='word_1_52' title='bbox 339 862 441 917; x_wconf 90' lang='lat' dir='ltr'>sed</span> <span class='ocrx_word' id='word_1_53' title='bbox 474 865 703 915; x_wconf 89' lang='lat' dir='ltr'>tantum</span> <span class='ocrx_word' id='word_1_54' title='bbox 737 857 874 926; x_wconf 89' lang='lat' dir='ltr'>quid</span> <span class='ocrx_word' id='word_1_55' title='bbox 906 859 1127 911; x_wconf 90' lang='lat' dir='ltr'>annuat</span> <span class='ocrx_word' id='word_1_56' title='bbox 1174 862 1388 922; x_wconf 88' lang='lat' dir='ltr'>mente,</span> <span class='ocrx_word' id='word_1_57' title='bbox 1432 853 1519 908; x_wconf 88' lang='lat' dir='ltr'>vel</span> <span class='ocrx_word' id='word_1_58' title='bbox 1560 857 1808 908; x_wconf 91' lang='lat' dir='ltr'>renuat:</span> <span class='ocrx_word' id='word_1_59' title='bbox 1858 851 1993 923; x_wconf 87' lang='lat' dir='ltr'>quis</span> 
     </span>
    </p>
   </div>
   <div class='ocr_carea' id='block_1_10' title="bbox 338 939 1991 1014">
    <p class='ocr_par' dir='ltr' id='par_1_10' title="bbox 338 939 1991 1014">
     <span class='ocr_line' id='line_1_10' title="bbox 338 939 1991 1014; baseline -0.007 -10"><span class='ocrx_word' id='word_1_60' title='bbox 338 950 577 1004; x_wconf 85' lang='lat' dir='ltr'>tandem</span> <span class='ocrx_word' id='word_1_61' title='bbox 610 963 753 1002; x_wconf 87' lang='lat' dir='ltr'>sana</span> <span class='ocrx_word' id='word_1_62' title='bbox 776 949 968 999; x_wconf 88' lang='lat' dir='ltr'>mente</span> <span class='ocrx_word' id='word_1_63' title='bbox 994 943 1282 1014; x_wconf 86' lang='lat' dir='ltr'>putaverit</span> <span class='ocrx_word' id='word_1_64' title='bbox 1299 958 1360 997; x_wconf 92' lang='lat' dir='ltr'>se</span> <span class='ocrx_word' id='word_1_65' title='bbox 1384 943 1625 1014; x_wconf 88' lang='lat' dir='ltr'>perdere</span> <span class='ocrx_word' id='word_1_66' title='bbox 1648 939 1991 1013; x_wconf 88' lang='lat' dir='ltr'>pudicitiam</span> 
     </span>
    </p>
   </div>
   <div class='ocr_carea' id='block_1_11' title="bbox 338 1032 1991 1106">
    <p class='ocr_par' dir='ltr' id='par_1_11' title="bbox 338 1032 1991 1106">
     <span class='ocr_line' id='line_1_11' title="bbox 338 1032 1991 1106; baseline -0.005 -14"><span class='ocrx_word' id='word_1_67' title='bbox 338 1038 387 1092; x_wconf 88' lang='lat' dir='ltr'>si</span> <span class='ocrx_word' id='word_1_68' title='bbox 421 1038 569 1092; x_wconf 87' lang='lat' dir='ltr'>forte</span> <span class='ocrx_word' id='word_1_69' title='bbox 599 1036 658 1089; x_wconf 90' lang='lat' dir='ltr'>in</span> <span class='ocrx_word' id='word_1_70' title='bbox 690 1033 1060 1106; x_wconf 87' lang='lat' dir='ltr'>apprehensa</span> <span class='ocrx_word' id='word_1_71' title='bbox 1089 1032 1173 1088; x_wconf 86' lang='lat' dir='ltr'>vel</span> <span class='ocrx_word' id='word_1_72' title='bbox 1205 1048 1488 1103; x_wconf 88' lang='lat' dir='ltr'>oppressa</span> <span class='ocrx_word' id='word_1_73' title='bbox 1518 1046 1689 1086; x_wconf 86' lang='lat' dir='ltr'>carne</span> <span class='ocrx_word' id='word_1_74' title='bbox 1713 1047 1821 1086; x_wconf 89' lang='lat' dir='ltr'>sua</span> <span class='ocrx_word' id='word_1_75' title='bbox 1837 1045 1991 1085; x_wconf 86' lang='lat' dir='ltr'>exer-</span> 
     </span>
    </p>
   </div>
   <div class='ocr_carea' id='block_1_12' title="bbox 336 1117 1988 1194">
    <p class='ocr_par' dir='ltr' id='par_1_12' title="bbox 336 1117 1988 1194">
     <span class='ocr_line' id='line_1_12' title="bbox 336 1117 1988 1194; baseline -0.005 -14"><span class='ocrx_word' id='word_1_76' title='bbox 336 1130 537 1181; x_wconf 89' lang='lat' dir='ltr'>ceatur</span> <span class='ocrx_word' id='word_1_77' title='bbox 566 1129 624 1179; x_wconf 91' lang='lat' dir='ltr'>et</span> <span class='ocrx_word' id='word_1_78' title='bbox 651 1122 958 1194; x_wconf 86' lang='lat' dir='ltr'>expleatur</span> <span class='ocrx_word' id='word_1_79' title='bbox 985 1120 1169 1176; x_wconf 87' lang='lat' dir='ltr'>libido</span> <span class='ocrx_word' id='word_1_80' title='bbox 1204 1137 1319 1175; x_wconf 92' lang='lat' dir='ltr'>non</span> <span class='ocrx_word' id='word_1_81' title='bbox 1372 1120 1517 1175; x_wconf 81' lang='lat' dir='ltr'>sua?</span> <span class='ocrx_word' id='word_1_82' title='bbox 1575 1121 1731 1183; x_wconf 97' lang='lat' dir='ltr'>Item,</span> <span class='ocrx_word' id='word_1_83' title='bbox 1765 1117 1988 1187; x_wconf 78' lang='lat' dir='ltr'>ibidem,</span> 
     </span>
    </p>
   </div>
   <div class='ocr_carea' id='block_1_13' title="bbox 332 1206 1992 1286">
    <p class='ocr_par' dir='ltr' id='par_1_13' title="bbox 332 1206 1992 1286">
     <span class='ocr_line' id='line_1_13' title="bbox 332 1206 1992 1286; baseline -0.005 -17"><span class='ocrx_word' id='word_1_84' title='bbox 332 1223 458 1286; x_wconf 82' lang='lat' dir='ltr'>post</span> <span class='ocrx_word' id='word_1_85' title='bbox 487 1229 684 1284; x_wconf 88' lang='lat' dir='ltr'>pauca.</span> <span class='ocrx_word' id='word_1_86' title='bbox 719 1211 1023 1283; x_wconf 88' lang='lat' dir='ltr'>Proposito</span> <span class='ocrx_word' id='word_1_87' title='bbox 1056 1211 1237 1264; x_wconf 90' lang='lat' dir='ltr'>animi</span> <span class='ocrx_word' id='word_1_88' title='bbox 1270 1212 1671 1281; x_wconf 84' lang='lat' dir='ltr'>permanente,</span> <span class='ocrx_word' id='word_1_89' title='bbox 1704 1223 1807 1280; x_wconf 91' lang='lat' dir='ltr'>per</span> <span class='ocrx_word' id='word_1_90' title='bbox 1837 1206 1992 1278; x_wconf 91' lang='lat' dir='ltr'>quod</span> 
     </span>
    </p>
   </div>
   <div class='ocr_carea' id='block_1_14' title="bbox 335 1296 1991 1372">
    <p class='ocr_par' dir='ltr' id='par_1_14' title="bbox 335 1296 1991 1372">
     <span class='ocr_line' id='line_1_14' title="bbox 335 1296 1991 1372; baseline -0.006 -12"><span class='ocrx_word' id='word_1_91' title='bbox 335 1303 515 1360; x_wconf 90' lang='lat' dir='ltr'>etiam</span> <span class='ocrx_word' id='word_1_92' title='bbox 545 1317 760 1372; x_wconf 91' lang='lat' dir='ltr'>corpus</span> <span class='ocrx_word' id='word_1_93' title='bbox 790 1299 1143 1354; x_wconf 89' lang='lat' dir='ltr'>sanctificari</span> <span class='ocrx_word' id='word_1_94' title='bbox 1177 1299 1410 1366; x_wconf 88' lang='lat' dir='ltr'>meruit,</span> <span class='ocrx_word' id='word_1_95' title='bbox 1445 1298 1558 1369; x_wconf 88' lang='lat' dir='ltr'>ipsi</span> <span class='ocrx_word' id='word_1_96' title='bbox 1592 1296 1818 1368; x_wconf 86' lang='lat' dir='ltr'>corpori</span> <span class='ocrx_word' id='word_1_97' title='bbox 1877 1311 1991 1350; x_wconf 91' lang='lat' dir='ltr'>non</span> 
     </span>
    </p>
   </div>
   <div class='ocr_carea' id='block_1_15' title="bbox 337 1384 1990 1456">
    <p class='ocr_par' dir='ltr' id='par_1_15' title="bbox 337 1384 1990 1456">
     <span class='ocr_line' id='line_1_15' title="bbox 337 1384 1990 1456; baseline -0.007 -7"><span class='ocrx_word' id='word_1_98' title='bbox 337 1393 530 1449; x_wconf 81' lang='lat' dir='ltr'>aufert</span> <span class='ocrx_word' id='word_1_99' title='bbox 559 1389 928 1446; x_wconf 86' lang='lat' dir='ltr'>sanctitatem</span> <span class='ocrx_word' id='word_1_100' title='bbox 958 1386 1232 1442; x_wconf 87' lang='lat' dir='ltr'>violentia</span> <span class='ocrx_word' id='word_1_101' title='bbox 1257 1385 1498 1442; x_wconf 90' lang='lat' dir='ltr'>libdinis</span> <span class='ocrx_word' id='word_1_102' title='bbox 1546 1384 1768 1456; x_wconf 69' lang='lat' dir='ltr'>alienae,</span> <span class='ocrx_word' id='word_1_103' title='bbox 1815 1399 1990 1455; x_wconf 91' lang='lat' dir='ltr'>quam</span> 
     </span>
    </p>
   </div>
   <div class='ocr_carea' id='block_1_16' title="bbox 339 1471 1993 1553">
    <p class='ocr_par' dir='ltr' id='par_1_16' title="bbox 339 1471 1993 1553">
     <span class='ocr_line' id='line_1_16' title="bbox 339 1471 1993 1553; baseline -0.008 -15"><span class='ocrx_word' id='word_1_104' title='bbox 339 1487 529 1538; x_wconf 87' lang='lat' dir='ltr'>servat</span> <span class='ocrx_word' id='word_1_105' title='bbox 559 1477 990 1553; x_wconf 84' lang='lat' dir='ltr'>perseverantia</span> <span class='ocrx_word' id='word_1_106' title='bbox 1017 1494 1136 1532; x_wconf 64' lang='lat' dir='ltr'>sua:</span> <span class='ocrx_word' id='word_1_107' title='bbox 1185 1475 1576 1531; x_wconf 71' lang='lat' dir='ltr'>continentiae.</span> <span class='ocrx_word' id='word_1_108' title='bbox 1629 1481 1713 1527; x_wconf 83' lang='lat' dir='ltr'>An</span> <span class='ocrx_word' id='word_1_109' title='bbox 1755 1489 1890 1528; x_wconf 90' lang='lat' dir='ltr'>vero</span> <span class='ocrx_word' id='word_1_110' title='bbox 1942 1471 1993 1527; x_wconf 94' lang='lat' dir='ltr'>si</span> 
     </span>
    </p>
   </div>
   <div class='ocr_carea' id='block_1_17' title="bbox 339 1562 1990 1642">
    <p class='ocr_par' dir='ltr' id='par_1_17' title="bbox 339 1562 1990 1642">
     <span class='ocr_line' id='line_1_17' title="bbox 339 1562 1990 1642; baseline -0.006 -17"><span class='ocrx_word' id='word_1_111' title='bbox 339 1569 540 1642; x_wconf 88' lang='lat' dir='ltr'>aliqua</span> <span class='ocrx_word' id='word_1_112' title='bbox 569 1568 786 1624; x_wconf 81' lang='lat' dir='ltr'>femina</span> <span class='ocrx_word' id='word_1_113' title='bbox 817 1569 1011 1622; x_wconf 87' lang='lat' dir='ltr'>mente</span> <span class='ocrx_word' id='word_1_114' title='bbox 1051 1569 1350 1635; x_wconf 86' lang='lat' dir='ltr'>corrupta,</span> <span class='ocrx_word' id='word_1_115' title='bbox 1396 1562 1726 1634; x_wconf 88' lang='lat' dir='ltr'>violatoque</span> <span class='ocrx_word' id='word_1_116' title='bbox 1777 1577 1990 1633; x_wconf 85' lang='lat' dir='ltr'>propo~</span> 
     </span>
    </p>
   </div>
   <div class='ocr_carea' id='block_1_18' title="bbox 339 1652 1990 1730">
    <p class='ocr_par' dir='ltr' id='par_1_18' title="bbox 339 1652 1990 1730">
     <span class='ocr_line' id='line_1_18' title="bbox 339 1652 1990 1730; baseline -0.007 -15"><span class='ocrx_word' id='word_1_117' title='bbox 339 1658 451 1715; x_wconf 88' lang='lat' dir='ltr'>sito</span> <span class='ocrx_word' id='word_1_118' title='bbox 483 1659 639 1730; x_wconf 91' lang='lat' dir='ltr'>quod</span> <span class='ocrx_word' id='word_1_119' title='bbox 670 1657 787 1712; x_wconf 91' lang='lat' dir='ltr'>Deo</span> <span class='ocrx_word' id='word_1_120' title='bbox 832 1659 1088 1722; x_wconf 87' lang='lat' dir='ltr'>voverat,</span> <span class='ocrx_word' id='word_1_121' title='bbox 1135 1657 1336 1726; x_wconf 83' lang='lat' dir='ltr'>pergat</span> <span class='ocrx_word' id='word_1_122' title='bbox 1386 1652 1642 1708; x_wconf 89' lang='lat' dir='ltr'>vitianda</span> <span class='ocrx_word' id='word_1_123' title='bbox 1688 1652 1757 1706; x_wconf 90' lang='lat' dir='ltr'>ad</span> <span class='ocrx_word' id='word_1_124' title='bbox 1813 1666 1990 1705; x_wconf 89' lang='lat' dir='ltr'>suum</span> 
     </span>
    </p>
   </div>
   <div class='ocr_carea' id='block_1_19' title="bbox 337 1737 1990 1820">
    <p class='ocr_par' dir='ltr' id='par_1_19' title="bbox 337 1737 1990 1820">
     <span class='ocr_line' id='line_1_19' title="bbox 337 1737 1990 1820; baseline -0.006 -18"><span class='ocrx_word' id='word_1_125' title='bbox 337 1748 729 1820; x_wconf 89' lang='lat' dir='ltr'>deceptorem,</span> <span class='ocrx_word' id='word_1_126' title='bbox 782 1743 976 1799; x_wconf 90' lang='lat' dir='ltr'>adhuc</span> <span class='ocrx_word' id='word_1_127' title='bbox 1023 1758 1150 1797; x_wconf 89' lang='lat' dir='ltr'>eam</span> <span class='ocrx_word' id='word_1_128' title='bbox 1215 1745 1539 1814; x_wconf 90' lang='lat' dir='ltr'>perrentem</span> <span class='ocrx_word' id='word_1_129' title='bbox 1590 1744 1854 1796; x_wconf 90' lang='lat' dir='ltr'>sanctam</span> <span class='ocrx_word' id='word_1_130' title='bbox 1902 1737 1990 1792; x_wconf 91' lang='lat' dir='ltr'>vel</span> 
     </span>
    </p>
   </div>
   <div class='ocr_carea' id='block_1_20' title="bbox 336 1825 1990 1906">
    <p class='ocr_par' dir='ltr' id='par_1_20' title="bbox 336 1825 1990 1906">
     <span class='ocr_line' id='line_1_20' title="bbox 336 1825 1990 1906; baseline -0.007 -14"><span class='ocrx_word' id='word_1_131' title='bbox 336 1825 576 1906; x_wconf 70' lang='lat' dir='ltr'>corpore</span> <span class='ocrx_word' id='word_1_132' title='bbox 626 1833 903 1899; x_wconf 88' lang='lat' dir='ltr'>dicimus,</span> <span class='ocrx_word' id='word_1_133' title='bbox 955 1848 1023 1886; x_wconf 89' lang='lat' dir='ltr'>ea</span> <span class='ocrx_word' id='word_1_134' title='bbox 1070 1829 1384 1886; x_wconf 87' lang='lat' dir='ltr'>sanctitate</span> <span class='ocrx_word' id='word_1_135' title='bbox 1440 1828 1619 1884; x_wconf 91' lang='lat' dir='ltr'>animi</span> <span class='ocrx_word' id='word_1_136' title='bbox 1671 1845 1771 1900; x_wconf 91' lang='lat' dir='ltr'>per</span> <span class='ocrx_word' id='word_1_137' title='bbox 1814 1842 1990 1898; x_wconf 89' lang='lat' dir='ltr'>quam</span> 
     </span>
    </p>
   </div>
   <div class='ocr_carea' id='block_1_21' title="bbox 337 1915 1991 1996">
    <p class='ocr_par' dir='ltr' id='par_1_21' title="bbox 337 1915 1991 1996">
     <span class='ocr_line' id='line_1_21' title="bbox 337 1915 1991 1996; baseline -0.007 -16"><span class='ocrx_word' id='word_1_138' title='bbox 337 1941 550 1996; x_wconf 90' lang='lat' dir='ltr'>corpus</span> <span class='ocrx_word' id='word_1_139' title='bbox 603 1921 1081 1978; x_wconf 86' lang='lat' dir='ltr'>sanctificabatur</span> <span class='ocrx_word' id='word_1_140' title='bbox 1138 1919 1360 1974; x_wconf 89' lang='lat' dir='ltr'>amissa</span> <span class='ocrx_word' id='word_1_141' title='bbox 1417 1923 1594 1990; x_wconf 89' lang='lat' dir='ltr'>atque</span> <span class='ocrx_word' id='word_1_142' title='bbox 1648 1915 1991 1972; x_wconf 79' lang='lat' dir='ltr'>destructa?</span> 
     </span>
    </p>
   </div>
   <div class='ocr_carea' id='block_1_22' title="bbox 333 2003 1992 2080">
    <p class='ocr_par' dir='ltr' id='par_1_22' title="bbox 333 2003 1992 2080">
     <span class='ocr_line' id='line_1_22' title="bbox 333 2003 1992 2080; baseline -0.005 -12"><span class='ocrx_word' id='word_1_143' title='bbox 333 2013 504 2069; x_wconf 85' lang='lat' dir='ltr'>Absit</span> <span class='ocrx_word' id='word_1_144' title='bbox 534 2012 628 2066; x_wconf 91' lang='lat' dir='ltr'>hic</span> <span class='ocrx_word' id='word_1_145' title='bbox 660 2026 858 2076; x_wconf 89' lang='lat' dir='ltr'>error;</span> <span class='ocrx_word' id='word_1_146' title='bbox 891 2013 948 2064; x_wconf 92' lang='lat' dir='ltr'>et</span> <span class='ocrx_word' id='word_1_147' title='bbox 992 2008 1132 2063; x_wconf 92' lang='lat' dir='ltr'>hinc</span> <span class='ocrx_word' id='word_1_148' title='bbox 1182 2009 1376 2080; x_wconf 87' lang='lat' dir='ltr'>potius</span> <span class='ocrx_word' id='word_1_149' title='bbox 1419 2007 1865 2072; x_wconf 86' lang='lat' dir='ltr'>admoneamur,</span> <span class='ocrx_word' id='word_1_150' title='bbox 1909 2003 1992 2060; x_wconf 90' lang='lat' dir='ltr'>ita</span> 
     </span>
    </p>
   </div>
   <div class='ocr_carea' id='block_1_23' title="bbox 339 2095 1988 2170">
    <p class='ocr_par' dir='ltr' id='par_1_23' title="bbox 339 2095 1988 2170">
     <span class='ocr_line' id='line_1_23' title="bbox 339 2095 1988 2170; baseline -0.004 -14"><span class='ocrx_word' id='word_1_151' title='bbox 339 2101 528 2158; x_wconf 90' lang='lat' dir='ltr'>amitti</span> <span class='ocrx_word' id='word_1_152' title='bbox 562 2099 823 2170; x_wconf 88' lang='lat' dir='ltr'>corporis</span> <span class='ocrx_word' id='word_1_153' title='bbox 857 2097 1252 2166; x_wconf 88' lang='lat' dir='ltr'>sanctitatem,</span> <span class='ocrx_word' id='word_1_154' title='bbox 1287 2096 1459 2151; x_wconf 85' lang='lat' dir='ltr'>etiam</span> <span class='ocrx_word' id='word_1_155' title='bbox 1489 2095 1707 2150; x_wconf 90' lang='lat' dir='ltr'>intacto</span> <span class='ocrx_word' id='word_1_156' title='bbox 1727 2108 1988 2164; x_wconf 90' lang='lat' dir='ltr'>corpore.</span> 
     </span>
    </p>
   </div>
   <div class='ocr_carea' id='block_1_24' title="bbox 334 2181 1989 2256">
    <p class='ocr_par' dir='ltr' id='par_1_24' title="bbox 334 2181 1989 2256">
     <span class='ocr_line' id='line_1_24' title="bbox 334 2181 1989 2256; baseline -0.006 -11"><span class='ocrx_word' id='word_1_157' title='bbox 334 2191 488 2256; x_wconf 90' lang='lat' dir='ltr'>Item,</span> <span class='ocrx_word' id='word_1_158' title='bbox 519 2187 722 2242; x_wconf 84' lang='lat' dir='ltr'>ibidem</span> <span class='ocrx_word' id='word_1_159' title='bbox 756 2189 893 2256; x_wconf 87' lang='lat' dir='ltr'>(cap.</span> <span class='ocrx_word' id='word_1_160' title='bbox 930 2186 1044 2254; x_wconf 86' lang='lat'>19.)</span> <span class='ocrx_word' id='word_1_161' title='bbox 1074 2184 1408 2240; x_wconf 87' lang='lat' dir='ltr'>Lucretiam</span> <span class='ocrx_word' id='word_1_162' title='bbox 1442 2187 1774 2238; x_wconf 87' lang='lat' dir='ltr'>matronam</span> <span class='ocrx_word' id='word_1_163' title='bbox 1824 2181 1989 2237; x_wconf 90' lang='lat' dir='ltr'>nobi-</span> 
     </span>
    </p>
   </div>
   <div class='ocr_carea' id='block_1_25' title="bbox 333 2271 1992 2346">
    <p class='ocr_par' dir='ltr' id='par_1_25' title="bbox 333 2271 1992 2346">
     <span class='ocr_line' id='line_1_25' title="bbox 333 2271 1992 2346; baseline -0.005 -14"><span class='ocrx_word' id='word_1_164' title='bbox 333 2277 450 2334; x_wconf 88' lang='lat' dir='ltr'>lem</span> <span class='ocrx_word' id='word_1_165' title='bbox 463 2282 834 2346; x_wconf 88' lang='lat' dir='ltr'>veteremque</span> <span class='ocrx_word' id='word_1_166' title='bbox 856 2275 1182 2329; x_wconf 82' lang='lat' dir='ltr'>Romanam</span> <span class='ocrx_word' id='word_1_167' title='bbox 1197 2273 1486 2344; x_wconf 83' lang='lat' dir='ltr'>pudicitiae</span> <span class='ocrx_word' id='word_1_168' title='bbox 1502 2271 1729 2341; x_wconf 81' lang='lat' dir='ltr'>magnis</span> <span class='ocrx_word' id='word_1_169' title='bbox 1744 2271 1918 2326; x_wconf 77' lang='lat' dir='ltr'>effero</span> <span class='ocrx_word' id='word_1_170' title='bbox 1930 2273 1992 2324; x_wconf 92' lang='lat' dir='ltr'>nt</span> 
     </span>
    </p>
   </div>
   <div class='ocr_carea' id='block_1_26' title="bbox 333 2359 1990 2435">
    <p class='ocr_par' dir='ltr' id='par_1_26' title="bbox 333 2359 1990 2435">
     <span class='ocr_line' id='line_1_26' title="bbox 333 2359 1990 2435; baseline -0.004 -15"><span class='ocrx_word' id='word_1_171' title='bbox 333 2366 629 2422; x_wconf 87' lang='lat' dir='ltr'>laudibus.</span> <span class='ocrx_word' id='word_1_172' title='bbox 664 2365 852 2434; x_wconf 85' lang='lat' dir='ltr'>Hujus</span> <span class='ocrx_word' id='word_1_173' title='bbox 884 2379 1126 2435; x_wconf 92' lang='lat' dir='ltr'>corpore</span> <span class='ocrx_word' id='word_1_174' title='bbox 1167 2378 1302 2418; x_wconf 90' lang='lat' dir='ltr'>cum</span> <span class='ocrx_word' id='word_1_175' title='bbox 1350 2361 1641 2417; x_wconf 89' lang='lat' dir='ltr'>violentus</span> <span class='ocrx_word' id='word_1_176' title='bbox 1687 2359 1990 2430; x_wconf 79' lang='lat' dir='ltr'>[violenter</span> 
     </span>
    </p>
   </div>
   <div class='ocr_carea' id='block_1_27' title="bbox 335 2448 1992 2527">
    <p class='ocr_par' dir='ltr' id='par_1_27' title="bbox 335 2448 1992 2527">
     <span class='ocr_line' id='line_1_27' title="bbox 335 2448 1992 2527; baseline -0.005 -16"><span class='ocrx_word' id='word_1_177' title='bbox 335 2470 632 2527; x_wconf 90' lang='lat' dir='ltr'>oppresso,</span> <span class='ocrx_word' id='word_1_178' title='bbox 655 2453 847 2524; x_wconf 85' lang='lat' dir='ltr'>orig.],</span> <span class='ocrx_word' id='word_1_179' title='bbox 880 2451 1182 2524; x_wconf 89' lang='lat' dir='ltr'>Tarquinii</span> <span class='ocrx_word' id='word_1_180' title='bbox 1203 2456 1356 2523; x_wconf 90' lang='lat' dir='ltr'>regis</span> <span class='ocrx_word' id='word_1_181' title='bbox 1379 2449 1538 2504; x_wconf 87' lang='lat' dir='ltr'>filius</span> <span class='ocrx_word' id='word_1_182' title='bbox 1561 2448 1875 2504; x_wconf 88' lang='lat' dir='ltr'>libidinose</span> <span class='ocrx_word' id='word_1_183' title='bbox 1894 2464 1992 2520; x_wconf 91' lang='lat' dir='ltr'>po-</span> 
     </span>
    </p>
   </div>
   <div class='ocr_carea' id='block_1_28' title="bbox 333 2537 1989 2614">
    <p class='ocr_par' dir='ltr' id='par_1_28' title="bbox 333 2537 1989 2614">
     <span class='ocr_line' id='line_1_28' title="bbox 333 2537 1989 2614; baseline -0.005 -14"><span class='ocrx_word' id='word_1_184' title='bbox 333 2545 478 2600; x_wconf 85' lang='lat' dir='ltr'>titus</span> <span class='ocrx_word' id='word_1_185' title='bbox 510 2547 686 2614; x_wconf 89' lang='lat' dir='ltr'>esset,</span> <span class='ocrx_word' id='word_1_186' title='bbox 722 2541 821 2597; x_wconf 90' lang='lat' dir='ltr'>illa</span> <span class='ocrx_word' id='word_1_187' title='bbox 853 2541 1045 2598; x_wconf 89' lang='lat' dir='ltr'>scelus</span> <span class='ocrx_word' id='word_1_188' title='bbox 1077 2538 1496 2612; x_wconf 83' lang='lat' dir='ltr'>improbissimi</span> <span class='ocrx_word' id='word_1_189' title='bbox 1523 2537 1758 2609; x_wconf 88' lang='lat' dir='ltr'>juvenis</span> <span class='ocrx_word' id='word_1_190' title='bbox 1778 2537 1989 2592; x_wconf 87' lang='lat' dir='ltr'>marito</span> 
     </span>
    </p>
   </div>
   <div class='ocr_carea' id='block_1_29' title="bbox 331 2627 1992 2704">
    <p class='ocr_par' dir='ltr' id='par_1_29' title="bbox 331 2627 1992 2704">
     <span class='ocr_line' id='line_1_29' title="bbox 331 2627 1992 2704; baseline -0.007 -13"><span class='ocrx_word' id='word_1_191' title='bbox 331 2632 622 2691; x_wconf 89' lang='lat' dir='ltr'>Collatina</span> <span class='ocrx_word' id='word_1_192' title='bbox 652 2635 709 2688; x_wconf 90' lang='lat' dir='ltr'>et</span> <span class='ocrx_word' id='word_1_193' title='bbox 727 2633 1056 2704; x_wconf 90' lang='lat' dir='ltr'>propinquo</span> <span class='ocrx_word' id='word_1_194' title='bbox 1081 2629 1412 2693; x_wconf 90' lang='lat' dir='ltr'>Brutoviris</span> <span class='ocrx_word' id='word_1_195' title='bbox 1433 2627 1781 2684; x_wconf 85' lang='lat' dir='ltr'>clarissimis</span> <span class='ocrx_word' id='word_1_196' title='bbox 1803 2631 1857 2682; x_wconf 89' lang='lat' dir='ltr'>et</span> <span class='ocrx_word' id='word_1_197' title='bbox 1883 2627 1992 2682; x_wconf 87' lang='lat' dir='ltr'>for-</span> 
     </span>
    </p>
   </div>
   <div class='ocr_carea' id='block_1_30' title="bbox 331 2715 1987 2790">
    <p class='ocr_par' dir='ltr' id='par_1_30' title="bbox 331 2715 1987 2790">
     <span class='ocr_line' id='line_1_30' title="bbox 331 2715 1987 2790; baseline -0.006 -12"><span class='ocrx_word' id='word_1_198' title='bbox 331 2723 581 2779; x_wconf 86' lang='lat' dir='ltr'>tissimis</span> <span class='ocrx_word' id='word_1_199' title='bbox 611 2721 912 2786; x_wconf 88' lang='lat' dir='ltr'>indicavit,</span> <span class='ocrx_word' id='word_1_200' title='bbox 943 2734 1159 2790; x_wconf 91' lang='lat' dir='ltr'>eosque</span> <span class='ocrx_word' id='word_1_201' title='bbox 1179 2718 1247 2773; x_wconf 86' lang='lat' dir='ltr'>ad</span> <span class='ocrx_word' id='word_1_202' title='bbox 1273 2716 1589 2772; x_wconf 81' lang='lat' dir='ltr'>vindictam</span> <span class='ocrx_word' id='word_1_203' title='bbox 1615 2715 1987 2770; x_wconf 81' lang='lat' dir='ltr'>constrinxit.</span> 
     </span>
    </p>
   </div>
   <div class='ocr_carea' id='block_1_31' title="bbox 333 2805 1989 2878">
    <p class='ocr_par' dir='ltr' id='par_1_31' title="bbox 333 2805 1989 2878">
     <span class='ocr_line' id='line_1_31' title="bbox 333 2805 1989 2878; baseline -0.005 -10"><span class='ocrx_word' id='word_1_204' title='bbox 333 2813 552 2868; x_wconf 88' lang='lat' dir='ltr'>Deinde</span> <span class='ocrx_word' id='word_1_205' title='bbox 583 2811 717 2865; x_wconf 81' lang='lat' dir='ltr'>foedi</span> <span class='ocrx_word' id='word_1_206' title='bbox 751 2811 809 2863; x_wconf 91' lang='lat' dir='ltr'>in</span> <span class='ocrx_word' id='word_1_207' title='bbox 843 2824 902 2862; x_wconf 88' lang='lat' dir='ltr'>se</span> <span class='ocrx_word' id='word_1_208' title='bbox 933 2807 1235 2864; x_wconf 88' lang='lat' dir='ltr'>commissi</span> <span class='ocrx_word' id='word_1_209' title='bbox 1265 2822 1420 2878; x_wconf 86' lang='lat' dir='ltr'>aegra</span> <span class='ocrx_word' id='word_1_210' title='bbox 1451 2811 1626 2876; x_wconf 90' lang='lat' dir='ltr'>atque</span> <span class='ocrx_word' id='word_1_211' title='bbox 1650 2805 1989 2876; x_wconf 88' lang='lat' dir='ltr'>impatiens,</span> 
     </span>
    </p>
   </div>
   <div class='ocr_carea' id='block_1_32' title="bbox 335 2895 1992 2972">
    <p class='ocr_par' dir='ltr' id='par_1_32' title="bbox 335 2895 1992 2972">
     <span class='ocr_line' id='line_1_32' title="bbox 335 2895 1992 2972; baseline -0.007 -14"><span class='ocrx_word' id='word_1_212' title='bbox 335 2918 398 2958; x_wconf 91' lang='lat' dir='ltr'>se</span> <span class='ocrx_word' id='word_1_213' title='bbox 431 2900 698 2972; x_wconf 88' lang='lat' dir='ltr'>peremit.</span> <span class='ocrx_word' id='word_1_214' title='bbox 732 2899 878 2964; x_wconf 90' lang='lat' dir='ltr'>Quid</span> <span class='ocrx_word' id='word_1_215' title='bbox 913 2896 1228 2952; x_wconf 81' lang='lat' dir='ltr'>dicemus?</span> <span class='ocrx_word' id='word_1_216' title='bbox 1253 2895 1529 2950; x_wconf 80' lang='lat' dir='ltr'>Adultera</span> <span class='ocrx_word' id='word_1_217' title='bbox 1560 2895 1701 2959; x_wconf 84' lang='lat' dir='ltr'>haec,</span> <span class='ocrx_word' id='word_1_218' title='bbox 1732 2910 1802 2948; x_wconf 90' lang='lat' dir='ltr'>an</span> <span class='ocrx_word' id='word_1_219' title='bbox 1825 2897 1992 2948; x_wconf 89' lang='lat' dir='ltr'>casta</span> 
     </span>
    </p>
   </div>
   <div class='ocr_carea' id='block_1_33' title="bbox 331 2981 1990 3050">
    <p class='ocr_par' dir='ltr' id='par_1_33' title="bbox 331 2981 1990 3050">
     <span class='ocr_line' id='line_1_33' title="bbox 331 2981 1990 3050; baseline -0.005 -6"><span class='ocrx_word' id='word_1_220' title='bbox 331 2989 579 3044; x_wconf 91' lang='lat' dir='ltr'>dicenda</span> <span class='ocrx_word' id='word_1_221' title='bbox 609 2987 743 3042; x_wconf 81' lang='lat' dir='ltr'>est?</span> <span class='ocrx_word' id='word_1_222' title='bbox 775 2985 915 3050; x_wconf 86' lang='lat' dir='ltr'>Quis</span> <span class='ocrx_word' id='word_1_223' title='bbox 969 2985 1027 3040; x_wconf 92' lang='lat' dir='ltr'>in</span> <span class='ocrx_word' id='word_1_224' title='bbox 1060 2985 1169 3038; x_wconf 89' lang='lat' dir='ltr'>hac</span> <span class='ocrx_word' id='word_1_225' title='bbox 1208 2982 1606 3039; x_wconf 87' lang='lat' dir='ltr'>controversia</span> <span class='ocrx_word' id='word_1_226' title='bbox 1639 2981 1931 3036; x_wconf 90' lang='lat' dir='ltr'>laborabit</span> <span class='ocrx_word' id='word_1_227' title='bbox 1963 2981 1990 3036; x_wconf 85' lang='lat'><strong>?</strong></span> 
     </span>
    </p>
   </div>
   <div class='ocr_carea' id='block_1_34' title="bbox 333 3069 1987 3151">
    <p class='ocr_par' dir='ltr' id='par_1_34' title="bbox 333 3069 1987 3151">
     <span class='ocr_line' id='line_1_34' title="bbox 333 3069 1987 3151; baseline -0.007 -17"><span class='ocrx_word' id='word_1_228' title='bbox 333 3077 571 3151; x_wconf 84' lang='lat' dir='ltr'>Egregie</span> <span class='ocrx_word' id='word_1_229' title='bbox 605 3075 846 3148; x_wconf 89' lang='lat' dir='ltr'>quidam</span> <span class='ocrx_word' id='word_1_230' title='bbox 879 3091 945 3130; x_wconf 86' lang='lat' dir='ltr'>ex</span> <span class='ocrx_word' id='word_1_231' title='bbox 975 3073 1106 3142; x_wconf 92' lang='lat' dir='ltr'>hoc,</span> <span class='ocrx_word' id='word_1_232' title='bbox 1138 3077 1194 3127; x_wconf 90' lang='lat' dir='ltr'>et</span> <span class='ocrx_word' id='word_1_233' title='bbox 1215 3071 1481 3126; x_wconf 88' lang='lat' dir='ltr'>vericiter</span> <span class='ocrx_word' id='word_1_234' title='bbox 1509 3070 1846 3126; x_wconf 87' lang='lat' dir='ltr'>declamans</span> <span class='ocrx_word' id='word_1_235' title='bbox 1869 3069 1948 3124; x_wconf 90' lang='lat' dir='ltr'>ait</span> <span class='ocrx_word' id='word_1_236' title='bbox 1975 3085 1987 3123; x_wconf 91' lang='lat'>:</span> 
     </span>
    </p>
   </div>
   <div class='ocr_carea' id='block_1_35' title="bbox 2103 493 3770 563">
    <p class='ocr_par' dir='ltr' id='par_1_35' title="bbox 2103 493 3770 563">
     <span class='ocr_line' id='line_1_35' title="bbox 2103 493 3770 563; baseline 0.001 -15"><span class='ocrx_word' id='word_1_237' title='bbox 2103 493 2260 549; x_wconf 91' lang='lat' dir='ltr'>modi</span> <span class='ocrx_word' id='word_1_238' title='bbox 2292 493 2528 549; x_wconf 89' lang='lat' dir='ltr'>sceleris</span> <span class='ocrx_word' id='word_1_239' title='bbox 2559 494 2976 550; x_wconf 88' lang='lat' dir='ltr'>communione</span> <span class='ocrx_word' id='word_1_240' title='bbox 3007 495 3385 550; x_wconf 86' lang='lat' dir='ltr'>contaminati</span> <span class='ocrx_word' id='word_1_241' title='bbox 3419 501 3576 563; x_wconf 90' lang='lat' dir='ltr'>sunt,</span> <span class='ocrx_word' id='word_1_242' title='bbox 3624 495 3770 552; x_wconf 83' lang='lat' dir='ltr'>reli-</span> 
     </span>
    </p>
   </div>
   <div class='ocr_carea' id='block_1_36' title="bbox 2099 581 3762 655">
    <p class='ocr_par' dir='ltr' id='par_1_36' title="bbox 2099 581 3762 655">
     <span class='ocr_line' id='line_1_36' title="bbox 2099 581 3762 655; baseline 0.002 -19"><span class='ocrx_word' id='word_1_243' title='bbox 2099 581 2404 654; x_wconf 90' lang='lat' dir='ltr'>giosoloco</span> <span class='ocrx_word' id='word_1_244' title='bbox 2421 583 2820 652; x_wconf 91' lang='lat' dir='ltr'>vendicentur,</span> <span class='ocrx_word' id='word_1_245' title='bbox 2840 582 2894 637; x_wconf 93' lang='lat' dir='ltr'>in</span> <span class='ocrx_word' id='word_1_246' title='bbox 2916 584 3180 655; x_wconf 90' lang='lat' dir='ltr'>quotalis</span> <span class='ocrx_word' id='word_1_247' title='bbox 3194 583 3404 640; x_wconf 91' lang='lat' dir='ltr'>mulier</span> <span class='ocrx_word' id='word_1_248' title='bbox 3425 584 3762 652; x_wconf 86' lang='lat' dir='ltr'>habitabat,</span> 
     </span>
    </p>
   </div>
   <div class='ocr_carea' id='block_1_37' title="bbox 2102 670 3767 744">
    <p class='ocr_par' dir='ltr' id='par_1_37' title="bbox 2102 670 3767 744">
     <span class='ocr_line' id='line_1_37' title="bbox 2102 670 3767 744; baseline 0.002 -18"><span class='ocrx_word' id='word_1_249' title='bbox 2102 687 2206 744; x_wconf 92' lang='lat' dir='ltr'>per</span> <span class='ocrx_word' id='word_1_250' title='bbox 2217 670 2523 742; x_wconf 88' lang='lat' dir='ltr'>religiosos</span> <span class='ocrx_word' id='word_1_251' title='bbox 2536 671 3237 743; x_wconf 72' lang='lat' dir='ltr'>episcopos,uaconomos,</span> <span class='ocrx_word' id='word_1_252' title='bbox 3252 675 3308 728; x_wconf 90' lang='lat' dir='ltr'>et</span> <span class='ocrx_word' id='word_1_253' title='bbox 3321 688 3422 743; x_wconf 92' lang='lat' dir='ltr'>per</span> <span class='ocrx_word' id='word_1_254' title='bbox 3434 673 3767 744; x_wconf 88' lang='lat' dir='ltr'>provincia-</span> 
     </span>
    </p>
   </div>
   <div class='ocr_carea' id='block_1_38' title="bbox 2100 760 3766 835">
    <p class='ocr_par' dir='ltr' id='par_1_38' title="bbox 2100 760 3766 835">
     <span class='ocr_line' id='line_1_38' title="bbox 2100 760 3766 835; baseline 0 -19"><span class='ocrx_word' id='word_1_255' title='bbox 2100 777 2231 816; x_wconf 89' lang='lat' dir='ltr'>rum</span> <span class='ocrx_word' id='word_1_256' title='bbox 2247 760 2545 832; x_wconf 56' lang='lat' dir='ltr'>praesides,</span> <span class='ocrx_word' id='word_1_257' title='bbox 2562 766 2618 816; x_wconf 90' lang='lat' dir='ltr'>et</span> <span class='ocrx_word' id='word_1_258' title='bbox 2630 778 2832 818; x_wconf 90' lang='lat' dir='ltr'>eorum</span> <span class='ocrx_word' id='word_1_259' title='bbox 2849 761 3131 817; x_wconf 82' lang='lat' dir='ltr'>ofﬁciales</span> <span class='ocrx_word' id='word_1_260' title='bbox 3147 781 3160 828; x_wconf 90' lang='lat'><strong>;</strong></span> <span class='ocrx_word' id='word_1_261' title='bbox 3176 761 3287 834; x_wconf 90' lang='lat' dir='ltr'>ipsi</span> <span class='ocrx_word' id='word_1_262' title='bbox 3305 765 3499 817; x_wconf 88' lang='lat' dir='ltr'>autem</span> <span class='ocrx_word' id='word_1_263' title='bbox 3515 761 3766 835; x_wconf 89' lang='lat' dir='ltr'>capitali</span> 
     </span>
    </p>
   </div>
   <div class='ocr_carea' id='block_1_39' title="bbox 2102 849 3766 921">
    <p class='ocr_par' dir='ltr' id='par_1_39' title="bbox 2102 849 3766 921">
     <span class='ocr_line' id='line_1_39' title="bbox 2102 849 3766 921; baseline 0.002 -18"><span class='ocrx_word' id='word_1_264' title='bbox 2102 849 2362 921; x_wconf 90' lang='lat' dir='ltr'>periculo</span> <span class='ocrx_word' id='word_1_265' title='bbox 2380 850 2795 920; x_wconf 88' lang='lat' dir='ltr'>subjiciantur.</span> <span class='ocrx_word' id='word_1_266' title='bbox 2819 849 3026 907; x_wconf 89' lang='lat' dir='ltr'>Mulier</span> <span class='ocrx_word' id='word_1_267' title='bbox 3045 855 3241 906; x_wconf 90' lang='lat' dir='ltr'>autem</span> <span class='ocrx_word' id='word_1_268' title='bbox 3272 851 3492 921; x_wconf 90' lang='lat' dir='ltr'>ubique</span> <span class='ocrx_word' id='word_1_269' title='bbox 3514 851 3766 906; x_wconf 86' lang='lat' dir='ltr'>investi-</span> 
     </span>
    </p>
   </div>
   <div class='ocr_carea' id='block_1_40' title="bbox 2101 939 3763 1010">
    <p class='ocr_par' dir='ltr' id='par_1_40' title="bbox 2101 939 3763 1010">
     <span class='ocr_line' id='line_1_40' title="bbox 2101 939 3763 1010; baseline 0.001 -16"><span class='ocrx_word' id='word_1_270' title='bbox 2101 942 2270 1010; x_wconf 87' lang='lat' dir='ltr'>getur</span> <span class='ocrx_word' id='word_1_271' title='bbox 2289 944 2346 994; x_wconf 91' lang='lat' dir='ltr'>et</span> <span class='ocrx_word' id='word_1_272' title='bbox 2359 955 2488 995; x_wconf 88' lang='lat' dir='ltr'>cum</span> <span class='ocrx_word' id='word_1_273' title='bbox 2508 939 2632 996; x_wconf 90' lang='lat' dir='ltr'>suis</span> <span class='ocrx_word' id='word_1_274' title='bbox 2647 941 2823 996; x_wconf 90' lang='lat' dir='ltr'>rebus</span> <span class='ocrx_word' id='word_1_275' title='bbox 2837 940 3177 996; x_wconf 87' lang='lat' dir='ltr'>monasterii</span> <span class='ocrx_word' id='word_1_276' title='bbox 3191 940 3450 996; x_wconf 91' lang='lat' dir='ltr'>cautioni</span> <span class='ocrx_word' id='word_1_277' title='bbox 3464 941 3763 997; x_wconf 88' lang='lat' dir='ltr'>tradatur.</span> 
     </span>
    </p>
   </div>
   <div class='ocr_carea' id='block_1_41' title="bbox 2100 1028 3772 1101">
    <p class='ocr_par' dir='ltr' id='par_1_41' title="bbox 2100 1028 3772 1101">
     <span class='ocr_line' id='line_1_41' title="bbox 2100 1028 3772 1101; baseline 0.001 -18"><span class='ocrx_word' id='word_1_278' title='bbox 2100 1028 2236 1084; x_wconf 93' lang='lat' dir='ltr'>CAP.</span> <span class='ocrx_word' id='word_1_279' title='bbox 2273 1029 2394 1101; x_wconf 87' lang='lat'>144.</span> <span class='ocrx_word' id='word_1_280' title='bbox 2429 1059 2497 1069; x_wconf 85' lang='lat'>—-</span> <span class='ocrx_word' id='word_1_281' title='bbox 2530 1030 2599 1084; x_wconf 90' lang='lat' dir='ltr'>De</span> <span class='ocrx_word' id='word_1_282' title='bbox 2628 1029 2984 1099; x_wconf 76' lang='lat' dir='ltr'>prohibendis</span> <span class='ocrx_word' id='word_1_283' title='bbox 3000 1029 3214 1100; x_wconf 82' lang='lat' dir='ltr'>nuptiis</span> <span class='ocrx_word' id='word_1_284' title='bbox 3245 1030 3431 1084; x_wconf 85' lang='lat' dir='ltr'>viduis</span> <span class='ocrx_word' id='word_1_285' title='bbox 3452 1035 3504 1085; x_wconf 86' lang='lat' dir='ltr'>et</span> <span class='ocrx_word' id='word_1_286' title='bbox 3524 1029 3772 1101; x_wconf 83' lang='lat' dir='ltr'>virgini-</span> 
     </span>
    </p>
   </div>
   <div class='ocr_carea' id='block_1_42' title="bbox 2173 1100 3770 1174">
    <p class='ocr_par' dir='ltr' id='par_1_42' title="bbox 2173 1100 3770 1174">
     <span class='ocr_line' id='line_1_42' title="bbox 2173 1100 3770 1174; baseline 0.003 -20"><span class='ocrx_word' id='word_1_287' title='bbox 2173 1101 2270 1174; x_wconf 76' lang='lat' dir='ltr'>bus</span> <span class='ocrx_word' id='word_1_288' title='bbox 2302 1100 2358 1154; x_wconf 87' lang='lat' dir='ltr'>in</span> <span class='ocrx_word' id='word_1_289' title='bbox 2389 1101 2866 1174; x_wconf 10' lang='lat' dir='ltr'>monasteqrioidiu</span> <span class='ocrx_word' id='word_1_290' title='bbox 2913 1102 3274 1174; x_wconf 75' lang='lat' dir='ltr'>conversatis.</span> <span class='ocrx_word' id='word_1_291' title='bbox 3319 1101 3566 1158; x_wconf 81' lang='lat' dir='ltr'>Gelasius</span> <span class='ocrx_word' id='word_1_292' title='bbox 3611 1100 3770 1174; x_wconf 85' lang='lat' dir='ltr'>papa</span> 
     </span>
    </p>
   </div>
   <div class='ocr_carea' id='block_1_43' title="bbox 2174 1172 3342 1244">
    <p class='ocr_par' dir='ltr' id='par_1_43' title="bbox 2174 1172 3342 1244">
     <span class='ocr_line' id='line_1_43' title="bbox 2174 1172 3342 1244; baseline 0.001 -16"><span class='ocrx_word' id='word_1_293' title='bbox 2174 1172 2440 1240; x_wconf 68' lang='lat' dir='ltr'>Caesarie,</span> <span class='ocrx_word' id='word_1_294' title='bbox 2471 1188 2590 1239; x_wconf 80' lang='lat' dir='ltr'>cap.</span> <span class='ocrx_word' id='word_1_295' title='bbox 2624 1172 2657 1226; x_wconf 88' lang='lat'>4</span> <span class='ocrx_word' id='word_1_296' title='bbox 2685 1173 3048 1243; x_wconf 82' lang='lat' dir='ltr'>(Symmach.,</span> <span class='ocrx_word' id='word_1_297' title='bbox 3078 1174 3234 1244; x_wconf 86' lang='lat' dir='ltr'>epist.</span> <span class='ocrx_word' id='word_1_298' title='bbox 3265 1173 3342 1242; x_wconf 96' lang='lat'>5).</span> 
     </span>
    </p>
   </div>
   <div class='ocr_carea' id='block_1_44' title="bbox 2172 1260 3767 1334">
    <p class='ocr_par' dir='ltr' id='par_1_44' title="bbox 2172 1260 3767 1334">
     <span class='ocr_line' id='line_1_44' title="bbox 2172 1260 3767 1334; baseline 0.003 -20"><span class='ocrx_word' id='word_1_299' title='bbox 2172 1260 2284 1330; x_wconf 87' lang='lat'>(27,</span> <span class='ocrx_word' id='word_1_300' title='bbox 2315 1276 2367 1332; x_wconf 93' lang='lat' dir='ltr'>q.</span> <span class='ocrx_word' id='word_1_301' title='bbox 2403 1262 2455 1331; x_wconf 88' lang='lat'>1,</span> <span class='ocrx_word' id='word_1_302' title='bbox 2495 1277 2542 1315; x_wconf 90' lang='lat' dir='ltr'>c.</span> <span class='ocrx_word' id='word_1_303' title='bbox 2590 1264 2780 1332; x_wconf 83' lang='lat' dir='ltr'>Neque</span> <span class='ocrx_word' id='word_1_304' title='bbox 2821 1260 3062 1332; x_wconf 86' lang='lat' dir='ltr'>viduas.)</span> <span class='ocrx_word' id='word_1_305' title='bbox 3115 1261 3337 1317; x_wconf 91' lang='lat' dir='ltr'>Viduas</span> <span class='ocrx_word' id='word_1_306' title='bbox 3388 1262 3460 1317; x_wconf 90' lang='lat' dir='ltr'>ad</span> <span class='ocrx_word' id='word_1_307' title='bbox 3515 1262 3767 1334; x_wconf 86' lang='lat' dir='ltr'>nuptias</span> 
     </span>
    </p>
   </div>
   <div class='ocr_carea' id='block_1_45' title="bbox 2102 1348 3767 1423">
    <p class='ocr_par' dir='ltr' id='par_1_45' title="bbox 2102 1348 3767 1423">
     <span class='ocr_line' id='line_1_45' title="bbox 2102 1348 3767 1423; baseline 0.002 -20"><span class='ocrx_word' id='word_1_308' title='bbox 2102 1350 2354 1405; x_wconf 89' lang='lat' dir='ltr'>transire</span> <span class='ocrx_word' id='word_1_309' title='bbox 2385 1365 2498 1405; x_wconf 93' lang='lat' dir='ltr'>non</span> <span class='ocrx_word' id='word_1_310' title='bbox 2533 1349 2812 1421; x_wconf 87' lang='lat' dir='ltr'>patimur,</span> <span class='ocrx_word' id='word_1_311' title='bbox 2845 1367 2973 1422; x_wconf 66' lang='lat' dir='ltr'>quas</span> <span class='ocrx_word' id='word_1_312' title='bbox 3016 1350 3076 1406; x_wconf 90' lang='lat' dir='ltr'>in</span> <span class='ocrx_word' id='word_1_313' title='bbox 3123 1348 3400 1423; x_wconf 88' lang='lat' dir='ltr'>religioso</span> <span class='ocrx_word' id='word_1_314' title='bbox 3452 1351 3767 1423; x_wconf 89' lang='lat' dir='ltr'>proposito</span> 
     </span>
    </p>
   </div>
   <div class='ocr_carea' id='block_1_46' title="bbox 2101 1438 3767 1512">
    <p class='ocr_par' dir='ltr' id='par_1_46' title="bbox 2101 1438 3767 1512">
     <span class='ocr_line' id='line_1_46' title="bbox 2101 1438 3767 1512; baseline 0.003 -21"><span class='ocrx_word' id='word_1_315' title='bbox 2101 1438 2383 1494; x_wconf 89' lang='lat' dir='ltr'>diuturna</span> <span class='ocrx_word' id='word_1_316' title='bbox 2405 1440 2811 1496; x_wconf 84' lang='lat' dir='ltr'>observatione</span> <span class='ocrx_word' id='word_1_317' title='bbox 2833 1446 3306 1512; x_wconf 81' lang='lat' dir='ltr'>permanserunt.</span> <span class='ocrx_word' id='word_1_318' title='bbox 3334 1439 3619 1496; x_wconf 87' lang='lat' dir='ltr'>Similiter</span> <span class='ocrx_word' id='word_1_319' title='bbox 3647 1441 3767 1497; x_wconf 87' lang='lat' dir='ltr'>vir-</span> 
     </span>
    </p>
   </div>
   <div class='ocr_carea' id='block_1_47' title="bbox 2102 1526 3761 1600">
    <p class='ocr_par' dir='ltr' id='par_1_47' title="bbox 2102 1526 3761 1600">
     <span class='ocr_line' id='line_1_47' title="bbox 2102 1526 3761 1600; baseline 0.003 -20"><span class='ocrx_word' id='word_1_320' title='bbox 2102 1526 2268 1599; x_wconf 91' lang='lat' dir='ltr'>gines</span> <span class='ocrx_word' id='word_1_321' title='bbox 2300 1528 2519 1582; x_wconf 90' lang='lat' dir='ltr'>nubere</span> <span class='ocrx_word' id='word_1_322' title='bbox 2545 1527 2944 1599; x_wconf 89' lang='lat' dir='ltr'>prohibemus,</span> <span class='ocrx_word' id='word_1_323' title='bbox 2980 1545 3125 1600; x_wconf 89' lang='lat' dir='ltr'>quas</span> <span class='ocrx_word' id='word_1_324' title='bbox 3156 1527 3330 1584; x_wconf 89' lang='lat' dir='ltr'>annis</span> <span class='ocrx_word' id='word_1_325' title='bbox 3373 1528 3649 1600; x_wconf 89' lang='lat' dir='ltr'>plurimis</span> <span class='ocrx_word' id='word_1_326' title='bbox 3695 1529 3761 1585; x_wconf 89' lang='lat' dir='ltr'>in</span> 
     </span>
    </p>
   </div>
   <div class='ocr_carea' id='block_1_48' title="bbox 2103 1615 3307 1688">
    <p class='ocr_par' dir='ltr' id='par_1_48' title="bbox 2103 1615 3307 1688">
     <span class='ocr_line' id='line_1_48' title="bbox 2103 1615 3307 1688; baseline 0.002 -19"><span class='ocrx_word' id='word_1_327' title='bbox 2103 1615 2474 1672; x_wconf 87' lang='lat' dir='ltr'>monasteriis</span> <span class='ocrx_word' id='word_1_328' title='bbox 2502 1620 2730 1671; x_wconf 67' lang='lat' dir='ltr'>etatem</span> <span class='ocrx_word' id='word_1_329' title='bbox 2761 1617 2951 1688; x_wconf 89' lang='lat' dir='ltr'>egisse</span> <span class='ocrx_word' id='word_1_330' title='bbox 2977 1617 3307 1688; x_wconf 89' lang='lat' dir='ltr'>contigerit.</span> 
     </span>
    </p>
   </div>
   <div class='ocr_carea' id='block_1_49' title="bbox 2102 1703 3762 1778">
    <p class='ocr_par' dir='ltr' id='par_1_49' title="bbox 2102 1703 3762 1778">
     <span class='ocr_line' id='line_1_49' title="bbox 2102 1703 3762 1778; baseline 0.002 -20"><span class='ocrx_word' id='word_1_331' title='bbox 2102 1703 2235 1759; x_wconf 91' lang='lat' dir='ltr'>CAP.</span> <span class='ocrx_word' id='word_1_332' title='bbox 2273 1705 2394 1760; x_wconf 88' lang='lat'>145.</span> <span class='ocrx_word' id='word_1_333' title='bbox 2428 1736 2496 1744; x_wconf 90' lang='lat'><strong>—</strong></span> <span class='ocrx_word' id='word_1_334' title='bbox 2543 1707 2621 1760; x_wconf 89' lang='lat' dir='ltr'>De</span> <span class='ocrx_word' id='word_1_335' title='bbox 2666 1705 2874 1778; x_wconf 62' lang='lat' dir='ltr'>eodem.</span> <span class='ocrx_word' id='word_1_336' title='bbox 2927 1706 3184 1761; x_wconf 82' lang='lat' dir='ltr'>Nicotaus</span> <span class='ocrx_word' id='word_1_337' title='bbox 3224 1705 3423 1762; x_wconf 78' lang='lat' dir='ltr'>Carolo</span> <span class='ocrx_word' id='word_1_338' title='bbox 3460 1707 3762 1778; x_wconf 84' lang='lat' dir='ltr'>archiepi-</span> 
     </span>
    </p>
   </div>
   <div class='ocr_carea' id='block_1_50' title="bbox 2171 1775 3760 1850">
    <p class='ocr_par' dir='ltr' id='par_1_50' title="bbox 2171 1775 3760 1850">
     <span class='ocr_line' id='line_1_50' title="bbox 2171 1775 3760 1850; baseline 0.003 -19"><span class='ocrx_word' id='word_1_339' title='bbox 2171 1792 2324 1847; x_wconf 80' lang='lat' dir='ltr'>scopo</span> <span class='ocrx_word' id='word_1_340' title='bbox 2349 1781 2398 1831; x_wconf 88' lang='lat' dir='ltr'>et</span> <span class='ocrx_word' id='word_1_341' title='bbox 2428 1779 2547 1844; x_wconf 81' lang='lat' dir='ltr'>eius</span> <span class='ocrx_word' id='word_1_342' title='bbox 2575 1775 3047 1850; x_wconf 75' lang='lat' dir='ltr'>suffraganeis(in</span> <span class='ocrx_word' id='word_1_343' title='bbox 3065 1780 3366 1850; x_wconf 79' lang='lat' dir='ltr'>rescriptis,</span> <span class='ocrx_word' id='word_1_344' title='bbox 3385 1779 3473 1833; x_wconf 86' lang='lat' dir='ltr'>tit.</span> <span class='ocrx_word' id='word_1_345' title='bbox 3499 1779 3588 1848; x_wconf 73' lang='lat'>13,</span> <span class='ocrx_word' id='word_1_346' title='bbox 3608 1775 3760 1849; x_wconf 47' lang='lat' dir='ltr'>c.&#39;3).</span> 
     </span>
    </p>
   </div>
   <div class='ocr_carea' id='block_1_51' title="bbox 2173 1865 3762 1938">
    <p class='ocr_par' dir='ltr' id='par_1_51' title="bbox 2173 1865 3762 1938">
     <span class='ocr_line' id='line_1_51' title="bbox 2173 1865 3762 1938; baseline 0.003 -19"><span class='ocrx_word' id='word_1_347' title='bbox 2173 1865 2284 1936; x_wconf 88' lang='lat'>(27,</span> <span class='ocrx_word' id='word_1_348' title='bbox 2317 1882 2368 1937; x_wconf 93' lang='lat' dir='ltr'>q.</span> <span class='ocrx_word' id='word_1_349' title='bbox 2405 1866 2454 1935; x_wconf 93' lang='lat'>1,</span> <span class='ocrx_word' id='word_1_350' title='bbox 2485 1882 2532 1921; x_wconf 91' lang='lat' dir='ltr'>c.</span> <span class='ocrx_word' id='word_1_351' title='bbox 2571 1865 2768 1920; x_wconf 84' lang='lat' dir='ltr'>Viduas</span> <span class='ocrx_word' id='word_1_352' title='bbox 2799 1865 3065 1937; x_wconf 81' lang='lat' dir='ltr'>quidem.)</span> <span class='ocrx_word' id='word_1_353' title='bbox 3104 1866 3296 1921; x_wconf 89' lang='lat' dir='ltr'>Vidua</span> <span class='ocrx_word' id='word_1_354' title='bbox 3343 1867 3580 1938; x_wconf 90' lang='lat' dir='ltr'>quidem</span> <span class='ocrx_word' id='word_1_355' title='bbox 3626 1884 3762 1938; x_wconf 74' lang='lat' dir='ltr'>quae</span> 
     </span>
    </p>
   </div>
   <div class='ocr_carea' id='block_1_52' title="bbox 2102 1953 3764 2025">
    <p class='ocr_par' dir='ltr' id='par_1_52' title="bbox 2102 1953 3764 2025">
     <span class='ocr_line' id='line_1_52' title="bbox 2102 1953 3764 2025; baseline 0.003 -17"><span class='ocrx_word' id='word_1_356' title='bbox 2102 1953 2276 2024; x_wconf 89' lang='lat' dir='ltr'>capiti</span> <span class='ocrx_word' id='word_1_357' title='bbox 2308 1953 2656 2025; x_wconf 89' lang='lat' dir='ltr'>imposuerit</span> <span class='ocrx_word' id='word_1_358' title='bbox 2685 1971 2919 2010; x_wconf 90' lang='lat' dir='ltr'>sacrum</span> <span class='ocrx_word' id='word_1_359' title='bbox 2954 1954 3242 2022; x_wconf 82' lang='lat' dir='ltr'>velamen,</span> <span class='ocrx_word' id='word_1_360' title='bbox 3274 1955 3494 2011; x_wconf 91' lang='lat' dir='ltr'>siinter</span> <span class='ocrx_word' id='word_1_361' title='bbox 3515 1960 3764 2013; x_wconf 66' lang='lat' dir='ltr'>caeteras</span> 
     </span>
    </p>
   </div>
   <div class='ocr_carea' id='block_1_53' title="bbox 2098 2041 3762 2115">
    <p class='ocr_par' dir='ltr' id='par_1_53' title="bbox 2098 2041 3762 2115">
     <span class='ocr_line' id='line_1_53' title="bbox 2098 2041 3762 2115; baseline 0.003 -20"><span class='ocrx_word' id='word_1_362' title='bbox 2098 2041 2318 2098; x_wconf 89' lang='lat' dir='ltr'>velatas</span> <span class='ocrx_word' id='word_1_363' title='bbox 2345 2042 2596 2108; x_wconf 80' lang='lat' dir='ltr'>feminas</span> <span class='ocrx_word' id='word_1_364' title='bbox 2650 2043 2711 2098; x_wconf 92' lang='lat' dir='ltr'>in</span> <span class='ocrx_word' id='word_1_365' title='bbox 2745 2043 2993 2100; x_wconf 88' lang='lat' dir='ltr'>ecclesia</span> <span class='ocrx_word' id='word_1_366' title='bbox 3022 2043 3291 2115; x_wconf 86' lang='lat' dir='ltr'>oraverit,</span> <span class='ocrx_word' id='word_1_367' title='bbox 3321 2047 3378 2100; x_wconf 88' lang='lat' dir='ltr'>et</span> <span class='ocrx_word' id='word_1_368' title='bbox 3399 2043 3762 2101; x_wconf 88' lang='lat' dir='ltr'>oblationem</span> 
     </span>
    </p>
   </div>
   <div class='ocr_carea' id='block_1_54' title="bbox 2100 2130 3766 2204">
    <p class='ocr_par' dir='ltr' id='par_1_54' title="bbox 2100 2130 3766 2204">
     <span class='ocr_line' id='line_1_54' title="bbox 2100 2130 3766 2204; baseline 0.003 -19"><span class='ocrx_word' id='word_1_369' title='bbox 2100 2147 2234 2186; x_wconf 92' lang='lat' dir='ltr'>cum</span> <span class='ocrx_word' id='word_1_370' title='bbox 2267 2130 2385 2186; x_wconf 92' lang='lat' dir='ltr'>illis</span> <span class='ocrx_word' id='word_1_371' title='bbox 2417 2131 2728 2200; x_wconf 87' lang='lat' dir='ltr'>obtulerit;</span> <span class='ocrx_word' id='word_1_372' title='bbox 2763 2132 2811 2188; x_wconf 90' lang='lat' dir='ltr'>si</span> <span class='ocrx_word' id='word_1_373' title='bbox 2840 2133 3106 2204; x_wconf 84' lang='lat' dir='ltr'>professa</span> <span class='ocrx_word' id='word_1_374' title='bbox 3135 2137 3224 2189; x_wconf 86' lang='lat' dir='ltr'>est</span> <span class='ocrx_word' id='word_1_375' title='bbox 3254 2148 3314 2189; x_wconf 89' lang='lat' dir='ltr'>se</span> <span class='ocrx_word' id='word_1_376' title='bbox 3346 2133 3405 2188; x_wconf 91' lang='lat' dir='ltr'>in</span> <span class='ocrx_word' id='word_1_377' title='bbox 3431 2133 3633 2190; x_wconf 91' lang='lat' dir='ltr'>eodem</span> <span class='ocrx_word' id='word_1_378' title='bbox 3658 2135 3766 2190; x_wconf 83' lang='lat' dir='ltr'>ha-</span> 
     </span>
    </p>
   </div>
   <div class='ocr_carea' id='block_1_55' title="bbox 2100 2221 3734 2294">
    <p class='ocr_par' dir='ltr' id='par_1_55' title="bbox 2100 2221 3734 2294">
     <span class='ocr_line' id='line_1_55' title="bbox 2100 2221 3734 2294; baseline 0.002 -19"><span class='ocrx_word' id='word_1_379' title='bbox 2100 2221 2224 2275; x_wconf 91' lang='lat' dir='ltr'>bitu</span> <span class='ocrx_word' id='word_1_380' title='bbox 2252 2235 2613 2291; x_wconf 90' lang='lat' dir='ltr'>permanere,</span> <span class='ocrx_word' id='word_1_381' title='bbox 2647 2222 2966 2292; x_wconf 90' lang='lat' dir='ltr'>spondens,</span> <span class='ocrx_word' id='word_1_382' title='bbox 3000 2238 3306 2292; x_wconf 83' lang='lat' dir='ltr'>nunquam</span> <span class='ocrx_word' id='word_1_383' title='bbox 3339 2221 3644 2294; x_wconf 90' lang='lat' dir='ltr'>religionis</span> <span class='ocrx_word' id='word_1_384' title='bbox 3665 2240 3734 2279; x_wconf 91' lang='lat' dir='ltr'>ve</span> 
     </span>
    </p>
   </div>
   <div class='ocr_carea' id='block_1_56' title="bbox 2097 2308 3762 2382">
    <p class='ocr_par' dir='ltr' id='par_1_56' title="bbox 2097 2308 3762 2382">
     <span class='ocr_line' id='line_1_56' title="bbox 2097 2308 3762 2382; baseline 0.002 -19"><span class='ocrx_word' id='word_1_385' title='bbox 2097 2308 2292 2363; x_wconf 89' lang='lat' dir='ltr'>lamen</span> <span class='ocrx_word' id='word_1_386' title='bbox 2325 2309 2633 2380; x_wconf 89' lang='lat' dir='ltr'>deponere,</span> <span class='ocrx_word' id='word_1_387' title='bbox 2666 2326 2699 2364; x_wconf 91' lang='lat' dir='ltr'>a</span> <span class='ocrx_word' id='word_1_388' title='bbox 2729 2308 3029 2382; x_wconf 88' lang='lat' dir='ltr'>religionis</span> <span class='ocrx_word' id='word_1_389' title='bbox 3059 2310 3426 2366; x_wconf 88' lang='lat' dir='ltr'>observantia</span> <span class='ocrx_word' id='word_1_390' title='bbox 3454 2311 3762 2368; x_wconf 88' lang='lat' dir='ltr'>discedere</span> 
     </span>
    </p>
   </div>
   <div class='ocr_carea' id='block_1_57' title="bbox 2099 2403 2590 2469">
    <p class='ocr_par' dir='ltr' id='par_1_57' title="bbox 2099 2403 2590 2469">
     <span class='ocr_line' id='line_1_57' title="bbox 2099 2403 2590 2469; baseline -0.004 -17"><span class='ocrx_word' id='word_1_391' title='bbox 2099 2415 2215 2452; x_wconf 90' lang='lat' dir='ltr'>non</span> <span class='ocrx_word' id='word_1_392' title='bbox 2250 2403 2590 2469; x_wconf 73' lang='lat' dir='ltr'>praesumat.</span> 
     </span>
    </p>
   </div>
   <div class='ocr_carea' id='block_1_58' title="bbox 2098 2485 3758 2557">
    <p class='ocr_par' dir='ltr' id='par_1_58' title="bbox 2098 2485 3758 2557">
     <span class='ocr_line' id='line_1_58' title="bbox 2098 2485 3758 2557; baseline 0.001 -17"><span class='ocrx_word' id='word_1_393' title='bbox 2098 2490 2228 2540; x_wconf 89' lang='lat' dir='ltr'>CAP.</span> <span class='ocrx_word' id='word_1_394' title='bbox 2265 2487 2387 2540; x_wconf 81' lang='lat'>146.</span> <span class='ocrx_word' id='word_1_395' title='bbox 2411 2517 2478 2525; x_wconf 91' lang='lat'><strong>—</strong></span> <span class='ocrx_word' id='word_1_396' title='bbox 2511 2489 2646 2540; x_wconf 87' lang='lat' dir='ltr'>Item</span> <span class='ocrx_word' id='word_1_397' title='bbox 2675 2485 2740 2539; x_wconf 87' lang='lat' dir='ltr'>de</span> <span class='ocrx_word' id='word_1_398' title='bbox 2759 2485 2960 2540; x_wconf 86' lang='lat' dir='ltr'>eodem.</span> <span class='ocrx_word' id='word_1_399' title='bbox 2987 2485 3348 2557; x_wconf 78' lang='lat' dir='ltr'>Augustinus,</span> <span class='ocrx_word' id='word_1_400' title='bbox 3376 2487 3473 2542; x_wconf 83' lang='lat' dir='ltr'>lib.</span> <span class='ocrx_word' id='word_1_401' title='bbox 3512 2487 3588 2542; x_wconf 84' lang='lat' dir='ltr'>De</span> <span class='ocrx_word' id='word_1_402' title='bbox 3619 2489 3758 2542; x_wconf 88' lang='lat' dir='ltr'>bona</span> 
     </span>
    </p>
   </div>
   <div class='ocr_carea' id='block_1_59' title="bbox 2631 2557 3215 2628">
    <p class='ocr_par' dir='ltr' id='par_1_59' title="bbox 2631 2557 3215 2628">
     <span class='ocr_line' id='line_1_59' title="bbox 2631 2557 3215 2628; baseline 0.005 -18"><span class='ocrx_word' id='word_1_403' title='bbox 2631 2557 2920 2612; x_wconf 75' lang='lat' dir='ltr'>viduitatis</span> <span class='ocrx_word' id='word_1_404' title='bbox 2966 2558 3108 2628; x_wconf 89' lang='lat' dir='ltr'>(cap.</span> <span class='ocrx_word' id='word_1_405' title='bbox 3139 2559 3215 2628; x_wconf 93' lang='lat'>8).</span> 
     </span>
    </p>
   </div>
   <div class='ocr_carea' id='block_1_60' title="bbox 2170 2645 3760 2717">
    <p class='ocr_par' dir='ltr' id='par_1_60' title="bbox 2170 2645 3760 2717">
     <span class='ocr_line' id='line_1_60' title="bbox 2170 2645 3760 2717; baseline 0.003 -19"><span class='ocrx_word' id='word_1_406' title='bbox 2170 2646 2280 2713; x_wconf 82' lang='lat'>(27,</span> <span class='ocrx_word' id='word_1_407' title='bbox 2314 2664 2362 2717; x_wconf 91' lang='lat' dir='ltr'>q.</span> <span class='ocrx_word' id='word_1_408' title='bbox 2401 2647 2453 2716; x_wconf 91' lang='lat'>1,</span> <span class='ocrx_word' id='word_1_409' title='bbox 2486 2663 2533 2701; x_wconf 84' lang='grc' dir='ltr'>ο.</span> <span class='ocrx_word' id='word_1_410' title='bbox 2569 2647 2797 2714; x_wconf 51' lang='lat' dir='ltr'>Vidua.)</span> <span class='ocrx_word' id='word_1_411' title='bbox 2829 2645 3035 2700; x_wconf 75' lang='lat' dir='ltr'>Viduas</span> <span class='ocrx_word' id='word_1_412' title='bbox 3067 2663 3193 2717; x_wconf 75' lang='lat' dir='ltr'>quis</span> <span class='ocrx_word' id='word_1_413' title='bbox 3226 2663 3287 2701; x_wconf 91' lang='lat' dir='ltr'>se</span> <span class='ocrx_word' id='word_1_414' title='bbox 3306 2663 3420 2701; x_wconf 91' lang='lat' dir='ltr'>non</span> <span class='ocrx_word' id='word_1_415' title='bbox 3445 2647 3760 2702; x_wconf 85' lang='lat' dir='ltr'>continent</span> 
     </span>
    </p>
   </div>
   <div class='ocr_carea' id='block_1_61' title="bbox 2101 2734 3760 2805">
    <p class='ocr_par' dir='ltr' id='par_1_61' title="bbox 2101 2734 3760 2805">
     <span class='ocr_line' id='line_1_61' title="bbox 2101 2734 3760 2805; baseline 0.001 -17"><span class='ocrx_word' id='word_1_416' title='bbox 2101 2734 2348 2804; x_wconf 87' lang='lat' dir='ltr'>nubant,</span> <span class='ocrx_word' id='word_1_417' title='bbox 2383 2738 2698 2805; x_wconf 87' lang='lat' dir='ltr'>antequam</span> <span class='ocrx_word' id='word_1_418' title='bbox 2735 2735 3009 2804; x_wconf 69' lang='lat' dir='ltr'>professae</span> <span class='ocrx_word' id='word_1_419' title='bbox 3037 2735 3458 2790; x_wconf 88' lang='lat' dir='ltr'>continentiam</span> <span class='ocrx_word' id='word_1_420' title='bbox 3491 2740 3600 2790; x_wconf 90' lang='lat' dir='ltr'>Deo</span> <span class='ocrx_word' id='word_1_421' title='bbox 3648 2752 3760 2791; x_wconf 86' lang='lat' dir='ltr'>vo-</span> 
     </span>
    </p>
   </div>
   <div class='ocr_carea' id='block_1_62' title="bbox 2098 2823 3493 2894">
    <p class='ocr_par' dir='ltr' id='par_1_62' title="bbox 2098 2823 3493 2894">
     <span class='ocr_line' id='line_1_62' title="bbox 2098 2823 3493 2894; baseline 0.001 -17"><span class='ocrx_word' id='word_1_422' title='bbox 2098 2826 2304 2878; x_wconf 88' lang='lat' dir='ltr'>veant:</span> <span class='ocrx_word' id='word_1_423' title='bbox 2338 2825 2491 2894; x_wconf 90' lang='lat' dir='ltr'>quod</span> <span class='ocrx_word' id='word_1_424' title='bbox 2526 2823 2640 2878; x_wconf 90' lang='lat' dir='ltr'>nisi</span> <span class='ocrx_word' id='word_1_425' title='bbox 2675 2823 2942 2887; x_wconf 90' lang='lat' dir='ltr'>reddant,</span> <span class='ocrx_word' id='word_1_426' title='bbox 2966 2824 3101 2892; x_wconf 86' lang='lat' dir='ltr'>jure</span> <span class='ocrx_word' id='word_1_427' title='bbox 3119 2823 3493 2879; x_wconf 86' lang='lat' dir='ltr'>damnantur.</span> 
     </span>
    </p>
   </div>
   <div class='ocr_carea' id='block_1_63' title="bbox 2099 2912 3760 2969">
    <p class='ocr_par' dir='ltr' id='par_1_63' title="bbox 2099 2912 3760 2969">
     <span class='ocr_line' id='line_1_63' title="bbox 2099 2912 3760 2969; baseline 0.001 -1"><span class='ocrx_word' id='word_1_428' title='bbox 2099 2912 2231 2968; x_wconf 85' lang='lat' dir='ltr'>CAP.</span> <span class='ocrx_word' id='word_1_429' title='bbox 2268 2913 2386 2966; x_wconf 85' lang='lat'>147.</span> <span class='ocrx_word' id='word_1_430' title='bbox 2422 2944 2490 2954; x_wconf 89' lang='lat'><strong><em>—</em></strong></span> <span class='ocrx_word' id='word_1_431' title='bbox 2519 2913 2650 2968; x_wconf 88' lang='lat' dir='ltr'>Item</span> <span class='ocrx_word' id='word_1_432' title='bbox 2683 2912 2750 2966; x_wconf 88' lang='lat' dir='ltr'>de</span> <span class='ocrx_word' id='word_1_433' title='bbox 2779 2912 2968 2968; x_wconf 85' lang='lat' dir='ltr'>eadem</span> <span class='ocrx_word' id='word_1_434' title='bbox 2998 2928 3075 2968; x_wconf 89' lang='lat' dir='ltr'>re.</span> <span class='ocrx_word' id='word_1_435' title='bbox 3109 2914 3192 2967; x_wconf 75' lang='lat' dir='ltr'>Ea:</span> <span class='ocrx_word' id='word_1_436' title='bbox 3237 2913 3472 2968; x_wconf 84' lang='lat' dir='ltr'>concilio</span> <span class='ocrx_word' id='word_1_437' title='bbox 3521 2929 3578 2967; x_wconf 86' lang='lat' dir='ltr'><strong>IV</strong></span> <span class='ocrx_word' id='word_1_438' title='bbox 3621 2913 3760 2969; x_wconf 86' lang='lat' dir='ltr'>Car-</span> 
     </span>
    </p>
   </div>
   <div class='ocr_carea' id='block_1_64' title="bbox 2633 2984 3213 3054">
    <p class='ocr_par' dir='ltr' id='par_1_64' title="bbox 2633 2984 3213 3054">
     <span class='ocr_line' id='line_1_64' title="bbox 2633 2984 3213 3054; baseline 0 -16"><span class='ocrx_word' id='word_1_439' title='bbox 2633 2984 2972 3054; x_wconf 80' lang='lat' dir='ltr'>thaginensi,</span> <span class='ocrx_word' id='word_1_440' title='bbox 3005 3000 3128 3054; x_wconf 88' lang='lat' dir='ltr'>cap.</span> <span class='ocrx_word' id='word_1_441' title='bbox 3163 2985 3213 3038; x_wconf 90' lang='lat'>4.</span> 
     </span>
    </p>
   </div>
   <div class='ocr_carea' id='block_1_65' title="bbox 2171 3073 3825 3145">
    <p class='ocr_par' dir='ltr' id='par_1_65' title="bbox 2171 3073 3825 3145">
     <span class='ocr_line' id='line_1_65' title="bbox 2171 3073 3825 3145; baseline 0.004 -22"><span class='ocrx_word' id='word_1_442' title='bbox 2171 3073 2279 3143; x_wconf 85' lang='grc'>(27,</span> <span class='ocrx_word' id='word_1_443' title='bbox 2315 3090 2364 3143; x_wconf 91' lang='lat' dir='ltr'>q.</span> <span class='ocrx_word' id='word_1_444' title='bbox 2395 3076 2442 3143; x_wconf 88' lang='lat'>1,</span> <span class='ocrx_word' id='word_1_445' title='bbox 2459 3089 2506 3127; x_wconf 83' lang='grc' dir='ltr'>ε.</span> <span class='ocrx_word' id='word_1_446' title='bbox 2527 3073 2677 3128; x_wconf 86' lang='lat' dir='ltr'>Sicut</span> <span class='ocrx_word' id='word_1_447' title='bbox 2701 3073 3018 3145; x_wconf 86' lang='lat' dir='ltr'>bonum.)Si</span> <span class='ocrx_word' id='word_1_448' title='bbox 3044 3090 3170 3145; x_wconf 69' lang='lat' dir='ltr'>quae</span> <span class='ocrx_word' id='word_1_449' title='bbox 3189 3073 3376 3128; x_wconf 72' lang='lat' dir='ltr'>viduae</span> <span class='ocrx_word' id='word_1_450' title='bbox 3400 3090 3528 3144; x_wconf 70' lang='lat' dir='ltr'>qua:</span> <span class='ocrx_word' id='word_1_451' title='bbox 3548 3089 3756 3144; x_wconf 87' lang='lat' dir='ltr'>quam-</span> <span class='ocrx_word' id='word_1_452' title='bbox 3815 3110 3825 3118; x_wconf 83' lang='lat'><strong>-</strong></span> 
     </span>
    </p>
   </div>
   <div class='ocr_carea' id='block_1_66' title="bbox 330 3159 3754 3235">
    <p class='ocr_par' dir='ltr' id='par_1_66' title="bbox 330 3159 3754 3235">
     <span class='ocr_line' id='line_1_66' title="bbox 330 3159 3754 3235; baseline -0.002 -11"><span class='ocrx_word' id='word_1_453' title='bbox 330 3164 596 3224; x_wconf 80' lang='lat' dir='ltr'>Mirabile</span> <span class='ocrx_word' id='word_1_454' title='bbox 627 3165 782 3218; x_wconf 91' lang='lat' dir='ltr'>dictu</span> <span class='ocrx_word' id='word_1_455' title='bbox 813 3163 826 3217; x_wconf 87' lang='lat' dir='ltr'>l</span> <span class='ocrx_word' id='word_1_456' title='bbox 865 3163 979 3217; x_wconf 92' lang='lat' dir='ltr'>duo</span> <span class='ocrx_word' id='word_1_457' title='bbox 1014 3162 1269 3230; x_wconf 79' lang='lat' dir='ltr'>fuerunt,</span> <span class='ocrx_word' id='word_1_458' title='bbox 1321 3165 1378 3214; x_wconf 92' lang='lat' dir='ltr'>et</span> <span class='ocrx_word' id='word_1_459' title='bbox 1423 3159 1774 3214; x_wconf 87' lang='lat' dir='ltr'>adulterium</span> <span class='ocrx_word' id='word_1_460' title='bbox 1828 3174 1983 3213; x_wconf 90' lang='lat' dir='ltr'>unus</span> <span class='ocrx_word' id='word_1_461' title='bbox 2017 3165 2060 3231; x_wconf 76' lang='grc' dir='ltr'><strong>ί]</strong></span> <span class='ocrx_word' id='word_1_462' title='bbox 2099 3160 2240 3216; x_wconf 90' lang='lat' dir='ltr'>libet</span> <span class='ocrx_word' id='word_1_463' title='bbox 2259 3161 2451 3217; x_wconf 89' lang='lat' dir='ltr'>adhuc</span> <span class='ocrx_word' id='word_1_464' title='bbox 2474 3161 2533 3217; x_wconf 95' lang='lat' dir='ltr'>in</span> <span class='ocrx_word' id='word_1_465' title='bbox 2553 3162 2884 3218; x_wconf 87' lang='lat' dir='ltr'>minoribus</span> <span class='ocrx_word' id='word_1_466' title='bbox 2906 3163 3076 3218; x_wconf 89' lang='lat' dir='ltr'>annis</span> <span class='ocrx_word' id='word_1_467' title='bbox 3098 3163 3325 3235; x_wconf 66' lang='lat' dir='ltr'>positae,</span> <span class='ocrx_word' id='word_1_468' title='bbox 3351 3166 3409 3218; x_wconf 93' lang='lat' dir='ltr'>et</span> <span class='ocrx_word' id='word_1_469' title='bbox 3431 3163 3754 3218; x_wconf 89' lang='lat' dir='ltr'>immatura</span> 
     </span>
    </p>
   </div>
   <div class='ocr_carea' id='block_1_67' title="bbox 331 3246 1986 3324">
    <p class='ocr_par' dir='ltr' id='par_1_67' title="bbox 331 3246 1986 3324">
     <span class='ocr_line' id='line_1_67' title="bbox 331 3246 1986 3324; baseline -0.006 -12"><span class='ocrx_word' id='word_1_470' title='bbox 331 3253 645 3312; x_wconf 89' lang='lat' dir='ltr'>commisit.</span> <span class='ocrx_word' id='word_1_471' title='bbox 669 3249 1174 3324; x_wconf 85' lang='lat' dir='ltr'>Splendideatque</span> <span class='ocrx_word' id='word_1_472' title='bbox 1196 3249 1517 3304; x_wconf 89' lang='lat' dir='ltr'>verissime.</span> <span class='ocrx_word' id='word_1_473' title='bbox 1559 3249 1794 3303; x_wconf 89' lang='lat' dir='ltr'>Intuens</span> <span class='ocrx_word' id='word_1_474' title='bbox 1833 3246 1986 3302; x_wconf 89' lang='lat' dir='ltr'>enim</span> 
     </span>
    </p>
   </div>
   <div class='ocr_carea' id='block_1_68' title="bbox 332 3336 1990 3414">
    <p class='ocr_par' dir='ltr' id='par_1_68' title="bbox 332 3336 1990 3414">
     <span class='ocr_line' id='line_1_68' title="bbox 332 3336 1990 3414; baseline -0.006 -12"><span class='ocrx_word' id='word_1_475' title='bbox 332 3347 392 3403; x_wconf 91' lang='lat' dir='ltr'>in</span> <span class='ocrx_word' id='word_1_476' title='bbox 406 3346 589 3400; x_wconf 89' lang='lat' dir='ltr'>duum</span> <span class='ocrx_word' id='word_1_477' title='bbox 605 3356 917 3414; x_wconf 91' lang='lat' dir='ltr'>corporum</span> <span class='ocrx_word' id='word_1_478' title='bbox 933 3336 1808 3408; x_wconf 86' lang='lat' dir='ltr'>commissione[commistione,</span> <span class='ocrx_word' id='word_1_479' title='bbox 1823 3337 1990 3408; x_wconf 86' lang='lat' dir='ltr'>orig.]</span> 
     </span>
    </p>
   </div>
   <div class='ocr_carea' id='block_1_69' title="bbox 332 3426 1990 3504">
    <p class='ocr_par' dir='ltr' id='par_1_69' title="bbox 332 3426 1990 3504">
     <span class='ocr_line' id='line_1_69' title="bbox 332 3426 1990 3504; baseline -0.007 -12"><span class='ocrx_word' id='word_1_480' title='bbox 332 3435 509 3492; x_wconf 90' lang='lat' dir='ltr'>unius</span> <span class='ocrx_word' id='word_1_481' title='bbox 528 3429 1072 3504; x_wconf 88' lang='lat' dir='ltr'>inquinatissimam</span> <span class='ocrx_word' id='word_1_482' title='bbox 1097 3427 1502 3499; x_wconf 87' lang='lat' dir='ltr'>cupiditatem,</span> <span class='ocrx_word' id='word_1_483' title='bbox 1525 3426 1767 3480; x_wconf 89' lang='lat' dir='ltr'>alterius</span> <span class='ocrx_word' id='word_1_484' title='bbox 1790 3426 1990 3482; x_wconf 86' lang='lat' dir='ltr'>castis-</span> 
     </span>
    </p>
   </div>
   <div class='ocr_carea' id='block_1_70' title="bbox 331 3514 1984 3588">
    <p class='ocr_par' dir='ltr' id='par_1_70' title="bbox 331 3514 1984 3588">
     <span class='ocr_line' id='line_1_70' title="bbox 331 3514 1984 3588; baseline -0.007 -8"><span class='ocrx_word' id='word_1_485' title='bbox 331 3525 543 3582; x_wconf 89' lang='lat' dir='ltr'>simam</span> <span class='ocrx_word' id='word_1_486' title='bbox 575 3520 958 3588; x_wconf 88' lang='lat' dir='ltr'>voluntatem,</span> <span class='ocrx_word' id='word_1_487' title='bbox 994 3522 1051 3572; x_wconf 91' lang='lat' dir='ltr'>et</span> <span class='ocrx_word' id='word_1_488' title='bbox 1080 3533 1192 3573; x_wconf 91' lang='lat' dir='ltr'>non</span> <span class='ocrx_word' id='word_1_489' title='bbox 1229 3516 1368 3588; x_wconf 90' lang='lat' dir='ltr'>quid</span> <span class='ocrx_word' id='word_1_490' title='bbox 1403 3514 1816 3587; x_wconf 82' lang='lat' dir='ltr'>conjunctione</span> <span class='ocrx_word' id='word_1_491' title='bbox 1853 3531 1984 3571; x_wconf 85' lang='lat' dir='ltr'>cor-</span> 
     </span>
    </p>
   </div>
   <div class='ocr_carea' id='block_1_71' title="bbox 334 3604 1981 3684">
    <p class='ocr_par' dir='ltr' id='par_1_71' title="bbox 334 3604 1981 3684">
     <span class='ocr_line' id='line_1_71' title="bbox 334 3604 1981 3684; baseline -0.008 -15"><span class='ocrx_word' id='word_1_492' title='bbox 334 3629 563 3684; x_wconf 89' lang='lat' dir='ltr'>porum,</span> <span class='ocrx_word' id='word_1_493' title='bbox 595 3609 694 3664; x_wconf 89' lang='lat' dir='ltr'>sed</span> <span class='ocrx_word' id='word_1_494' title='bbox 727 3607 868 3679; x_wconf 90' lang='lat' dir='ltr'>quid</span> <span class='ocrx_word' id='word_1_495' title='bbox 897 3607 1228 3662; x_wconf 85' lang='lat' dir='ltr'>animorum</span> <span class='ocrx_word' id='word_1_496' title='bbox 1248 3604 1586 3661; x_wconf 88' lang='lat' dir='ltr'>diversitate</span> <span class='ocrx_word' id='word_1_497' title='bbox 1604 3609 1874 3676; x_wconf 90' lang='lat' dir='ltr'>ageretur</span> <span class='ocrx_word' id='word_1_498' title='bbox 1895 3608 1981 3658; x_wconf 87' lang='lat' dir='ltr'>at-</span> 
     </span>
    </p>
   </div>
   <div class='ocr_carea' id='block_1_72' title="bbox 329 3693 1982 3767">
    <p class='ocr_par' dir='ltr' id='par_1_72' title="bbox 329 3693 1982 3767">
     <span class='ocr_line' id='line_1_72' title="bbox 329 3693 1982 3767; baseline -0.005 -11"><span class='ocrx_word' id='word_1_499' title='bbox 329 3701 614 3756; x_wconf 87' lang='lat' dir='ltr'>tendens:</span> <span class='ocrx_word' id='word_1_500' title='bbox 651 3698 796 3766; x_wconf 90' lang='lat' dir='ltr'>Duo,</span> <span class='ocrx_word' id='word_1_501' title='bbox 831 3695 1046 3767; x_wconf 90' lang='lat' dir='ltr'>inquit,</span> <span class='ocrx_word' id='word_1_502' title='bbox 1066 3697 1325 3765; x_wconf 84' lang='lat' dir='ltr'>fuerunt,</span> <span class='ocrx_word' id='word_1_503' title='bbox 1347 3699 1402 3750; x_wconf 91' lang='lat' dir='ltr'>et</span> <span class='ocrx_word' id='word_1_504' title='bbox 1440 3712 1595 3750; x_wconf 84' lang='lat' dir='ltr'>unus</span> <span class='ocrx_word' id='word_1_505' title='bbox 1626 3693 1982 3749; x_wconf 89' lang='lat' dir='ltr'>adulterium</span> 
     </span>
    </p>
   </div>
   <div class='ocr_carea' id='block_1_73' title="bbox 331 3789 594 3846">
    <p class='ocr_par' dir='ltr' id='par_1_73' title="bbox 331 3789 594 3846">
     <span class='ocr_line' id='line_1_73' title="bbox 331 3789 594 3846; baseline -0.015 0"><span class='ocrx_word' id='word_1_506' title='bbox 331 3789 594 3846; x_wconf 89' lang='lat' dir='ltr'>admisit.</span> 
     </span>
    </p>
   </div>
   <div class='ocr_carea' id='block_1_74' title="bbox 328 3871 1979 3943">
    <p class='ocr_par' dir='ltr' id='par_1_74' title="bbox 328 3871 1979 3943">
     <span class='ocr_line' id='line_1_74' title="bbox 328 3871 1979 3943; baseline -0.006 -9"><span class='ocrx_word' id='word_1_507' title='bbox 328 3878 461 3935; x_wconf 81' lang='lat' dir='ltr'>CAP.</span> <span class='ocrx_word' id='word_1_508' title='bbox 494 3877 616 3933; x_wconf 81' lang='lat'>140.</span> <span class='ocrx_word' id='word_1_509' title='bbox 651 3907 715 3916; x_wconf 95' lang='lat'><strong><em>—</em></strong></span> <span class='ocrx_word' id='word_1_510' title='bbox 740 3881 817 3932; x_wconf 93' lang='lat' dir='ltr'>De</span> <span class='ocrx_word' id='word_1_511' title='bbox 845 3873 1050 3930; x_wconf 86' lang='lat' dir='ltr'>eodem.</span> <span class='ocrx_word' id='word_1_512' title='bbox 1081 3873 1446 3943; x_wconf 81' lang='lat' dir='ltr'>Augustinus,</span> <span class='ocrx_word' id='word_1_513' title='bbox 1475 3873 1552 3928; x_wconf 89' lang='lat' dir='ltr'>De</span> <span class='ocrx_word' id='word_1_514' title='bbox 1601 3872 1773 3926; x_wconf 82' lang='lat' dir='ltr'>libero</span> <span class='ocrx_word' id='word_1_515' title='bbox 1821 3871 1979 3926; x_wconf 88' lang='lat' dir='ltr'>arbi-</span> 
     </span>
    </p>
   </div>
   <div class='ocr_carea' id='block_1_75' title="bbox 894 3946 1407 4014">
    <p class='ocr_par' dir='ltr' id='par_1_75' title="bbox 894 3946 1407 4014">
     <span class='ocr_line' id='line_1_75' title="bbox 894 3946 1407 4014; baseline -0.006 -14"><span class='ocrx_word' id='word_1_516' title='bbox 894 3946 1000 4001; x_wconf 84' lang='lat' dir='ltr'>trio</span> <span class='ocrx_word' id='word_1_517' title='bbox 1023 3946 1144 4014; x_wconf 81' lang='lat' dir='ltr'>(lib.</span> <span class='ocrx_word' id='word_1_518' title='bbox 1183 3963 1220 4012; x_wconf 86' lang='grc' dir='ltr'>ι,</span> <span class='ocrx_word' id='word_1_519' title='bbox 1253 3962 1300 3998; x_wconf 92' lang='lat' dir='ltr'>c.</span> <span class='ocrx_word' id='word_1_520' title='bbox 1329 3947 1407 4011; x_wconf 91' lang='lat'>5).</span> 
     </span>
    </p>
   </div>
   <div class='ocr_carea' id='block_1_76' title="bbox 397 4029 1975 4110">
    <p class='ocr_par' dir='ltr' id='par_1_76' title="bbox 397 4029 1975 4110">
     <span class='ocr_line' id='line_1_76' title="bbox 397 4029 1975 4110; baseline -0.005 -18"><span class='ocrx_word' id='word_1_521' title='bbox 397 4039 506 4110; x_wconf 84' lang='lat'>(32,</span> <span class='ocrx_word' id='word_1_522' title='bbox 538 4055 589 4109; x_wconf 89' lang='lat' dir='ltr'>q.</span> <span class='ocrx_word' id='word_1_523' title='bbox 619 4037 673 4108; x_wconf 88' lang='lat'>5,</span> <span class='ocrx_word' id='word_1_524' title='bbox 696 4053 743 4091; x_wconf 89' lang='lat' dir='ltr'>c.</span> <span class='ocrx_word' id='word_1_525' title='bbox 761 4034 1168 4106; x_wconf 86' lang='lat' dir='ltr'>Depudicitia.)</span> <span class='ocrx_word' id='word_1_526' title='bbox 1189 4033 1269 4088; x_wconf 90' lang='lat' dir='ltr'>De</span> <span class='ocrx_word' id='word_1_527' title='bbox 1288 4031 1567 4103; x_wconf 90' lang='lat' dir='ltr'>pudicitia</span> <span class='ocrx_word' id='word_1_528' title='bbox 1591 4029 1724 4102; x_wconf 89' lang='lat' dir='ltr'>quis</span> <span class='ocrx_word' id='word_1_529' title='bbox 1746 4029 1975 4085; x_wconf 88' lang='lat' dir='ltr'>dubita-</span> 
     </span>
    </p>
   </div>
   <div class='ocr_carea' id='block_1_77' title="bbox 323 4119 1973 4198">
    <p class='ocr_par' dir='ltr' id='par_1_77' title="bbox 323 4119 1973 4198">
     <span class='ocr_line' id='line_1_77' title="bbox 323 4119 1973 4198; baseline -0.006 -15"><span class='ocrx_word' id='word_1_530' title='bbox 323 4127 491 4192; x_wconf 86' lang='lat' dir='ltr'>verit,</span> <span class='ocrx_word' id='word_1_531' title='bbox 522 4127 662 4198; x_wconf 88' lang='lat' dir='ltr'>quin</span> <span class='ocrx_word' id='word_1_532' title='bbox 695 4142 762 4180; x_wconf 89' lang='lat' dir='ltr'>ea</span> <span class='ocrx_word' id='word_1_533' title='bbox 787 4124 865 4180; x_wconf 90' lang='lat' dir='ltr'>sit</span> <span class='ocrx_word' id='word_1_534' title='bbox 893 4123 951 4178; x_wconf 93' lang='lat' dir='ltr'>in</span> <span class='ocrx_word' id='word_1_535' title='bbox 987 4123 1114 4194; x_wconf 92' lang='lat' dir='ltr'>ipso</span> <span class='ocrx_word' id='word_1_536' title='bbox 1136 4120 1474 4188; x_wconf 89' lang='lat' dir='ltr'>constituta,</span> <span class='ocrx_word' id='word_1_537' title='bbox 1498 4119 1973 4190; x_wconf 89' lang='lat' dir='ltr'>quandoquidem</span> 
     </span>
    </p>
   </div>
   <div class='ocr_carea' id='block_1_78' title="bbox 325 4208 1976 4280">
    <p class='ocr_par' dir='ltr' id='par_1_78' title="bbox 325 4208 1976 4280">
     <span class='ocr_line' id='line_1_78' title="bbox 325 4208 1976 4280; baseline -0.005 -8"><span class='ocrx_word' id='word_1_538' title='bbox 325 4216 512 4272; x_wconf 88' lang='lat' dir='ltr'>virtus</span> <span class='ocrx_word' id='word_1_539' title='bbox 541 4214 682 4270; x_wconf 81' lang='lat' dir='ltr'>est?</span> <span class='ocrx_word' id='word_1_540' title='bbox 712 4213 874 4268; x_wconf 90' lang='lat' dir='ltr'>Unde</span> <span class='ocrx_word' id='word_1_541' title='bbox 919 4229 952 4266; x_wconf 92' lang='lat' dir='ltr'>a</span> <span class='ocrx_word' id='word_1_542' title='bbox 999 4209 1252 4266; x_wconf 89' lang='lat' dir='ltr'>violento</span> <span class='ocrx_word' id='word_1_543' title='bbox 1307 4213 1638 4280; x_wconf 90' lang='lat' dir='ltr'>stupratore</span> <span class='ocrx_word' id='word_1_544' title='bbox 1687 4224 1791 4263; x_wconf 93' lang='lat' dir='ltr'>nec</span> <span class='ocrx_word' id='word_1_545' title='bbox 1849 4208 1976 4278; x_wconf 84' lang='lat' dir='ltr'>ipsa</span> 
     </span>
    </p>
   </div>
   <div class='ocr_carea' id='block_1_79' title="bbox 327 4305 716 4377">
    <p class='ocr_par' dir='ltr' id='par_1_79' title="bbox 327 4305 716 4377">
     <span class='ocr_line' id='line_1_79' title="bbox 327 4305 716 4377; baseline -0.01 -17"><span class='ocrx_word' id='word_1_546' title='bbox 327 4305 473 4377; x_wconf 91' lang='lat' dir='ltr'>eripi</span> <span class='ocrx_word' id='word_1_547' title='bbox 507 4307 716 4376; x_wconf 90' lang='lat' dir='ltr'>potest.</span> 
     </span>
    </p>
   </div>
   <div class='ocr_carea' id='block_1_80' title="bbox 325 4385 1973 4458">
    <p class='ocr_par' dir='ltr' id='par_1_80' title="bbox 325 4385 1973 4458">
     <span class='ocr_line' id='line_1_80' title="bbox 325 4385 1973 4458; baseline -0.005 -10"><span class='ocrx_word' id='word_1_548' title='bbox 325 4395 458 4449; x_wconf 88' lang='lat' dir='ltr'>CAP.</span> <span class='ocrx_word' id='word_1_549' title='bbox 496 4392 615 4445; x_wconf 88' lang='grc'>141.</span> <span class='ocrx_word' id='word_1_550' title='bbox 650 4419 719 4430; x_wconf 90' lang='lat'><strong>—</strong></span> <span class='ocrx_word' id='word_1_551' title='bbox 747 4391 885 4444; x_wconf 84' lang='lat' dir='ltr'>Item</span> <span class='ocrx_word' id='word_1_552' title='bbox 914 4388 978 4442; x_wconf 85' lang='lat' dir='ltr'>de</span> <span class='ocrx_word' id='word_1_553' title='bbox 1005 4386 1212 4443; x_wconf 87' lang='lat' dir='ltr'>eodem.</span> <span class='ocrx_word' id='word_1_554' title='bbox 1240 4386 1605 4456; x_wconf 79' lang='lat' dir='ltr'>Hieronymus</span> <span class='ocrx_word' id='word_1_555' title='bbox 1644 4402 1805 4458; x_wconf 85' lang='lat' dir='ltr'>super</span> <span class='ocrx_word' id='word_1_556' title='bbox 1852 4385 1973 4458; x_wconf 86' lang='lat' dir='ltr'>epi-</span> 
     </span>
    </p>
   </div>
   <div class='ocr_carea' id='block_1_81' title="bbox 822 4459 1472 4514">
    <p class='ocr_par' dir='ltr' id='par_1_81' title="bbox 822 4459 1472 4514">
     <span class='ocr_line' id='line_1_81' title="bbox 822 4459 1472 4514; baseline 0 -1"><span class='ocrx_word' id='word_1_557' title='bbox 822 4459 1026 4514; x_wconf 83' lang='lat' dir='ltr'>stolam</span> <span class='ocrx_word' id='word_1_558' title='bbox 1075 4459 1145 4512; x_wconf 86' lang='lat' dir='ltr'>ad</span> <span class='ocrx_word' id='word_1_559' title='bbox 1187 4460 1472 4514; x_wconf 84' lang='lat' dir='ltr'>Romanos.</span> 
     </span>
    </p>
   </div>
   <div class='ocr_carea' id='block_1_82' title="bbox 2099 3251 3754 3320">
    <p class='ocr_par' dir='ltr' id='par_1_82' title="bbox 2099 3251 3754 3320">
     <span class='ocr_line' id='line_1_82' title="bbox 2099 3251 3754 3320; baseline 0.001 -14"><span class='ocrx_word' id='word_1_560' title='bbox 2099 3256 2266 3306; x_wconf 70' lang='lat' dir='ltr'>aetate</span> <span class='ocrx_word' id='word_1_561' title='bbox 2295 3269 2328 3306; x_wconf 86' lang='lat' dir='ltr'>a</span> <span class='ocrx_word' id='word_1_562' title='bbox 2357 3252 2479 3308; x_wconf 90' lang='lat' dir='ltr'>viro</span> <span class='ocrx_word' id='word_1_563' title='bbox 2515 3252 2749 3319; x_wconf 72' lang='lat' dir='ltr'>relictaa,</span> <span class='ocrx_word' id='word_1_564' title='bbox 2784 3268 2846 3308; x_wconf 91' lang='lat' dir='ltr'>se</span> <span class='ocrx_word' id='word_1_565' title='bbox 2877 3252 2994 3308; x_wconf 93' lang='lat' dir='ltr'>Deo</span> <span class='ocrx_word' id='word_1_566' title='bbox 3021 3255 3326 3320; x_wconf 86' lang='lat' dir='ltr'>voverunt,</span> <span class='ocrx_word' id='word_1_567' title='bbox 3359 3255 3417 3308; x_wconf 84' lang='lat' dir='ltr'>et</span> <span class='ocrx_word' id='word_1_568' title='bbox 3445 3256 3605 3308; x_wconf 89' lang='lat' dir='ltr'>veste</span> <span class='ocrx_word' id='word_1_569' title='bbox 3639 3251 3754 3307; x_wconf 90' lang='lat' dir='ltr'>lai-</span> 
     </span>
    </p>
   </div>
   <div class='ocr_carea' id='block_1_83' title="bbox 2096 3339 3750 3414">
    <p class='ocr_par' dir='ltr' id='par_1_83' title="bbox 2096 3339 3750 3414">
     <span class='ocr_line' id='line_1_83' title="bbox 2096 3339 3750 3414; baseline -0.001 -18"><span class='ocrx_word' id='word_1_570' title='bbox 2096 3339 2206 3396; x_wconf 92' lang='lat' dir='ltr'>cali</span> <span class='ocrx_word' id='word_1_571' title='bbox 2238 3341 2485 3412; x_wconf 90' lang='lat' dir='ltr'>abjecta,</span> <span class='ocrx_word' id='word_1_572' title='bbox 2521 3343 2630 3397; x_wconf 90' lang='lat' dir='ltr'>sub</span> <span class='ocrx_word' id='word_1_573' title='bbox 2682 3341 3018 3398; x_wconf 86' lang='lat' dir='ltr'>testimonio</span> <span class='ocrx_word' id='word_1_574' title='bbox 3068 3341 3327 3414; x_wconf 91' lang='lat' dir='ltr'>episcopi</span> <span class='ocrx_word' id='word_1_575' title='bbox 3370 3345 3427 3397; x_wconf 90' lang='lat' dir='ltr'>et</span> <span class='ocrx_word' id='word_1_576' title='bbox 3473 3341 3750 3398; x_wconf 65' lang='lat' dir='ltr'>Ecclesia:</span> 
     </span>
    </p>
   </div>
   <div class='ocr_carea' id='block_1_84' title="bbox 2094 3429 3747 3502">
    <p class='ocr_par' dir='ltr' id='par_1_84' title="bbox 2094 3429 3747 3502">
     <span class='ocr_line' id='line_1_84' title="bbox 2094 3429 3747 3502; baseline 0 -18"><span class='ocrx_word' id='word_1_577' title='bbox 2094 3429 2366 3501; x_wconf 90' lang='lat' dir='ltr'>religioso</span> <span class='ocrx_word' id='word_1_578' title='bbox 2402 3429 2601 3485; x_wconf 89' lang='lat' dir='ltr'>habitu</span> <span class='ocrx_word' id='word_1_579' title='bbox 2629 3434 3072 3502; x_wconf 90' lang='lat' dir='ltr'>apparuerunt;</span> <span class='ocrx_word' id='word_1_580' title='bbox 3105 3437 3302 3500; x_wconf 82' lang='lat' dir='ltr'>postea</span> <span class='ocrx_word' id='word_1_581' title='bbox 3331 3446 3465 3486; x_wconf 92' lang='lat' dir='ltr'>vero</span> <span class='ocrx_word' id='word_1_582' title='bbox 3505 3431 3577 3485; x_wconf 92' lang='lat' dir='ltr'>ad</span> <span class='ocrx_word' id='word_1_583' title='bbox 3629 3447 3747 3484; x_wconf 88' lang='lat' dir='ltr'>nu-</span> 
     </span>
    </p>
   </div>
   <div class='ocr_carea' id='block_1_85' title="bbox 2092 3517 3742 3590">
    <p class='ocr_par' dir='ltr' id='par_1_85' title="bbox 2092 3517 3742 3590">
     <span class='ocr_line' id='line_1_85' title="bbox 2092 3517 3742 3590; baseline 0.001 -18"><span class='ocrx_word' id='word_1_584' title='bbox 2092 3518 2242 3590; x_wconf 85' lang='lat' dir='ltr'>ptias</span> <span class='ocrx_word' id='word_1_585' title='bbox 2275 3517 2582 3573; x_wconf 66' lang='lat' dir='ltr'>saeculares</span> <span class='ocrx_word' id='word_1_586' title='bbox 2613 3519 2996 3586; x_wconf 89' lang='lat' dir='ltr'>transierunt,</span> <span class='ocrx_word' id='word_1_587' title='bbox 3031 3519 3359 3575; x_wconf 90' lang='lat' dir='ltr'>secundum</span> <span class='ocrx_word' id='word_1_588' title='bbox 3393 3517 3742 3590; x_wconf 87' lang='lat' dir='ltr'>Apostolum</span> 
     </span>
    </p>
   </div>
   <div class='ocr_carea' id='block_1_86' title="bbox 2091 3607 3743 3680">
    <p class='ocr_par' dir='ltr' id='par_1_86' title="bbox 2091 3607 3743 3680">
     <span class='ocr_line' id='line_1_86' title="bbox 2091 3607 3743 3680; baseline 0.001 -18"><span class='ocrx_word' id='word_1_589' title='bbox 2091 3609 2531 3663; x_wconf 88' lang='lat' dir='ltr'>damnationem</span> <span class='ocrx_word' id='word_1_590' title='bbox 2565 3607 2867 3662; x_wconf 89' lang='lat' dir='ltr'>habebunt</span> <span class='ocrx_word' id='word_1_591' title='bbox 2897 3609 2943 3680; x_wconf 93' lang='lat' dir='ltr'>(I</span> <span class='ocrx_word' id='word_1_592' title='bbox 2972 3609 3105 3665; x_wconf 89' lang='lat' dir='ltr'>Tim.</span> <span class='ocrx_word' id='word_1_593' title='bbox 3131 3610 3212 3678; x_wconf 90' lang='lat' dir='ltr'>v),</span> <span class='ocrx_word' id='word_1_594' title='bbox 3257 3609 3532 3680; x_wconf 90' lang='lat' dir='ltr'>quoniam</span> <span class='ocrx_word' id='word_1_595' title='bbox 3565 3607 3743 3663; x_wconf 87' lang='lat' dir='ltr'>ﬁdem</span> 
     </span>
    </p>
   </div>
   <div class='ocr_carea' id='block_1_87' title="bbox 2090 3695 3743 3768">
    <p class='ocr_par' dir='ltr' id='par_1_87' title="bbox 2090 3695 3743 3768">
     <span class='ocr_line' id='line_1_87' title="bbox 2090 3695 3743 3768; baseline 0 -17"><span class='ocrx_word' id='word_1_596' title='bbox 2090 3696 2404 3761; x_wconf 88' lang='lat' dir='ltr'>castitatis,</span> <span class='ocrx_word' id='word_1_597' title='bbox 2437 3713 2612 3768; x_wconf 89' lang='lat' dir='ltr'>quam</span> <span class='ocrx_word' id='word_1_598' title='bbox 2651 3698 2760 3752; x_wconf 90' lang='lat' dir='ltr'>Deo</span> <span class='ocrx_word' id='word_1_599' title='bbox 2790 3702 3092 3762; x_wconf 90' lang='lat' dir='ltr'>voverunt,</span> <span class='ocrx_word' id='word_1_600' title='bbox 3113 3697 3340 3752; x_wconf 90' lang='lat' dir='ltr'>irritam</span> <span class='ocrx_word' id='word_1_601' title='bbox 3364 3695 3553 3752; x_wconf 82' lang='lat' dir='ltr'>facere</span> <span class='ocrx_word' id='word_1_602' title='bbox 3583 3713 3743 3751; x_wconf 65' lang='lat' dir='ltr'>ausa:</span> 
     </span>
    </p>
   </div>
   <div class='ocr_carea' id='block_1_88' title="bbox 2090 3783 3746 3856">
    <p class='ocr_par' dir='ltr' id='par_1_88' title="bbox 2090 3783 3746 3856">
     <span class='ocr_line' id='line_1_88' title="bbox 2090 3783 3746 3856; baseline 0.001 -17"><span class='ocrx_word' id='word_1_603' title='bbox 2090 3793 2244 3839; x_wconf 87' lang='lat' dir='ltr'>sunt.</span> <span class='ocrx_word' id='word_1_604' title='bbox 2278 3784 2447 3840; x_wconf 88' lang='lat' dir='ltr'>Tales</span> <span class='ocrx_word' id='word_1_605' title='bbox 2477 3801 2613 3856; x_wconf 91' lang='lat' dir='ltr'>ergo</span> <span class='ocrx_word' id='word_1_606' title='bbox 2646 3801 2909 3856; x_wconf 68' lang='lat' dir='ltr'>personas</span> <span class='ocrx_word' id='word_1_607' title='bbox 2941 3785 3067 3841; x_wconf 92' lang='lat' dir='ltr'>sine</span> <span class='ocrx_word' id='word_1_608' title='bbox 3086 3783 3555 3841; x_wconf 88' lang='lat' dir='ltr'>Christianorum</span> <span class='ocrx_word' id='word_1_609' title='bbox 3582 3801 3746 3840; x_wconf 91' lang='lat' dir='ltr'>com-</span> 
     </span>
    </p>
   </div>
   <div class='ocr_carea' id='block_1_89' title="bbox 2088 3873 3742 3944">
    <p class='ocr_par' dir='ltr' id='par_1_89' title="bbox 2088 3873 3742 3944">
     <span class='ocr_line' id='line_1_89' title="bbox 2088 3873 3742 3944; baseline 0 -16"><span class='ocrx_word' id='word_1_610' title='bbox 2088 3873 2367 3929; x_wconf 89' lang='lat' dir='ltr'>munione</span> <span class='ocrx_word' id='word_1_611' title='bbox 2399 3878 2694 3944; x_wconf 89' lang='lat' dir='ltr'>maneant,</span> <span class='ocrx_word' id='word_1_612' title='bbox 2723 3890 2848 3944; x_wconf 71' lang='lat' dir='ltr'>qua:</span> <span class='ocrx_word' id='word_1_613' title='bbox 2880 3891 2984 3930; x_wconf 86' lang='lat' dir='ltr'>nec</span> <span class='ocrx_word' id='word_1_614' title='bbox 3016 3874 3192 3930; x_wconf 91' lang='lat' dir='ltr'>etiam</span> <span class='ocrx_word' id='word_1_615' title='bbox 3224 3873 3282 3930; x_wconf 91' lang='lat' dir='ltr'>in</span> <span class='ocrx_word' id='word_1_616' title='bbox 3317 3873 3574 3929; x_wconf 89' lang='lat' dir='ltr'>convivio</span> <span class='ocrx_word' id='word_1_617' title='bbox 3606 3889 3742 3928; x_wconf 89' lang='lat' dir='ltr'>cum</span> 
     </span>
    </p>
   </div>
   <div class='ocr_carea' id='block_1_90' title="bbox 2085 3961 2922 4019">
    <p class='ocr_par' dir='ltr' id='par_1_90' title="bbox 2085 3961 2922 4019">
     <span class='ocr_line' id='line_1_90' title="bbox 2085 3961 2922 4019; baseline 0.002 -2"><span class='ocrx_word' id='word_1_618' title='bbox 2085 3961 2436 4018; x_wconf 90' lang='lat' dir='ltr'>Christianis</span> <span class='ocrx_word' id='word_1_619' title='bbox 2466 3963 2922 4019; x_wconf 88' lang='lat' dir='ltr'>communicent.</span> 
     </span>
    </p>
   </div>
   <div class='ocr_carea' id='block_1_91' title="bbox 2086 4050 3738 4120">
    <p class='ocr_par' dir='ltr' id='par_1_91' title="bbox 2086 4050 3738 4120">
     <span class='ocr_line' id='line_1_91' title="bbox 2086 4050 3738 4120; baseline 0.001 -15"><span class='ocrx_word' id='word_1_620' title='bbox 2086 4050 2218 4106; x_wconf 83' lang='lat' dir='ltr'>CAP.</span> <span class='ocrx_word' id='word_1_621' title='bbox 2259 4051 2374 4106; x_wconf 88' lang='lat'>148.</span> <span class='ocrx_word' id='word_1_622' title='bbox 2407 4083 2477 4092; x_wconf 91' lang='lat'><strong><em>—</em></strong></span> <span class='ocrx_word' id='word_1_623' title='bbox 2516 4053 2588 4107; x_wconf 90' lang='lat' dir='ltr'>De</span> <span class='ocrx_word' id='word_1_624' title='bbox 2634 4052 2820 4107; x_wconf 87' lang='lat' dir='ltr'>eadem</span> <span class='ocrx_word' id='word_1_625' title='bbox 2868 4068 2926 4108; x_wconf 89' lang='lat' dir='ltr'>re</span> <span class='ocrx_word' id='word_1_626' title='bbox 2972 4051 3252 4108; x_wconf 79' lang='lat' dir='ltr'>Cateltino</span> <span class='ocrx_word' id='word_1_627' title='bbox 3303 4052 3548 4120; x_wconf 79' lang='lat' dir='ltr'>[Catella]</span> <span class='ocrx_word' id='word_1_628' title='bbox 3599 4053 3738 4106; x_wconf 83' lang='lat' dir='ltr'>Rea-</span> 
     </span>
    </p>
   </div>
   <div class='ocr_carea' id='block_1_92' title="bbox 2155 4121 3739 4206">
    <p class='ocr_par' dir='ltr' id='par_1_92' title="bbox 2155 4121 3739 4206">
     <span class='ocr_line' id='line_1_92' title="bbox 2155 4121 3739 4206; baseline -0.001 -28"><span class='ocrx_word' id='word_1_629' title='bbox 2155 4124 2272 4178; x_wconf 87' lang='lat' dir='ltr'>tino</span> <span class='ocrx_word' id='word_1_630' title='bbox 2294 4124 2482 4206; x_wconf 75' lang='lat' dir='ltr'>presb.</span> <span class='ocrx_word' id='word_1_631' title='bbox 2504 4127 2555 4180; x_wconf 89' lang='lat' dir='ltr'>et</span> <span class='ocrx_word' id='word_1_632' title='bbox 2591 4124 2842 4181; x_wconf 81' lang='lat' dir='ltr'>Marcello</span> <span class='ocrx_word' id='word_1_633' title='bbox 2871 4125 3151 4181; x_wconf 88' lang='lat' dir='ltr'>Amertino</span> <span class='ocrx_word' id='word_1_634' title='bbox 3199 4123 3589 4193; x_wconf 81' lang='lat' dir='ltr'>[Amiternino]</span> <span class='ocrx_word' id='word_1_635' title='bbox 3620 4121 3739 4194; x_wconf 84' lang='lat' dir='ltr'>epi-</span> 
     </span>
    </p>
   </div>
   <div class='ocr_carea' id='block_1_93' title="bbox 2154 4211 2348 4250">
    <p class='ocr_par' dir='ltr' id='par_1_93' title="bbox 2154 4211 2348 4250">
     <span class='ocr_line' id='line_1_93' title="bbox 2154 4211 2348 4250; baseline -0.005 0"><span class='ocrx_word' id='word_1_636' title='bbox 2154 4211 2348 4250; x_wconf 72' lang='lat' dir='ltr'>SCOMS.</span> 
     </span>
    </p>
   </div>
   <div class='ocr_carea' id='block_1_94' title="bbox 2155 4212 3745 4340">
    <p class='ocr_par' dir='ltr' id='par_1_94' title="bbox 2155 4212 3745 4340">
     <span class='ocr_line' id='line_1_94' title="bbox 2155 4212 2348 4267; baseline -0.005 -17"><span class='ocrx_word' id='word_1_637' title='bbox 2155 4212 2348 4267; x_wconf 79' lang='lat' dir='ltr'>scopis.</span> 
     </span>
     <span class='ocr_line' id='line_1_95' title="bbox 2155 4282 3745 4340; baseline 0 -3"><span class='ocrx_word' id='word_1_638' title='bbox 2155 4283 2356 4340; x_wconf 89' lang='lat' dir='ltr'>Tuizia</span> <span class='ocrx_word' id='word_1_639' title='bbox 2385 4301 2419 4339; x_wconf 91' lang='lat' dir='ltr'>a</span> <span class='ocrx_word' id='word_1_640' title='bbox 2447 4282 2566 4340; x_wconf 82' lang='lat' dir='ltr'>filio</span> <span class='ocrx_word' id='word_1_641' title='bbox 2587 4285 2828 4340; x_wconf 89' lang='lat' dir='ltr'>veniens</span> <span class='ocrx_word' id='word_1_642' title='bbox 2852 4288 3054 4340; x_wconf 91' lang='lat' dir='ltr'>nostro</span> <span class='ocrx_word' id='word_1_643' title='bbox 3078 4283 3410 4340; x_wconf 90' lang='lat' dir='ltr'>clarissimo</span> <span class='ocrx_word' id='word_1_644' title='bbox 3428 4283 3549 4338; x_wconf 90' lang='lat' dir='ltr'>viro</span> <span class='ocrx_word' id='word_1_645' title='bbox 3570 4282 3745 4339; x_wconf 83' lang='lat' dir='ltr'>Geor-</span> 
     </span>
    </p>
   </div>
   <div class='ocr_carea' id='block_1_95' title="bbox 2082 4371 3744 4446">
    <p class='ocr_par' dir='ltr' id='par_1_95' title="bbox 2082 4371 3744 4446">
     <span class='ocr_line' id='line_1_96' title="bbox 2082 4371 3744 4446; baseline 0.001 -19"><span class='ocrx_word' id='word_1_646' title='bbox 2082 4372 2177 4446; x_wconf 89' lang='lat' dir='ltr'>gio</span> <span class='ocrx_word' id='word_1_647' title='bbox 2205 4373 2437 4439; x_wconf 91' lang='lat' dir='ltr'>comite,</span> <span class='ocrx_word' id='word_1_648' title='bbox 2473 4376 2528 4428; x_wconf 90' lang='lat' dir='ltr'>et</span> <span class='ocrx_word' id='word_1_649' title='bbox 2557 4377 2763 4445; x_wconf 90' lang='lat' dir='ltr'>agente</span> <span class='ocrx_word' id='word_1_650' title='bbox 2793 4375 2948 4430; x_wconf 88' lang='lat' dir='ltr'>vices</span> <span class='ocrx_word' id='word_1_651' title='bbox 2979 4373 3228 4430; x_wconf 90' lang='lat' dir='ltr'>illustris</span> <span class='ocrx_word' id='word_1_652' title='bbox 3258 4373 3367 4428; x_wconf 88' lang='lat' dir='ltr'>viri</span> <span class='ocrx_word' id='word_1_653' title='bbox 3423 4371 3744 4428; x_wconf 88' lang='lat' dir='ltr'>clarissimi</span> 
     </span>
    </p>
   </div>
   <div class='ocr_carea' id='block_1_96' title="bbox 2081 4461 3739 4533">
    <p class='ocr_par' dir='ltr' id='par_1_96' title="bbox 2081 4461 3739 4533">
     <span class='ocr_line' id='line_1_97' title="bbox 2081 4461 3739 4533; baseline -0.001 -16"><span class='ocrx_word' id='word_1_654' title='bbox 2081 4461 2399 4517; x_wconf 78' lang='lat' dir='ltr'>Marcellini</span> <span class='ocrx_word' id='word_1_655' title='bbox 2442 4461 2663 4531; x_wconf 88' lang='lat' dir='ltr'>vicarii,</span> <span class='ocrx_word' id='word_1_656' title='bbox 2710 4467 2919 4533; x_wconf 88' lang='lat' dir='ltr'>questa</span> <span class='ocrx_word' id='word_1_657' title='bbox 2969 4466 3353 4528; x_wconf 88' lang='lat' dir='ltr'>monstratur,</span> <span class='ocrx_word' id='word_1_658' title='bbox 3402 4462 3555 4533; x_wconf 86' lang='lat' dir='ltr'>quod</span> <span class='ocrx_word' id='word_1_659' title='bbox 3606 4477 3739 4516; x_wconf 91' lang='lat' dir='ltr'>eam</span> 
     </span>
    </p>
   </div>
   <div class='ocr_carea' id='block_1_97' title="bbox 394 4533 3740 4622">
    <p class='ocr_par' dir='ltr' id='par_1_97' title="bbox 394 4533 3740 4622">
     <span class='ocr_line' id='line_1_98' title="bbox 394 4533 3740 4622; baseline 0.001 -18"><span class='ocrx_word' id='word_1_660' title='bbox 394 4548 540 4606; x_wconf 90' lang='lat' dir='ltr'>Fieri</span> <span class='ocrx_word' id='word_1_661' title='bbox 573 4565 688 4604; x_wconf 91' lang='lat' dir='ltr'>non</span> <span class='ocrx_word' id='word_1_662' title='bbox 719 4551 931 4620; x_wconf 90' lang='lat' dir='ltr'>potest,</span> <span class='ocrx_word' id='word_1_663' title='bbox 965 4551 1030 4602; x_wconf 91' lang='lat' dir='ltr'>ut</span> <span class='ocrx_word' id='word_1_664' title='bbox 1060 4547 1172 4603; x_wconf 90' lang='lat' dir='ltr'>nisi</span> <span class='ocrx_word' id='word_1_665' title='bbox 1207 4547 1340 4619; x_wconf 91' lang='lat' dir='ltr'>quis</span> <span class='ocrx_word' id='word_1_666' title='bbox 1366 4546 1687 4602; x_wconf 73' lang='lat' dir='ltr'>mmchetur</span> <span class='ocrx_word' id='word_1_667' title='bbox 1717 4547 1881 4619; x_wconf 90' lang='lat' dir='ltr'>prius</span> <span class='ocrx_word' id='word_1_668' title='bbox 1911 4546 1971 4602; x_wconf 90' lang='lat' dir='ltr'>in</span> <span class='ocrx_word' id='word_1_669' title='bbox 2004 4533 2048 4597; x_wconf 79' lang='grc' dir='ltr'>Ι)</span> <span class='ocrx_word' id='word_1_670' title='bbox 2081 4550 2392 4619; x_wconf 83' lang='lat' dir='ltr'>Maximus,</span> <span class='ocrx_word' id='word_1_671' title='bbox 2426 4567 2603 4622; x_wconf 88' lang='lat' dir='ltr'>quem</span> <span class='ocrx_word' id='word_1_672' title='bbox 2636 4568 2815 4607; x_wconf 85' lang='lat' dir='ltr'>suum</span> <span class='ocrx_word' id='word_1_673' title='bbox 2847 4551 3153 4622; x_wconf 81' lang='lat' dir='ltr'>conjugem</span> <span class='ocrx_word' id='word_1_674' title='bbox 3184 4551 3547 4622; x_wconf 90' lang='lat' dir='ltr'>perhibebat,</span> <span class='ocrx_word' id='word_1_675' title='bbox 3574 4549 3740 4606; x_wconf 89' lang='lat' dir='ltr'>nulla</span> 
     </span>
    </p>
   </div>
   <div class='ocr_carea' id='block_1_98' title="bbox 325 4636 1431 4709">
    <p class='ocr_par' dir='ltr' id='par_1_98' title="bbox 325 4636 1431 4709">
     <span class='ocr_line' id='line_1_99' title="bbox 325 4636 1431 4709; baseline -0.003 -15"><span class='ocrx_word' id='word_1_676' title='bbox 325 4640 520 4708; x_wconf 90' lang='lat' dir='ltr'>corde,</span> <span class='ocrx_word' id='word_1_677' title='bbox 553 4637 827 4693; x_wconf 69' lang='lat' dir='ltr'>moechari</span> <span class='ocrx_word' id='word_1_678' title='bbox 863 4637 1042 4709; x_wconf 88' lang='lat' dir='ltr'>possit</span> <span class='ocrx_word' id='word_1_679' title='bbox 1079 4636 1136 4691; x_wconf 92' lang='lat' dir='ltr'>in</span> <span class='ocrx_word' id='word_1_680' title='bbox 1170 4653 1431 4708; x_wconf 92' lang='lat' dir='ltr'>corpore.</span> 
     </span>
    </p>
   </div>
   <div class='ocr_carea' id='block_1_99' title="bbox 326 4741 1973 4812">
    <p class='ocr_par' dir='ltr' id='par_1_99' title="bbox 326 4741 1973 4812">
     <span class='ocr_line' id='line_1_100' title="bbox 326 4741 1973 4812; baseline -0.004 -12"><span class='ocrx_word' id='word_1_681' title='bbox 326 4748 460 4800; x_wconf 88' lang='lat' dir='ltr'>CAP.</span> <span class='ocrx_word' id='word_1_682' title='bbox 497 4744 616 4800; x_wconf 85' lang='lat'>142.</span> <span class='ocrx_word' id='word_1_683' title='bbox 640 4774 707 4785; x_wconf 90' lang='lat'>—</span> <span class='ocrx_word' id='word_1_684' title='bbox 737 4745 866 4799; x_wconf 90' lang='lat' dir='ltr'>Item</span> <span class='ocrx_word' id='word_1_685' title='bbox 895 4742 962 4798; x_wconf 87' lang='lat' dir='ltr'>de</span> <span class='ocrx_word' id='word_1_686' title='bbox 990 4743 1202 4799; x_wconf 85' lang='lat' dir='ltr'>eodem.</span> <span class='ocrx_word' id='word_1_687' title='bbox 1238 4742 1481 4799; x_wconf 85' lang='lat' dir='ltr'>Isidorus</span> <span class='ocrx_word' id='word_1_688' title='bbox 1511 4741 1570 4798; x_wconf 91' lang='lat' dir='ltr'>in</span> <span class='ocrx_word' id='word_1_689' title='bbox 1621 4742 1973 4812; x_wconf 85' lang='lat' dir='ltr'>Synonymis.</span> 
     </span>
    </p>
   </div>
   <div class='ocr_carea' id='block_1_100' title="bbox 395 4847 1978 4922">
    <p class='ocr_par' dir='ltr' id='par_1_100' title="bbox 395 4847 1978 4922">
     <span class='ocr_line' id='line_1_101' title="bbox 395 4847 1978 4922; baseline -0.002 -15"><span class='ocrx_word' id='word_1_690' title='bbox 395 4852 520 4907; x_wconf 86' lang='lat' dir='ltr'>Non</span> <span class='ocrx_word' id='word_1_691' title='bbox 553 4855 748 4922; x_wconf 88' lang='lat' dir='ltr'>potest</span> <span class='ocrx_word' id='word_1_692' title='bbox 766 4867 982 4922; x_wconf 89' lang='lat' dir='ltr'>corpus</span> <span class='ocrx_word' id='word_1_693' title='bbox 1004 4849 1326 4921; x_wconf 88' lang='lat' dir='ltr'>corrumpi,</span> <span class='ocrx_word' id='word_1_694' title='bbox 1347 4847 1460 4904; x_wconf 90' lang='lat' dir='ltr'>nisi</span> <span class='ocrx_word' id='word_1_695' title='bbox 1483 4848 1646 4918; x_wconf 92' lang='lat' dir='ltr'>prius</span> <span class='ocrx_word' id='word_1_696' title='bbox 1669 4852 1978 4918; x_wconf 78' lang='lat' dir='ltr'>corruptus</span> 
     </span>
    </p>
   </div>
   <div class='ocr_carea' id='block_1_101' title="bbox 327 4935 1974 5009">
    <p class='ocr_par' dir='ltr' id='par_1_101' title="bbox 327 4935 1974 5009">
     <span class='ocr_line' id='line_1_102' title="bbox 327 4935 1974 5009; baseline -0.003 -14"><span class='ocrx_word' id='word_1_697' title='bbox 327 4940 562 4996; x_wconf 88' lang='lat' dir='ltr'>animus</span> <span class='ocrx_word' id='word_1_698' title='bbox 594 4939 787 4995; x_wconf 87' lang='lat' dir='ltr'>fuerit.</span> <span class='ocrx_word' id='word_1_699' title='bbox 827 4941 982 4995; x_wconf 81' lang='lat' dir='ltr'>Item.</span> <span class='ocrx_word' id='word_1_700' title='bbox 1033 4939 1253 4993; x_wconf 88' lang='lat' dir='ltr'>Munda</span> <span class='ocrx_word' id='word_1_701' title='bbox 1304 4955 1337 4993; x_wconf 91' lang='lat' dir='ltr'>a</span> <span class='ocrx_word' id='word_1_702' title='bbox 1388 4938 1734 5009; x_wconf 89' lang='lat' dir='ltr'>contagione</span> <span class='ocrx_word' id='word_1_703' title='bbox 1794 4935 1974 4991; x_wconf 89' lang='lat' dir='ltr'>animi</span> 
     </span>
    </p>
   </div>
   <div class='ocr_carea' id='block_1_102' title="bbox 326 5029 857 5096">
    <p class='ocr_par' dir='ltr' id='par_1_102' title="bbox 326 5029 857 5096">
     <span class='ocr_line' id='line_1_103' title="bbox 326 5029 857 5096; baseline -0.004 -14"><span class='ocrx_word' id='word_1_704' title='bbox 326 5043 460 5082; x_wconf 91' lang='lat' dir='ltr'>caro</span> <span class='ocrx_word' id='word_1_705' title='bbox 491 5042 605 5080; x_wconf 92' lang='lat' dir='ltr'>non</span> <span class='ocrx_word' id='word_1_706' title='bbox 633 5029 857 5096; x_wconf 92' lang='lat' dir='ltr'>peccat.</span> 
     </span>
    </p>
   </div>
   <div class='ocr_carea' id='block_1_103' title="bbox 325 5113 1974 5184">
    <p class='ocr_par' dir='ltr' id='par_1_103' title="bbox 325 5113 1974 5184">
     <span class='ocr_line' id='line_1_104' title="bbox 325 5113 1974 5184; baseline -0.002 -13"><span class='ocrx_word' id='word_1_707' title='bbox 325 5115 455 5171; x_wconf 87' lang='lat' dir='ltr'>CAP.</span> <span class='ocrx_word' id='word_1_708' title='bbox 491 5115 610 5170; x_wconf 90' lang='lat'>143.</span> <span class='ocrx_word' id='word_1_709' title='bbox 645 5145 712 5156; x_wconf 94' lang='lat'><strong><em>—</em></strong></span> <span class='ocrx_word' id='word_1_710' title='bbox 743 5113 892 5181; x_wconf 85' lang='lat' dir='ltr'>Quod</span> <span class='ocrx_word' id='word_1_711' title='bbox 923 5113 1216 5184; x_wconf 80' lang='lat' dir='ltr'>capitalem</span> <span class='ocrx_word' id='word_1_712' title='bbox 1245 5114 1579 5184; x_wconf 78' lang='lat' dir='ltr'>sententiam</span> <span class='ocrx_word' id='word_1_713' title='bbox 1618 5113 1831 5182; x_wconf 84' lang='lat' dir='ltr'>subeat,</span> <span class='ocrx_word' id='word_1_714' title='bbox 1879 5113 1974 5184; x_wconf 88' lang='lat' dir='ltr'>qui</span> 
     </span>
    </p>
   </div>
   <div class='ocr_carea' id='block_1_104' title="bbox 394 5183 1973 5255">
    <p class='ocr_par' dir='ltr' id='par_1_104' title="bbox 394 5183 1973 5255">
     <span class='ocr_line' id='line_1_105' title="bbox 394 5183 1973 5255; baseline -0.002 -13"><span class='ocrx_word' id='word_1_715' title='bbox 394 5195 669 5242; x_wconf 86' lang='lat' dir='ltr'>sacratam</span> <span class='ocrx_word' id='word_1_716' title='bbox 690 5184 963 5255; x_wconf 87' lang='lat' dir='ltr'>virginem</span> <span class='ocrx_word' id='word_1_717' title='bbox 991 5183 1261 5255; x_wconf 86' lang='lat' dir='ltr'>rapuerit.</span> <span class='ocrx_word' id='word_1_718' title='bbox 1296 5183 1668 5240; x_wconf 77' lang='lat' dir='ltr'>Noveltarum</span> <span class='ocrx_word' id='word_1_719' title='bbox 1705 5183 1973 5240; x_wconf 82' lang='lat' dir='ltr'>constitu-</span> 
     </span>
    </p>
   </div>
   <div class='ocr_carea' id='block_1_105' title="bbox 396 5258 816 5314">
    <p class='ocr_par' dir='ltr' id='par_1_105' title="bbox 396 5258 816 5314">
     <span class='ocr_line' id='line_1_106' title="bbox 396 5258 816 5314; baseline -0.007 0"><span class='ocrx_word' id='word_1_720' title='bbox 396 5258 472 5314; x_wconf 84' lang='lat' dir='ltr'>tio</span> <span class='ocrx_word' id='word_1_721' title='bbox 501 5258 816 5313; x_wconf 83' lang='lat' dir='ltr'>undecima.</span> 
     </span>
    </p>
   </div>
   <div class='ocr_carea' id='block_1_106' title="bbox 394 5341 1966 5419">
    <p class='ocr_par' dir='ltr' id='par_1_106' title="bbox 394 5341 1966 5419">
     <span class='ocr_line' id='line_1_107' title="bbox 394 5341 1966 5419; baseline -0.002 -18"><span class='ocrx_word' id='word_1_722' title='bbox 394 5347 508 5419; x_wconf 86' lang='grc'>(27,</span> <span class='ocrx_word' id='word_1_723' title='bbox 533 5364 585 5418; x_wconf 91' lang='lat' dir='ltr'>q.</span> <span class='ocrx_word' id='word_1_724' title='bbox 621 5346 674 5414; x_wconf 88' lang='lat'>1,</span> <span class='ocrx_word' id='word_1_725' title='bbox 703 5361 751 5401; x_wconf 89' lang='lat' dir='ltr'>c.</span> <span class='ocrx_word' id='word_1_726' title='bbox 784 5344 844 5401; x_wconf 87' lang='lat' dir='ltr'>Si</span> <span class='ocrx_word' id='word_1_727' title='bbox 879 5347 1002 5417; x_wconf 85' lang='lat' dir='ltr'>quis</span> <span class='ocrx_word' id='word_1_728' title='bbox 1049 5343 1343 5415; x_wconf 84' lang='lat' dir='ltr'>rapuerit.)</span> <span class='ocrx_word' id='word_1_729' title='bbox 1393 5343 1452 5398; x_wconf 93' lang='lat' dir='ltr'>Si</span> <span class='ocrx_word' id='word_1_730' title='bbox 1501 5341 1633 5414; x_wconf 90' lang='lat' dir='ltr'>quis</span> <span class='ocrx_word' id='word_1_731' title='bbox 1683 5341 1966 5414; x_wconf 90' lang='lat' dir='ltr'>rapuerit,</span> 
     </span>
    </p>
   </div>
   <div class='ocr_carea' id='block_1_107' title="bbox 325 5431 1971 5504">
    <p class='ocr_par' dir='ltr' id='par_1_107' title="bbox 325 5431 1971 5504">
     <span class='ocr_line' id='line_1_108' title="bbox 325 5431 1971 5504; baseline -0.003 -13"><span class='ocrx_word' id='word_1_732' title='bbox 325 5435 412 5491; x_wconf 90' lang='lat' dir='ltr'>vel</span> <span class='ocrx_word' id='word_1_733' title='bbox 463 5435 882 5501; x_wconf 89' lang='lat' dir='ltr'>sollicitaverit,</span> <span class='ocrx_word' id='word_1_734' title='bbox 921 5435 1005 5490; x_wconf 91' lang='lat' dir='ltr'>vel</span> <span class='ocrx_word' id='word_1_735' title='bbox 1045 5432 1368 5504; x_wconf 85' lang='lat' dir='ltr'>corruperit</span> <span class='ocrx_word' id='word_1_736' title='bbox 1410 5431 1836 5496; x_wconf 90' lang='lat' dir='ltr'>matricuriam,</span> <span class='ocrx_word' id='word_1_737' title='bbox 1881 5431 1971 5487; x_wconf 91' lang='lat' dir='ltr'>vel</span> 
     </span>
    </p>
   </div>
   <div class='ocr_carea' id='block_1_108' title="bbox 323 5519 1966 5591">
    <p class='ocr_par' dir='ltr' id='par_1_108' title="bbox 323 5519 1966 5591">
     <span class='ocr_line' id='line_1_109' title="bbox 323 5519 1966 5591; baseline -0.001 -13"><span class='ocrx_word' id='word_1_738' title='bbox 323 5523 739 5591; x_wconf 87' lang='lat' dir='ltr'>diaconissam,</span> <span class='ocrx_word' id='word_1_739' title='bbox 768 5523 858 5579; x_wconf 90' lang='lat' dir='ltr'>vel</span> <span class='ocrx_word' id='word_1_740' title='bbox 890 5521 1330 5588; x_wconf 90' lang='lat' dir='ltr'>monasteriam,</span> <span class='ocrx_word' id='word_1_741' title='bbox 1359 5519 1448 5577; x_wconf 89' lang='lat' dir='ltr'>vel</span> <span class='ocrx_word' id='word_1_742' title='bbox 1480 5520 1656 5576; x_wconf 89' lang='lat' dir='ltr'>etiam</span> <span class='ocrx_word' id='word_1_743' title='bbox 1687 5519 1966 5577; x_wconf 83' lang='lat' dir='ltr'>feminam</span> 
     </span>
    </p>
   </div>
   <div class='ocr_carea' id='block_1_109' title="bbox 322 5609 1967 5685">
    <p class='ocr_par' dir='ltr' id='par_1_109' title="bbox 322 5609 1967 5685">
     <span class='ocr_line' id='line_1_110' title="bbox 322 5609 1967 5685; baseline -0.002 -17"><span class='ocrx_word' id='word_1_744' title='bbox 322 5610 662 5685; x_wconf 86' lang='lat' dir='ltr'>religiosum</span> <span class='ocrx_word' id='word_1_745' title='bbox 693 5611 960 5668; x_wconf 88' lang='lat' dir='ltr'>habitum</span> <span class='ocrx_word' id='word_1_746' title='bbox 992 5611 1330 5680; x_wconf 89' lang='lat' dir='ltr'>habentem,</span> <span class='ocrx_word' id='word_1_747' title='bbox 1359 5610 1449 5667; x_wconf 91' lang='lat' dir='ltr'>vel</span> <span class='ocrx_word' id='word_1_748' title='bbox 1499 5609 1834 5682; x_wconf 87' lang='lat' dir='ltr'>religiosam</span> <span class='ocrx_word' id='word_1_749' title='bbox 1875 5609 1967 5664; x_wconf 89' lang='lat' dir='ltr'>vi-</span> 
     </span>
    </p>
   </div>
   <div class='ocr_carea' id='block_1_110' title="bbox 2087 4638 3739 4710">
    <p class='ocr_par' dir='ltr' id='par_1_110' title="bbox 2087 4638 3739 4710">
     <span class='ocr_line' id='line_1_111' title="bbox 2087 4638 3739 4710; baseline -0.001 -15"><span class='ocrx_word' id='word_1_750' title='bbox 2087 4643 2352 4695; x_wconf 85' lang='lat' dir='ltr'>exstante</span> <span class='ocrx_word' id='word_1_751' title='bbox 2380 4638 2646 4710; x_wconf 89' lang='lat' dir='ltr'>legitima</span> <span class='ocrx_word' id='word_1_752' title='bbox 2677 4641 3026 4694; x_wconf 87' lang='lat' dir='ltr'>necessitate</span> <span class='ocrx_word' id='word_1_753' title='bbox 3057 4638 3146 4694; x_wconf 91' lang='lat' dir='ltr'>vel</span> <span class='ocrx_word' id='word_1_754' title='bbox 3178 4639 3402 4694; x_wconf 88' lang='lat' dir='ltr'>ratione</span> <span class='ocrx_word' id='word_1_755' title='bbox 3426 4640 3739 4709; x_wconf 85' lang='lat' dir='ltr'>desereret,</span> 
     </span>
    </p>
   </div>
   <div class='ocr_carea' id='block_1_111' title="bbox 2087 4726 3740 4800">
    <p class='ocr_par' dir='ltr' id='par_1_111' title="bbox 2087 4726 3740 4800">
     <span class='ocr_line' id='line_1_112' title="bbox 2087 4726 3740 4800; baseline 0.001 -18"><span class='ocrx_word' id='word_1_756' title='bbox 2087 4727 2136 4782; x_wconf 90' lang='lat' dir='ltr'>ei</span> <span class='ocrx_word' id='word_1_757' title='bbox 2182 4729 2253 4783; x_wconf 93' lang='lat' dir='ltr'>ob</span> <span class='ocrx_word' id='word_1_758' title='bbox 2308 4726 2417 4783; x_wconf 92' lang='lat' dir='ltr'>hoc</span> <span class='ocrx_word' id='word_1_759' title='bbox 2474 4727 2905 4800; x_wconf 85' lang='lat' dir='ltr'>sponsaliorum</span> <span class='ocrx_word' id='word_1_760' title='bbox 2949 4727 3063 4784; x_wconf 92' lang='lat' dir='ltr'>sibi</span> <span class='ocrx_word' id='word_1_761' title='bbox 3112 4728 3561 4800; x_wconf 91' lang='lat' dir='ltr'>promissorum,</span> <span class='ocrx_word' id='word_1_762' title='bbox 3610 4744 3740 4797; x_wconf 69' lang='lat' dir='ltr'>quin</span> 
     </span>
    </p>
   </div>
   <div class='ocr_carea' id='block_1_112' title="bbox 2085 4815 3740 4889">
    <p class='ocr_par' dir='ltr' id='par_1_112' title="bbox 2085 4815 3740 4889">
     <span class='ocr_line' id='line_1_113' title="bbox 2085 4815 3740 4889; baseline -0.001 -17"><span class='ocrx_word' id='word_1_763' title='bbox 2085 4815 2364 4888; x_wconf 90' lang='lat' dir='ltr'>compleri</span> <span class='ocrx_word' id='word_1_764' title='bbox 2397 4819 2616 4888; x_wconf 90' lang='lat' dir='ltr'>poterat</span> <span class='ocrx_word' id='word_1_765' title='bbox 2646 4817 3054 4886; x_wconf 89' lang='lat' dir='ltr'>quantitatem,</span> <span class='ocrx_word' id='word_1_766' title='bbox 3083 4817 3171 4872; x_wconf 90' lang='lat' dir='ltr'>vel</span> <span class='ocrx_word' id='word_1_767' title='bbox 3195 4822 3404 4872; x_wconf 69' lang='lat' dir='ltr'>caetera</span> <span class='ocrx_word' id='word_1_768' title='bbox 3430 4834 3558 4889; x_wconf 69' lang='lat' dir='ltr'>quae</span> <span class='ocrx_word' id='word_1_769' title='bbox 3581 4816 3740 4887; x_wconf 84' lang='lat' dir='ltr'>inju-</span> 
     </span>
    </p>
   </div>
   <div class='ocr_carea' id='block_1_113' title="bbox 2085 4905 3738 4978">
    <p class='ocr_par' dir='ltr' id='par_1_113' title="bbox 2085 4905 3738 4978">
     <span class='ocr_line' id='line_1_114' title="bbox 2085 4905 3738 4978; baseline 0 -18"><span class='ocrx_word' id='word_1_770' title='bbox 2085 4909 2172 4960; x_wconf 91' lang='lat' dir='ltr'>ste</span> <span class='ocrx_word' id='word_1_771' title='bbox 2192 4905 2641 4977; x_wconf 89' lang='lat' dir='ltr'>repudiantibus</span> <span class='ocrx_word' id='word_1_772' title='bbox 2659 4905 2814 4978; x_wconf 90' lang='lat' dir='ltr'>leges</span> <span class='ocrx_word' id='word_1_773' title='bbox 2838 4905 3132 4977; x_wconf 88' lang='lat' dir='ltr'>inﬂigunt,</span> <span class='ocrx_word' id='word_1_774' title='bbox 3154 4921 3289 4961; x_wconf 90' lang='lat' dir='ltr'>eum</span> <span class='ocrx_word' id='word_1_775' title='bbox 3308 4905 3580 4961; x_wconf 88' lang='lat' dir='ltr'>debuisse</span> <span class='ocrx_word' id='word_1_776' title='bbox 3602 4906 3738 4961; x_wconf 87' lang='lat' dir='ltr'>sub-</span> 
     </span>
    </p>
   </div>
   <div class='ocr_carea' id='block_1_114' title="bbox 2083 4993 3739 5070">
    <p class='ocr_par' dir='ltr' id='par_1_114' title="bbox 2083 4993 3739 5070">
     <span class='ocr_line' id='line_1_115' title="bbox 2083 4993 3739 5070; baseline 0 -22"><span class='ocrx_word' id='word_1_777' title='bbox 2083 4993 2168 5050; x_wconf 89' lang='lat' dir='ltr'>ire</span> <span class='ocrx_word' id='word_1_778' title='bbox 2189 4993 2517 5070; x_wconf 81' lang='lat' dir='ltr'>dispendia.</span> <span class='ocrx_word' id='word_1_779' title='bbox 2551 4994 2728 5064; x_wconf 91' lang='lat' dir='ltr'>Cujus</span> <span class='ocrx_word' id='word_1_780' title='bbox 2777 4993 2881 5049; x_wconf 87' lang='lat' dir='ltr'>tali</span> <span class='ocrx_word' id='word_1_781' title='bbox 2931 4993 3171 5065; x_wconf 88' lang='lat' dir='ltr'>querela</span> <span class='ocrx_word' id='word_1_782' title='bbox 3221 4994 3487 5065; x_wconf 89' lang='lat' dir='ltr'>deposita</span> <span class='ocrx_word' id='word_1_783' title='bbox 3537 4994 3739 5065; x_wconf 68' lang='lat' dir='ltr'>praedi-</span> 
     </span>
    </p>
   </div>
   <div class='ocr_carea' id='block_1_115' title="bbox 2083 5082 3734 5139">
    <p class='ocr_par' dir='ltr' id='par_1_115' title="bbox 2083 5082 3734 5139">
     <span class='ocr_line' id='line_1_116' title="bbox 2083 5082 3734 5139; baseline 0.001 -2"><span class='ocrx_word' id='word_1_784' title='bbox 2083 5088 2241 5138; x_wconf 91' lang='lat' dir='ltr'>ctum</span> <span class='ocrx_word' id='word_1_785' title='bbox 2290 5082 2606 5138; x_wconf 82' lang='lat' dir='ltr'>Maximum</span> <span class='ocrx_word' id='word_1_786' title='bbox 2669 5088 3030 5138; x_wconf 89' lang='lat' dir='ltr'>memoratus</span> <span class='ocrx_word' id='word_1_787' title='bbox 3087 5082 3246 5138; x_wconf 85' lang='lat' dir='ltr'>filius</span> <span class='ocrx_word' id='word_1_788' title='bbox 3290 5087 3492 5138; x_wconf 89' lang='lat' dir='ltr'>noster</span> <span class='ocrx_word' id='word_1_789' title='bbox 3537 5099 3734 5139; x_wconf 87' lang='lat' dir='ltr'>comes</span> 
     </span>
    </p>
   </div>
   <div class='ocr_carea' id='block_1_116' title="bbox 2080 5169 3735 5242">
    <p class='ocr_par' dir='ltr' id='par_1_116' title="bbox 2080 5169 3735 5242">
     <span class='ocr_line' id='line_1_117' title="bbox 2080 5169 3735 5242; baseline 0.001 -16"><span class='ocrx_word' id='word_1_790' title='bbox 2080 5173 2362 5242; x_wconf 88' lang='lat' dir='ltr'>Georgius</span> <span class='ocrx_word' id='word_1_791' title='bbox 2393 5187 2497 5242; x_wconf 91' lang='lat' dir='ltr'>per</span> <span class='ocrx_word' id='word_1_792' title='bbox 2528 5169 2832 5241; x_wconf 90' lang='lat' dir='ltr'>publicum</span> <span class='ocrx_word' id='word_1_793' title='bbox 2865 5171 3000 5226; x_wconf 85' lang='lat' dir='ltr'>fecit</span> <span class='ocrx_word' id='word_1_794' title='bbox 3025 5171 3283 5228; x_wconf 83' lang='lat' dir='ltr'>officium</span> <span class='ocrx_word' id='word_1_795' title='bbox 3325 5171 3591 5228; x_wconf 89' lang='lat' dir='ltr'>detineri.</span> <span class='ocrx_word' id='word_1_796' title='bbox 3625 5171 3735 5236; x_wconf 88' lang='lat' dir='ltr'>Qui</span> 
     </span>
    </p>
   </div>
   <div class='ocr_carea' id='block_1_117' title="bbox 2081 5259 3735 5317">
    <p class='ocr_par' dir='ltr' id='par_1_117' title="bbox 2081 5259 3735 5317">
     <span class='ocr_line' id='line_1_118' title="bbox 2081 5259 3735 5317; baseline 0.001 -1"><span class='ocrx_word' id='word_1_797' title='bbox 2081 5265 2282 5316; x_wconf 88' lang='lat' dir='ltr'>tentus</span> <span class='ocrx_word' id='word_1_798' title='bbox 2328 5259 2582 5315; x_wconf 89' lang='lat' dir='ltr'>asseruit</span> <span class='ocrx_word' id='word_1_799' title='bbox 2623 5259 2827 5315; x_wconf 89' lang='lat' dir='ltr'>eadem</span> <span class='ocrx_word' id='word_1_800' title='bbox 2879 5277 3118 5316; x_wconf 89' lang='lat' dir='ltr'>causam</span> <span class='ocrx_word' id='word_1_801' title='bbox 3176 5260 3481 5316; x_wconf 86' lang='lat' dir='ltr'>charitatis</span> <span class='ocrx_word' id='word_1_802' title='bbox 3528 5266 3735 5317; x_wconf 76' lang='lat' dir='ltr'>vestrae</span> 
     </span>
    </p>
   </div>
   <div class='ocr_carea' id='block_1_118' title="bbox 2071 5346 3734 5420">
    <p class='ocr_par' dir='ltr' id='par_1_118' title="bbox 2071 5346 3734 5420">
     <span class='ocr_line' id='line_1_119' title="bbox 2071 5346 3734 5420; baseline 0.001 -17"><span class='ocrx_word' id='word_1_803' title='bbox 2071 5348 2300 5420; x_wconf 90' lang='lat' dir='ltr'>judicio</span> <span class='ocrx_word' id='word_1_804' title='bbox 2327 5346 2618 5418; x_wconf 89' lang='lat' dir='ltr'>cognitam</span> <span class='ocrx_word' id='word_1_805' title='bbox 2652 5347 2740 5402; x_wconf 92' lang='lat' dir='ltr'>vel</span> <span class='ocrx_word' id='word_1_806' title='bbox 2771 5346 3110 5416; x_wconf 85' lang='lat' dir='ltr'>dilfinitam,</span> <span class='ocrx_word' id='word_1_807' title='bbox 3143 5353 3199 5403; x_wconf 90' lang='lat' dir='ltr'>et</span> <span class='ocrx_word' id='word_1_808' title='bbox 3228 5347 3390 5404; x_wconf 89' lang='lat' dir='ltr'>illam</span> <span class='ocrx_word' id='word_1_809' title='bbox 3426 5348 3734 5405; x_wconf 90' lang='lat' dir='ltr'>mulierem</span> 
     </span>
    </p>
   </div>
   <div class='ocr_carea' id='block_1_119' title="bbox 2079 5434 3734 5506">
    <p class='ocr_par' dir='ltr' id='par_1_119' title="bbox 2079 5434 3734 5506">
     <span class='ocr_line' id='line_1_120' title="bbox 2079 5434 3734 5506; baseline -0.001 -14"><span class='ocrx_word' id='word_1_810' title='bbox 2079 5437 2152 5492; x_wconf 91' lang='lat' dir='ltr'>ob</span> <span class='ocrx_word' id='word_1_811' title='bbox 2179 5435 2287 5490; x_wconf 92' lang='lat' dir='ltr'>hoc</span> <span class='ocrx_word' id='word_1_812' title='bbox 2302 5434 2455 5505; x_wconf 91' lang='lat' dir='ltr'>quod</span> <span class='ocrx_word' id='word_1_813' title='bbox 2479 5450 2592 5489; x_wconf 90' lang='lat' dir='ltr'>non</span> <span class='ocrx_word' id='word_1_814' title='bbox 2611 5435 2815 5506; x_wconf 88' lang='lat' dir='ltr'>paucis</span> <span class='ocrx_word' id='word_1_815' title='bbox 2833 5435 3004 5493; x_wconf 89' lang='lat' dir='ltr'>annis</span> <span class='ocrx_word' id='word_1_816' title='bbox 3027 5436 3086 5491; x_wconf 92' lang='lat' dir='ltr'>in</span> <span class='ocrx_word' id='word_1_817' title='bbox 3109 5437 3574 5492; x_wconf 90' lang='lat' dir='ltr'>conversationis</span> <span class='ocrx_word' id='word_1_818' title='bbox 3602 5437 3734 5493; x_wconf 82' lang='lat' dir='ltr'>ofﬁ-</span> 
     </span>
    </p>
   </div>
   <div class='ocr_carea' id='block_1_120' title="bbox 2079 5522 3734 5592">
    <p class='ocr_par' dir='ltr' id='par_1_120' title="bbox 2079 5522 3734 5592">
     <span class='ocr_line' id='line_1_121' title="bbox 2079 5522 3734 5592; baseline 0 -13"><span class='ocrx_word' id='word_1_819' title='bbox 2079 5523 2235 5579; x_wconf 89' lang='lat' dir='ltr'>cium</span> <span class='ocrx_word' id='word_1_820' title='bbox 2270 5522 2444 5578; x_wconf 86' lang='lat' dir='ltr'>fuerit</span> <span class='ocrx_word' id='word_1_821' title='bbox 2474 5527 2853 5592; x_wconf 90' lang='lat' dir='ltr'>commorata,</span> <span class='ocrx_word' id='word_1_822' title='bbox 2887 5527 2942 5579; x_wconf 89' lang='lat' dir='ltr'>et</span> <span class='ocrx_word' id='word_1_823' title='bbox 2991 5523 3282 5580; x_wconf 86' lang='lat' dir='ltr'>diabolico</span> <span class='ocrx_word' id='word_1_824' title='bbox 3321 5523 3496 5580; x_wconf 89' lang='lat' dir='ltr'>fuerit</span> <span class='ocrx_word' id='word_1_825' title='bbox 3539 5525 3734 5581; x_wconf 84' lang='lat' dir='ltr'>subri-</span> 
     </span>
    </p>
   </div>
   <div class='ocr_carea' id='block_1_121' title="bbox 2077 5610 3728 5684">
    <p class='ocr_par' dir='ltr' id='par_1_121' title="bbox 2077 5610 3728 5684">
     <span class='ocr_line' id='line_1_122' title="bbox 2077 5610 3728 5684; baseline 0.002 -18"><span class='ocrx_word' id='word_1_826' title='bbox 2077 5611 2270 5684; x_wconf 89' lang='lat' dir='ltr'>piente</span> <span class='ocrx_word' id='word_1_827' title='bbox 2301 5610 2510 5682; x_wconf 90' lang='lat' dir='ltr'>spiritu</span> <span class='ocrx_word' id='word_1_828' title='bbox 2544 5612 2855 5682; x_wconf 89' lang='lat' dir='ltr'>concitata,</span> <span class='ocrx_word' id='word_1_829' title='bbox 2901 5613 3165 5684; x_wconf 87' lang='lat' dir='ltr'>deposito</span> <span class='ocrx_word' id='word_1_830' title='bbox 3209 5611 3434 5669; x_wconf 62' lang='lat' dir='ltr'>ancilla</span> <span class='ocrx_word' id='word_1_831' title='bbox 3477 5612 3581 5670; x_wconf 88' lang='lat' dir='ltr'>Dei</span> <span class='ocrx_word' id='word_1_832' title='bbox 3623 5613 3728 5670; x_wconf 89' lang='lat' dir='ltr'>ha-</span> 
     </span>
    </p>
   </div>
  </div>
