3994 6052
229 289 336 345 581

1160 290 1473 345 DECRETI
1512 289 1697 343 PARS
1734 289 1855 340 VII.
1884 314 1953 325 —
1981 286 2078 341 DE
2115 285 2509 358 MONACHIS,
2549 291 2705 344 ETC.

3536 294 3644 351 582

222 414 348 469 bitu
380 413 451 468 ad
485 411 821 468 saecularem
858 412 1031 467 fuerit
1062 429 1292 468 reversa
1323 411 1725 478 lasciviam,in
1760 426 1878 465 mo-
1905 425 1959 491 Α
1993 425 2136 479 quas
2170 425 2272 481 pro
2302 409 2491 466 salute
2523 412 2730 467 anima:
2762 429 2882 468 suae
2913 412 3145 485 disponi
3178 414 3641 484 decreverit,me-

219 500 545 558 nasterium
576 500 761 556 fuisse
793 502 1197 569 detrusam,et
1219 516 1281 555 ex
1309 501 1513 556 eodem
1532 499 1888 555 nunclaten-

219 595 311 647 ter
357 590 715 645 monasterio
765 588 1127 645 discessisse.
1175 590 1358 659 Cujus
1408 588 1742 645 excessione
1788 603 1883 642 co-

220 679 407 752 gnita,
439 694 678 735 necesse
710 678 1028 733 habuimus
1072 678 1366 749 aequitatis
1416 676 1884 733 consideratione

221 768 739 839 permoti,propter
762 766 1176 837 inquirendam
1212 782 1405 821 rerum
1437 769 1731 838 gestarum
1767 764 1883 835 ple-

219 856 356 912 nius
385 856 715 923 veritatem,
750 854 1087 910 absolutum
1122 853 1467 926 pra-.dictum
1500 853 1816 909 Maximum
1850 870 1883 909 a

219 944 447 1016 praefati
480 944 586 997 viri
618 941 933 998 clarissimi
973 942 1205 1013 Georgii
1257 942 1487 997 comitis
1530 941 1773 1013 judicio,
1808 941 1879 995 ad

218 1032 552 1089 dilectionis
581 1036 810 1097 vestrae,
844 1031 943 1102 qui
975 1032 1306 1102 cognitores
1357 1031 1539 1086 tuisse
1588 1028 1877 1104 dicimini,

217 1138 353 1177 cum
386 1121 663 1192 praedicta
692 1120 893 1175 Tuizia
940 1120 1235 1175 destinare
1282 1120 1659 1191 praesentiam
1699 1135 1711 1171 :
1772 1117 1879 1173 hoc

215 1212 441 1269 scilicet
470 1212 871 1279 decernentes,
906 1215 971 1265 ut
1002 1210 1297 1265 residente
1356 1208 1657 1264 vobiscum
1688 1223 1752 1262 eo
1784 1208 1877 1262 cui

216 1306 579 1357 memoratus
609 1304 807 1355 noster
834 1299 1119 1370 Georgius
1150 1314 1349 1353 comes
1401 1298 1703 1369 praefatam
1736 1312 1876 1351 cau-

216 1406 342 1446 sam
377 1390 703 1461 scripserit,
724 1388 851 1443 sine
871 1387 988 1442 ullo
1008 1386 1308 1442 dilationis
1341 1385 1643 1441 obstaculo
1664 1401 1877 1457 cogno-

216 1480 433 1548 scatis;
468 1478 579 1533 etsi
629 1494 782 1549 saepe
829 1477 1044 1532 dictam
1087 1475 1364 1531 feminam
1398 1478 1633 1547 propter
1659 1490 1875 1546 prece-

217 1569 422 1625 dentes
453 1584 750 1635 excessus,
773 1565 1073 1621 charitalis
1107 1569 1309 1621 vestrae
1342 1563 1707 1636 providentia
1741 1562 1873 1618 reti-

216 1656 407 1713 neatis
456 1657 515 1710 in
569 1653 924 1711 monasterio
957 1654 1363 1721 constitutam,
1398 1653 1455 1707 in
1486 1652 1580 1706 his
1612 1669 1737 1723 quae
1771 1668 1874 1723 pro

213 1744 319 1800 Dei
350 1744 559 1799 timore
603 1760 636 1798 a
682 1742 846 1798 vobis
877 1741 1192 1797 salubriter
1221 1746 1443 1796 statuta
1472 1748 1609 1796 sunt
1642 1757 1873 1812 parma-

215 1837 448 1901 nentes,
479 1832 749 1887 eamdem
783 1832 840 1886 in
872 1830 1068 1902 ipsum
1096 1831 1167 1886 de
1197 1847 1313 1901 quo
1344 1829 1616 1884 discessit
1670 1846 1869 1884 mona-

215 1921 458 1976 sterium
484 1919 794 1975 sollicitius
811 1923 867 1974 et
882 1920 1100 1973 arctius
1119 1918 1460 1975 constituite
1479 1917 1870 1981 retinendam,

212 2008 378 2064 nulla
391 2008 441 2064 ei
456 2006 987 2079 quolibettempore
1001 2005 1874 2063 discedendiooncessalicentia

210 2125 347 2180 CAP.
388 2124 504 2178 149.
556 2153 625 2166 --
680 2122 829 2192 Quod
885 2122 1167 2193 episcopus
1220 2122 1520 2178 monachus
1575 2123 1757 2191 [actus
1803 2122 1873 2176 ad

280 2197 663 2267 pontiﬁcatum
722 2196 928 2249 reverti
954 2210 1062 2249 non
1093 2198 1281 2263 potest.
1318 2196 1397 2247 Ex
1424 2195 1641 2248 actione
1672 2194 1870 2263 quinta

281 2267 495 2338 Synodi
552 2267 1186 2336 Constantinopolitanae
1237 2270 1696 2338 trecentorum}:
1723 2274 1869 2338 octo-

283 2336 445 2409 ginta
492 2341 665 2392 trium
714 2339 967 2403 Patrum,
1016 2338 1115 2391 sub
1162 2338 1370 2409 Joanne
1415 2338 1569 2409 Papa
1624 2336 1754 2406 VIII,
1781 2338 1872 2390 cui

282 2407 512 2481 praefuit
586 2413 778 2481 Petrus
843 2408 1129 2477 presbyter
1195 2407 1509 2461 cardinalis
1556 2410 1610 2481 et
1666 2408 1873 2462 Paulus

285 2479 659 2536 AncOnitanus
686 2479 974 2552 episcopus
1021 2483 1073 2533 et
1120 2481 1399 2548 Eugenius
1446 2479 1709 2537 Ostiensis
1755 2480 1870 2550 epi-

284 2569 494 2624 scapus.

286 2656 365 2731 (7,
397 2674 449 2729 q.
482 2657 535 2727 4,
568 2674 612 2712 c.
662 2659 768 2712 Hoc
813 2656 1212 2728 nequaquam.)
1270 2655 1649 2727 Apocrisiarii
1707 2671 1869 2726 papae

211 2746 523 2801 dixerunt:
554 2751 673 2802 Hoc
719 2761 1095 2817 nequaquam
1147 2745 1303 2815 apud
1353 2761 1459 2800 nos
1504 2743 1776 2812 habetur,
1808 2746 1873 2798 ut

209 2836 550 2906 quicunque
580 2834 652 2889 de
681 2832 1000 2906 pontiﬁcali
1034 2833 1239 2888 ordine
1258 2832 1329 2887 ad
1350 2831 1796 2899 monachorum,
1815 2830 1869 2885 id

207 2928 301 2979 est
330 2921 762 2995 poenitentium,
782 2920 1153 2977 descenderit
1177 2920 1380 2988 vitam,
1398 2919 1650 2975 ulterius
1681 2920 1871 2991 possit

207 3013 281 3068 ad
314 3012 721 3084 pontiﬁcatum
753 3010 983 3065 reverti.
1016 3015 1177 3066 Item.
1199 3009 1479 3081 Praecepit
1508 3012 1711 3064 sancta
1734 3025 1868 3079 syn-

205 3102 382 3169 odus,
430 3105 496 3156 ut
542 3100 877 3171 quicunque
935 3099 1007 3154 de
1062 3098 1386 3170 pontiﬁcali
1445 3097 1736 3169 dignitate
1795 3097 1866 3152 ad

207 3147 382 3169 -....-,
434 3147 496 3156 _-
543 3147 877 3171 ,ινα-γ-
939 3147 1004 3154 _-
1062 3147 1386 3170 ,-_--_--_--
1449 3147 1733 3169 *ηπ---πη
1796 3147 1866 3152 __

207 3189 635 3246 monachorum
666 3189 871 3256 vitam,
899 3193 955 3244 et
981 3188 1052 3243 ad
1088 3186 1441 3259 pmnitentiae
1500 3186 1866 3242 descenderit
1896 3147 1939 3216 Ο

210 3281 431 3348 locum,
454 3294 826 3349 nequaquam
850 3278 979 3347 jam
1027 3277 1099 3332 ad
1147 3275 1514 3347 potiﬁcatum
1573 3277 1863 3346 resurgat.

205 3367 631 3424 Monachorum
662 3366 818 3421 enim
835 3366 1014 3420 vitam
1028 3364 1412 3433 subjectionis
1428 3364 1671 3418 verbum
1692 3363 1868 3418 habet

206 3462 268 3513 et
324 3455 713 3526 discipulatus
771 3469 884 3509 non
945 3452 1214 3521 docendi,
1248 3451 1334 3507 vel
1382 3434 1868 3524 praesidendi,ve1

211 3544 491 3617 pascendi
519 3543 686 3600 alios.

205 3660 345 3716 CAP.
380 3661 501 3716 150.
535 3692 603 3700 —
629 3664 715 3716 De
744 3660 1050 3730 rapacitate
1105 3658 1516 3714 monachorum.
1579 3657 1869 3711 Decretum

838 3731 1035 3785 Leonis
1064 3745 1242 3800 papas.

280 3838 552 3894 Relatum
584 3842 674 3893 est
705 3837 949 3892 auribus
999 3834 1219 3890 nostris
1252 3850 1381 3889 esse
1413 3833 1703 3904 quosdam
1738 3849 1870 3903 per-

204 3944 374 3984 verse
406 3932 668 3997 agentes,
686 3927 784 3997 qui
811 3927 1152 3980 subvertere
1176 3928 1351 3994 atque
1376 3922 1631 3977 dividere
1654 3938 1869 3975 conan-

207 4020 303 4071 tur
328 4014 595 4071 Ecclesiaa
614 4014 919 4069 unitatem:
946 4012 1215 4067 videlicet
1234 4012 1471 4065 abbates
1496 4014 1552 4064 et
1572 4007 1868 4078 monachi,

206 4104 310 4177 qui
336 4121 451 4159 non
474 4102 667 4159 studio
690 4101 1013 4169 charitatis,
1031 4101 1131 4156 sed
1156 4099 1276 4154 zelo
1301 4098 1638 4170 rapacitatis
1662 4096 1867 4168 invigi-

207 4192 357 4257 lant,
377 4200 433 4246 et
452 4192 662 4246 docent
679 4196 851 4260 atque
865 4189 1142 4244 seducere
1164 4204 1280 4241 non
1304 4190 1538 4242 cessant
1560 4184 1871 4241 saeculares

207 4280 501 4347 homines,
524 4295 673 4350 quos
702 4277 1022 4349 illaqueare
1049 4279 1317 4347 possunt,
1344 4279 1405 4330 ut
1427 4291 1518 4331 res
1538 4290 1676 4330 suas
1699 4277 1869 4344 atque

207 4367 615 4441 possessiones
645 4366 704 4421 in
737 4366 855 4421 vita
892 4365 981 4420 vel
1034 4365 1091 4419 in
1144 4368 1331 4419 morte
1382 4364 1440 4417 in
1494 4362 1869 4418 monasteriis

207 4473 411 4513 eorum
445 4456 703 4523 tradant,
725 4459 779 4509 et
800 4453 1063 4510 ecclesiis
1095 4452 1312 4523 quibus
1344 4451 1589 4522 subjecti
1622 4466 1749 4506 esse
1782 4451 1868 4505 vi-

1904 1793 1951 1857 B

1995 498 2269 552 dietatem
2303 500 2558 554 ecclesiae
2604 502 2694 555 cui
2743 502 2869 572 ipse
2917 501 3209 573 pertinere
3262 504 3643 575 dignoscitur,

1995 585 2317 657 relinquat:
2352 591 2410 642 et
2440 587 2522 643 sic
2554 590 2791 644 demum
2824 589 2881 644 in
2917 591 3274 647 monasterio
3320 598 3491 663 prout
3530 595 3643 651 sibi

1993 673 2226 729 libitum
2261 676 2435 731 fuerit
2466 678 2641 732 eundi
2675 678 3159 750 convertendique
3218 680 3431 736 habeat
3459 682 3642 739 licen-

1990 762 2155 818 tiam.
2181 764 2524 835 Quicunque
2543 770 2738 823 autem
2759 767 2936 837 hujus
2956 770 3139 822 nostri
3172 769 3387 826 decreti
3419 776 3643 827 contra-

1991 853 2197 922 dictor,
2232 854 2559 925 convulsor,
2613 873 2677 911 ac
2731 862 3045 912 temerator
3087 859 3398 926 exstiterit,
3447 859 3642 932 gladio

1989 940 2382 998 anathematis
2414 944 2735 1013 subjaceat.

1987 1047 2119 1102 CAP.
2158 1047 2279 1121 151.
2312 1080 2379 1089 ———
2411 1054 2489 1105 De
2516 1050 2854 1119 prohibenda
2885 1054 3174 1121 vagatione
3221 1056 3638 1115 monachorum.

2192 1120 2503 1175 Alexander
2530 1124 2578 1177 ll
2606 1122 2755 1178 clero
2787 1128 2837 1177 et
2866 1120 3063 1193 populo
3093 1126 3431 1183 Florentino.

2060 1225 2172 1295 (16,
2204 1242 2255 1297 q.
2288 1226 2342 1295 l,
2372 1243 2418 1281 c.
2452 1228 2620 1284 Juxta
2653 1229 3153 1301 Chalcedonensis.)
3181 1232 3357 1289 Juxta
3396 1234 3638 1291 Chalce-

1986 1311 2265 1370 donensis
2295 1320 2554 1372 tenorem
2589 1318 2795 1388 optimi
2825 1319 3079 1386 concilii,
3112 1323 3281 1389 cujus
3320 1322 3501 1380 series
3533 1325 3640 1379 ad-

1987 1402 2238 1456 nectitur
2272 1404 2534 1474 inferius,
2570 1407 2876 1463 monachis
2907 1408 3178 1479 quamvis
3226 1410 3517 1483 religiosis
3566 1415 3638 1470 ad

1987 1506 2250 1546 normam
2270 1492 2463 1547 Sancti
2487 1495 2779 1550 Benedicti
2804 1496 2953 1551 inter
2974 1496 3231 1555 claustra
3255 1502 3465 1555 morari
3490 1519 3635 1574 pra:-

1986 1577 2275 1649 cipimus;
2308 1581 2487 1646 vicos,
2520 1584 2777 1653 castella,
2811 1586 3073 1643 civitates
3104 1605 3410 1660 peragrare
3435 1592 3639 1663 prohi-

1984 1667 2215 1736 bemus,
2240 1688 2271 1723 a
2304 1672 2651 1741 populorum
2686 1676 2925 1731 omnino
2960 1678 3374 1747 praedicatione
3407 1697 3639 1738 cessare

1984 1757 2346 1828 censuimus,
2376 1759 2487 1814 nisi
2520 1761 2665 1816 forte
2697 1764 2830 1833 quis
2862 1765 2931 1818 de
2963 1782 3080 1820 suae
3099 1767 3287 1822 salute
3304 1769 3637 1826 animmsol-

1980 1844 2198 1915 licitus,
2232 1854 2294 1901 ut
2323 1864 2525 1903 eorum
2560 1850 2825 1907 habitum
2861 1860 3265 1921 assumat,eos
3297 1856 3452 1913 intra
3483 1859 3639 1915 clau-

1982 1938 2172 1989 strum
2204 1936 2506 1992 consulere
2537 1938 2810 1996 voluerit.

1982 2049 2116 2133 CAP.
2156 2052 2275 2133 152Ἰ
2304 2053 2476 2133 —-_De
2504 2053 2714 2133 femina
2753 2072 2871 2133 quae
2921 2057 3028 2133 sibi
3057 2060 3319 2133 rvetamen
3351 2063 3636 2133 imposuit,

2052 2126 2106 2176 et
2151 2130 2275 2196 post
2320 2125 2392 2179 ad
2438 2128 2662 2196 nuptias
2693 2128 2882 2183 rediit.
2912 2129 3166 2185 Nicotaus
3220 2125 3490 2188 Alumino
3537 2125 3638 2189 Ju;

2051 2195 2310 2249 nariensi
2338 2195 2582 2267 episcopo
2614 2198 2866 2267 (habetur
2894 2216 3060 2271 supra
3090 2218 3136 2256 c.
3168 2202 3279 2274 65).

2051 2301 2211 2363 Quod
2240 2301 2613 2375 interrogasti
2662 2304 2733 2359 de
2782 2306 3021 2371 femina,
3056 2323 3181 2376 quas
3230 2314 3362 2379 post
3411 2311 3637 2367 obitum

1980 2389 2178 2443 mariti
2210 2390 2301 2445 sui
2333 2391 2597 2446 velamen
2632 2411 2864 2449 sacrum
2906 2412 3085 2466 super
3118 2404 3293 2466 caput
3323 2415 3497 2453 suum
3530 2401 3640 2455 im-

1980 2479 2200 2548 posuit,
2235 2484 2291 2532 et
2322 2480 2488 2534 ﬁnxit
2521 2498 2583 2534 se
2614 2482 2724 2536 sub
2756 2485 2959 2538 eodem
2991 2485 3277 2540 velamine
3323 2488 3641 2543 sanctimo-

1980 2566 2196 2621 nialem
2225 2584 2374 2633 esse,
2401 2574 2603 2639 postea
2629 2571 2697 2623 ad
2724 2572 2964 2641 nuptias
2998 2572 3203 2627 rediit:
3240 2574 3458 2629 bonum
3492 2575 3638 2631 mihi

1979 2655 2208 2710 videtur
2238 2656 2375 2726 quia
2406 2672 2509 2728 per
2547 2658 2904 2729 hypocrisim
2957 2660 3410 2717 ecclesiasticam
3462 2680 3638 2734 regu-

1978 2742 2094 2797 lam
2134 2746 2485 2800 conturbare
2528 2745 2729 2815 voluit,
2754 2751 2810 2801 et
2841 2764 2953 2802 non
2988 2748 3247 2820 legitime
3278 2751 3336 2805 in
3368 2755 3497 2807 voto
3530 2768 3637 2808 suo

1979 2832 2323 2903 permansit,
2344 2839 2407 2888 ut
2431 2834 2831 2906 pmnitentiam
2865 2842 2999 2909 agat
3030 2838 3100 2892 de
3130 2838 3404 2895 illusione
3428 2841 3631 2895 nefan-

1979 2921 2075 2985 da,
2103 2925 2160 2976 et
2198 2927 2528 2978 revertatur
2556 2925 2621 2979 ad
2659 2924 2714 2979 id
2747 2927 2901 2996 quod
2949 2928 3291 2998 spopondit,
3322 2933 3380 2983 et
3427 2929 3489 2985 in
3540 2947 3636 2985 sa-

1978 3025 2074 3065 cro
2124 3010 2449 3067 ministerio
2500 3013 2813 3069 inchoavit.
2857 3012 3026 3084 Nam,
3060 3016 3109 3070 si
3167 3017 3635 3074 concesserimus

1979 3099 2133 3170 quod
2168 3101 2365 3155 omnia
2392 3106 2761 3157 sacramenta
2787 3102 3180 3160 ecclesiastica
3197 3105 3445 3176 quisque
3464 3112 3636 3177 prout

1976 3187 2101 3243 vult
2134 3190 2337 3260 ﬁngat,
2369 3194 2425 3244 et
2456 3207 2570 3245 non
2602 3206 2731 3246 vere
2766 3192 2957 3256 faciat,
2982 3193 3175 3249 omnis
3198 3196 3335 3249 ordo
3357 3194 3631 3252 ecclesia-

1977 3276 2162 3333 sticus
2192 3284 2281 3333 est
2312 3280 2607 3349 turbatus,
2640 3297 2745 3336 nec
2778 3282 3070 3337 catholicas
3122 3282 3256 3337 ﬁdei
3303 3284 3442 3352 jura
3490 3300 3629 3339 con-

1977 3365 2216 3433 sistunt,
2244 3384 2350 3422 nec
2381 3384 2634 3424 canones
2682 3370 2834 3424 sacri
2888 3373 2997 3425 rite
3045 3372 3449 3429 observantur.
3482 3372 3631 3436 Quid

1979 3455 2134 3510 enim
2170 3456 2387 3525 profuit
2417 3458 2643 3513 Simoni
2669 3458 2836 3530 Mago
2857 3459 3218 3529 baptismum
3242 3476 3469 3515 sacrum
3498 3460 3633 3516 ﬁcte

1980 3545 2295 3615 suscipere,
2330 3551 2385 3600 et
2416 3547 2475 3600 in
2508 3546 2585 3601 Ch
2600 3547 2944 3602 ristianitate
2968 3565 3418 3619 permansurum
3440 3564 3503 3606 se
3518 3550 3636 3604 ﬁn-

1976 3635 2152 3692 xisse:
2180 3650 2314 3689 cum
2340 3651 2443 3705 per
2464 3634 2809 3706 Apostolum
2833 3638 2961 3706 ejus
2986 3638 3188 3693 fraude
3210 3639 3454 3707 detecta,
3475 3639 3632 3709 quod

1980 3725 2090 3780 sibi
2126 3726 2389 3778 futurum
2422 3727 2579 3777 esset
2610 3725 3068 3794 prmnuntiatum
3119 3729 3247 3781 est?
3292 3727 3387 3781 Ait
3432 3726 3584 3782 enim
3617 3744 3629 3782 :

1978 3813 2225 3866 Pecunia
2281 3814 2377 3864 tua
2443 3815 2621 3864 tecum
2678 3811 2751 3864 sit
2810 3812 2867 3866 in
2919 3812 3281 3881 perditionem
3339 3830 3430 3869 cor
3483 3817 3632 3870 enim

1980 3909 2135 3956 tuum
2181 3915 2289 3954 non
2352 3909 2430 3953 est
2483 3906 2693 3953 rectum
2748 3915 2929 3955 coram
2965 3902 3212 3956 Domino.
3245 3904 3631 3958 Paenitentiam

1978 3990 2166 4059 itaque
2221 4003 2323 4057 age
2379 3987 2449 4042 ab
2509 3988 2608 4042 hac
2668 3997 2764 4042 tua
2822 3991 3112 4059 nequitia,
3165 3998 3216 4046 el
3277 4008 3412 4062 roga
3462 3993 3633 4046 Deum

1978 4087 2038 4133 ut
2082 4079 2224 4148 forte
2270 4077 2591 4131 dimittatur
2662 4077 2782 4133 haec
2847 4081 3100 4147 cogitatio
3158 4079 3343 4135 cordis
3399 4082 3508 4134 tui.
3568 4081 3631 4135 In

1974 4167 2106 4237 felle
2160 4165 2309 4221 enim
2360 4164 2758 4219 amaritudinis
2814 4174 2864 4220 et
2919 4165 3258 4233 obligatione
3310 4166 3631 4237 iniquitatis

1976 4256 2138 4311 video
2169 4262 2220 4310 te
2248 4269 2360 4309 esse
2388 4253 2525 4324 (Act.
2556 4252 2703 4324 VIII).
2739 4253 2871 4308 Ideo
2902 4253 3070 4320 tales,
3104 4253 3218 4308 nisi
3258 4254 3627 4325 resipiscant,

1978 4343 2268 4415 spirituali
2302 4342 2494 4412 gladio
2529 4346 2831 4412 percutere
2863 4358 3195 4397 censemus.
3215 4342 3341 4397 Non
3363 4342 3519 4399 enim
3541 4345 3627 4399 fas

1978 4436 2067 4487 est
2097 4430 2341 4503 Spiritui
2373 4433 2576 4486 sancto
2600 4429 2831 4484 mentiri
2856 4430 3006 4485 sicut
3030 4429 3288 4487 Ananiae
3304 4436 3363 4487 et
3382 4431 3630 4503 Sa'pbira

210 4547 449 4613 dentur,
481 4549 535 4600 et
568 4561 601 4598 a
631 4518 849 4615 quibus
882 4518 1269 4613 baptismum,
1302 4518 1728 4612 paenitentiam,
1757 4540 1869 4594 Eu-
1901 4522 1948 4586 D
1980 4520 2205 4576 mentiti
2239 4524 2397 4587 sunt:
2427 4524 2482 4574 et
2507 4518 2705 4574 Statim
2740 4519 3040 4590 Ρθτίθνυιλι
3068 4522 3203 4591 (Aet.
3238 4520 3315 4591 ν)-

210 4632 579 4699 charistiam,
611 4648 718 4687 nec
750 4648 865 4687 non
898 4630 1181 4702 pabulum
1204 4630 1331 4685 vitae
1355 4645 1488 4684 cum
1514 4629 1657 4684 lacte
1679 4629 1871 4683 carnis

210 4728 562 4794 acceperunt
590 4720 674 4775 vel
707 4720 1029 4791 accipiunt,
1062 4718 1209 4774 nihil
1240 4719 1307 4773 de
1340 4717 1509 4773 bonis
1538 4716 1663 4772 suis
1695 4715 1869 4771 relin-

209 4816 415 4884 quant.
440 4814 597 4865 Hanc
627 4810 881 4879 denique
914 4809 1131 4863 famam
1160 4806 1463 4862 discordiis
1484 4822 1589 4860 nos
1605 4804 1870 4860 animad-

211 4902 529 4967 vertentes,
563 4897 840 4953 omnibus
873 4896 1065 4951 modis
1094 4895 1358 4950 inhibere
1388 4893 1680 4963 volumus,
1713 4898 1770 4948 et
1801 4909 1871 4947 ne

209 4988 468 5060 amplius
492 4986 592 5042 ﬁat
618 4986 858 5041 omnino
890 4982 1736 5055 prohibemus,considerantes
1755 4998 1868 5036 non

209 5092 340 5132 esse
372 5076 614 5142 bonum,
639 5073 802 5129 utilli
823 5072 925 5145 qui
958 5072 1095 5127 olim
1132 5074 1368 5128 fuerunt
1396 5072 1531 5127 socii
1554 5072 1871 5140 passionum

213 5166 543 5221 secundum
592 5162 937 5235 Apostolum
967 5163 1036 5233 (II
1071 5164 1196 5217 Cor.
1234 5161 1295 5232 1),
1332 5159 1449 5215 sint
1502 5162 1797 5214 immunes
1840 5175 1873 5213 a

210 5254 491 5309 societate
522 5251 1013 5317 consolationum,
1031 5254 1087 5305 et
1110 5252 1239 5321 quia
1263 5250 1460 5321 dignus
1479 5253 1562 5304 est
1584 5248 1872 5319 aperarius

210 5342 455 5399 mercede
508 5359 611 5398 sua
668 5339 887 5412 (Matth.
919 5356 994 5409 x;
1042 5340 1152 5394 Luc
1200 5340 1277 5410 χ),
1310 5338 1558 5409 ideoque
1607 5335 1871 5408 praecipi-

215 5447 350 5487 mus
381 5435 558 5502 atque
580 5429 850 5500 jubemus
884 5432 948 5483 ut
976 5427 1319 5499 quicunque
1342 5427 1550 5481 amodo
1581 5424 1641 5479 in
1675 5442 1873 5481 mona-

214 5520 393 5576 sterio
424 5518 680 5575 converti
707 5517 980 5586 voluerit,
1024 5517 1144 5571 sive
1173 5515 1234 5570 in
1263 5515 1400 5584 vita,
1424 5514 1545 5570 sive
1574 5514 1633 5568 in
1662 5517 1870 5581 morte,

218 5613 283 5666 ut
322 5608 592 5665 omnium
642 5623 838 5662 rerum
891 5621 1133 5662 suarum
1181 5608 1357 5676 atque
1404 5601 1872 5675 possessionum,

1979 4640 2110 4693 CAP.
2148 4636 2269 4689 153.
2300 4665 2371 4675 -
2400 4635 2476 4689 Ne
2503 4635 2599 4704 qui
2628 4633 2928 4690 monachus
2953 4634 3083 4703 ﬁeri
3107 4636 3442 4702 vult,slatim
3472 4635 3629 4690 habi-

2048 4716 2167 4763 tum
2219 4715 2419 4761 sumat.
2466 4707 2548 4760 Ea:
2593 4704 2734 4760 libro
2784 4706 3268 4774 Constitutionum,
3314 4708 3629 4762 constitutio

2050 4778 2265 4850 quinta,
2297 4796 2414 4849 cap.
2452 4779 2475 4831 1
2507 4778 2686 4847 (titulo
2716 4794 2770 4846 v,
2794 4794 2840 4833 c.
2872 4778 2951 4848 2).

2049 4887 2155 4950 Qui
2189 4884 2515 4940 monachus
2546 4883 2665 4939 ﬁeri
2700 4882 2843 4951 vult,
2877 4884 2998 4940 sive
3037 4885 3186 4942 liber
3232 4884 3352 4943 sive
3400 4902 3628 4955 servus,

1981 4994 2093 5032 non
2111 4974 2309 5030 statim
2332 4972 2657 5028 monachus
2670 4973 2903 5041 ﬁat,sed
2924 4990 3025 5043 per
3045 4975 3364 5030 triennium
3384 4980 3630 5032 tonsura

1980 5066 2215 5137 quidem
2240 5068 2297 5118 et
2316 5066 2471 5116 veste
2492 5060 2773 5115 laicorum
2800 5066 3023 5133 utatur,
3038 5067 3095 5117 et
3116 5062 3343 5119 divinas
3366 5064 3626 5135 Scriptu-

1980 5171 2075 5209 ras
2097 5151 2379 5219 addiscat,
2401 5153 2458 5205 et
2478 5150 2825 5204 conﬁteatur
2842 5167 3010 5205 suam
3035 5151 3515 5219 conditionem,id
3538 5155 3627 5206 est

1981 5247 2179 5297 utrum
2232 5240 2522 5310 ingenuus
2571 5236 2648 5291 sit
2699 5254 2770 5291 an
2822 5253 3048 5306 servus,
3098 5238 3184 5294 vel
3232 5238 3473 5294 alterius
3521 5254 3627 5293 cu-

1973 5332 2310 5402 juscunque
2341 5324 2690 5381 conditionis
2719 5324 2807 5381 vel
2841 5331 3055 5394 status,
3086 5330 3145 5381 et
3178 5330 3375 5381 narret
3415 5340 3624 5380 causas

1980 5421 2217 5491 propter
2232 5432 2378 5488 quas
2397 5414 2465 5469 ad
2488 5412 2810 5469 solitariam
2842 5414 3023 5469 vitam
3057 5414 3306 5484 migrare
3336 5412 3627 5469 desidera-

1981 5508 2146 5577 verit,
2168 5522 2239 5561 ne
2260 5507 2405 5560 forte
2427 5501 2593 5558 malae
2615 5500 2752 5569 sint,
2776 5506 2833 5558 et
2852 5502 2967 5558 Deo
2989 5501 3359 5573 displiceant.
3383 5505 3626 5574 Oportet

1981 5600 2176 5655 autem
2206 5598 2264 5650 et
2292 5590 2611 5649 monachos
2635 5590 2809 5646 verba
2837 5591 2888 5646 ei
2920 5591 3124 5647 aﬂ‘erre
3141 5606 3268 5661 quaa
3288 5607 3479 5648 mores
3497 5593 3625 5664 ejus
