3994 6052
387 289 492 344 583

1466 288 1534 337 D.
1577 283 1817 370 IVONIS
1852 283 2344 339 CARNOTENSIS
2380 286 2702 341 EPISCOPI

3693 284 3803 342 584

383 417 441 467 et
468 411 645 468 vitam
677 409 990 482 corrigant.
1024 410 1092 464 Et
1115 408 1164 463 si
1197 423 1299 478 per
1324 406 1647 462 triennium
1680 406 1816 461 talis
1845 424 2027 478 appa-
2058 413 2112 477 Α
2143 407 2267 463 CAP.
2313 409 2426 483 155.
2452 441 2520 450 -—
2551 411 2704 478 Quid
2731 411 3012 479 agendum
3039 411 3114 466 sit
3140 412 3204 466 de
3235 411 3392 467 bonis
3411 415 3535 482 ejus
3559 412 3656 483 qui
3676 429 3803 466 mo-

381 505 523 566 reat,
545 505 608 555 ut
636 500 904 554 videatur
935 499 1147 569 dignus
1178 501 1442 562 tonsura,
1472 500 1527 549 et
1552 499 1706 550 veste
1739 494 2031 566 religiosa,

384 592 524 646 tunc
575 593 633 645 et
674 589 1005 655 tondeatur,
1038 590 1095 641 et
1123 584 1334 641 stolam
1367 583 1771 639 monachicam
1804 584 2030 655 vestiat,

383 680 507 734 sive
537 678 685 735 liber
713 678 790 734 sit
817 677 933 733 sive
965 691 1190 744 servus,
1223 679 1280 729 et
1309 673 1471 729 nulla
1501 674 1550 728 ei
1582 674 1850 729 molestia
1881 673 2031 728 infe-

383 775 567 834 ratur,
601 785 789 839 nequc
819 768 888 822 de
915 764 1130 828 servili,
1167 780 1357 834 neque
1404 764 1475 819 de
1524 763 1798 818 libertina
1827 762 2033 817 condi-

379 861 557 914 tione.
589 858 646 912 Si
675 862 868 911 autem
914 856 1068 908 intra
1113 853 1434 908 triennium
1483 852 1694 922 aliquis
1740 851 2032 908 retrahere

379 965 514 1004 eum
539 951 602 1002 ut
621 961 850 1000 servum
874 961 1046 999 suum
1073 942 1403 1009 voluerit,et
1421 943 1578 998 dicat
1600 943 1754 1013 quod
1780 959 1871 997 res
1894 957 2033 997 suas

376 1037 608 1091 furatus
655 1034 724 1087 ad
780 1033 1206 1088 monasterium
1255 1033 1634 1096 concurrerit,
1669 1049 1780 1086 non
1833 1030 2032 1086 statim

375 1140 510 1180 eum
533 1120 858 1190 abstrahat,
884 1122 984 1176 sed
1011 1123 1175 1192 prius
1201 1122 1403 1192 probet
1425 1121 1578 1191 quod
1604 1125 1658 1174 et
1683 1137 1887 1174 servus
1917 1123 2031 1180 est,

374 1218 432 1268 et
464 1213 638 1278 furto,
670 1209 757 1265 vel
790 1212 908 1264 vita
938 1210 1091 1264 mala
1123 1215 1179 1264 et
1211 1210 1462 1280 peccatis
1495 1209 1794 1264 atrocibus
1835 1207 2035 1262 timuit

373 1305 431 1356 et
453 1300 622 1372 fugit,
647 1301 703 1354 et
724 1299 772 1354 si
798 1298 918 1353 haec
939 1315 1072 1353 vera
1096 1301 1253 1366 sunt,
1269 1298 1550 1353 reddatur
1571 1314 1772 1352 servus
1793 1298 2033 1354 domino

375 1406 480 1444 suo
511 1405 645 1444 cum
680 1388 854 1443 rebus
902 1387 1220 1458 subreptis,
1255 1387 1303 1441 si
1338 1386 1517 1441 etiam
1551 1387 1678 1458 ipse
1708 1403 1942 1458 quoque
1973 1387 2032 1441 in

374 1478 731 1533 monasterio
765 1475 956 1531 fuerit.
992 1476 1280 1531 Dominus
1311 1480 1507 1530 autem
1559 1492 1693 1530 eum
1744 1476 2036 1547 recipiens

376 1568 550 1622 fidem
584 1567 632 1622 ei
669 1569 923 1636 praestet,
957 1565 1113 1636 quod
1148 1563 1377 1619 nullum
1430 1565 1486 1619 ei
1538 1563 1759 1618 malum
1801 1568 2037 1635 pr0pter

374 1655 498 1711 haec
525 1671 650 1725 quae
674 1655 799 1726 jam
833 1652 1089 1724 peccavit
1123 1654 1385 1707 facturus
1433 1653 1528 1707 sit.
1559 1651 1719 1715 Quod
1773 1651 1821 1708 si
1873 1652 2035 1707 nullo

374 1741 585 1797 delicto
617 1758 851 1797 servum
879 1740 1252 1812 suppositum
1286 1741 1559 1795 dominus
1591 1757 1719 1795 esse
1752 1741 2030 1811 probave-

377 1830 686 1902 rit,ctipse
704 1847 904 1885 servus
937 1846 1006 1885 ex
1037 1829 1310 1884 castitate
1346 1845 1576 1884 morum
1610 1845 1851 1884 suorum
1878 1829 2032 1884 bona

374 1918 712 1974 testimonia
743 1919 972 1982 habeat,
1003 1921 1060 1972 et
1105 1917 1153 1971 si
1204 1919 1467 1972 nondum
1518 1917 1836 1973 triennium
1880 1934 2028 1987 prae-

373 2007 617 2073 terierit,
635 2011 832 2062 tamen
867 2011 1099 2060 maneat
1121 2005 1176 2059 in
1198 2007 1401 2060 eodem
1435 2006 2027 2061 monasterio.Trien-

371 2094 470 2150 nio
494 2099 684 2150 autem
709 2094 887 2150 semel
913 2098 1225 2164 transacto,
1251 2099 1309 2149 et
1339 2094 1492 2150 inter
1522 2094 1839 2149 monachos
1863 2109 2026 2149 servo

372 2182 472 2238 Dei
529 2188 853 2252 numerato,
890 2181 1052 2238 nulla
1099 2183 1174 2236 sit
1223 2189 1428 2254 postea
1474 2182 1730 2252 licentia,
1762 2181 2027 2254 qualem-

373 2287 600 2341 cunque
636 2271 962 2327 molestiam
997 2270 1046 2324 ei
1079 2271 1316 2338 inferre,
1351 2272 1470 2326 sive
1505 2288 1634 2327 vere
1666 2269 1922 2326 famulus
1954 2270 2032 2325 sit

370 2359 494 2414 sive
528 2360 841 2431 ingenuus,
878 2361 976 2414 sed
1011 2361 1350 2415 omnimodo
1385 2360 1440 2414 in
1475 2359 1734 2415 solitaria
1764 2361 1877 2413 vita
1909 2375 2030 2430 per-

371 2454 624 2516 maneat,
642 2450 816 2504 etiam
847 2449 895 2503 si
928 2454 1230 2520 peccatum
1264 2448 1320 2503 in
1353 2448 1532 2520 priori
1566 2449 1680 2504 vita
1711 2449 2029 2504 admissum

369 2537 466 2592 sit.
486 2537 558 2592 Ea
581 2544 774 2593 autem
802 2555 931 2610 quas
965 2538 1118 2592 furto
1151 2539 1429 2608 subrepta
1457 2546 1614 2605 sunt,
1636 2537 2028 2608 proculdubio

371 2625 420 2681 si
448 2627 846 2696 inveniantur,
879 2628 1116 2682 domino
1149 2627 1311 2682 reddi
1344 2632 1590 2698 Oportet.

368 2735 501 2787 CAP.
539 2734 743 2787 154.-
777 2735 848 2787 De
877 2749 1028 2789 servo
1059 2737 1153 2803 qui
1173 2732 1457 2788 servitium
1483 2735 1701 2801 fugiens
1730 2734 2028 2788 monachus

814 2809 992 2875 factus
1033 2809 1131 2872 est,
1164 2821 1284 2874 cap.
1317 2805 1349 2856 2
1381 2804 1580 2874 (ibid.).

446 2893 544 2946 Sin
580 2896 776 2946 autem
811 2894 1151 2946 servitutem
1195 2893 1498 2960 effugiens,
1530 2894 1722 2947 veniat
1771 2894 1904 2965 quis
1953 2894 2026 2948 ad

375 2980 822 3045 monasterium,
843 2987 1042 3050 postea
1072 2986 1266 3034 autem
1302 2980 1603 3051 reliquerit
1636 2982 2024 3037 venerabilem

373 3066 590 3136 locum,
622 3072 679 3121 et
708 3067 765 3121 in
799 3067 975 3122 aliam
1019 3068 1150 3122 vita:
1201 3068 1447 3139 figuram
1505 3069 1819 3138 transierit,
1854 3070 2027 3126 liceat

2286 481 2495 535 nachus
2521 484 2700 550 factus
2726 485 3145 553 apostataverit,
3177 500 3299 554 cap.
3332 484 3366 538 3
3399 481 3540 554 (cap.
3565 481 3649 552 ἦ).

2211 577 2271 632 Si
2333 579 2464 649 quis
2527 579 2586 633 in
2652 579 3007 636 monasterio
3076 597 3138 635 se
3203 579 3667 650 consecraverit,
3744 586 3804 636 et

2140 672 2453 739 postquam
2489 667 2760 740 religiosa
2791 674 2949 724 veste
2976 669 3224 725 vestitus
3255 674 3415 735 est,a
3438 670 3801 725 monasterio

2141 756 2467 825 recesserit,
2498 758 2695 813 omnia
2746 759 2896 813 bona
2937 757 3125 830 ipsius
3158 775 3286 829 quae
3331 758 3388 813 in
3442 759 3800 814 monasterio

2140 844 2483 914 inlroduxit,
2508 847 2579 900 ad
2603 846 2796 918 ipsum
2825 847 3245 903 monasterium
3281 849 3799 918 pertineant.Idem

2141 939 2318 989 estex
2338 934 2452 989 alia
2475 936 2912 1005 constitutione,
2936 937 3059 992 etsi
3087 953 3200 992 non
3224 937 3570 1006 introduxit,
3587 953 3800 993 omnes

2141 1023 2297 1078 enim
2333 1040 2423 1078 res
2453 1025 2582 1094 ejus
2612 1025 2861 1080 dominii
2897 1026 3238 1082 monasterii
3270 1026 3408 1082 sint.

2303 1130 2437 1188 CAP.
2473 1132 2594 1186 156.
2625 1163 2689 1172 -
2723 1134 2794 1187 De
2822 1133 3011 1188 eadem
3041 1150 3120 1200 re,
3155 1149 3278 1205 cap.
3316 1135 3346 1187 4
3380 1135 3524 1205 (cap.
3553 1134 3632 1205 7).

2213 1228 2272 1283 Si
2305 1229 2437 1300 quis
2469 1229 2758 1286 introierit
2779 1231 2835 1285 in
2858 1231 3371 1303 monasterium,et
3402 1235 3534 1303 post
3564 1230 3802 1303 religio-

2143 1334 2270 1373 sam
2301 1322 2520 1373 vestem
2555 1321 2859 1376 recesserit
2879 1325 2937 1376 et
2960 1320 3314 1391 militaverit,
3334 1320 3421 1376 vel
3447 1319 3804 1392 simpliciter

2142 1405 2328 1463 laicus
2377 1407 2564 1463 factus
2606 1409 2800 1476 fuerit,
2830 1408 3113 1481 spoliatur
3169 1408 3399 1480 cingulo
3451 1409 3714 1480 militari,
3744 1416 3803 1464 et

2142 1496 2262 1550 vita
2293 1495 2477 1551 libera
2508 1513 2619 1551 non
2643 1497 2920 1568 potiatur,
2941 1498 3041 1553 sed
3061 1497 3251 1552 ofﬁcio
3273 1496 3543 1569 praesulis
3561 1498 3796 1569 provin-

2144 1583 2244 1637 cia":
2287 1583 2504 1638 servire
2547 1589 2808 1655 cogatur,
2833 1586 3165 1640 substantia
3195 1591 3390 1640 autem
3423 1585 3550 1656 ejus
3581 1585 3640 1640 in
3667 1601 3800 1640 mo-

2145 1674 2398 1726 nasterio
2431 1678 2684 1726 maneat.

2062 1796 2106 1860 Β
2137 1778 2267 1834 CAP.
2309 1779 2425 1833 157.
2452 1810 2516 1819 -
2539 1781 2692 1848 Item,
2715 1779 2780 1835 de
2799 1779 3149 1860 eodenhcap.
3174 1783 3210 1836 6
3231 1781 3306 1852 (et
3341 1781 3578 1853 Capitut.
3605 1781 3702 1836 tib.
3738 1799 3796 1850 v,

2848 1853 3074 1924 c.226)

2207 1938 2262 1991 Si
2278 1937 2481 2009 quisin
2498 1940 2853 1996 monasterio
2875 1944 3249 1997 consecratus
3274 1942 3795 2014 fuerit,posteaque

2137 2026 2194 2081 in
2230 2026 2389 2081 aliud
2425 2029 2846 2084 monasterium
2875 2031 3128 2086 transire
3152 2030 3796 2100 maluerit,substantia

2138 2115 2375 2185 quidem
2396 2111 2578 2186 ejus'a
2600 2117 2776 2189 priori
2799 2120 3156 2175 monasterio
3176 2120 3796 2188 vendicetur,aliorum

2138 2212 2332 2259 autem
2393 2207 2882 2263 monasteriorum
2941 2209 3244 2280 primates,
3279 2209 3629 2280 prohibeant
3659 2225 3800 2264 eum

2137 2295 2390 2349 transire
2416 2301 2471 2350 et
2500 2296 2557 2349 in
2592 2295 2706 2352 alio
2739 2297 3095 2353 monasterio
3118 2314 3228 2353 non
3247 2297 3668 2369 recipiatur.Et
3686 2297 3801 2352 hoc

2137 2399 2340 2438 curare
2363 2384 2577 2439 debent
2597 2402 2712 2439 non
2732 2385 2926 2441 solum
2947 2385 3375 2458 religiosissimi
3399 2387 3798 2458 episcopi,sed

2137 2472 2313 2526 etiam
2346 2473 2814 2528 reverendissimi
2846 2476 3342 2532 archimandritas.

2137 2579 2266 2631 CAP.
2305 2578 2424 2653 158.
2453 2581 2603 2653 —,Ut
2635 2580 2730 2653 qui
2759 2587 3056 2637 monachus
3086 2584 3210 2652 ﬁeri
3235 2583 3373 2648 vult,
3409 2587 3535 2636 ante
3579 2584 3796 2653 ingres-

2206 2666 2330 2725 sum
2359 2649 2425 2725 de
2452 2649 2757 2725 substantia
2802 2669 2908 2707 sua
2959 2649 3240 2723 disponat,
3274 2656 3403 2725 quia
3448 2649 3655 2724 postea
3682 2671 3797 2710 non.

2208 2720 2353 2776 licet.
2390 2722 2718 2778 Constitutio
2747 2720 3093 2795 seaagesima
3121 2720 3293 2792 sexta,
3329 2720 3458 2795 capi
3487 2730 3532 2778 t.

2207 2809 2551 2882 Quicunque
2582 2811 2642 2866 in
2674 2814 3092 2868 monasterium
3127 2814 3623 2883 intrant,videant
3654 2814 3798 2868 sub-

2137 2897 2381 2952 stantias
2412 2915 2550 2953 suas
2581 2898 2639 2953 in
2676 2901 3030 2956 monasterio
3073 2902 3422 2957 consecrari.
3457 2901 3601 2957 Nam
3654 2906 3795 2957 ante

2133 2985 2438 3041 introitum
2473 2986 2716 3043 liberam
2749 2989 2968 3044 habent
2996 2990 3331 3046 facultatem
3361 2993 3652 3062 quomodo
3685 3007 3791 3046 vo-

2135 3072 2374 3144 luerint,
2393 3075 2546 3131 bona
2575 3093 2682 3132 sua
2711 3077 3083 3135 distribuere.
3115 3083 3434 3150 Postquam
3465 3083 3659 3134 autem
3690 3078 3791 3134 in-

371 3155 610 3213 domino
642 3156 933 3211 retrahere
961 3161 1194 3221 eum,et
1212 3157 1477 3227 probanti
1501 3158 1656 3228 quod
1680 3174 1885 3214 servus
1905 3165 2016 3228 est,
2050 3161 2092 3228 C
2132 3165 2434 3232 traverint,
2467 3164 2642 3220 talem
2696 3165 2996 3224 licentiam
3055 3185 3170 3224 non
3228 3168 3470 3238 habent,
3513 3167 3789 3239 quamvis

371 3241 431 3297 in
460 3245 568 3313 [ut]
601 3259 838 3300 servum
871 3259 1004 3300 eum
1038 3244 1236 3301 haere.

2133 3250 2361 3308 liberos
2390 3252 2668 3311 habeant.

1297 3586 1833 3680 DECRETI
1918 3588 2234 3684 PARS
2324 3594 2840 3690 OCTAVA.

367 3786 454 3845 De
511 3783 804 3862 legitimis
876 3785 1264 3877 conjugiis._
1296 3789 1383 3846 De
1442 3788 1786 3877 virginibus
1844 3789 2163 3877 etrviduis
2219 3811 2344 3877 non
2403 3796 2652 3877 velatis.
2733 3799 2819 3856 De
2875 3799 3233 3877 raptoribus
3302 3818 3519 3860 earum
3578 3805 3640 3860 et
3699 3800 3778 3860 de

443 3881 660 3959 eorum
718 3868 1146 3943 separatione.
1225 3870 1311 3927 De
1367 3869 1735 3928 concubinis
1793 3876 1853 3928 et
1923 3875 2418 3948 transgressione
2477 3875 2790 3955 conjugii,
2864 3868 3067 3959 deque
3121 3881 3492 3958 poenitentia
3547 3880 3774 3958 singu-

445 3944 676 4004 lorum.

1872 4071 2064 4080 ...ν-η.
2084 4073 2101 4080 .-
2131 4073 2275 4080 ..ν’---

361 4221 494 4273 CAP.
528 4218 579 4273 1.
606 4247 674 4256 -
706 4216 846 4284 Quid
873 4218 947 4270 sit
977 4213 1397 4270 matrimonium
1435 4230 1505 4269 ex
1548 4217 1689 4271 libro
1737 4217 2010 4274 Constitu-

679 4291 892 4341 tionum
931 4286 1227 4357 [lnstituL]
1257 4286 1460 4356 primo,
1492 4289 1556 4342 tit
1613 4305 1687 4342 ix.

431 4377 540 4446 (29-,
563 4393 617 4446 ᾳ.
645 4376 697 4437 1,
728 4375 789 4428 In
804 4376 1126 4444 principio.)
1150 4374 1376 4444 Nuptiae
1413 4375 1534 4431 sive
1568 4377 2010 4435 matrimonium

359 4467 448 4519 est
476 4461 994 4565 vir‘i'mulierisque
1041 4464 1400 4563 conjunctio,
1451 4464 1816 4522 individuam
1869 4485 2005 4524 con-
2037 4491 2082 4555 D
2114 4490 2249 4544 CAP.
2278 4490 2330 4544 4,
2355 4521 2421 4530 __
2443 4492 2741 4561 Dawn-pm,
2783 4493 3020 4564 legitimi
3050 4495 3314 4565 conj-“gn;

360 4552 734 4607 suetudinem
765 4550 892 4605 vitae
925 4551 1252 4607 continens.

359 4649 494 4705 CAP.
526 4649 580 4702 2.
609 4679 670 4688 —
704 4648 928 4721 Quando
953 4648 1049 4716 ﬁat
1077 4651 1410 4721 conjugium.
1444 4651 1755 4707 Ambrosius
1784 4654 1862 4708 ad
1893 4657 2007 4710 vir-

428 4721 682 4793 ginitatis
710 4720 1291 4793 exhortationem,lib.
1326 4739 1365 4776 11
1398 4723 1538 4793 (cap.
1570 4724 1604 4776 5
1639 4729 1689 4778 et
1716 4725 1769 4793 6,
1805 4726 1900 4780 tib.
1933 4729 2008 4782 De

428 4790 776 4846 institutione
805 4790 1082 4861 virginis).

427 4879 538 4950 (27,
573 4895 623 4950 q.
653 4881 710 4947 2,
742 4895 789 4933 c.
823 4879 957 4933 Cum
986 4879 1286 4950 initiatur.)
1323 4885 1680 4950 Desponsata
1707 4881 2003 4948 viro,con-

349 4969 514 5039 jugis
539 4984 744 5024 nomen
773 4967 1166 5038 accepit.Cum
1183 4969 1336 5023 enim
1355 4970 1999 5043 initiaturconjugium,

352 5059 495 5111 tunc
525 5055 782 5126 conjugii
816 5071 1022 5111 nomen
1057 5058 1408 5112 assumitur:
1434 5074 1547 5112 non
1573 5059 1727 5112 enim
1760 5060 2000 5115 detlora-

353 5144 434 5202 tio
465 5145 815 5217 virginitatis
834 5145 1350 5217 facitconjugium,
1374 5147 1472 5200 sed
1499 5146 1686 5216 pactio
1718 5149 1999 5220 conjuge-

353 5233 446 5290 lis.
465 5234 1173 5306 Denique,cumjungitur
1193 5232 1387 5304 puella
1409 5235 1747 5306 conjugium
1769 5241 1998 5304 est,non

353 5339 489 5379 cum
516 5323 627 5379 viri
659 5322 1009 5378 admistione
1037 5320 1428 5392 cognoscitur.

354 5419 489 5475 CAP.
516 5423 570 5478 3.
595 5451 660 5462 —
677 5421 748 5476 De
767 5420 971 5476 eodem.
994 5419 1252 5492 Isidorus,
1278 5418 1756 5492 Etymologiarum
1785 5421 1880 5476 lib.
1916 5437 1995 5490 xx,

941 5505 1059 5560 cap.
1089 5491 1123 5541 7
1156 5489 1295 5561 (cap.
1323 5490 1401 5558 8).

422 5578 534 5649 (27,
566 5597 617 5652 q.
643 5584 696 5647 2,
727 5597 774 5636 c.
809 5579 1116 5652 Conjuges.)
1146 5580 1436 5652 Conjuges
1466 5579 1660 5636 verius
1690 5579 1991 5652 appellan-

2121 4226 2218 4276 tur
2250 4239 2282 4276 a
2322 4222 2512 4294 prima
2567 4225 3037 4295 desponsationis
3098 4228 3229 4293 ﬁde,
3263 4227 3529 4298 quamvis
3580 4229 3777 4283 adhuc

2120 4310 2274 4365 inter
2302 4327 2400 4366 eos
2433 4312 2735 4384 ignoretur
2764 4315 3096 4387 conjugalis
3127 4317 3493 4372 concubitus.

3350 4496 3627 4551 Evaristus
3655 4497 3770 4568 epi-

2409 4563 2583 4633 scopis
2612 4563 2982 4636 A/‘ricae,cap.
3014 4568 3048 4618 2
3080 4563 3185 4637 (ep.
3216 4563 3272 4632 Τί,
3305 4583 3351 4621 c.
3383 4570 3461 4637 '2).

2187 4697 2294 4766 (30,
2329 4715 2379 4767 q.
2412 4699 2468 4767 5,
2499 4715 2544 4753 c.
2569 4699 2786 4770 Aliter.)
2818 4699 3001 4753 Aliter
3031 4700 3358 4771 legitimum
3393 4719 3508 4756 non
3539 4701 3603 4755 tit
3635 4719 3768 4757 con-

2107 4786 2363 4856 jugium,
2385 4785 2496 4841 nisi
2516 4788 2586 4842 ab
2605 4786 2699 4842 his
2725 4789 2824 4858 qui
2846 4805 3024 4859 super
3049 4788 3240 4860 ipsam
3273 4789 3550 4845 feminam
3584 4790 3769 4845 domi-

2114 4875 2407 4929 nationem
2441 4874 2654 4929 habere
2682 4876 2977 4942 videntur,
3011 4882 3069 4930 et
3102 4893 3135 4930 a
3165 4878 3382 4946 quibus
3412 4879 3771 4946 custoditur,

2115 4979 2257 5017 uxor
2277 4967 2528 5033 petatur,
2551 4968 2602 5017 et
2628 4980 2660 5016 a
2692 4963 3032 5033 parentibus
3053 4964 3572 5035 propinquioribus
3591 4983 3770 5036 spon-

2112 5057 2291 5116 setur,
2313 5055 2368 5106 et
2391 5052 2619 5122 legibus
2650 5052 2902 5118 dotetur,
2931 5058 2985 5106 et
3004 5070 3111 5108 suo
3143 5058 3405 5124 tempore
3438 5056 3770 5111 sacerdota-

2112 5139 2260 5209 liter,
2287 5143 2347 5193 ut
2373 5156 2496 5194 mos
2521 5144 2627 5207 est,
2649 5155 2783 5194 cum
2820 5141 3088 5211 precibus
3112 5147 3169 5197 et
3188 5142 3586 5199 oblationibus
3613 5161 3646 5199 a
3666 5159 3764 5199 sa-

2108 5229 2336 5282 cerdote
2356 5228 2752 5297 benedicatur,
2775 5233 2833 5284 et
2863 5247 2895 5284 a
2925 5232 3368 5303 paranympbis,
3412 5237 3476 5288 ut
3511 5249 3764 5288 consue-

2107 5316 2246 5370 tudo
2277 5317 2461 5380 docet,
2483 5316 2778 5372 custodita
2806 5323 2862 5373 et
2893 5319 3112 5375 sociata
3142 5337 3175 5375 a
3206 5321 3483 5390 proximis
3501 5337 3764 5393 congruo

2107 5407 2366 5474 tempore
2387 5404 2591 5474 petita,
2615 5403 2844 5477 legibus
2867 5409 3042 5464 detur
3063 5426 3128 5464 ac
3150 5409 3492 5466 solemniter
3510 5408 3766 5480 accipia-

2107 5497 2218 5560 tur,
2243 5497 2300 5546 et
2322 5492 2500 5548 biduo
2521 5492 2610 5549 vel
2633 5495 2826 5552 triduo
2851 5497 3220 5554 orationibus
3242 5504 3466 5569 vacent,
3489 5502 3546 5554 et
3575 5498 3764 5554 casti-

2103 5585 2281 5637 tatem
2312 5581 2669 5638 custodiant.
