3994 6052
220 272 325 327 585

612 394 746 448 CAP.
777 393 832 447 5.
864 421 934 433 -ο
964 393 1114 459 Item,
1151 394 1224 447 De
1252 393 1456 448 eodem.

289 506 370 558 Ita
400 505 636 574 peracta
664 499 928 572 legitima
958 500 1167 554 scitote
1198 516 1326 555 esse
1356 501 1670 571 connubia,
1702 501 1872 556 aliter

218 608 346 647 vero
398 594 774 662 praesumpta,
806 606 921 644 non
972 589 1265 659 conjugis,
1308 590 1409 644 sed
1458 589 1750 644 adulteria
1780 588 1869 645 vel

219 680 617 745 contubernia,
648 677 736 733 vel
784 682 1009 749 stupra,
1058 683 1159 733 aut
1206 678 1623 733 fornicationes
1674 677 1868 749 potius

217 786 391 842 quam
421 768 686 841 legitima
714 767 988 839 conjugia
1012 784 1140 822 esse
1168 784 1280 822 non
1314 767 1600 836 dubitate,
1633 766 1746 821 nisi
1778 784 1866 822 vo-

215 859 410 914 luntas
441 858 677 929 propria
726 856 1154 928 suifragaverit,
1187 860 1245 911 et
1292 861 1424 911 vota
1468 856 1869 911 succurrerint

213 947 498 1020 legitima.

210 1076 333 1128 CAP.
368 1072 422 1126 6.
456 1101 524 1111 —-
554 1073 627 1127 De
660 1070 1039 1126 benedictione
1069 1069 1252 1139 sponsi
1283 1072 1334 1123 et
1360 1084 1593 1139 sponsae.
1621 1070 1864 1135 Respon-

278 1161 336 1287 ἴα
366 1142 591 1284 Nicéi’lai
636 1142 708 1197 ad
751 1143 1001 1197 consulta
1054 1142 1449 1209 Butqarorum,
1504 1142 1641 1195 libro
1685 1141 1864 1212 primo

301 1232 420 1287 cap.
519 1255 531 1267 .

301 1232 420 1287 cap.
453 1232 531 1284 ό).

280 1330 390 1400 (30,
422 1346 474 1400 q.
500 1330 555 1398 5,
579 1344 625 1382 τ.
655 1327 971 1397 Nostrates).
999 1327 1303 1382 Nostrates
1324 1330 1445 1382 tam
1472 1342 1663 1382 mares
1687 1342 1865 1397 quam

208 1419 459 1485 feminas,
494 1434 611 1472 non
646 1418 962 1488 ligaturam
997 1432 1235 1471 auream
1268 1420 1355 1471 vel
1388 1421 1744 1486 argenteam,
1767 1419 1868 1470 aut

209 1524 273 1563 ex
303 1505 563 1576 quolibet
594 1504 832 1560 metallo
874 1505 1283 1575 compositam,
1318 1506 1552 1576 quando
1581 1503 1867 1574 nuptialia

209 1597 423 1651 foedera
482 1594 860 1658 contrahunt,
921 1594 981 1647 in
1039 1594 1327 1663 capitibus
1386 1593 1699 1659 deferunt;
1761 1593 1863 1647 sed

205 1689 333 1756 post
354 1683 676 1756 sponsalia,
694 1699 821 1753 quas
846 1684 1181 1737 futurarum
1205 1686 1345 1737 sunt
1365 1682 1704 1753 nuptiarum
1731 1697 1863 1753 pro-

1133 272 1443 324 DECRETI
1487 272 1675 325 PARS
1714 270 1864 324 VIII.
1899 301 1964 310 —
1995 275 2089 326 DE
2129 273 2519 340 CONJUGIIS,
2559 276 2715 327 ETC.

3525 280 3633 334 586

1896 397 1948 461 Α
1980 396 2111 450 CAP.
2143 395 2197 449 9.
2229 426 2318 468 7-
2366 396 2690 451 Inviolabile
2736 413 2849 451 esse
2894 399 3139 468 conjugii
3182 412 3630 462 sacramentum.

2192 467 2564 535 Augustinus,
2601 470 2669 522 De
2703 469 2837 523 bono
2867 467 3174 541 conjug’ali,
3216 488 3335 543 cap.
3365 476 3421 529 7.

2046 557 2155 623 (32,
2186 573 2234 626 q.
2268 557 2325 621 7,
2356 574 2403 610 c.
2437 556 2888 629 Interveniente).
2927 561 3349 617 Interveniente
3383 563 3629 622 divortio

1982 660 2095 698 non
2129 644 2393 699 aboletur
2413 646 2820 701 contcederatio
2842 647 3147 719 nuptialis,
3172 649 3254 704 ita
3276 654 3339 706 ut
3360 651 3471 706 sibi
3494 668 3630 708 con-

1970 733 2146 803 juges
2177 733 2296 788 sint
2327 733 2500 788 etiam
2534 734 2810 805 separati,
2843 751 2977 790 cum
3019 736 3139 792 illis
3171 742 3366 794 autem
3399 740 3632 797 adulte-

1978 825 2131 876 rium
2165 821 2559 888 committant,
2592 822 2806 893 quibus
2840 825 3056 879 luerint
3085 826 3258 881 etiam
3291 834 3426 899 post
3455 846 3629 886 suum

1980 909 2289 980 repudium
2325 911 2599 981 copulati.
2634 912 2749 966 Nec
2802 917 2996 967 tamen
3032 914 3145 968 nisi
3179 915 3235 968 in
3272 915 3502 972 civitate
3530 917 3631 973 Dei

1980 998 2186 1064 nostri,
2219 999 2277 1053 in
2312 1004 2509 1054 monte
2558 1004 2760 1055 sancto
2813 1001 2941 1070 ejus
2974 1002 3109 1056 talis
3156 1007 3248 1058 est
3278 1020 3454 1060 causa
3496 1023 3632 1061 cum

1979 1104 2174 1143 uxore.
2210 1090 2491 1143 Caeterum
2530 1088 2701 1143 aliter
2750 1105 2811 1144 se
2855 1090 3069 1146 habere
3111 1092 3250 1161 jura
3294 1092 3631 1163 gentilium,

1977 1177 2110 1247 quis
2142 1177 2418 1248 ignorat?
2451 1176 2554 1231 Ubi
2610 1177 2952 1247 interposito
3002 1180 3267 1250 repudio,
3302 1186 3358 1235 et
3389 1181 3490 1237 illa
3534 1183 3629 1238 cui

1975 1266 2225 1322 voluerit
2254 1267 2452 1332 nubet,
2487 1271 2543 1320 et
2574 1265 2671 1321 ille
2702 1282 2879 1337 quam
2913 1267 3181 1338 voluerit,
3218 1270 3401 1324 ducit.

2011 1374 2143 1428 CAP.
2178 1371 2263 1426 l0.
2291 1402 2360 1412 —
2394 1372 2542 1438 Quod
2568 1372 2896 1445 concubinae
2942 1373 3067 1442 ﬁeri
3107 1380 3335 1445 possunt
3364 1392 3592 1435 uxores.

2535 1444 2741 1497 Ibidem
2772 1444 2911 1515 (cap.
2948 1445 3061 1513 14).

2041 1532 2154 1603 (32,
2189 1549 2239 1602 q.
2270 1534 2326 1600 2,
2358 1549 2404 1586 c.
2439 1532 2812 1603 Concubinrz).
2848 1532 2962 1588 Nec
2994 1534 3336 1590 concubinae
3368 1537 3442 1592 ad
3473 1545 3623 1594 tem-

1973 1639 2083 1692 pus
2099 1620 2397 1687 adhibitae,
2414 1621 2463 1675 si
2488 1620 2743 1675 ﬁliorum
2767 1638 2944 1677 causa
2967 1625 3623 1697 concumbant,justum

1974 1710 2193 1764 faciunt
2230 1709 2688 1764 concubinatum
2740 1727 2934 1766 suum.
2968 1712 3143 1767 Posse
3175 1728 3316 1769 sane
3345 1714 3471 1769 ﬁeri
3514 1732 3623 1771 nu-

206 1774 387 1874 Ψίῗδθδ
406 1773 901 1874 τξθάίῗηναυίείψθ
925 1786 1435 1874 consensum-mf”
1460 1770 1558 1841 qni
1583 1771 1705 1824 hac
1727 1786 1862 1874 αξη·
1895 1774 1942 1837 Β
1977 1798 2126 1868 ptias
2179 1813 2247 1852 ex
2297 1796 2447 1852 male
2495 1798 2844 1869 conjunctis,
2878 1798 3125 1856 honesto
3176 1806 3381 1869 postea
3410 1802 3621 1874 placito

206 1862 469 1929 trahunt,
504 1865 560 1916 et
591 1876 795 1915 eorum
831 1860 889 1914 in
923 1875 1174 1930 quorum
1208 1864 1497 1929 potestate
1528 1864 1686 1925 sunt,
1712 1859 1866 1913 cele-

206 1950 474 2019 brantur,
507 1955 564 2005 et
598 1953 912 2021 postquam
946 1948 1139 2004 arrhis
1170 1964 1451 2019 sponsam
1476 1947 1586 2002 sibi
1610 1964 1864 2018 sponsus

208 2057 305 2110 per
326 2039 575 2111 digitum
593 2038 728 2093 fidei
744 2052 853 2093 a'se
870 2036 1447 2107 annuloinsignitam
1466 2036 1862 2107 desponderit,

209 2129 525 2199 dotemque
558 2127 789 2195 utrique
817 2124 1091 2196 placitam
1111 2142 1366 2195 sponsus
1399 2124 1449 2179 ei
1481 2141 1613 2179 cum
1647 2126 1863 2195 scripto

212 2224 443 2288 pactum
478 2216 587 2271 hoc
609 2216 969 2281 continente,
992 2230 1190 2269 coram
1216 2214 1476 2268 invitatis
1509 2214 1580 2267 ab
1612 2218 1861 2284 utraque

209 2311 366 2378 parte
402 2304 727 2371 tradiderit,
752 2307 853 2358 aut
873 2320 1008 2358 mox
1029 2306 1131 2357 aut
1151 2308 1285 2374 apto
1308 2308 1421 2356 tem
1434 2319 1589 2373 pore,
1613 2319 1684 2356 ne
1706 2302 1862 2356 vide-

209 2395 338 2450 licet
363 2399 500 2449 ante
532 2400 765 2464 tempus
786 2393 911 2464 lege
945 2390 1253 2447 deﬁnitum
1282 2390 1392 2446 tale
1414 2391 1549 2461 quid
1576 2391 1700 2445 fieri
1721 2407 1861 2462 prae-

209 2487 499 2548 sumetur,
532 2482 705 2537 ambo
734 2482 803 2535 ad
839 2479 1127 2551 nuptialia
1158 2479 1373 2534 foedera
1405 2480 1809 2549 perducuntur
1844 2493 1857 2533 :

208 2579 263 2627 et
289 2573 546 2644 primum
572 2571 809 2642 quidem
841 2569 899 2623 in
925 2567 1180 2624 Ecclesia
1201 2567 1433 2623 Domini
1457 2584 1591 2621 cum
1616 2566 1861 2622 oblatio-

208 2662 380 2716 nibus
396 2677 541 2731 quas
557 2660 762 2714 offerre
784 2658 1123 2713 debentDeo
1140 2673 1242 2729 per
1262 2656 1585 2711 sacerdotis
1610 2671 1852 2711 manum

211 2754 575 2815 statuuntur,
608 2748 810 2818 sicque
840 2748 1079 2802 demum
1126 2745 1589 2801 benedictionem
1622 2748 1678 2799 et
1707 2745 1859 2798 vela-

211 2854 342 2894 men
374 2836 608 2892 cmleste
639 2835 989 2906 suscipiunt.
1012 2836 1164 2890 Item.
1190 2834 1318 2889 Haec
1350 2838 1490 2889 sunt
1518 2838 1727 2904 praeter
1749 2832 1863 2888 alia

214 2943 336 2999 quas
370 2928 444 2982 ad
479 2925 823 2981 memoriam
869 2941 983 2979 non
1015 2927 1330 2978 occurrunt
1360 2928 1529 2993 pacta
1561 2922 1859 2992 conjugio-

214 3031 338 3069 rum
362 3013 678 3069 solemnia.
706 3016 1014 3067 Peccatum
1040 3018 1235 3066 autem
1258 3026 1409 3077 esse,
1434 3010 1483 3065 si
1506 3010 1628 3065 haec
1651 3014 1862 3064 cuncta

211 3103 267 3158 in
300 3101 551 3173 nuptiali
586 3102 796 3156 ﬁndere
844 3117 960 3155 non
992 3099 1402 3167 interveniant,
1438 3116 1550 3154 non
1582 3099 1856 3153 dicimus.
1890 3136 1933 3203 C

213 3191 522 3246 Concilium
553 3207 608 3244 IV
639 3188 984 3259 Carthagin.,
1026 3204 1146 3258 cap.
1183 3187 1266 3242 13.
1303 3188 1408 3255 (30,
1441 3204 1491 3256 q.
1522 3188 1576 3253 5,
1604 3203 1651 3241 c.
1682 3186 1858 3256 Spon-

211 3282 340 3351 sus).
376 3280 644 3350 Sponsus
676 3283 733 3332 et
781 3294 999 3348 sponsa
1046 3292 1179 3331 cum
1232 3274 1610 3330 benedicendi
1662 3278 1799 3328 sunt
1829 3290 1862 3327 a

210 3370 533 3435 sacerdote,
568 3384 601 3421 a
632 3367 972 3439 parentibus
993 3366 1118 3421 suis
1149 3364 1234 3419 vel
1264 3382 1294 3419 a
1326 3364 1747 3435 paranymphis
1777 3362 1861 3417 of-

211 3457 488 3513 ferantur.
535 3456 809 3520 Quicum
858 3454 1327 3510 benedictionem
1380 3452 1730 3524 acceperint,
1762 3467 1859 3507 ea-

210 3546 338 3601 dem
373 3552 544 3601 nocte
577 3561 680 3616 pro
712 3544 1037 3601 reverentia
1079 3541 1503 3598 benedictionis
1532 3541 1591 3595 in
1625 3539 1861 3611 virgini-

213 3638 330 3690 tate
363 3637 769 3707 permaneant.

215 3766 346 3823 CAP.
382 3769 438 3823 7.
465 3797 533 3806 —-
566 3767 684 3821 Cur
711 3780 930 3892 spartae
950 3767 1250 3889 vetentuqb
1252 3764 1516 3831 Isidorus,
1544 3763 1616 3816 De
1644 3758 1864 3830 ofﬁciis,

827 3854 846 3891 ι
890 3880 901 3891 .
934 3854 995 3892 ιι.
1028 3851 1149 3892 can.
1258 3876 1269 3888 .

827 3851 901 3892 to.
934 3854 995 3905 ιι,
1028 3851 1149 3907 cap.
1184 3851 1269 3889 ω.

284 3943 446 4009 Quod
484 3944 732 4010 feminae,
768 3943 909 3997 dum
961 3940 1331 4007 maritantur,
1363 3938 1651 4003 velantur,
1683 3936 1864 4007 signi-

216 4032 346 4087 ﬁcat
376 4036 441 4086 ut
474 4031 739 4087 noverint
766 4046 996 4101 semper
1017 4044 1079 4084 se
1096 4029 1235 4084 viris
1254 4029 1380 4084 suis
1410 4043 1539 4083 esse
1570 4026 1867 4096 subjectae

217 4124 273 4175 et
301 4120 588 4176 humiles.

298 4250 433 4303 ΟΑΡ.
467 4248 521 4303 8.
552 4277 620 4287 —
653 4245 793 4314 Quid
821 4245 1136 4371 signgiftent
1165 4243 1409 4313 insignia
1439 4258 1781 4313 sponsarum.

996 4333 1014 4371 ι
1054 4331 1158 4370 em.

996 4331 1138 4371 ιαετη
1147 4354 1158 4367 .

290 4426 457 4488 Quod
512 4425 801 4479 nubentes
853 4428 985 4494 post
1034 4422 1497 4478 benedictionem
1544 4422 1718 4487 vittae,
1754 4436 1869 4475 uno

1975 1892 2394 1957 consequente,
2428 1886 2807 1942 manifestum
2839 1892 2946 1943 est.

1975 1993 2105 2069 Car.
2143 1994 2226 2046 11.
2260 2024 2328 2069 _——
2359 1993 2508 2069 Quod
2537 2009 2694 2069 nemo
2724 1999 2811 2069 est
2834 1995 3066 2069 pudicus
3098 2011 3340 2067 corpore,
3370 1999 3485 2053 nisi
3509 2016 3618 2069 pu-

2044 2065 2198 2118 dicus
2226 2066 2299 2119 sit
2326 2066 2553 2134 spiritu.
2588 2067 2756 2135 Idem,
2790 2067 2849 2119 in
2881 2066 3021 2121 libro
3054 2072 3131 2123 De
3160 2065 3354 2124 sancta
3382 2065 3623 2137 virgini-

2046 2140 2158 2191 tate
2189 2137 2338 2205 (cap.
2374 2136 2448 2207 δ).

2045 2224 2207 2279 Sicut
2238 2240 2405 2278 nemo
2438 2224 2735 2295 impudice
2759 2226 2947 2280 utitur
2974 2244 3235 2298 corpore,
3269 2227 3381 2285 nisi
3415 2229 3625 2301 spiritu

1973 2312 2137 2383 prius
2168 2316 2450 2382 concepta
2481 2312 2769 2383 nequitia,
2802 2313 2886 2369 ita
2919 2331 3088 2370 nemo
3120 2317 3468 2387 pudicitiam
3501 2336 3623 2374 ser-

1973 2405 2068 2455 vat
2126 2400 2183 2454 in
2248 2414 2510 2470 corpore,
2558 2400 2673 2456 nisi
2730 2402 2963 2473 spiritui
3023 2405 3183 2475 prius
3229 2405 3410 2462 insita
3456 2409 3629 2462 casti-

1970 2492 2114 2543 tate.

1971 2578 2104 2654 Cap,
2138 2576 2224 2630 12.
2259 2608 2325 2654 τ
2373 2578 2862 2654 Inviolabileesse
2911 2588 3316 2654 sacramentum
3341 2582 3621 2654 :conjugii.

2043 2648 2223 2790 ἷᾴὲγηὸ
2266 2649 2338 2703 De
2392 2650 2605 2719 nuptiis
2676 2652 2726 2706 et
2798 2653 3240 2724 concupiscentia
3309 2648 3463 2725 (cap:
3518 2648 3618 2724 '10,

2068 2738 2085 2773 ἰ
2134 2762 2145 2773 .
2230 2761 2243 2774 .

2041 2808 2153 2876 (32,
2188 2824 2237 2877 q.
2269 2808 2325 2875 7,
2355 2823 2402 2860 c.
2439 2808 2611 2879 Usque
2639 2808 2812 2878 adeo).
2847 2810 3041 2882 Usque
3076 2811 3217 2867 adeo
3258 2816 3497 2868 manent
3524 2814 3615 2868 in-

1971 2899 2058 2951 ter
2086 2895 2343 2950 viventes
2373 2896 2552 2951 semel
2584 2897 2729 2952 inita
2749 2897 2887 2966 jura
2930 2900 3292 2971 nuptiarum,
3326 2905 3390 2956 ut
3420 2902 3614 2973 potius

1972 2984 2088 3039 sint
2120 2984 2272 3038 inter
2297 3000 2358 3039 se
2407 2986 2688 3056 conjuges
2736 2986 2912 3041 etiam
2958 2988 3229 3059 separati,
3272 3006 3446 3061 quam
3481 3007 3614 3048 cum

1971 3072 2063 3127 his
2096 3073 2311 3143 quibus
2343 3072 2472 3127 aliis
2499 3073 2888 3129 adhaeserunt.

2220 3170 2352 3224 CAP.
2390 3170 2472 3225 13.
2506 3202 2574 3210 -
2603 3175 2744 3226 Item
2802 3172 3022 3238 ibidem,
3055 3175 3127 3229 De
3154 3174 3357 3230 eodem.

2042 3260 2110 3313 Et
2143 3259 2315 3329 paulo
2366 3264 2535 3330 post:
2571 3260 2767 3315 Manet
2815 3261 2966 3316 inter
3015 3262 3272 3318 viventes
3317 3264 3616 3333 quoddam

1971 3347 2301 3418 conjugale,
2332 3348 2487 3417 quod
2544 3364 2649 3403 nec
2700 3350 3014 3420 separatio,
3050 3368 3156 3406 nec
3203 3367 3336 3405 cum
3373 3352 3611 3406 adulter

1972 3434 2260 3506 copulatio
2292 3436 2480 3506 possit
2510 3436 2757 3506 auferre,
2773 3437 2925 3491 sicut
2954 3443 3221 3510 apostata
3250 3438 3448 3494 anima
3470 3438 3631 3494 velut

1973 3525 2043 3578 de
2074 3523 2345 3594 conjugio
2395 3522 2609 3579 Christi
2654 3526 2953 3591 recedens,
3006 3526 3185 3582 etiam
3232 3527 3346 3582 ﬁde
3377 3527 3631 3599 perdita,

1974 3622 2405 3667 sacramentum
2440 3611 2572 3665 ﬁdei
2602 3628 2715 3667 non
2748 3612 3002 3683 amittat,
3028 3616 3183 3684 quod
3217 3615 3446 3671 lavacro
3477 3630 3639 3685 rege-

1974 3700 2295 3755 nerationis
2328 3699 2569 3770 accepit.
2618 3700 2982 3757 Redderetur
3026 3703 3183 3757 enim
3213 3704 3416 3774 procul
3445 3704 3627 3759 dubio

1975 3789 2263 3857 redeunti,
2296 3787 2345 3842 si
2378 3788 2675 3844 amisisset
2705 3790 3047 3847 abscedens.
3078 3792 3261 3847 Habet
3290 3796 3485 3847 autem
3520 3792 3631 3847 hoc

1976 3876 2076 3947 qui
2107 3876 2414 3931 recesserit
2444 3878 2510 3931 ad
2547 3877 2853 3934 cumulum
2885 3879 3181 3952 supplicii,
3215 3898 3329 3937 non
3363 3882 3432 3935 ad
3471 3880 3629 3936 meri-

1976 3970 2101 4020 tum
2132 3965 2379 4036 praemii.

2082 4064 2213 4118 CAP.
2253 4064 2337 4117 14.
2368 4094 2437 4103 —-
2467 4066 2621 4134 Item,
2656 4067 2883 4131 ibidem,
2907 4068 2980 4122 De
3008 4066 3199 4123 eodem
3230 4069 3373 4137 (cap.
3415 4066 3521 4136 18).

2048 4152 2271 4216 Quibus
2301 4169 2431 4207 vero
2465 4152 2751 4223 placuerit
2797 4170 2865 4209 ex
2913 4171 3203 4209 consensu
3254 4155 3327 4210 ah
3359 4171 3470 4209 usu
3502 4171 3630 4210 car-

1978 4240 2129 4295 nalis
2162 4241 2723 4311 concupiscentiaain
2746 4246 3093 4313 perpetuum
3127 4242 3445 4310 continere,
3475 4242 3635 4298 absit

1981 4334 2044 4383 ut
2059 4329 2362 4383 vinculum
2387 4329 2540 4384 inter
2562 4328 2696 4385 illos
2714 4332 2840 4401 conj
2853 4330 3014 4400 ugale
3038 4335 3365 4403 rumpatur.
3391 4335 3514 4386 Imo
3542 4331 3637 4386 ﬁr-

1980 4418 2138 4472 mius
2169 4418 2299 4487 erit,
2332 4434 2445 4488 quo
2480 4418 2666 4490 magis
2698 4433 2765 4473 ea
2788 4424 2957 4489 pacta
2988 4436 3187 4475 secum
3220 4420 3481 4489 inierint,
3507 4436 3635 4491 qua

220 4513 470 4567 invicem
503 4511 732 4567 vinculo
755 4511 1129 4583 copulantur,
1155 4511 1419 4565 videlicet
1440 4525 1511 4564 ne
1531 4525 1872 4580 compagem
1906 4488 1950 4553 ἶ)
1979 4506 2215 4562 charius
2241 4506 2700 4577 concordiusque
2732 4509 3017 4563 servanda
3041 4513 3204 4572 sunt,
3231 4525 3347 4563 non
3376 4488 3640 4579 volupta-

224 4601 556 4672 conjugalis
588 4601 835 4656 unitatis
866 4600 1224 4669 dirumpant.
1251 4602 1322 4653 At
1342 4616 1474 4654 vero
1497 4600 1650 4668 quod
1674 4599 1876 4652 eadem

225 4690 370 4743 vitta
399 4690 648 4744 candido
681 4704 1094 4760 purpureoque
1115 4686 1303 4741 colore
1326 4686 1730 4756 permiscetur,
1749 4703 1877 4740 can-

228 4778 335 4831 dor
352 4778 571 4848 quippe
589 4782 697 4843 est,
715 4777 1008 4831 munditia
1024 4776 1171 4841 vitae,
1200 4791 1457 4845 purpura
1479 4775 1549 4829 ad
1575 4774 1880 4845 sanguinis

229 4868 631 4937 posteritatem
656 4866 984 4929 adhibetur,
1009 4869 1072 4918 ut
1102 4864 1208 4918 hoc
1229 4863 1396 4933 signo
1427 4868 1483 4916 et
1512 4862 1879 4917 continentiae

228 4953 319 5009 lex
348 4955 606 5010 tenenda
636 4954 707 5009 sb
738 4955 1005 5024 utrisque
1028 4953 1099 5007 ad
1132 4958 1367 5022 tempus
1389 4952 1792 5017 admoneatur,
1827 4953 1884 5005 et

230 5048 364 5114 post
394 5044 516 5098 haec
550 5042 914 5098 reddendum
961 5042 1227 5097 debitum
1278 5056 1393 5094 non
1429 5043 1690 5110 negetur.
1725 5040 1878 5093 Item.

231 5132 396 5195 Quod
434 5131 727 5203 imprimis
775 5129 1030 5185 annulus
1081 5146 1114 5183 a
1161 5145 1379 5199 sponso
1428 5144 1657 5198 sponsae
1688 5127 1882 5192 datur,

234 5221 297 5275 ﬁt
326 5221 437 5275 hoc
471 5219 753 5274 nimirum
784 5218 870 5273 vel
906 5221 1146 5289 propter
1190 5222 1405 5271 mutuze
1439 5214 1767 5270 dilectionis
1801 5215 1884 5270 si-

234 5325 443 5379 gnum,
475 5307 563 5363 vel
596 5312 834 5379 propter
863 5306 921 5361 id
945 5306 1156 5377 magis,
1180 5310 1245 5359 ut
1275 5306 1479 5360 eodem
1512 5304 1755 5375 pignore
1786 5320 1885 5359 eo-

234 5412 368 5450 rum
403 5396 577 5451 corda
599 5398 953 5466 junguntur.
979 5395 1143 5449 Unde
1172 5398 1228 5448 et
1250 5398 1454 5464 quarto
1488 5393 1668 5465 digito
1701 5410 1885 5447 annu-

237 5482 334 5539 lus
380 5484 608 5551 inserit,
660 5483 717 5538 id
752 5488 841 5539 est
890 5485 1044 5555 quod
1094 5482 1153 5536 in
1200 5497 1266 5536 eo
1314 5498 1459 5537 vena
1503 5482 1791 5553 quaedam,
1827 5484 1891 5536 ut

241 5570 450 5640 fertur,
484 5572 793 5644 sanguinis
824 5573 895 5627 ad
928 5588 1028 5627 cor
1058 5585 1244 5641 usque
1275 5569 1593 5641 perveniat.

566 5698 833 5761 Pa'raon.
880 5698 1083 5760 CLXI.

1987 4596 2092 4650 riis
2122 4610 2429 4665 corporum
2481 4595 2749 4660 nexibus,
2783 4597 2882 4651 sed
2934 4596 3282 4652 voluntariis
3333 4596 3638 4654 affectibus

1989 4683 2341 4739 animorum.
2377 4683 2575 4753 Neque
2599 4684 2751 4737 enim
2787 4683 3071 4739 fallaciter
3092 4686 3165 4739 ab
3185 4684 3391 4756 angelo
3414 4685 3637 4741 dictum

1990 4781 2079 4829 est
2111 4774 2180 4827 ad
2213 4774 2432 4843 Joseph
2469 4790 2481 4826 :
2515 4774 2639 4827 Noti
2669 4777 2869 4829 timere
2899 4777 3145 4846 accipere
3177 4776 3417 4832 Mariam
3443 4777 3637 4846 conju-

1987 4876 2118 4933 gcm
2142 4872 2292 4917 tuam
2323 4862 2527 4933 (Matth.
2563 4863 2625 4933 1).
2660 4865 2880 4933 Conjux
2929 4869 3167 4919 vocatur
3215 4882 3282 4919 ex
3315 4865 3505 4935 prima
3538 4866 3635 4919 de-

1991 4950 2387 5022 sponsationis
2422 4952 2549 5017 ﬁde,
2584 4969 2759 5022 quam
2793 4953 3101 5007 concubitu
3137 4970 3239 5009 nec
3271 4958 3637 5025 cognoverat,

1995 5056 2099 5094 nec
2127 5040 2312 5093 fuerat
2359 5040 2722 5110 cogniturus.
2776 5041 2889 5096 Nec
2940 5041 3207 5112 perierat,
3241 5058 3345 5097 nec
3391 5043 3641 5098 mendax

1998 5132 2292 5181 manserat
2323 5128 2590 5197 conjugis
2637 5128 2971 5199 appellatio
3009 5130 3109 5184 ubi
3159 5146 3264 5185 nec
3294 5130 3502 5199 fuerat,
3536 5144 3641 5184 nec

1999 5217 2195 5270 futura
2225 5219 2347 5269 erat
2376 5216 2566 5270 carnis
2598 5217 2719 5272 ulla
2748 5217 3099 5273 commistio.
3123 5222 3364 5288 Propter
3394 5219 3546 5289 quod
3574 5218 3639 5269 ﬁ-

2001 5304 2126 5359 dele
2158 5304 2498 5375 conjugium
2550 5311 2820 5375 parentes
2851 5306 3063 5362 Christi
3104 5308 3274 5362 ambo
3303 5306 3492 5362 vocari
3527 5321 3644 5359 me-

2001 5398 2264 5457 ruerunt,
2296 5398 2352 5447 et
2382 5410 2493 5447 non
2528 5393 2719 5449 solum
2751 5394 2851 5449 illa
2874 5400 3079 5461 mater,
3109 5411 3309 5449 verum
3340 5394 3514 5448 etiam
3548 5391 3646 5446 ille

1999 5486 2164 5552 pater
2195 5483 2341 5551 ejus,
2395 5482 2548 5536 sicut
2598 5483 2809 5552 conjux
2858 5483 3065 5537 matris
3107 5483 3277 5551 ejus;
3326 5485 3647 5554 utrumque

2002 5574 2190 5625 mente
2222 5586 2335 5624 non
2368 5585 2559 5625 carne.

3254 5702 3329 5763 19
