3972 6056
389 343 509 398 587

389 472 521 526 CAP.
559 467 642 521 15.
675 493 744 504 -
791 462 865 517 De
912 456 1198 531 tripartito

1031 528 1150 599 (sub
1185 523 1390 593 tinem).

471 665 582 734 (27,
616 681 667 734 q.
699 663 754 726 2,
787 676 831 715 ο.
868 655 1080 722 Omne).
1126 651 1307 706 Omne
1336 647 1534 716 itaque
1577 638 1916 711 nuptiarum
1945 634 2045 688 bo-

402 727 544 812 num
571 727 880 823 impletum
909 749 997 799 est
1027 743 1083 796 in
1114 739 1230 794 illis
1260 734 1598 809 parentibus
1644 727 1880 792 Christi,
1917 740 2044 795 pro-

402 846 507 913 les,
523 818 689 906 ﬁdes,
706 836 1158 892 sacramentum.
1180 827 1404 882 Prolem
1426 819 1834 893 cognoscimus
1852 818 2044 885 ipsum

403 908 748 995 dominum;
783 925 978 984 ﬁdem,
1012 919 1148 991 quia
1182 915 1411 970 nullum
1443 908 1820 970 adulterium,
1853 917 2047 958 sacra-

403 1023 686 1080 mentum,
720 990 859 1084 quia
904 990 1132 1065 nullum
1167 1003 1508 1060 divortium.
1544 999 1694 1068 (Cap.
1735 995 1842 1084 12).
1874 990 2046 1046 Solus

398 1167 774 1272 peccatiﬁeri
807 1207 920 1246 non
969 1189 1218 1260 poterat,
1251 1181 1377 1236 sine
1418 1175 1691 1250 pudenda
1737 1167 2048 1240 concupis-

396 1260 587 1345 centia
634 1280 850 1349 carnis,
886 1294 1011 1350 qua:
1067 1271 1281 1330 accidit
1333 1286 1400 1325 ex
1433 1269 1709 1338 peccato;
1761 1260 1886 1315 sine
1934 1273 2051 1329 qua

399 1373 625 1446 concipi
655 1370 860 1435 voluit,
892 1365 992 1439 qui
1024 1365 1260 1419 futurus
1303 1359 1429 1414 sine
1463 1359 1694 1427 peccato
1725 1353 1870 1406 erat.

404 1525 538 1576 CAP.
573 1518 660 1572 16.
695 1544 763 1557 -—
796 1509 945 1580 Quod
973 1507 1096 1562 sine
1125 1497 1610 1580 consensuuxpr's
1637 1492 1941 1580 no‘n'liceqt
1956 1490 2050 1580 rpi-

481 1561 538 1647 rd
567 1561 1151 1644 co'ntiner'iterﬁrioere.
1199 1577 1451 1647 August,
1486 1571 1551 1624 in
1579 1564 1811 1638 epistola
1842 1562 1919 1618 ad
1948 1561 2050 1614 Bo-

475 1644 751 1733 nifacium
780 1655 1031 1710 comitem
1060 1647 1242 1720 (epist.
1272 1644 1386 1713 70).

480 1807 597 1861 Nos
630 1801 919 1864 novimus,
952 1809 1059 1848 nos
1088 1793 1270 1845 testes
1320 1799 1528 1841 sumus
1561 1779 1716 1851 quod
1748 1775 2052 1832 nobiscum

408 1895 565 1968 apud
595 1892 869 1946 Tubanas
899 1885 969 1938 de
1001 1879 1195 1935 animo
1227 1879 1285 1931 et
1313 1872 1608 1928 voluntate
1638 1873 1739 1922 tua
1770 1865 2055 1968 fuerimus

407 1951 700 2040 collocuti.
724 1975 842 2032 Soli
864 1979 1054 2028 tecum
1088 1981 1344 2031 eramus,
1371 1977 1473 2032 ego
1507 1962 1562 2013 et
1595 1959 1770 2012 frater
1792 1951 2054 2025 Alypius.

404 2073 531 2127 Non
563 2069 720 2126 enim
742 2063 1009 2120 existimo
1038 2061 1266 2112 tantum
1289 2050 1546 2106 valuisse
1578 2050 1840 2100 terrenas
1863 2057 2058 2104 curas,

406 2161 620 2233 quibus
653 2153 930 2226 impletus
961 2165 1044 2215 es,
1080 2151 1145 2200 ut
1165 2144 1274 2198 hoc
1305 2143 1377 2195 de
1403 2135 1687 2193 memoria
1719 2139 1820 2188 tua
1869 2129 2059 2185 delere

408 2219 661 2322 pmnitus
705 2219 1043 2315 potuerint:
1085 2247 1290 2299 nempe
1324 2243 1528 2284 omnes
1580 2229 1744 2278 actus
1794 2219 2059 2292 publicos

409 2307 626 2409 quibus
653 2335 970 2402 occupatus
992 2341 1121 2380 eras
1153 2320 1480 2388 relinquere
1507 2313 1805 2384 cupiebas,
1837 2315 1892 2363 et
1921 2313 1977 2362 te
2000 2307 2058 2360 in

411 2395 596 2482 citium
627 2426 899 2478 sanctum
930 2416 1211 2472 conferre,
1254 2413 1429 2477 atque
1457 2405 1514 2458 in
1546 2419 1614 2458 ea
1644 2401 1760 2454 vita
1785 2399 1972 2453 vivere
1999 2395 2060 2449 in

414 2531 530 2587 qua
559 2510 709 2568 servi
741 2508 836 2563 Dei
869 2500 1142 2560 monachi
1175 2499 1393 2553 vivunt.
1428 2494 1570 2548 Cum
1599 2506 1736 2561 ergo
1767 2492 1824 2542 te
1853 2483 2060 2541 essein

413 2577 526 2660 hoc
571 2597 869 2673 preposito
903 2591 1316 2664 gauderemus,
1366 2577 1654 2651 navigasti
1704 2587 2063 2644 uxoremque

415 2663 657 2748 duxisti.
683 2663 756 2743 ἐἰ
790 2663 944 2740 enim
978 2679 1288 2748 conjugem
1342 2687 1456 2726 non
1507 2667 1776 2730 haberes,
1808 2663 2062 2717 dicerem

414 2782 519 2836 tibi
553 2777 708 2850 quod
738 2779 794 2830 et
825 2769 1089 2827 Tubanis
1121 2765 1401 2824 diximus,
1436 2764 1500 2812 ut
1530 2757 1590 2810 in
1623 2752 1890 2810 castitate
1921 2767 2060 2805 con-

414 2841 676 2922 tinentiae
707 2865 947 2918 viveres.
996 2857 1128 2928 (Sub
1158 2850 1369 2924 ﬁnem).
1425 2847 1710 2900 Adderem
1742 2841 1892 2912 quod
1926 2843 2064 2893 tunc

413 2955 538 3011 ﬁeri
571 2951 1002 3026 prohibuimus,
1037 2953 1094 2999 ut
1119 2944 1243 3012 jam
1278 2944 1334 2993 te
1379 2938 1692 3026 (quantum
1725 2946 1920 3026 rerum
1944 2928 2064 3026 Ibu-

416 3014 727 3099 manarum
759 3037 919 3092 salva
948 3048 1086 3104 pace
1115 3027 1430 3100 potuisses)
1463 3024 1536 3077 ab
1569 3019 1700 3076 istis
1735 3018 1911 3073 rebus
1944 3014 2065 3069 bel-

417 3133 547 3188 licis
580 3127 970 3190 abstraheres,
1003 3127 1060 3177 et
1089 3119 1224 3175 huic
1271 3116 1399 3171 vita;
1432 3127 1667 3169 vacares
1718 3113 1774 3164 et
1803 3105 2067 3164 societati

419 3225 778 3284 sanctorum,
804 3215 895 3271 cui
919 3219 1060 3268 tunc
1080 3221 1283 3263 vacare
1305 3202 1605 3274 cupiebas,
1628 3199 1727 3254 ubi
1751 3198 1808 3251 in
1833 3195 2064 3252 silentio
2101 3181 2143 3246 C

422 3312 690 3384 pugnant
720 3303 933 3361 milites
967 3297 1208 3364 Christi,
1240 3309 1354 3348 non
1385 3295 1450 3346 ut
1481 3288 1750 3344 occidant
1779 3284 2070 3348 homines,

429 3371 539 3456 sed
564 3402 630 3454 ut
661 3393 997 3466 expugnent
1029 3383 1321 3459 principes
1372 3385 1428 3435 et
1459 3381 1775 3450 potestates
1805 3379 1862 3429 et
1902 3371 2073 3443 spiri-

432 3487 616 3544 tualia
648 3464 920 3554 nequitiae
951 3476 1165 3550 (Ephes.
1197 3473 1298 3542 vr),
1329 3469 1386 3524 id
1428 3471 1517 3522 est
1545 3464 1842 3521 diabolum
1886 3466 1942 3516 et
1971 3477 2073 3515 an-

434 3576 594 3648 gelos
625 3551 774 3644 ejus.
809 3569 919 3626 Sed
953 3571 1015 3621 ut
1043 3570 1095 3620 te
1126 3562 1195 3618 ad
1230 3562 1403 3615 istam
1435 3559 1610 3611 vitam
1646 3570 1760 3608 non
1785 3551 2072 3616 exhorter,

431 3646 558 3734 conj
573 3680 644 3718 ux
675 3658 1091 3730 impedimento
1123 3654 1232 3716 est,
1263 3649 1389 3704 sine
1418 3646 1586 3715 cujus
1618 3655 1905 3697 consensu
1939 3654 2073 3692 con-

432 3728 686 3808 tinenter
732 3728 835 3804 tibi
872 3762 984 3800 non
1037 3743 1206 3796 liceat
1253 3737 1464 3793 vivere.
1514 3731 1659 3796 Quia
1684 3733 1741 3786 et
1770 3728 1820 3785 si
1848 3732 1912 3783 tu
1945 3743 2074 3782 eam

423 3845 558 3914 post
589 3839 690 3894 illa
717 3843 821 3893 tua
852 3834 1026 3889 verba
1071 3825 1464 3893 Tubanensia,
1498 3823 1708 3876 ducere
1749 3835 1862 3873 non
1896 3818 2074 3872 debe-

422 3908 550 3998 bas,
584 3928 685 3984 illa
715 3925 818 3981 tibi
844 3928 1040 3978 tamen
1078 3916 1221 3972 nihil
1251 3929 1449 3969 eorum
1485 3911 1699 3976 sciens,
1734 3908 2076 3962 innocenter

421 4025 480 4076 et
511 3994 914 4089 simpliciciter
947 4006 1166 4079 nupsit,
1191 4009 1366 4073 atque
1390 3999 1609 4054 utinam
1641 4013 1840 4066 posses
1863 3994 1912 4047 ei
1947 4009 2072 4064 per-

421 4083 669 4165 suadere
701 4099 1144 4162 continentiam,
1172 4097 1234 4148 ut
1265 4092 1392 4146 sine
1424 4085 1842 4156 impedimento
1875 4083 2075 4138 redde-

419 4215 514 4254 res
545 4197 659 4252 Deo
693 4192 845 4266 quod
882 4195 936 4245 te
968 4187 1177 4242 debere
1210 4176 1550 4266 cognoscis?!
1587 4175 1694 4228 Sed
1729 4173 1774 4228 si
1809 4189 1940 4227 cum
1972 4171 2074 4228 illa

421 4303 588 4359 agere
621 4262 733 4339 non
767 4284 952 4353 potes,
985 4291 1149 4332 serva
1183 4270 1388 4328 saltem
1421 4263 1764 4337 pudicitiam
1799 4262 2071 4332 conjuga-

420 4349 560 4438 lein,
609 4376 665 4427 et
711 4349 853 4441 ro—ga
915 4372 1116 4429 Deum,
1167 4359 1266 4432 qui
1301 4357 1372 4412 de
1423 4352 1875 4410 necessitatibus
1919 4349 2071 4404 eruit

421 4461 588 4531 (Psal.
617 4438 807 4526 xxw);
827 4460 888 4510 ut
917 4453 1072 4525 quod
1124 4466 1237 4505 non
1294 4449 1457 4517 potes
1507 4442 1702 4509 modo,
1735 4439 1927 4511 possis
1959 4438 2070 4494 ali-

1176 400 1185 404 _
1497 329 1563 378 D.
1608 319 1853 375 IVONIS
1888 307 2386 370 CARNOTENSIS
2423 301 2741 358 EPISCOPI

1243 454 1376 509 bono
1424 447 1766 520 nuptiarum.
1814 437 2035 494 Ibidem.
2068 439 2120 505 Α
2224 429 2475 520 Nicplaus
2508 424 2757 480 llicmaro
2806 422 3056 492 episcopo
3108 417 3202 486 (ad
3249 414 3500 472 consulta
3537 413 3813 484 Bulgar.,

3703 288 3824 344 588

2228 517 2277 558 ε.
2310 501 2389 570 3).

2226 591 2338 662 (27,
2371 605 2422 659 q.
2455 590 2510 652 2,
2544 602 2591 641 c.
2623 581 2930 656 Sufﬁciat).
2981 578 3251 636 Sufﬁciat
3277 575 3607 633 secundum
3649 573 3821 645 leges

2156 676 2317 733 solus
2347 691 2547 732 eorum
2592 686 2936 738 consensus,
2989 682 3241 738 quorum
3274 665 3346 720 de
3377 662 3819 734 conjunctioni-

2156 768 2266 821 bus
2297 766 2510 837 agitur.
2547 760 2654 827 Qui
2682 773 3010 815 consensus
3040 756 3091 812 si
3123 755 3182 809 in
3216 751 3437 824 nuptiis
3467 750 3628 808 solus
3660 751 3818 806 forte

2156 853 2427 919 defuerit,
2460 857 2668 907 cratera
2698 847 2897 902 omnia
2927 846 3103 902 etiam
3154 859 3285 898 cum
3319 841 3449 913 ipso
3479 839 3637 896 coitu
3666 839 3823 894 cele-

2157 946 2324 1000 brata
2352 943 2730 1004 frustrantur,
2762 935 2984 991 Joanne
3013 933 3426 1004 Chrysostomo
3461 944 3675 1000 magno
3707 929 3816 983 do-

2157 1038 2314 1088 ctore
2345 1033 2612 1095 testante,
2646 1027 2746 1098 qui
2798 1024 2878 1079 ait
2925 1021 3186 1091 (homilia
3215 1021 3284 1074 33
3312 1034 3476 1090 super
3503 1017 3720 1085 Matth,
3756 1018 3824 1071 in

2156 1135 2323 1192 opere
2352 1115 2692 1190 imper/acto)
2727 1130 2741 1169 :
2776 1109 3220 1168 Matrimonium
3273 1123 3389 1164 non
3421 1106 3570 1177 (facit
3600 1105 3822 1174 coitus,

2158 1209 2259 1265 sed
2289 1205 2581 1262 voluntas.

2158 1315 2292 1372 CAP.
2329 1313 2414 1368 18.
2448 1342 2517 1352 --
2551 1313 2613 1368 Ut
2639 1309 2818 1365 vidua
2855 1311 2989 1362 ante
3032 1305 3423 1376 professionem
3454 1299 3829 1376 continentia

2263 1385 2439 1441 nubat
2467 1385 2563 1440 cui
2592 1382 2729 1444 vult,
2761 1397 2789 1436 e
2815 1372 3066 1436 Toletani)
3087 1372 3324 1434 concilio
3355 1391 3440 1444 ιιι,
3461 1388 3583 1442 cap.
3617 1372 3707 1427 18.

2231 1483 2344 1555 (27,
2374 1500 2425 1554 q.
2462 1481 2514 1552 1,
2545 1496 2591 1536 c.
2629 1477 2856 1548 Viduas).
2913 1475 3133 1541 Viduas,
3184 1473 3234 1528 si
3287 1471 3631 1544 priusquam
3673 1485 3826 1524 con-

2161 1571 2468 1627 tinentiam
2512 1569 2899 1640 proﬁteantur
2930 1563 3149 1620 nubere
3193 1559 3517 1633 elegerunt,
3549 1557 3670 1613 illis
3703 1574 3826 1612 nu-

2162 1662 2304 1717 bant
2333 1675 2482 1731 quos
2513 1656 2750 1729 propria
2780 1653 3077 1711 voluntate
3109 1649 3400 1708 voluerint
3446 1646 3662 1704 habere
3695 1663 3827 1702 ma-

2165 1751 2330 1806 ritos.

2089 1821 2132 1885 Β
2165 1857 2300 1912 CAP.
2336 1855 2421 1910 19.
2455 1884 2523 1894 ——
2553 1855 2629 1909 Ne
2656 1853 2830 1922 virgo,
2881 1850 2962 1905 vel
3009 1848 3193 1922 vidua,
3225 1850 3451 1916 cogatur
3495 1843 3705 1899 nubere
3733 1843 3833 1899 cui

2672 1917 2782 1980 non
2811 1922 2951 1977 vult.
2985 1922 3066 1974 Ea:
3095 1917 3306 1975 eodem.

2239 2015 2456 2069 Similis
2488 2013 2746 2067 conditio
2789 2015 2847 2065 et
2879 2010 2951 2064 de
2998 2006 3327 2080 virginibus
3377 2003 3690 2069 habeatur,
3724 2019 3835 2058 nec

2169 2109 2333 2160 extra
2377 2103 2737 2157 voluntatem
2787 2101 3124 2170 parentum,
3179 2095 3265 2151 vel
3295 2110 3490 2160 suam,
3544 2095 3837 2164 cogantur

2172 2191 2432 2263 accipere
2465 2190 2725 2245 maritos.

2243 2283 2318 2335 De
2343 2281 2546 2335 eodem.
2580 2277 2897 2332 Ambrosius
2926 2290 3090 2345 super
3119 2271 3429 2341 Epistolam
3453 2269 3523 2325 ad
3547 2267 3831 2334 Coriuth.,

2170 2387 2290 2441 cap.
2322 2371 2390 2423 39
2419 2368 2480 2422 in
2509 2371 2682 2439 caput
2709 2368 2760 2420 7.
2785 2365 2981 2420 Nubat
3002 2363 3177 2417 vidua
3206 2360 3300 2417 cui
3331 2358 3476 2430 vult,
3508 2363 3743 2414 tantum
3766 2358 3830 2412 in

2176 2459 2442 2523 Domino,
2477 2457 2534 2511 id
2565 2461 2654 2512 est
2683 2471 2859 2526 quem
2893 2451 3007 2509 sibi
3033 2456 3237 2523 aptum
3269 2447 3563 2521 putaverit
3592 2446 3678 2501 illi
3711 2464 3830 2502 nu-

2172 2549 2274 2604 bat
2299 2572 2313 2614 ;
2345 2545 2485 2618 quia
2510 2545 2700 2599 invita:
2721 2542 2936 2615 nuptiae
2957 2539 3145 2597 solent
3170 2538 3358 2595 malos
3387 2540 3704 2610 proventus
3727 2535 3831 2590 hac

2173 2640 2329 2694 bere.
2361 2637 2614 2692 Tantum
2649 2640 2846 2690 autem
2895 2634 2953 2687 in
2984 2631 3257 2695 Domino,
3289 2628 3347 2683 id
3379 2632 3470 2683 est
3501 2636 3559 2681 ut
3593 2631 3652 2680 et
3696 2626 3832 2680 sine

2175 2725 2510 2798 suspicione
2534 2721 2921 2796 turpitudinis
2947 2721 3156 2786 nubat,
3180 2722 3235 2773 et
3259 2715 3562 2788 religionis
3592 2731 3715 2769 sua;
3747 2713 3834 2767 vi-

2176 2832 2240 2871 ro
2274 2814 2478 2870 nubat.

2174 2926 2308 2976 CAP.
2338 2921 2429 2974 20.
2460 2950 2530 2960 —
2577 2917 2732 2988 Quod
2781 2919 2859 2988 in
2891 2913 3264 2988 sponsalibus,
3313 2911 3455 2965 sicut
3485 2909 3836 2988 in___nuptiis,

2244 3006 2532 3048 consensus
2563 2981 2932 3061 requirendus
2957 2994 3053 3042 est.
3096 2984 3506 3041 Pandectarum
3539 2981 3635 3035 lib.
3667 2996 3839 3049 χχιιι,

2249 3061 2413 3118 titulo
2438 3064 2638 3133 primo.

2255 3154 2319 3207 In
2352 3148 2728 3222 sponsalibus
2757 3162 3082 3203 consensus
3131 3158 3336 3199 eorum
3367 3140 3690 3213 exigendus
3720 3143 3838 3204 est,

2182 3255 2433 3312 quorum
2464 3239 2523 3293 in
2557 3237 2780 3310 nuptiis
2829 3235 3218 3291 desideratur.
3256 3228 3607 3302 Intelligitur
3635 3234 3836 3282 tamen

2183 3345 2408 3399 semper
2439 3327 2619 3382 ﬁliam
2655 3325 2800 3398 patri
2825 3323 2980 3394 [ﬁliae
3008 3326 3259 3395 patrem,
3279 3318 3448 3390 orig.]
3479 3317 3836 3381 consentire,

2182 3417 2296 3472 nisi
2323 3416 2624 3472 evidenter
2652 3412 2982 3470 dissentiat.

2180 3529 2308 3580 CAP.
2340 3524 2430 3578 2i.
2461 3553 2531 3563 —
2581 3520 2731 3590 Quod
2778 3520 2882 3575 alii
2928 3518 3047 3575 viro
3079 3518 3284 3572 mulier
3331 3514 3582 3584 legitime
3627 3511 3838 3590 nubere

2249 3593 2439 3738 pom-ig,
2551 3585 2725 3647 invita
2758 3601 2808 3647 et
2837 3606 3153 3663 repugnans
3176 3589 3348 3645 alteri
3376 3604 3410 3642 a
3438 3595 3599 3658 patre
3627 3585 3846 3639 tradita

2277 3683 2399 3722 ueri
2430 3707 2442 3720 .
2525 3681 2629 3720 cm.

2277 3681 2442 3722 uerit.
2477 3681 2629 3720 ιιι-γη.

2250 3753 2558 3824 Sponsalia
2606 3752 2760 3808 sicut
2807 3749 3020 3822 nuptiae
3069 3764 3361 3805 consensu
3413 3747 3563 3801 ﬁunt
3604 3749 3845 3800 contra-

2183 3842 2472 3910 hentium,
2505 3845 2562 3896 et
2601 3841 2730 3896 ideo
2763 3839 2917 3894 sicut
2965 3837 3213 3909 nuptiis,
3246 3838 3328 3892 ita
3357 3833 3740 3907 sponsalibus
3771 3833 3844 3887 ﬁ-

2182 3931 2316 3987 liam
2351 3929 2603 3986 familias
2625 3927 2954 3984 consentire
2977 3931 3224 3998 oportet.
3250 3927 3386 3991 Quae
3418 3922 3602 3994 patris
3630 3921 3842 3977 volun-

2178 4020 2284 4076 tati
2318 4036 2433 4074 non
2464 4025 2771 4090 repugnat,
2795 4016 3130 4072 consentire
3153 4013 3520 4084 intelligitur.
3549 4011 3718 4066 Tunc
3740 4027 3843 4066 au-

2182 4114 2298 4165 tem
2331 4106 2716 4163 dissentiendi
2749 4123 2782 4161 a
2812 4110 2976 4177 patre
3006 4104 3243 4159 licentia
3272 4100 3635 4169 conceditur,
3671 4099 3723 4154 si
3754 4099 3843 4154 in-

2181 4199 2396 4270 dignus
2427 4196 2690 4251 moribus
2719 4194 2805 4250 vel
2855 4193 3044 4266 turpis
3095 4207 3350 4264 sponsus
3380 4190 3429 4245 ei
3472 4206 3506 4244 a
3537 4193 3704 4260 patre
3733 4189 3840 4244 eli-

2180 4287 2353 4358 gitur.
2405 4284 2547 4340 Filio
2597 4283 2851 4339 familias
2898 4281 3307 4347 dissentiente,
3358 4276 3658 4350 sponsalia
3712 4293 3845 4348 eius

2182 4376 2421 4431 nomine
2453 4373 2578 4429 ﬁeri
2610 4389 2725 4428 non
2760 4375 3030 4443 possunt.

2567 4480 2698 4535 CAP.
2721 4480 2811 4535 22.
2837 4509 2902 4520 —
2931 4480 3086 4534 Item.
3117 4479 3191 4534 De
3222 4475 3430 4532 eodem.

420 4548 673 4641 quango'
705 4545 919 4641 νθνΡξη
927 4547 1128 4641 91mg“,
1157 4540 1432 4641 u.t..Deu.m
1451 4528 2069 4641 ll???’.f‘fi‘fll_'§§9
2102 4549 2145 4613 D
2254 4571 2314 4625 In
2342 4527 3841 4641 sponsa]ibus—contrahendgaa'tascontrahentium

421 4616 713 4694 mundum
740 4651 751 4690 :
779 4637 842 4688 ut
865 4633 922 4686 in
949 4629 1094 4703 ipsis
1116 4625 1306 4690 bellis,
1332 4623 1380 4678 si
1405 4621 1595 4676 adhuc
1618 4623 1671 4673 te
1692 4617 1750 4671 in
1776 4616 1920 4688 ipsis
1942 4631 2065 4671 ver-

417 4727 530 4783 sari
564 4742 712 4790 otius
744 4728 855 4789 est,
881 4723 1052 4776 ﬁdem
1079 4724 1278 4774 teneas
1302 4724 1620 4784 pacemque
1644 4722 1892 4778 quaeras,
1918 4710 1980 4758 ut
2001 4721 2070 4760 ex

419 4815 621 4872 mundi
654 4814 821 4871 bonis
849 4811 1025 4865 facias
1044 4823 1219 4878 opera
1241 4805 1414 4867 bona,
1439 4804 1496 4853 et
1521 4802 1584 4852 ut
1608 4800 1841 4867 propter
1864 4791 2068 4847 mundi

335 4963 342 4970 _
416 4907 565 4960 bona
601 4921 713 4958 non
748 4900 927 4956 facias
972 4912 1148 4966 opera
1198 4891 1372 4956 mala,
1407 4889 1462 4942 id
1497 4904 1609 4941 non
1659 4881 1903 4953 impedit
1931 4898 2066 4935 con-

405 4996 536 5065 jux,
571 4996 672 5047 aut
718 4986 1001 5058 impedire
1033 5000 1151 5037 non
1199 4981 1394 5034 debet.
1447 4981 1574 5028 Haec
1607 4973 1677 5026 ad
1709 4977 1784 5039 te,
1819 4969 1897 5023 ﬁli
1931 4969 2068 5023 cha-

414 5062 668 5148 rissime,
693 5082 757 5132 ut
788 5075 1100 5130 scriberem
1123 5062 1600 5133 eharitasjussit,
1632 5077 1748 5131 qua
1778 5062 1833 5113 te
1856 5074 2064 5113 secun-

413 5171 555 5226 dum
605 5173 808 5232 Deum,
847 5179 961 5218 non
1013 5158 1339 5214 secundum
1390 5154 1499 5207 hoc
1551 5149 1830 5225 saeculum
1863 5147 2062 5218 diligo,

412 5261 551 5332 quia
575 5261 632 5312 et
661 5254 927 5326 cogitans
977 5248 1128 5320 quod
1184 5243 1469 5314 scriptum
1521 5245 1608 5294 est
1642 5256 1653 5294 :
1688 5237 1927 5307 Corripe
1967 5252 2064 5290 sa-

412 5323 690 5420 pientem,
724 5323 781 5398 et
813 5339 1034 5397 amabit
1065 5341 1122 5392 te
1151 5355 1164 5402 ;
1211 5331 1435 5400 corripe
1465 5327 1710 5383 stultum
1745 5330 1800 5379 et
1830 5323 2066 5393 adjiciat

412 5411 606 5491 odisse
653 5411 706 5489 te
737 5434 911 5504 (Prov.
949 5427 1087 5497 xxx),
1139 5439 1252 5478 non
1308 5425 1364 5475 te
1405 5417 1605 5486 utique
1655 5414 1926 5478 stultum,
1960 5411 2059 5467 sed

413 5525 737 5597 sapientem
772 5518 946 5576 debui
979 5515 1253 5587 cogitare.

413 5647 545 5706 CAP.
583 5647 666 5701 17.
710 5676 779 5687 —
828 5646 984 5717 Quod
1036 5651 1335 5697 consensus
1394 5628 1811 5689 matrimonium
1857 5625 2057 5698 faciat.

2176 4660 2428 4715 difﬁnita
2456 4675 2572 4713 non
2605 4660 2716 4726 est,
2748 4662 2812 4712 ut
2841 4656 2898 4712 in
2951 4653 3366 4711 matrimoniis.
3401 4653 3774 4722 Quapropter
3802 4666 3837 4705 ι

2175 4747 2495 4819 primordio
2523 4746 2707 4803 aetatis
2745 4744 3044 4817 sponsalia
3072 4741 3225 4798 efﬁci
3271 4743 3544 4811 possunt,
3577 4738 3627 4792 si
3661 4738 3837 4794 modo

2178 4837 2235 4890 id
2269 4837 2393 4890 ﬁeri
2419 4838 2514 4896 .ab
2558 4841 2803 4904 utraque
2855 4847 3103 4902 persona
3153 4828 3537 4899 intelligatur,
3570 4826 3630 4880 id
3661 4831 3756 4882 est
3785 4830 3840 4883 si

2178 4942 2294 4979 nou
2321 4923 2440 4978 sint
2471 4925 2722 4978 minores
2754 4936 2933 4991 quam
2965 4923 3186 4992 septem
3219 4916 3412 4972 annis.

2175 5034 2302 5085 CAP.
2334 5031 2424 5084 23.
2458 5059 2526 5068 —-
2578 5029 2640 5085 Ut
2683 5027 2875 5082 nullus
2919 5024 3218 5080 mulierem
3265 5020 3454 5077 invitis
3500 5018 3838 5090 parentibus

2246 5116 2445 5172 rapere
2472 5107 2789 5166 praesumat.
2819 5097 3108 5156 Iudicium
3161 5093 3368 5152 Urbani
3413 5089 3572 5165 papae
3601 5091 3667 5147 de
3697 5089 3834 5161 ﬁlis

2244 5173 2475 5230 Jordani
2501 5172 2791 5242 principis.

2244 5271 2355 5340 (31,
2388 5286 2438 5339 q.
2470 5270 2526 5334 2,
2577 5284 2626 5324 ε.
2678 5267 2737 5322 Si
2765 5283 2956 5322 verum
2985 5266 3136 5337 esse).
3187 5262 3244 5317 Si
3275 5279 3479 5319 verum
3525 5276 3657 5317 esse
3687 5275 3832 5315 con-

2173 5357 2389 5424 stiterit
2419 5357 2572 5427 quod
2606 5355 2777 5411 nobis
2808 5354 2984 5426 legati
3025 5351 3266 5409 Jordani
3299 5349 3583 5423 principis
3616 5345 3833 5404 retule-

2173 5449 2329 5514 runt,
2361 5445 2586 5502 scilicet
2632 5445 2788 5515 quod
2837 5445 2962 5515 ipse
3011 5447 3248 5498 coactus
3297 5445 3354 5497 et
3401 5439 3606 5496 dolens
3647 5435 3832 5490 ﬁliam

2172 5549 2336 5588 suam
2371 5533 2742 5599 infantulam,
2770 5532 3089 5598 nolentem,
3109 5530 3441 5596 ﬂentem,et
3469 5543 3574 5600 pro
3603 5524 3837 5581 viribus

2174 5623 2549 5690 renitentem,
2581 5639 2700 5679 non
2731 5620 3212 5687 assentientibus,
3244 5618 3345 5674 sed
3377 5615 3548 5674 valde
3575 5613 3834 5672 dolenti-
