3994 6052
197 358 308 411 589

1123 366 1432 418 DECRETI
1475 369 1657 420 PARS
1692 363 1846 418 VIII.
1877 394 1942 404 —
1974 367 2069 417 DE
2106 366 2496 431 CONJUGIIS,
2540 369 2697 422 ETC.

3507 373 3616 431 590

199 483 336 548 bus,
372 487 556 537 matre
601 487 658 539 et
686 486 1005 556 parentela,
1047 488 1344 559 Raynaldo
1368 489 1574 545 Ridelli
1601 489 1718 544 ﬁlio
1750 489 1841 543 de-
1881 488 1934 554 Α
1965 504 2099 543 vero
2133 487 2333 544 liberis
2365 494 2552 546 ortum
2593 495 2824 546 constat
2855 507 2985 547 esse
3015 493 3340 564 natalibus;
3383 502 3439 553 et
3482 499 3612 556 ideo

198 573 880 643 sponsaverit,quoniam
908 591 1197 630 canonum
1223 581 1279 631 et
1311 577 1501 648 legum
1535 582 1851 635 auctoritas

198 659 343 714 talia
373 661 702 732 sponsalia,
734 667 799 717 ut
827 664 982 719 infra
1013 665 1364 735 ostenditur,
1398 684 1513 722 non
1545 669 1850 740 approbat,

200 749 696 820 neignorantibus
718 750 876 823 leges
896 757 952 808 et
973 771 1227 808 canones
1253 755 1428 810 nimis
1456 758 1670 812 durum
1696 759 1851 829 quod

199 837 456 893 dicimus
479 839 854 906 videatur,ita
871 843 1226 898 sententiam
1249 848 1654 915 temperamus
1681 864 1691 900 :
1718 851 1780 899 ut
1804 846 1852 900 si

197 927 497 998 principes
513 944 646 983 cum
683 945 931 984 assensu
956 930 1329 998 ﬁliae,matris
1353 939 1410 987 et
1434 935 1770 1003 parentalia,
1795 935 1850 989 id

199 1016 356 1086 quod
392 1024 645 1087 emptum
667 1021 756 1072 est
788 1019 1062 1089 perﬁcere
1094 1021 1405 1088 voluerint,
1439 1024 1850 1078 concedamus.

197 1103 298 1158 Sin
322 1110 539 1174 autem,
583 1105 810 1177 legatus
852 1112 1050 1162 noster
1081 1115 1361 1179 utrasque
1403 1117 1598 1180 partes
1629 1113 1853 1176 audiat,

196 1200 252 1248 et
274 1192 324 1247 si
350 1193 495 1248 nihil
529 1194 702 1249 fuerit
732 1212 800 1250 ex
832 1202 994 1267 parte
1026 1198 1357 1268 supradicti
1395 1199 1674 1270 Raynaldi
1723 1218 1854 1254 am-

196 1281 355 1353 plius
377 1284 531 1353 quod
556 1284 858 1354 impediat,
883 1286 956 1340 ab
983 1287 1110 1357 ipso
1133 1286 1387 1342 Jordane
1420 1295 1850 1344 sacramentum

198 1371 355 1440 quod
385 1371 467 1425 ita
497 1377 788 1427 constent.
816 1373 945 1427 Haec
974 1378 1038 1428 ut
1061 1374 1218 1429 dicta
1275 1381 1415 1429 sunt
1458 1378 1706 1447 accipiat
1743 1395 1752 1431 :
1798 1382 1854 1432 et

196 1477 304 1515 nos
337 1477 626 1516 canonum
657 1478 724 1515 ac
758 1461 954 1533 legum
1004 1462 1154 1518 scita
1197 1470 1529 1536 sequentes,
1577 1466 1852 1538 deinceps

197 1564 314 1604 non
349 1548 731 1619 prohibemus
755 1549 897 1620 quin
935 1549 1034 1604 alii
1066 1550 1210 1617 viro,
1237 1552 1285 1606 si
1324 1554 1593 1621 voluerit,
1646 1555 1850 1626 praadi-

198 1643 290 1692 cta
319 1637 436 1692 ﬁlia
464 1638 593 1707 ejus
627 1643 859 1693 tantum
895 1639 953 1693 in
989 1639 1230 1695 Domino
1263 1641 1467 1696 nubat.

194 1753 333 1824 CAP.
363 1749 454 1803 24.
486 1780 554 1824 7
587 1749 744 1824 Quod
769 1755 962 1819 raptus
1012 1767 1111 1816 pro
1161 1758 1355 1824 stupro
1388 1757 1697 1824 reputatur.
1747 1757 1850 1812 Ur-

273 1821 444 1874 banus
475 1819 663 1877 Sutino
691 1821 962 1890 [Sacralio
993 1823 1127 1891 legit
1179 1819 1495 1894 Gratianus]
1545 1828 1663 1896 regi
1707 1830 1850 1883 Ara-

269 1908 490 1963 gonum.
1344 1927 1352 1934 -

269 1981 380 2050 (31,
407 1998 458 2051 q.
490 1981 544 2035 2.
579 1997 624 2034 c.
662 1983 734 2036 De
761 1981 986 2052 neptis.)
1021 1987 1097 2037 De
1132 1984 1322 2055 neptis
1380 1990 1492 2040 tuae
1551 1988 1842 2060 conjugio,

197 2085 374 2140 quam
391 2075 446 2124 te
464 2069 698 2124 cuidam
714 2069 887 2123 militi
903 2071 1177 2127 daturum
1199 2075 1844 2132 necessitatisinstante

195 2157 464 2222 articulo,
489 2158 595 2212 sub
623 2158 753 2213 ﬁdei
779 2157 1202 2229 pollicitatione
1221 2161 1491 2228 ﬁrmasti,
1513 2163 1642 2232 hoc,
1663 2167 1839 2237 sequi-

194 2251 316 2301 tate
345 2246 624 2312 dictante,
675 2247 1069 2313 decernimus,
1106 2253 1168 2302 ut
1200 2249 1249 2304 si
1279 2249 1378 2305 illa
1430 2251 1621 2306 virum
1674 2253 1840 2309 illum

194 2335 458 2402 omnino,
493 2338 558 2388 ut
588 2333 823 2403 dicitur,
858 2336 1072 2402 renuit,
1105 2342 1159 2391 et
1192 2338 1250 2392 in
1285 2340 1489 2395 eadem
1520 2341 1841 2398 voluntatis

194 2423 540 2478 auctoritate
572 2423 855 2494 persistit,
891 2428 955 2479 ut
987 2425 1105 2480 viro
1139 2425 1220 2480 illi
1248 2444 1490 2497 prorsus
1515 2448 1576 2485 se
1597 2431 1845 2503 deneget

195 2516 542 2582 nupturam,
578 2528 949 2584 nequaquam
984 2530 1113 2568 eam
1137 2515 1377 2571 invitam
1405 2525 1462 2572 et
1485 2520 1839 2590 renitentem

194 2600 462 2670 ejusdem
494 2599 602 2654 viri
624 2616 798 2672 cogas
823 2602 1094 2673 conjugio
1131 2604 1360 2659 sociari.
1387 2609 1645 2671 Quorum
1684 2610 1840 2664 enim

195 2706 383 2744 unum
417 2705 625 2759 corpus
656 2694 768 2754 est,
817 2706 970 2744 unus
1021 2691 1194 2747 debet
1225 2710 1354 2748 esse
1386 2701 1441 2749 et
1482 2697 1738 2764 animus,
1772 2716 1843 2754 ne

192 2779 361 2846 forte,
387 2794 520 2831 cum
544 2777 701 2848 virgo
735 2778 910 2832 fuerit
931 2777 1105 2833 alicui
1128 2780 1309 2836 invita
1331 2783 1620 2853 copulata,
1640 2792 1842 2842 contra

192 2866 427 2922 Domini
447 2866 814 2937 apostolique
838 2872 1562 2939 praeceptum,autreatum
1587 2873 1838 2942 dissidii,

194 2961 297 3011 aut
329 2956 551 3011 crimen
586 2956 989 3012 fornicationis
1021 2957 1306 3013 incurrat.
1341 2961 1520 3032 Cujus
1572 2964 1843 3021 videlicet

193 3045 412 3116 peccati
445 3044 666 3098 malum
700 3044 758 3098 in
789 3061 923 3100 eum
958 3047 1283 3103 redundare
1312 3053 1678 3123 constat,qui
1710 3070 1839 3110 eam

191 3133 497 3204 conjunxit
528 3133 772 3188 invitam
809 3149 820 3188 :
857 3135 1012 3205 quod
1066 3137 1190 3206 pari
1239 3141 1438 3193 tenore
1487 3141 1558 3195 de
1602 3142 1723 3198 viro
1754 3149 1843 3199 est

191 3223 368 3278 etiam
406 3222 806 3277 sentiendum.

187 3323 322 3374 CAP.
351 3321 436 3373 25.
481 3351 545 3360 —
590 3321 665 3374 De
707 3319 951 3445 vinldicta
1000 3328 1614 3449 raptus6Parisiacense
1651 3335 1839 3388 conci-

824 3409 999 3449 zumi.
1033 3410 1155 3449 can.
1226 3437 1237 3449 .

824 3409 937 3446 tum
961 3409 999 3462 1,
1033 3410 1155 3462 cap.
1181 3409 1237 3449 b.

266 3480 377 3547 (36,
403 3496 453 3550 q.
486 3481 540 3545 2,
574 3496 621 3534 c.
657 3479 898 3551 Nullus.)
953 3481 1161 3538 Nullus
1207 3489 1307 3539 aut
1353 3487 1591 3543 viduam
1636 3497 1737 3546 aut
1769 3492 1839 3545 ﬁ-

192 3569 334 3624 liam
368 3568 611 3623 alterius
643 3572 804 3623 extra
836 3575 1145 3640 parentum
1179 3573 1576 3645 voluntatem,
1609 3585 1710 3634 aut
1747 3598 1841 3635 ra-

192 3673 330 3730 pere
353 3661 684 3728 praesumat,
713 3663 816 3712 aut
837 3659 991 3728 regis
1024 3659 1301 3718 beneﬁcio
1345 3668 1593 3722 aestimet
1635 3676 1839 3739 postu-

191 3746 644 3817 landamzquod
667 3747 714 3800 si
739 3748 960 3815 iecerit,
997 3748 1068 3802 ab
1111 3750 1375 3806 Ecclesia
1425 3757 1840 3814 communione

192 3841 476 3902 remotus,
511 3834 899 3889 anathematis
931 3837 1125 3906 gladio
1161 3839 1418 3896 feriatur.

191 3946 325 3995 CAP.
358 3941 448 3992 26.
487 3971 548 3979 —
583 3943 857 4008 Quomodo
907 3947 1070 4012 rapta
1118 3946 1404 4002 reddenda
1451 3952 1542 4004 sit.
1595 3952 1841 4008 Isidorus

365 4011 822 4081 etymologiarum
854 4011 997 4067 libro
1025 4031 1079 4082 ν,
1114 4033 1241 4086 cap.
1275 4020 1341 4072 24
1375 4021 1522 4091 (cap.
1559 4024 1648 4094 26)

268 4099 378 4169 (27,
402 4115 452 4169 q.
476 4099 532 4166 2,
564 4116 610 4153 c.
646 4101 892 4170 Raptus.)
929 4101 1170 4173 Raptus,
1207 4109 1438 4179 proprie
1479 4114 1568 4164 est
1599 4110 1841 4169 illicitus

193 4187 405 4256 coitus,
440 4205 472 4242 a
503 4189 931 4259 corrumpendo
995 4191 1188 4248 dictus
1240 4197 1396 4249 unde
1430 4202 1486 4252 et
1544 4200 1641 4269 qui
1676 4208 1839 4271 rapto

194 4275 445 4348 potitur,
493 4281 695 4348 stupro
728 4278 965 4333 fruitur.
1026 4282 1180 4335 Item.
1238 4283 1651 4355 Capitularium
1698 4291 1842 4346 libro

184 4367 401 4437 primo,
432 4381 555 4435 cap.
587 4366 661 4419 99
691 4367 832 4436 (cap.
869 4368 1016 4438 105).
1052 4370 1163 4440 (27,
1189 4389 1240 4442 q.
1272 4375 1328 4437 2,
1362 4390 1406 4427 c.
1451 4377 1699 4448 Raptor.)
1731 4379 1841 4434 Ra~

195 4458 330 4525 ptor
358 4453 571 4525 pubica
601 4454 946 4525 prenitentia
979 4457 1275 4514 multetur.
1315 4465 1557 4533 Raplam
1621 4484 1751 4521 vero
1793 4469 1840 4523 si

196 4556 454 4611 sponsus
488 4543 743 4613 recipere
775 4543 1029 4598 noluerit
1087 4552 1143 4602 et
1192 4547 1320 4618 ipsa
1373 4551 1561 4607 eidem
1611 4555 1842 4610 crimini

1965 578 2052 630 avi
2089 579 2278 649 magis
2318 579 2602 634 electione
2634 581 2704 635 de
2733 582 3149 650 conjunctione
3181 584 3396 654 neptis,
3435 602 3610 656 quam

1962 665 2146 735 patris
2178 668 2347 737 cujus
2380 667 2540 723 nullo
2574 669 2747 723 modo
2779 668 3030 725 liberum
3072 685 3201 727 esse
3233 676 3425 744 potest
3454 675 3613 730 arbi-

1962 754 2164 822 trium,
2196 756 2567 812 decernimus
2599 758 2842 812 attendi.

1963 871 2292 948 CAP._28._-—-
2315 872 2463 948 Quod
2491 876 2654 948 rapta
2667 872 3000 948 percipitur
3021 873 3384 948 ﬁericonjux.
3420 876 3615 948 Grego-

2048 944 2166 996 rius
2185 944 2368 997 Panta
2383 942 2533 998 leoni
2561 942 2781 997 notario
2815 945 2932 1014 (lib.
2962 962 2998 998 Il
3030 947 3227 1016 regist.
3258 942 3379 1019 cap.
3410 942 3525 1020 79).

2035 1047 2286 1109 Questus
2319 1049 2488 1103 nobis
2518 1053 2606 1103 est
2634 1049 2977 1121 Evangelus,
3002 1049 3322 1121 Sipontinae
3348 1054 3614 1110 Ecclesiae

1965 1135 2272 1199 diaconus,
2296 1136 2478 1192 ﬁliam
2504 1154 2671 1192 suam
2709 1155 2742 1192 a
2764 1136 2947 1192 Felice
2965 1138 3143 1209 (quod
3171 1141 3282 1194 dici
3315 1141 3477 1196 nefas
3507 1143 3618 1214 est)

1967 1225 2146 1279 fuisse
2174 1227 2644 1297 stupratam.Pro
2671 1243 2852 1298 quare
2874 1226 3056 1297 hujus
3089 1229 3363 1300 praecepti
3395 1230 3607 1285 suﬂ'ul-

1965 1316 2088 1367 tum
2119 1313 2464 1369 auctoritate
2495 1315 2566 1369 ad
2597 1314 2960 1386 Sipontinam
2996 1314 3288 1372 civitatem
3332 1321 3391 1372 te
3437 1317 3612 1388 proﬁ-

1963 1401 2350 1457 ciscinecessc
2390 1409 2500 1466 est,
2527 1403 2810 1459 adhibitis
2835 1403 2943 1457 tibi
2974 1405 3342 1475 sapientibus
3374 1405 3495 1462 illic
3526 1405 3612 1460 vi-

1963 1490 2064 1558 ris,
2098 1507 2231 1545 cum
2265 1493 2424 1546 omni
2454 1492 2785 1547 subtilitate
2817 1493 3118 1547 veritatem
3153 1494 3386 1550 curabis
3410 1495 3610 1550 addis-

1963 1597 2109 1646 cere,
2139 1586 2195 1635 et
2223 1580 2270 1634 si
2307 1580 2385 1635 ita
2417 1581 2724 1652 repereris,
2775 1599 2902 1636 eam
2958 1598 3132 1652 quam
3167 1584 3475 1655 stupravit,
3508 1587 3611 1639 aut

1964 1682 2198 1721 uxorem
2235 1668 2400 1722 factis
2448 1667 2814 1738 nuptialibus
2875 1669 3286 1725 instrumentis
3335 1670 3606 1742 accipiat,

1962 1761 2062 1809 aut
2093 1755 2473 1826 corporaliter
2503 1757 2883 1827 castigatum,
2910 1757 2966 1810 in
2991 1759 3414 1813 monasterium
3446 1774 3605 1829 eum,

1876 1874 1924 1940 B
1962 1843 2252 1914 privatum
2285 1844 2721 1911 communione,
2755 1843 2854 1898 ubi
2888 1846 3294 1916 pmnitentiam
3341 1852 3603 1919 peragat,

1955 1933 2090 1986 dare
2123 1933 2448 1988 festinabis.

1953 2051 2083 2105 CAP.
2117 2049 2208 2102 29.
2243 2079 2310 2088 —-
2340 2049 2414 2102 De
2443 2048 2632 2122 eadem
2654 2065 2727 2106 re.
2762 2049 2912 2122 Idem
2940 2051 3120 2104 Felici
3137 2053 3383 2122 episcopo
3403 2052 3601 2122 Sipon-

2341 2122 2460 2174 tino
2487 2121 2604 2191 (lib.
2640 2138 2676 2175 Il
2710 2121 2901 2191 regist.
2933 2137 3059 2193 cap.
3094 2121 3206 2191 81).

2025 2226 2287 2282 Pervenit
2316 2228 2386 2281 ad
2421 2243 2526 2282 nos
2559 2227 2712 2298 quod
2749 2227 2901 2281 Felix
2934 2243 3112 2299 nepos
3154 2232 3291 2283 tuus
3322 2227 3592 2300 Evangeli

1952 2314 2178 2369 diaconi
2210 2315 2294 2369 tui
2319 2315 2497 2369 ﬁliam
2524 2319 2728 2385 stupro
2767 2316 3077 2386 deceperit.
3123 2317 3286 2379 Quod
3309 2317 3359 2372 si
3388 2331 3590 2372 verum

1951 2409 2060 2473 est,
2084 2404 2372 2474 (quamvis
2397 2404 2556 2474 gravi
2579 2409 2733 2459 esset
2769 2405 2840 2459 de
2881 2403 3006 2476 lege
3031 2421 3199 2475 pinna
3235 2404 3594 2476 puniendus)

1951 2510 2058 2547 nos
2087 2497 2284 2547 tamen
2319 2492 2692 2562 aliquatenus
2736 2492 2883 2563 legis
2927 2493 3209 2547 duritiam
3242 2492 3596 2559 mollientes,

1950 2581 2322 2636 decernimus
2349 2581 2753 2650 hujuscemodi
2787 2577 3174 2651 disponendo,
3206 2581 3262 2635 id
3285 2585 3397 2650 est,
3421 2585 3597 2636 utaut

1949 2687 2125 2740 quam
2161 2671 2448 2740 stupravit
2479 2685 2715 2724 uxorem
2748 2669 2982 2735 habeat,
3017 2674 3118 2724 aut
3148 2673 3302 2724 certe
3333 2671 3381 2724 si
3413 2685 3593 2724 renu-

1949 2760 2164 2813 endum
2201 2757 2509 2829 putaverit,
2541 2758 2863 2826 districtus,
2889 2761 2990 2813 aut
3015 2757 3398 2829 corporaliter
3416 2757 3594 2813 casti-

1949 2850 2140 2916 gatus,
2184 2845 2847 2915 excommunicatusque
2897 2845 2956 2899 in
3009 2845 3434 2900 monasterium
3489 2845 3589 2900 ubi

1949 2934 2349 3005 paenitentiam
2383 2937 2622 3005 peragat
2653 2934 3005 2988 retrudatur.

1949 3050 2080 3104 CAP.
2115 3049 2202 3102 30.
2236 3079 2303 3087 ——
2339 3053 2412 3103 De
2465 3048 2815 3120 prohibendis
2863 3048 3203 3120 concubinis.
3236 3048 3421 3105 Sermo
3462 3049 3593 3120 Am-

2023 3121 2193 3175 brosii
2220 3120 2285 3173 de
2313 3119 2498 3174 sancto
2533 3121 2776 3191 Joanne,
2802 3121 2898 3190 qui
2924 3121 3006 3174 sic
3046 3119 3248 3191 incipit
3277 3138 3295 3174 :
3330 3119 3592 3176 Diximus

2019 3192 2296 3262 superiori
2318 3190 2611 3246 Dominica
2642 3194 2911 3261 (sermone
2938 3192 3048 3261 65).

2021 3297 2186 3352 Dicat
2220 3296 2431 3366 aliquis
2466 3314 2478 3351 :
2514 3300 2760 3352 Uxorem
2795 3313 2910 3350 non
2942 3296 3150 3366 habeo,
3171 3296 3297 3351 ideo
3321 3295 3464 3350 mihi
3487 3313 3589 3351 an-

1950 3385 2143 3440 cillam
2175 3384 2410 3440 sociavi.
2445 3385 2592 3439 Audi
2626 3385 2768 3455 quid
2791 3384 2950 3439 dicat
2980 3385 3278 3456 Scriptura
3309 3385 3380 3439 ad
3409 3385 3590 3439 Abra-

1949 3474 2118 3528 ham:
2147 3474 2295 3544 Ejice
2324 3471 2597 3527 ancillam
2620 3482 2668 3526 et
2689 3474 2871 3542 ﬁlium
2893 3475 3009 3540 eius
3032 3491 3048 3526 :
3070 3488 3180 3528 non
3219 3474 3369 3527 enim
3418 3471 3594 3528 haeres

1948 3566 2054 3619 erit
2075 3563 2224 3633 ﬁlius
2246 3563 2469 3619 ancillae
2493 3579 2618 3618 cum
2638 3564 2756 3631 ﬁlio
2778 3563 2961 3617 liberae
2979 3563 3135 3633 (Gen.
3160 3579 3275 3618 xxu
3297 3583 3316 3630 ;
3339 3563 3456 3619 Gal.
3489 3564 3596 3632 Iv),

1949 3654 2004 3708 Si
2035 3653 2216 3724 igitur
2245 3651 2466 3706 ancillae
2498 3651 2652 3704 ﬁlius
2667 3651 2851 3706 haeres
2875 3668 2989 3706 non
3010 3655 3118 3716 est,
3141 3667 3278 3722 ergo
3301 3667 3405 3706 nec
3436 3651 3595 3706 ﬁlius

1949 3747 2052 3798 est.
2086 3743 2200 3796 Cur
2239 3745 2430 3796 autem
2483 3740 2765 3809 quaeritur
2794 3739 2911 3795 tale
2954 3741 3296 3810 conjugium
3347 3741 3417 3794 de
3465 3757 3582 3812 quo

1950 3835 2258 3902 susceptus
2283 3830 2437 3884 ﬁlius
2455 3845 2558 3884 nec
2577 3829 2970 3884 successionis
3003 3829 3190 3901 possit
3225 3829 3409 3884 haeres
3441 3844 3591 3899 esse,

1950 3937 2053 3976 nec
2076 3919 2422 3989 sanguinis?
2441 3917 2556 3976 Nec
2579 3917 2732 3972 enim
2761 3917 2972 3972 habere
3004 3921 3192 3989 potest
3224 3917 3587 3973 hereditatis

1949 4010 2331 4076 consortium,
2367 4008 2466 4079 qui
2517 4025 2630 4063 non
2678 4007 2853 4061 habet
2902 4005 3142 4078 originis
3192 4005 3588 4076 privilegium.

1949 4100 2081 4162 Cur,
2115 4099 2377 4167 inquam,
2412 4095 2694 4167 qnazritur
2728 4095 2840 4150 tale
2890 4094 3340 4150 contubernium
3375 4094 3446 4147 de
3476 4108 3591 4164 quo

1951 4188 2066 4242 nati
2106 4187 2206 4241 ﬁlii
2243 4203 2354 4240 non
2390 4184 2776 4248 matrimonii,
2809 4184 2909 4238 sed
2942 4188 3121 4237 testes
3177 4187 3317 4236 sunt
3365 4179 3593 4236 adulte-

1952 4276 2060 4330 rii?
2090 4276 2205 4331 Cur
2256 4272 2594 4343 hujusmodi
2637 4271 3041 4340 suscipiuntur
3097 4267 3434 4338 adulterini,
3493 4268 3592 4340 qui

1951 4363 2100 4436 patri
2135 4361 2336 4431 pudori
2371 4365 2529 4427 sunt,
2579 4375 2693 4413 non
2755 4357 3015 4412 honori?
3071 4356 3222 4412 Dicit
3275 4355 3594 4426 Scriptura.

1950 4453 2329 4508 Adulterarum
2362 4448 2470 4518 ﬁlii
2501 4448 2558 4501 in
2600 4447 3070 4502 consummatione
3107 4448 3267 4500 erunt
3297 4445 3451 4516 (Sap.
3486 4445 3588 4516 iu).

1951 4546 2061 4596 etc.
2101 4539 2303 4594 Mulier
2334 4538 2513 4606 igitur
2564 4541 2664 4589 tua
2695 4535 2744 4589 si
2776 4535 2996 4589 talibus
3046 4534 3310 4589 moribus
3360 4533 3602 4604 praedita

197 4629 575 4685 consentiens
609 4647 721 4685 non
755 4631 887 4698 fuit,
914 4631 1151 4688 licentia
1184 4636 1434 4692 nubendi
1471 4639 1565 4693 alii
1600 4659 1713 4696 non
1741 4661 1843 4698 ne-
1877 4607 1919 4670 D
1953 4634 2040 4686 θεῖ·
2073 4634 2136 4682 ιη
2168 4639 2460 4682 meream"
2507 4624 2891 4688 consortium,
2947 4626 3240 4677 mereatur
3282 4625 3340 4676 et
3384 4637 3600 4677 nomen

195 4721 386 4789 getur,
419 4718 579 4780 Quod
608 4723 664 4774 et
693 4720 740 4774 si
775 4721 903 4790 ipsa
947 4725 1261 4791 consensit,
1314 4725 1492 4781 simili
1545 4734 1844 4787 sententia:

195 4805 520 4872 subjaceat.
545 4809 707 4872 Quod
733 4809 780 4862 si
800 4809 910 4878 ipsi
939 4811 1203 4878 posthaec
1235 4830 1296 4868 se
1326 4817 1678 4888 conjungere
1709 4836 1848 4890 pra:-

209 4895 556 4964 sumpserit,
579 4897 812 4968 utrique
838 4900 1598 4962 anathematizentur.Libro
1624 4925 1679 4961 IV
1693 4911 1843 4979 capi-

198 4983 445 5038 tulorum
476 4985 618 5055 (cap.
652 4992 812 5053 XXII).
845 4989 902 5043 Si
938 4990 1071 5060 quis
1097 5007 1371 5061 sponsam
1401 4995 1650 5052 alienam
1678 5016 1848 5070 rapu-

197 5073 332 5141 erit,
356 5078 458 5127 aut
491 5074 637 5144 patri
671 5075 819 5143 ejus,
852 5082 951 5132 aut
980 5078 1030 5132 ei
1054 5082 1153 5150 qui
1177 5079 1401 5152 legibus
1419 5085 1547 5154 ejus
1582 5088 1850 5144 defensor

198 5177 331 5216 esse
376 5162 570 5231 debet,
603 5179 736 5218 cum
772 5181 880 5218 sua
909 5165 1034 5237 lege
1066 5185 1192 5224 eam
1228 5172 1447 5238 reddet,
1483 5179 1539 5228 et
1565 5177 1846 5248 quidquid

199 5267 334 5304 cum
368 5265 435 5304 ea
465 5251 797 5322 abstulerit,
835 5271 1309 5328 unamquamque
1354 5278 1472 5316 rem
1521 5266 1846 5320 secundum

200 5338 391 5409 legem
427 5340 650 5395 reddat.

205 5436 343 5492 ΟΑΡ.
385 5437 474 5490 27.
509 5468 574 5478 —
721 5442 905 5510 puella
963 5443 1012 5521 si
1055 5451 1269 5521 patrem
1318 5448 1580 5521 habuerit
1607 5468 1850 5521 seruum,

273 5509 858 5594 avumpero‘lib‘erum,
880 5516 978 5594 α.νυὶ
994 5509 1176 5594 potius
1215 5517 1470 5594 electione
1504 5537 1666 5590 quam
1695 5509 1852 5594 pres-I

277 5579 482 5649 byteris
504 5583 698 5636 nubat.
725 5579 1264 5653 Pelagius-Potentia
1306 5579 1601 5658 defensori.

277 5666 507 5724 Patrem
537 5669 732 5741 puella
761 5669 1032 5729 Ecclesiae
1078 5680 1292 5730 nostra}
1339 5677 1647 5750 famulum,
1681 5700 1852 5740 avum

1955 4717 2173 4774 uxoris.
2199 4713 2765 4769 Prazstaconcubinae
2807 4715 2915 4765 tum
2935 4711 3287 4776 libertatem,
3313 4715 3370 4764 et
3392 4726 3604 4765 nomen

1956 4807 2177 4874 uxoris,
2211 4821 2281 4858 ne
2312 4808 2373 4857 tu
2407 4801 2636 4857 adulter
2670 4800 2748 4855 sis
2775 4798 2969 4870 potius
3002 4815 3178 4870 quam
3212 4800 3482 4854 maritus.

1955 4925 2090 4979 CAP.
2123 4921 2212 4974 31.
2240 4949 2307 4958 ——
2337 4919 2402 4972 Si
2430 4915 2735 4971 concubina
2765 4930 2935 4984 usque
2976 4913 3046 4969 ad
3075 4919 3307 4968 mortem
3335 4930 3460 4968 cum
3489 4912 3602 4967 ali-

2027 5009 2131 5062 quo
2160 4985 2834 5062 nobiliper-manserit,ut
2863 4986 3270 5062 ab__/taeredibus
3319 4987 3433 5054 eius
3481 5000 3604 5062 cum

2028 5055 2168 5132 filiis
2191 5062 2306 5115 suis
2337 5055 2615 5114 liberetur.
2655 5058 2908 5112 Codicum
2937 5057 3074 5112 libro
3103 5058 3487 5128 septimo,cap.
3515 5055 3602 5122 15,

2032 5135 2192 5189 titulo
2225 5133 2278 5187 3.

2029 5241 2082 5295 Si
2111 5240 2241 5311 quis
2263 5238 2389 5292 sine
2412 5252 2589 5291 uxore
2611 5235 2989 5300 constitutus,
3015 5231 3289 5288 ancillam
3315 5249 3484 5287 suam
3509 5247 3607 5286 no-

1963 5331 2121 5386 mine
2154 5328 2363 5382 babeat
2393 5325 2824 5390 concubinae,“
2852 5324 2911 5376 in
2931 5322 3129 5378 eadem
3156 5336 3343 5391 usque
3364 5320 3430 5373 ad
3451 5335 3606 5373 mor-

1964 5428 2078 5475 tem
2102 5415 2524 5472 consuetudine
2549 5411 2956 5484 permanserit,
2982 5415 3039 5464 et
3063 5409 3307 5464 forsitan
3340 5423 3407 5461 ex
3439 5423 3505 5461 ea
3535 5407 3608 5460 li-

1964 5510 2134 5564 beros
2156 5504 2504 5576 susceperit,
2519 5502 2817 5556 sancimus
2835 5498 3074 5554 omnino
3090 5515 3200 5552 non
3238 5495 3474 5551 concedi
3489 5495 3612 5552 hie-

1963 5597 2200 5652 rcdibus
2225 5592 2483 5648 defuncti
2503 5590 2768 5644 eamdem
2786 5587 2873 5643 vel
2895 5587 3107 5641 liberos
3128 5584 3333 5654 ejus,si
3355 5585 3530 5642 etiam
3546 5585 3614 5641 li-

1967 5687 2136 5741 beros
2169 5681 2457 5750 habuerit,
2503 5679 2560 5732 in
2615 5676 2954 5732 servitutem
2988 5674 3296 5745 deducere,
3331 5676 3433 5732 sed
3464 5679 3612 5749 .post
