3994 6052
393 343 495 396 591

1485 318 1558 369 D.
1607 311 1846 366 IVONIS
1881 285 2379 362 CARNOTENSIS
2415 295 2734 352 EPISCOPI

3702 278 3816 332 592

403 469 649 524 mortem
679 455 899 516 domini
929 451 1212 524 eripiatur
1242 446 1299 500 in
1339 442 1689 503 libertatem,
1741 450 1859 490 una
1906 445 2041 486 cum
2074 429 2128 496 Α
2158 423 2474 481 commisso
2501 423 2690 491 cadat,
2707 424 2762 474 et
2787 433 2903 472 non
2929 413 3123 471 solum
3147 405 3623 476 mulieribus,sed
3638 403 3819 460 etiam

2162 516 2176 524 .
2338 513 2398 524 ..-
2567 515 2577 524 .
2667 508 2724 524 ιο·
2820 501 3251 524 ,,,-,-____£L.-_
3304 511 3501 524 ,ιιι-ηυδε
3587 509 3816 524 “mnam

411 553 611 614 sobole
643 567 772 607 sua.

413 664 544 720 ΟΑΡ.
578 660 667 715 32.
704 686 765 696 —-
796 654 857 709 Ut
890 648 998 720 ﬁlii
1026 646 1089 720 de
1117 639 1422 720 concubina
1444 635 1742 720 nolitquae
1783 631 1968 720 postea
1998 627 2018 680 ἱ

483 699 714 788 ίῶδῗέτη
747 699 1297 787 ductdvve'stlcgitimi
1347 708 1516 788 liberi
1559 699 1690 788 sint,
1729 699 1943 788 priores
1980 699 2056 751 .ςὶ-

483 771 1306 860 zutv'oos'teriores,‘sociarum
1339 771 1757 836 institutionum
1805 771 1944 826 libro
1975 785 2059 834 ιιι,

485 871 650 930 titulo
687 871 734 923 1.

485 971 546 1027 Si
576 967 710 1039 quis
744 960 1051 1018 mulierem
1096 954 1154 1008 in
1186 968 1292 1008 suo
1335 943 1719 1004 contubernio
1764 937 2066 1012 cOpulave-

422 1061 518 1127 rit,
553 1073 668 1112 non
701 1054 772 1108 ab
806 1048 974 1105 initio
1014 1043 1318 1100 affectione
1369 1032 1640 1100 maritali,
1691 1047 1820 1086 eam
1871 1033 2066 1082 tamen

423 1115 557 1204 cum
591 1161 706 1217 qua
739 1138 956 1213 poterit
977 1135 1192 1191 habere
1214 1125 1576 1198 conjugium,
1602 1125 1659 1176 et
1679 1137 1745 1175 ex
1767 1135 1833 1174 ea
1856 1115 2071 1214 liberos

421 1203 760 1294 sustulerit:
791 1231 990 1300 postea
1014 1239 1146 1277 vero
1165 1216 1468 1276 affectione
1499 1210 1846 1282 procedente
1895 1203 2070 1260 etiam

427 1321 715 1397 nuptialia
746 1317 1138 1373 instrumenta
1173 1323 1304 1363 cum
1337 1321 1405 1360 ea
1437 1300 1656 1363 fecerit,
1678 1297 1947 1365 ﬁliosque
1985 1289 2075 1345 vel

425 1381 577 1470 ﬁlias
599 1406 894 1474 habuerit,
919 1420 1035 1458 non
1067 1398 1259 1456 solum
1301 1410 1399 1450 eos
1434 1391 1649 1446 liberos
1677 1386 1776 1457 qui
1810 1385 1940 1455 post
1970 1381 2077 1474 do-

427 1469 544 1560 tem
581 1498 721 1556 editi
753 1469 912 1561 sunt,
947 1492 1166 1561 justos,
1206 1484 1344 1540 etin
1376 1483 1661 1553 potestate
1703 1489 1831 1530 esse
1857 1469 2078 1561 patris,

433 1555 541 1648 sed
560 1555 737 1646 etiam
771 1555 1123 1644 anteriores;
1153 1574 1292 1645 quia
1322 1575 1379 1626 et
1420 1567 1540 1640 [qui
1573 1570 1628 1620 et
1658 1562 1822 1632 orig.]
1853 1559 1946 1614 his
1973 1555 2080 1648 qui

437 1683 639 1753 postea
696 1674 812 1728 nali
873 1672 1013 1725 sunt
1070 1662 1435 1720 occasionem
1510 1651 1756 1726 legitimi
1829 1645 2082 1704 nominis

439 1733 851 1842 pratisterunt.
886 1757 1051 1825 Quod
1083 1752 1345 1809 obtinere
1374 1744 1737 1809 censuimus,
1798 1737 1973 1793 etiam
2034 1733 2084 1789 si

443 1829 555 1912 non
590 1848 879 1925 progeniti
931 1844 1151 1900 fuerint
1196 1843 1326 1911 post
1377 1834 1568 1890 dotale
1621 1829 2084 1925 instrumentum

441 1911 771 2001 confectum
805 1933 972 1991 liberi
1003 1930 1089 1987 vel
1121 1929 1296 1984 etiam
1348 1923 1470 1979 nati
1517 1921 1588 1976 ab
1624 1921 1730 1973 hac
1768 1916 1898 1970 luce
1945 1911 2089 1969 sub—

440 2031 614 2088 tracti
649 2026 887 2083 fuerint.

449 2130 583 2185 CAP.
617 2127 706 2181 33.
739 2154 806 2164 —
835 2122 910 2176 Ne
943 2132 1146 2188 sponsae
1176 2122 1348 2188 pactae
1392 2109 1583 2188 statim
1631 2104 1945 2160 tradantur.
1977 2099 2085 2153 Au-

840 2181 982 2263 gust;
1017 2187 1114 2241 lib.
1143 2181 1240 2239 vin
1267 2181 1703 2250 Confessionum.

528 2288 640 2356 (27,
671 2301 722 2355 q.
749 2284 800 2350 2,
833 2260 880 2336 c.
915 2273 1274 2343 Institutam.)
1327 2269 1674 2324 lnstitutum
1725 2267 1816 2318 est
1865 2264 1928 2314 ut
1969 2260 2093 2328 jam

460 2348 638 2449 pactis
660 2348 888 2444 sponsae
911 2383 1024 2421 non
1068 2363 1379 2418 tradantur
1423 2356 1645 2420 statim,
1680 2368 1752 2407 ne
1781 2350 1955 2405 vilem
1987 2348 2094 2401 ha-

457 2443 591 2521 beat
620 2443 866 2517 maritus
915 2456 1134 2520 datam,
1169 2464 1346 2521 quam
1395 2443 1794 2515 suspiraverat
1841 2451 2097 2509 sponsus

457 2551 724 2608 dilatam.

455 2651 590 2707 cfp.
622 2647 714 2701 34.
747 2673 814 2684 —
845 2644 922 2697 De
951 2655 1012 2695 eo
1041 2639 1284 2710 συί-συξη
1311 2633 1552 2710 malis.”
1581 2643 1747 2710 αιέατπ
1789 2625 2098 2710 ducere}???

528 2693 1110 2775 tuitvconsutztudinehc
1142 2706 1420 2762 habuerit.
1457 2693 1808 2758 Novétlarum
1834 2693 2102 2750 constitu-

528 2794 744 2847 tionum
773 2787 861 2853 32,
893 2799 1012 2854 cap.
1046 2783 1099 2835 3.

528 2878 589 2934 Si
613 2875 746 2948 quis
775 2889 908 2928 cum
934 2868 1178 2925 muliere
1196 2859 1681 2920 consuetudinem
1707 2853 2102 2920 habuerit,cu-

452 2969 553 3038 jus
577 2939 793 3034 nuptias
815 2957 1138 3015 interdictae
1158 2971 1274 3010 non
1298 2955 1461 3015 sunt,
1495 2951 1552 3002 et
1585 2947 1799 3002 liberos
1813 2943 1884 2998 ab
1905 2957 1971 2997 eo
2002 2939 2103 2996 illa

459 3035 869 3126 procreaverit,
910 3049 1229 3118 posteaque
1262 3037 1480 3094 dotalia
1526 3035 1917 3090 instrumenta
1941 3045 2098 3084 com-

2162 513 2497 571 hzeredibus
2529 515 2587 566 et
2631 508 2762 564 aliis
2808 501 3253 562 successoribus
3303 511 3525 562 earum,
3587 509 3819 567 pcenam

2019 643 2059 680 η
2165 603 2370 661 solvat.
2406 601 2522 656 Hoc
2553 599 2601 654 si
2635 597 2945 670 probatum
2977 592 3076 661 sit,
3109 589 3266 662 quod
3319 587 3757 642 sacramentum
3790 598 3824 636 a

2167 691 2471 748 meretrice
2500 685 2768 757 exegerit.
2801 683 2859 739 Si
2891 686 3087 738 autem
3121 679 3557 735 sacramentum
3587 689 3706 728 non
3732 687 3826 726 ex-

2169 781 2351 854 egerit
2379 797 2408 834 e
2443 776 2765 842 meretrice,
2805 789 2875 828 ne
2907 772 3178 827 teneatur
3207 765 3446 838 quidem
3478 779 3546 819 ea
3579 777 3772 834 paena.

2171 879 2308 934 CAP.
2341 878 2430 932 38.
2457 907 2523 915 —
2551 876 2623 930 De
2655 874 2786 930 Osee
2803 868 3095 943 propheta
3123 867 3219 938 qui
3262 862 3611 943 meretricem
3639 859 3822 914 duxit.

2458 949 2605 1002 Hier.
2644 934 2984 1016 super-Osce.
3031 934 3200 1006 libfl,
3234 935 3304 991 ad
3331 951 3451 1006 cap.
3488 934 3538 988 1.

2251 1039 2360 1109 (32.
2401 1054 2454 1108 q.
2490 1037 2540 1106 1,
2573 1052 2622 1091 c.
2644 1035 2758 1090 Non
2787 1041 2867 1089 est
2897 1025 3256 1101 culpandus.)
3286 1023 3412 1079 Non
3465 1025 3554 1078 est
3582 1018 3830 1109 culpan-

2186 1130 2297 1184 dus
2327 1130 2472 1182 Osee
2499 1123 2800 1197 propheta,
2825 1120 2872 1176 si
2905 1116 3268 1175 meretricem
3301 1128 3477 1184 quam
3510 1108 3677 1165 duxit
3693 1123 3833 1162 con-

2192 1214 2512 1272 verteritad
2533 1209 3005 1286 pudicitiam,sed
3031 1204 3228 1280 potius
3245 1201 3576 1258 laudandus
3592 1197 3750 1270 quod
3770 1211 3840 1251 ex

2196 1305 2580 1362 malabonam
2607 1301 2960 1356 fecerit.Non
2997 1296 3150 1351 enim
3177 1291 3490 1364 quibonus
3527 1287 3839 1360 permanet

2188 1396 2313 1467 ipse
2338 1392 2636 1465 polluitur,
2661 1389 2709 1444 si
2729 1387 2984 1444 societur
3024 1383 3178 1439 malo
3206 1381 3307 1436 sed
3344 1378 3446 1450 qui
3487 1374 3682 1432 malus
3725 1377 3838 1438 est,

2188 1465 2246 1538 in
2278 1484 2497 1538 bonum
2520 1479 2783 1544 vertitur,
2802 1476 2851 1532 si
2875 1473 3012 1530 boni
3030 1468 3298 1542 exempla
3315 1469 3588 1523 sectetur.
3615 1465 3691 1519 Ex
3715 1477 3837 1534 quo

2189 1569 2579 1642 intelligimus
2611 1584 2724 1622 non
2758 1563 3100 1638 prophetam
3129 1556 3457 1632 perdidisse
3488 1551 3839 1627 pudicitiam

2192 1640 2511 1717 fornicarize
2534 1651 3002 1729 copulatum,sed
3027 1646 3402 1706 fornicariam
3435 1640 3843 1713 assumpsisse

2196 1748 2534 1823 pudicitiam
2569 1760 2746 1817 quam
2775 1746 2948 1798 antea
2978 1755 3094 1795 non
3125 1735 3399 1793 habebat.

2197 1851 2327 1902 CAP.
2361 1845 2447 1900 39.
2480 1874 2551 1884 —
2583 1843 2760 1910 Quare
2806 1837 3226 1910 matrimonium
3255 1835 3416 1910 inter
3459 1831 3717 1910 cognatos
3768 1827 3846 1910 si}

2268 1898 2627 1989 prohibitum:
2660 1910 2998 1984 Augustinus
3032 1911 3092 1965 in
3125 1907 3225 1962 tib.
3259 1907 3334 1962 De
3363 1902 3588 1959 civitate
3618 1899 3738 1964 Dei,
3766 1898 3845 1955 lib

2270 1986 2364 2046 iv.
2395 2005 2524 2046 cap.
2563 1986 2649 2040 16.

2270 2007 2364 2057 xv,
2395 2005 2524 2057 cap.
2563 2005 2649 2040 10.

2270 2079 2414 2133 Cum
2447 2076 2626 2148 igitur
2642 2088 2828 2146 genus
2864 2070 3191 2125 humanum
3215 2070 3348 2138 post
3385 2063 3636 2135 primam
3669 2075 3850 2132 copu-

2202 2166 2321 2221 lam
2336 2165 2443 2218 viri
2469 2163 2605 2218 facti
2636 2179 2706 2218 ex
2730 2159 3054 2232 pulvere,et
3085 2153 3350 2225 conjugis
3380 2153 3509 2223 ejus
3539 2167 3610 2206 ex
3629 2149 3738 2205 viri
3765 2147 3854 2204 la—

2203 2253 2631 2322 tere,marium,
2650 2248 3124 2316 feminarumque
3141 2241 3553 2313 conjunctione
3575 2255 3722 2310 opus
3753 2237 3856 2293 ha-

2206 2339 2766 2413 beret,utgignendo
2791 2334 3388 2406 multiplicarent,nec
3404 2326 3717 2386 essentulli
3748 2326 3856 2382 ho-

2213 2432 2426 2498 mines,
2476 2428 2588 2485 nisi
2657 2427 2760 2498 qui
2793 2442 2861 2481 ex
2888 2422 3010 2479 illis
3040 2422 3270 2477 duobus
3301 2418 3422 2474 nati
3448 2417 3716 2479 fuissent,
3743 2414 3857 2470 viri

2206 2521 2488 2591 conjuges
2533 2532 2759 2573 sorores
2791 2529 2928 2569 suas
2960 2512 3332 2581 acceperunt.
3383 2506 3546 2571 Quod
3596 2505 3856 2576 profecto

2207 2610 2424 2678 quanto
2455 2611 2545 2658 est
2573 2601 2876 2673 antiquius
2899 2595 3285 2669 compellente
3315 2593 3856 2659 necessitate,tauto

2207 2701 2409 2767 postea
2431 2694 2647 2748 factum
2663 2695 2756 2746 est
2777 2686 3179 2744 damnabilius
3191 2683 3473 2756 religione
3484 2681 3852 2752 prohibente.

2207 2784 2418 2838 Habita
2437 2786 2525 2837 est
2547 2781 2704 2836 enim
2745 2777 2891 2834 ratio
2922 2773 3253 2831 rectissima
3283 2770 3613 2837 charitatis,
3647 2773 3712 2823 ut
3742 2769 3854 2824 ho-

2209 2870 2399 2926 mines
2431 2867 2647 2938 quibus
2679 2869 2834 2921 esset
2865 2862 3030 2918 utilis
3060 2866 3236 2932 atque
3275 2858 3522 2913 honesta
3547 2855 3858 2912 concordia

2207 2958 2571 3013 diversarum
2621 2951 3126 3010 necessitudinum
3163 2946 3412 3004 vinculis
3460 2949 3857 3001 necterentur.

2208 3047 2322 3101 Nec
2349 3062 2502 3100 unus
2528 3045 2586 3098 in
2612 3059 2726 3098 uno
2765 3040 2984 3096 multas
3006 3039 3249 3094 haberet
3278 3037 3381 3093 sed
3411 3033 3656 3106 singulas
3683 3049 3856 3104 spar-

462 3117 724 3215 posuerit
763 3137 836 3202 ei,
880 3117 994 3190 non
1029 3131 1219 3187 solum
1244 3129 1368 3198 jam
1403 3123 1523 3180 nati
1555 3122 1659 3177 ﬁlii
1681 3117 1928 3193 legitimi
1953 3122 2010 3174 et
2038 3119 2089 3172 in

2213 3139 2489 3205 gerentur
2521 3133 2577 3187 in
2608 3129 2898 3203 singulos,
2936 3145 3002 3184 ac
3025 3128 3072 3184 si
3105 3127 3177 3182 ad
3209 3124 3489 3181 socialem
3523 3123 3700 3177 vitam
3729 3119 3859 3176 dili-

461 3206 744 3304 potestate
774 3226 904 3295 ejus
935 3221 1073 3289 sint,
1106 3219 1205 3274 sed
1237 3215 1411 3271 etiam
1443 3217 1646 3285 postea
1687 3206 1992 3280 procreati.

461 3339 596 3395 CAP.
629 3335 718 3391 35.
745 3363 812 3373 -—
842 3331 919 3385 Ne
946 3327 1192 3398 legitima
1239 3320 1584 3444 repqdiatur.
1637 3315 1963 3372 Conslitutio
2009 3313 2097 3379 37,

1172 3410 1299 3444 C(11).
1381 3431 1393 3444 .

1172 3412 1299 3450 σαι).
1351 3412 1393 3444 l.

1172 3410 1299 3465 cap.
1351 3410 1393 3444 ι.

534 3493 759 3566 Siquis
811 3491 938 3546 sine
981 3485 1277 3542 dotalibus
1321 3477 1753 3543 instrumentis,
1801 3473 2105 3530 affectione

465 3564 722 3640 maritali
755 3593 993 3636 uxorem
1044 3572 1294 3639 duxerit,
1347 3585 1463 3625 non
1493 3567 1706 3622 audeat
1754 3564 1879 3619 sine
1926 3577 2105 3618 causa

465 3671 694 3741 legibus
721 3666 954 3740 cognita
987 3661 1299 3735 repudium
1331 3658 1382 3714 ei
1417 3657 1666 3711 mittere.

459 3779 592 3835 CAP.
624 3778 713 3832 36.
747 3805 814 3815 —
846 3771 1005 3843 Quod
1036 3769 1098 3823 de
1127 3765 1433 3843 concubina
1463 3764 1632 3843 potest
1680 3757 1921 3830 legitima
1951 3754 2102 3826 ﬁeri.

971 3839 1195 3896 Constit.
1227 3839 1316 3903 64,
1349 3851 1470 3906 cap.
1504 3833 1588 3886 14.

530 3937 588 3992 Si
618 3934 750 4007 quis
773 3947 906 3988 cum
927 3927 1172 3984 muliere
1193 3925 1376 3978 libera
1393 3918 1872 3976 consuetudinem
1899 3915 2109 3969 habeat

461 4043 578 4080 non
609 4021 911 4079 affectione
933 4013 1212 4081 maritali,
1238 4017 1294 4067 et
1315 4028 1381 4066 ex
1421 4026 1487 4064 ea
1529 4008 1742 4062 liberos
1778 4018 2108 4076 procreave-

462 4115 557 4184 rit,
589 4126 805 4183 eosque
827 4107 963 4163 velit
980 4105 1196 4159 liberos
1223 4098 1515 4170 legitimos
1528 4101 1585 4151 et
1606 4095 1663 4149 in
1686 4098 1970 4165 potestate
1999 4106 2108 4146 sua

460 4181 847 4267 habere,licet
868 4196 919 4251 ei
942 4210 1076 4250 cum
1125 4194 1313 4245 matre
1343 4202 1546 4242 eorum
1587 4183 1980 4238 instrumenta
2007 4181 2108 4235 do-

462 4289 605 4344 talia
636 4299 1004 4357 componere.
1024 4281 1167 4335 Nam
1201 4277 1304 4331 ﬁlii
1337 4275 1436 4346 qui
1461 4278 1595 4328 ante
1610 4269 2106 4336 naturaleserant,

461 4381 594 4449 post
616 4355 1104 4444 compositionem
1129 4367 1664 4420 instrumentorum
1691 4357 1974 4413 dotalium
2016 4355 2107 4410 sui

459 4444 518 4519 et
547 4464 608 4518 in
642 4463 928 4534 potestate
950 4456 1137 4528 patris
1165 4452 1527 4517 efﬁciuntur,
1576 4448 1695 4504 sive
1744 4450 1945 4518 postea
1986 4444 2106 4500 nati

461 4553 565 4606 ﬁlii
597 4551 818 4618 vivunt,
853 4548 972 4602 sive
1005 4543 1219 4600 martui
1254 4545 1416 4606 sunt,
1450 4539 1572 4594 sive
1616 4535 1853 4592 omnino
1909 4533 2107 4590 nullus
2139 4529 2184 4592 D

461 4641 614 4697 alius
645 4641 982 4711 procreatus
1015 4637 1124 4690 est.

457 4748 594 4804 CAP.
619 4745 708 4799 37.
742 4773 811 4783 ——-
843 4740 993 4809 Quod
1015 4741 1184 4794 liceat
1212 4733 1588 4809 meretricibus
1611 4731 1906 4809 fronestam:
1935 4728 2109 4784 rinam

626 4799 1205 4883 eligercTConstitutio
1226 4808 1570 4862 novellarum
1600 4804 1687 4868 46,
1721 4817 1848 4872 cap.
1889 4799 1904 4854 Ι
1922 4842 1934 4853 .

531 4915 806 4985 Princeps
838 4907 1146 4966 constituit
1177 4910 1240 4961 ut
1272 4905 1442 4960 liceat
1472 4900 1876 4956 meretricibus
1920 4897 2105 4952 hone-

460 5005 698 5060 stiorem
721 5001 899 5056 vitam
932 4997 1144 5068 eligcre
1177 4995 1304 5049 sine
1336 4991 1533 5061 aliquo
1566 4990 1800 5057 timore,
1835 4985 2104 5058 quamvis

450 5090 799 5163 juratoriam
819 5086 1146 5143 cautionem
1173 5076 1640 5152 exposuerint.Hi
1662 5080 1854 5130 autem
1873 5074 1970 5146 qui
1990 5071 2105 5128 tale

449 5178 868 5252 jusjurandum
884 5173 1279 5244 exegerunt,et
1293 5164 1850 5235 contra,castitatem
1867 5177 2102 5233 operam

456 5250 622 5324 suam
657 5267 965 5333 dederunt,
1018 5276 1196 5333 pinna:
1230 5255 1468 5310 nomine
1498 5270 1534 5307 x
1561 5251 1744 5306 libras
1794 5250 1921 5305 auri
1970 5266 2102 5320 per-

451 5359 680 5413 solvant
697 5354 909 5408 iisdem
938 5346 1368 5412 meretricibus,
1387 5358 1519 5413 quae
1542 5341 1914 5395 sacramenta
1935 5338 2102 5394 dede-

452 5449 609 5513 runt;
654 5459 823 5515 pmna
845 5444 1042 5495 autem
1074 5454 1109 5491 x
1141 5435 1425 5488 librarum
1459 5428 1651 5485 ofﬁcio
1701 5426 1965 5498 praesidis
1998 5427 2100 5481 ila-

449 5533 683 5603 gitetur,
704 5528 866 5593 Quod
899 5527 950 5584 si
982 5539 1193 5598 praeses
1225 5518 1560 5594 neglexerit,
1587 5518 1656 5572 de
1686 5532 1794 5572 suo
1826 5515 2100 5588 patrimo-

451 5619 548 5684 nio
579 5633 814 5692 poenam
843 5619 1124 5693 praestare
1153 5614 1412 5686 cogatur,
1473 5612 1528 5679 et
1585 5604 1936 5678 magistratu
1985 5603 2098 5660 sibi

2213 3223 2447 3293 gentius
2471 3220 2734 3294 plurimae
2757 3219 3043 3291 plurimos
3066 3215 3412 3270 obtinerent.
3434 3216 3602 3266 Pater
3618 3211 3858 3282 quippe,

2209 3316 2266 3366 et
2286 3327 2451 3366 socer
2471 3310 2719 3364 duarum
2747 3311 2886 3363 sunt
2937 3303 3435 3361 necessitudinum
3467 3299 3726 3355 nomine.
3785 3297 3862 3354 Ut

2209 3416 2345 3472 ergo
2375 3398 2552 3454 alium
2575 3399 2825 3469 quisque
2853 3395 3069 3450 habeat
3090 3397 3341 3465 patrem,
3364 3390 3542 3446 alium
3563 3403 3857 3458 socerum,

2211 3487 2586 3544 numerosius
2615 3502 2677 3542 se
2702 3484 2959 3540 charitas
2990 3481 3272 3554 porrigat.
3307 3479 3635 3550 Utrumque
3658 3481 3858 3533 autem

2212 3594 2368 3632 unus
2399 3577 2585 3630 Adam
2609 3589 2738 3630 esse
2759 3573 3074 3642 cogebatur
3091 3575 3148 3625 et
3177 3568 3340 3634 ﬁliis,
3370 3584 3422 3631 ex
3446 3566 3679 3622 ﬁliabus
3703 3564 3856 3634 suis,

2213 3665 2448 3738 quando
2482 3665 2712 3733 fratres,
2745 3674 3096 3730 sororesque
3129 3656 3407 3728 conjugio
3430 3654 3860 3727 jungebantur.

2211 3755 2303 3810 Sic
2331 3759 2388 3809 et
2411 3755 2524 3808 Eva
2555 3769 2699 3808 uxor
2728 3751 2888 3821 ejus,
2929 3747 3167 3817 utrique
3187 3745 3350 3801 sexui
3382 3743 3632 3799 ﬁliorum
3664 3742 3775 3797 fuit
3804 3745 3864 3796 et

2212 3859 2418 3898 socrus
2439 3845 2495 3896 et
2513 3847 2713 3895 mater.
2733 3839 2868 3903 Quae
2889 3837 2940 3893 si
2961 3837 3088 3892 duas
3121 3833 3348 3890 feminas
3378 3831 3631 3888 fuissent
3661 3835 3861 3886 mater

2214 3931 2415 3996 altera,
2438 3934 2495 3985 et
2514 3945 2717 3983 socrus
2748 3926 2927 3983 altera
2953 3923 3252 3996 copiosius
3274 3939 3336 3978 se
3362 3919 3598 3977 socialis
3628 3918 3868 3974 dilectio

2216 4019 2535 4090 colligaret.
2558 4017 2666 4071 Sed
2692 4015 2802 4070 hoc
2825 4015 2979 4069 unde
3017 4014 3184 4068 ﬁeret
3200 4015 3337 4066 tunc
3349 4026 3459 4066 non
3479 4007 3868 4080 erat,quando

2217 4107 2330 4161 nisi
2371 4107 2579 4160 fratres
2620 4109 2677 4158 et
2699 4119 2927 4159 sorores
2949 4117 3018 4156 ex
3040 4100 3159 4155 illis
3195 4100 3432 4154 duobus
3455 4096 3686 4170 primis,
3719 4093 3868 4150 nulli

2216 4195 2486 4250 homines
2516 4197 2699 4248 erant.
2720 4191 2865 4247 Fieri
2901 4207 3036 4263 ergo
3070 4187 3271 4245 debuit
3302 4186 3537 4258 quando
3569 4184 3778 4257 potuit,
3801 4186 3870 4239 ut

2217 4285 2498 4340 existente
2520 4280 2686 4353 copia
2715 4281 2850 4336 inde
2880 4280 3238 4335 ducerentur
3294 4290 3510 4332 uxores
3564 4290 3690 4346 quae
3749 4289 3868 4328 non

2217 4375 2382 4428 erant
2404 4373 2526 4442 jam
2558 4385 2809 4438 sorores,
2843 4373 2908 4423 ut
2939 4384 3054 4422 non
3082 4366 3273 4422 solum
3309 4363 3455 4419 illud
3483 4367 3548 4419 ut
3571 4363 3736 4418 ﬁeret
3767 4377 3867 4418 ne-

2218 4461 2456 4517 cessitas
2487 4463 2661 4528 esset,
2692 4474 2897 4513 verum
2947 4456 3144 4524 etiam,
3188 4454 3238 4510 si
3270 4455 3454 4522 ﬁeret,
3485 4453 3650 4508 nefas
3671 4455 3868 4519 esset;

2216 4551 2393 4621 quod,
2411 4549 2670 4602 humano
2693 4562 2904 4618 genere
2934 4547 3251 4610 crescente,
3273 4542 3450 4598 etiam
3473 4541 3626 4596 inter
3653 4539 3871 4611 impios

2215 4640 2456 4693 deorum
2491 4634 2807 4690 multorum
2842 4633 3245 4702 falsorumque
3300 4630 3575 4695 cultores,
3626 4627 3712 4683 sic
3761 4627 3868 4683 ob-

2211 4747 2263 4783 .‘t
2282 4726 2430 4782 rvari
2462 4724 2781 4788 cernimus,
2813 4726 2879 4777 ut
2900 4721 3134 4778 etiamsi
3163 4718 3450 4791 perversis
3482 4717 3722 4790 legibus
3745 4732 3871 4788 per-

2216 4817 2527 4871 mittantur
2557 4816 2813 4868 fraterna
2845 4810 3140 4881 conjugis,
3162 4808 3370 4864 melior
3399 4813 3598 4862 tamen
3625 4821 3871 4861 consue-

2215 4906 2354 4960 tudo
2383 4905 2506 4976 ipsa
2529 4901 2697 4956 malit
2717 4899 3024 4955 exhorrere
3051 4897 3376 4968 licentiam,
3400 4895 3605 4967 sicque
3635 4909 3867 4950 averse-

2214 4999 2329 5064 tur,
2362 4992 2530 5064 quasi
2563 5005 2869 5060 nunquam
2910 4986 3083 5042 licere
3115 4985 3392 5058 potuerit.
3425 4983 3734 5056 Copulatio
3775 4997 3866 5038 ero

2213 5099 2284 5155 go
2319 5080 2497 5136 maris
2527 5083 2584 5134 et
2616 5077 3170 5148 feminea,quantum
3190 5073 3402 5130 attinet
3434 5073 3506 5129 ad
3539 5087 3728 5145 genus
3749 5071 3864 5126 hu-

2214 5186 2456 5226 manum
2489 5166 2788 5239 quoddam
2819 5163 3210 5220 seminarium
3244 5167 3329 5219 est
3362 5161 3634 5218 civitatis.
3680 5159 3867 5216 Coale-

2212 5260 2320 5316 stis
2342 5274 2474 5314 vero
2497 5254 2703 5310 civitas
2733 5271 2882 5327 opus
2912 5253 3091 5310 habet
3129 5256 3194 5309 ut
3227 5267 3440 5309 noxam
3472 5247 3871 5322 generationis

2213 5349 2438 5406 evadat.

2211 5442 2343 5493 CAP.
2400 5437 2483 5491 40.
2536 5466 2602 5476 -
2650 5435 2726 5489 De
2775 5433 2950 5490 tribus
2999 5429 3265 5501 legitimis
3314 5428 3614 5501 conjugiis,
3667 5425 3865 5484 Hiero-

2919 5519 3142 5574 nymus.

2283 5597 2393 5667 (36,
2427 5612 2479 5668 q.
2509 5595 2564 5663 2,
2597 5610 2716 5667 cap.
2763 5592 2936 5665 Tria.)
2963 5591 3099 5647 Tria
3155 5588 3418 5662 legitima
3470 5587 3748 5662 conjugis
3795 5587 3855 5644 in
