3994 6052
206 238 329 293 593

1143 246 1453 300 DECRETI
1495 250 1683 301 PARS
1718 248 1868 301 VIII.
1900 275 1967 285 —-
1998 250 2094 303 DE
2131 251 2522 321 CONJUGIIS,
2564 258 2718 310 ETC.

3530 259 3638 316 594

201 368 535 440 Scripturis
557 367 1129 440 leguntur.Primum
1161 369 1492 442 legitimum
1528 375 1870 445 conjugium
1903 374 1956 441 Α
1987 375 2169 447 cipiat
2195 378 2403 449 virum,
2438 385 2495 435 et
2529 382 2667 451 quia
2698 382 3055 449 meretrix,et
3083 400 3207 454 quae
3241 385 3416 441 semel
3444 388 3634 446 fuerat

204 462 303 513 est
340 458 497 529 virgo
531 464 692 514 casta
724 459 781 513 in
814 459 1149 531 virginitate
1177 460 1300 515 viro
1334 462 1470 517 data
1501 462 1782 533 legitime,
1814 468 1871 516 et

201 546 451 618 reliquae
503 552 835 618 sequuntur
865 548 924 602 in
975 549 1293 620 praedictis.
1345 550 1677 604 Secundum
1710 550 1871 621 virgo

200 634 265 690 in
300 636 535 691 civitate
558 636 1191 708 deprehensaaviro,et
1222 638 1422 709 illiper
1438 638 1551 693 vim
1576 639 1867 710 copulata,

200 724 256 779 si
289 724 546 780 voluerit
569 730 733 795 pater
754 726 1146 795 ejus,dotabit
1174 743 1299 781 eam
1326 727 1435 782 iste
1466 727 1869 798 vir,quantum

192 813 559 882 judicaverit
590 818 775 884 pater,
805 819 863 869 et
895 814 1058 869 dabit
1100 815 1353 886 pretium
1389 816 1684 886 pudicitia;
1716 817 1866 886 ejus-

200 902 497 970 Tertium,
536 903 653 957 tilia
696 904 975 973 praedicta
1015 904 1402 975 deprehensa,
1460 906 1507 959 si
1547 922 1658 959 non
1692 906 1867 960 fuerit

202 990 482 1047 voluntas
514 991 720 1062 patris,
749 992 943 1047 trahet
972 1009 1099 1048 eam
1132 1011 1163 1047 a
1194 992 1315 1047 viro
1348 994 1643 1062 praedicto,
1667 999 1723 1049 et
1744 1001 1863 1049 tra-

202 1080 306 1135 det
337 1096 464 1133 eam
498 1080 595 1133 alii
631 1084 687 1134 et
717 1081 943 1136 dotabit
971 1098 1121 1147 eam,
1157 1090 1211 1135 et
1240 1082 1504 1153 legitima
1532 1085 1641 1137 erit
1661 1084 1857 1139 ei.Sed

199 1169 468 1239 primum
503 1168 593 1224 his
625 1170 859 1225 duobus
891 1171 1218 1240 praefertur.

196 1287 332 1339 CAP.
367 1284 456 1339 41.
492 1316 559 1325 -
592 1286 665 1340 De
688 1289 882 1357 quarto
906 1286 1157 1354 legitimo
1188 1288 1855 1358 conjugioﬂieronymur

277 1384 390 1453 (27,
450 1399 504 1453 q.
557 1386 612 1453 2,
670 1400 719 1437 ε.
770 1383 1051 1454 Additur.)
1121 1384 1375 1439 Additur
1434 1386 1630 1456 itaque
1697 1385 1855 1441 aliud

191 1476 479 1543 quartum
506 1470 832 1543 legitimum
868 1472 1231 1545 conjugium.
1253 1472 1403 1527 Dum
1435 1478 1665 1529 mortua
1686 1475 1856 1530 fuerit

190 1578 341 1617 uxor
372 1560 663 1632 ejus,licet
689 1560 775 1614 illi
807 1562 1069 1633 accipere
1100 1561 1406 1627 aliam,sed
1440 1579 1553 1617 non
1589 1563 1853 1633 repudia-

188 1654 341 1715 tam,
376 1665 482 1704 nec
532 1650 950 1721 desponsatam
981 1650 1126 1717 viro,
1176 1652 1278 1705 sed
1330 1651 1534 1706 ﬁliam.
1568 1652 1853 1708 Similiter

1985 463 2271 531 adultera,
2318 470 2699 539 Opprobrium
2752 488 2867 524 non
2915 471 3180 540 timebat,
3226 477 3482 530 secundo
3516 495 3628 533 non

1982 553 2201 609 nubere
2233 558 2568 627 praecipitur
2614 558 2734 612 viro
2784 558 3041 627 [llieron,
3092 576 3340 616 excusus
3371 563 3633 621 sichabet

1982 643 2238 698 secundo
2266 644 2603 715 praecipitur
2634 646 2775 710 viro,
2799 650 3117 718 etc.],quod
3149 649 3200 703 si
3234 651 3408 705 talem
3443 653 3623 709 duxe-

1982 730 2076 797 rit,
2109 731 2221 786 sub
2254 732 2523 788 adulterii
2557 734 2802 789 crimine
2832 736 2931 789 sit.

1978 839 2111 895 CAP.
2145 843 2232 896 44.
2266 873 2333 881 ——
2366 843 2517 909 Quod
2550 844 2802 910 legitima
2850 846 2946 911 sit,
3000 861 3124 913 qua
3172 848 3502 913 interposito
3532 865 3623 904 sa-

2047 920 2332 985 cramento
2378 918 2656 985 assumpta
2712 915 2906 982 fuerit.
2956 915 3307 971 Novellarum
3352 920 3624 975 constitu-

2055 984 2267 1038 tionum
2295 987 2639 1055 sexagesima
2678 988 2896 1056 quinta,
2927 1003 3046 1056 cap.
3084 989 3132 1042 1.

2044 1073 2155 1142 (30,
2186 1091 2238 1143 q.
2271 1091 2317 1130 c.
2350 1077 2411 1130 .Si
2439 1076 2605 1145 quis.)
2640 1074 2700 1129 Si
2732 1075 2866 1144 quis
2921 1075 3135 1130 divinis
3187 1076 3334 1132 actis
3366 1078 3626 1150 Scriptu-

1971 1161 2052 1216 ris
2075 1163 2361 1232 juraverit
2392 1164 2625 1218 mulieri
2660 1180 2720 1218 se
2750 1180 2878 1218 eam
2910 1163 3226 1235 legitimam
3256 1182 3493 1221 uxorem
3517 1167 3620 1223 ha-

1969 1249 2251 1316 biturum,
2286 1252 2373 1306 vel
2409 1254 2455 1306 si
2490 1254 2544 1307 in
2572 1254 2823 1307 oratorio
2878 1253 2992 1307 tale
3045 1260 3483 1310 sacramentum
3517 1258 3616 1313 de-

1968 1338 2137 1407 derit,
2170 1340 2249 1394 sit
2279 1340 2377 1395 illa
2424 1340 2686 1411 legitima
2736 1357 2903 1402 uxor,
2954 1341 3225 1411 quamvis
3275 1341 3437 1398 nulla
3486 1344 3613 1411 dos,

1967 1425 2131 1481 nulla
2161 1428 2453 1498 scriptura
2484 1427 2597 1482 alia
2628 1428 2972 1499 interposita
3004 1428 3098 1483 sit.

1965 1534 2205 1588 CAPJiS.
2253 1564 2317 1573 —
2352 1536 2415 1589 Ut
2445 1535 2572 1589 talis
2604 1536 2675 1588 sit
2722 1535 2808 1588 vir
2856 1536 3026 1589 umori
3071 1540 3286 1605 qualem
3338 1536 3448 1591 sibi
3492 1539 3612 1593 vult

2035 1621 2151 1727 epse
2191 1620 2440 1730 uigorem.
2491 1607 2837 1674 Augustinus
2884 1606 2949 1660 de
2995 1609 3177 1662 verbis
3218 1608 3464 1675 Domini,
3493 1614 3609 1665 tra-

2035 1692 2062 1729 c
2091 1686 2185 1730 atu
2289 1718 2299 1728 .

2033 1686 2185 1731 ctatu
2215 1686 2299 1730 47.

192 1738 375 1832 debet
399 1743 456 1793 et
483 1737 721 1832 mulier.
744 1737 1170 1832 Unde-Paulus
1196 1740 1278 1793 ait
1308 1755 1321 1794 :
1358 1739 1556 1832 Mulier
1572 1756 1698 1832 qna?
1750 1741 1849 1795 sub
1879 1738 1929 1803 Β
2029 1764 2083 1819 Si
2115 1764 2345 1820 ducturi
2375 1764 2517 1820 estis
2551 1781 2781 1832 uxores,
2811 1770 3040 1821 servate
3062 1782 3162 1821 vos
3196 1767 3475 1823 uxoribus
3505 1784 3598 1823 ve~

188 1829 314 1883 viro
342 1835 441 1894 est,
477 1827 647 1898 ligata
674 1830 754 1883 est
779 1828 877 1882 sub
913 1827 1029 1899 lege
1060 1829 1189 1895 viri,
1226 1828 1472 1898 quandiu
1502 1828 1589 1883 vir
1616 1831 1734 1900 ejus
1764 1832 1844 1884 vi-
1916 1852 1923 1858 ·

196 1918 300 1973 vit.
335 1917 536 1987 Igitur,
584 1919 791 1973 vivente
832 1920 950 1973 viro
981 1919 1120 1988 ejus,
1166 1918 1453 1973 vocabitur
1500 1918 1770 1985 adultera,
1802 1921 1851 1974 si

186 2007 387 2078 juncta
407 2005 581 2075 fuerit
601 2004 775 2061 alteri
802 2008 944 2061 viro.
979 2006 1041 2061 Si
1069 2010 1251 2061 autem
1288 2010 1538 2062 mortuus
1564 2010 1738 2077 fuerit
1768 2009 1851 2063 vir

194 2098 334 2164 eius,
369 2096 604 2150 liberata
634 2100 709 2150 est
738 2112 772 2150 a
801 2096 917 2163 lege
946 2097 1074 2165 viri,
1105 2095 1186 2150 ita
1214 2100 1274 2149 ut
1302 2112 1416 2151 non
1468 2096 1539 2150 sit
1569 2098 1845 2168 adultera,

192 2185 247 2241 si
273 2185 447 2254 fuerit
474 2201 601 2239 cum
629 2186 746 2240 alio
774 2184 895 2240 viro
923 2185 1098 2256 (Rom.
1132 2187 1253 2253 vu).

193 2301 331 2358 CAP.
366 2302 452 2354 42.
483 2330 555 2343 —
596 2298 745 2368 Quod
792 2301 853 2354 in
899 2300 1155 2369 conjugio
1202 2302 1360 2370 quasi
1409 2300 1745 2356 adulterium
1777 2305 1847 2356 sit

262 2373 613 2437 voluptuosa:
687 2371 1009 2427 concubitus
1055 2380 1105 2426 et
1168 2371 1579 2427 immoderatus.
1653 2372 1841 2427 Hiero-

264 2460 487 2514 nymus.

264 2544 328 2596 In
359 2540 621 2612 legitimo
654 2540 925 2611 conjugio
957 2538 1315 2594 adulterium
1350 2544 1439 2594 est
1496 2543 1836 2615 cavendum,

189 2646 307 2685 non
342 2634 623 2701 quantum
652 2629 920 2701 voluptas
942 2629 1373 2699 expetierit,sed
1409 2635 1692 2700 quantum
1720 2649 1841 2686 mo-

191 2716 302 2771 dus
336 2723 581 2784 naturaa,
612 2722 671 2771 et
700 2732 879 2771 causa
913 2715 1269 2785 posteritatis
1318 2716 1718 2787 postulaverit.
1770 2724 1839 2775 Et

190 2822 308 2861 non
342 2804 476 2860 licet
506 2804 590 2860 illi
621 2805 835 2861 habere
868 2804 1347 2877 alteram,pra’.ter
1372 2822 1610 2861 uxorem
1644 2825 1833 2863 suam.

190 2894 252 2951 Si
306 2894 463 2949 enim
514 2893 807 2965 habuerit,
860 2910 974 2949 non
1025 2894 1137 2948 erit
1198 2893 1461 2966 legitima
1511 2912 1636 2966 quas
1678 2896 1838 2952 licita

189 2982 320 3038 fuit.
354 2981 572 3039 Paulus
602 2999 835 3054 quoque
868 2982 1171 3053 apostolus
1195 2984 1276 3038 ait
1308 3000 1320 3037 :
1356 2984 1526 3040 Omne
1552 2990 1836 3055 peccatum

1959 1853 2119 1908 stris.
2156 1853 2364 1919 Quales
2395 1870 2493 1908 eas
2524 1852 2696 1908 vultis
2735 1854 2805 1907 ad
2838 1870 2938 1908 vos
2969 1854 3184 1924 venire,
3216 1855 3361 1911 tales
3377 1873 3478 1912 vos
3498 1857 3603 1911 de-

1959 1944 2116 2007 bent,
2148 1947 2205 1997 et
2236 1943 2372 2014 ipsa;
2402 1942 2681 1997 invenire.
2703 1942 3098 2013 Quisjuvenis
3128 1949 3216 1999 est
3245 1946 3344 2014 qui
3366 1962 3479 1999 non
3503 1962 3599 1998 ca-

1957 2034 2109 2087 stam
2144 2032 2277 2086 velit
2299 2032 2508 2086 ducere
2532 2048 2767 2086 uxorem
2789 2032 2815 2085 ?
2846 2032 2915 2087 Et
2944 2032 2991 2087 si
3013 2039 3359 2103 accepturus
3385 2038 3472 2088 est
3493 2034 3604 2087 vir-

1956 2120 2315 2191 ginem,quis
2339 2137 2455 2175 non
2481 2121 2761 2175 intactam
2784 2120 3077 2176 desideret
3098 2122 3421 2176 ?Intactam
3446 2138 3605 2192 qua:-

1955 2208 2036 2263 ris
2054 2208 2081 2262 ?
2110 2208 2365 2263 intactus
2388 2210 2754 2264 esto.Puram
2774 2210 3017 2280 quaeris?
3034 2211 3150 2263 noli
3171 2228 3299 2265 esse
3314 2211 3604 2282 impurus.

1954 2296 2079 2352 Non
2111 2297 2267 2351 enim
2305 2296 2406 2352 illa
2438 2302 2650 2368 potest,
2685 2303 2743 2351 et
2771 2302 2833 2352 tu
2868 2315 2981 2352 non
3016 2303 3202 2369 potes.

1952 2404 2079 2460 CAP.
2113 2405 2275 2459 46.-
2298 2403 2372 2458 Ne
2396 2411 2649 2475 parentes
2679 2403 2840 2471 ﬁdem
2872 2406 3283 2471 sponsaliorum
3312 2408 3597 2475 frangant.

2272 2476 2352 2527 Ea:
2376 2474 2718 2527 Eliberitano
2748 2475 3004 2543 concilio,
3037 2491 3163 2544 cap.
3196 2476 3286 2528 54.

2021 2562 2080 2618 Si
2121 2562 2220 2633 qui
2269 2566 2537 2633 parentes
2589 2562 2764 2616 fidem
2814 2563 3093 2633 fregerint
3142 2562 3595 2633 sponsaliorum,

1946 2650 2179 2705 triennii
2212 2654 2472 2720 tempore
2503 2649 2840 2704 abstineant
2869 2666 2931 2704 se
2982 2668 3015 2704 a
3065 2651 3497 2705 communione.
3533 2653 3591 2707 Si

1945 2742 2141 2795 tamen
2175 2738 2329 2793 idem
2363 2738 2583 2809 [iidem,
2632 2739 2799 2808 orig.]
2849 2755 3102 2809 sponsus
3146 2738 3231 2793 vel
3283 2756 3497 2810 sponsa
3532 2741 3590 2795 in

1945 2827 2107 2899 gravi
2139 2827 2378 2882 crimine
2392 2826 2609 2881 fuerint
2629 2826 3260 2896 deprehensi,excusati
3294 2832 3465 2882 erunt
3485 2846 3589 2899 pa-

1946 2921 2159 2971 rentes.

1945 3023 2078 3079 CAP.
2114 3024 2200 3076 47.
2234 3053 2302 3062 -
2332 3023 2408 3077 Ne
2436 3039 2582 3077 uxor
2615 3024 2675 3076 in
2712 3022 3191 3092 quadragesimali
3221 3026 3458 3089 tempore
3484 3022 3592 3077 du-

187 3072 542 3144 quodcunque
568 3071 725 3127 homo
753 3071 969 3143 fecerit,
1001 3076 1161 3127 extra
1189 3088 1383 3142 corpus
1438 3078 1537 3129 est.
1589 3076 1695 3142 Qui
1721 3093 1831 3131 au-

1963 3071 2199 3149 "ius;
2234 3071 2540 3165 nam};
2554 3071 2878 3150 ivgalem
2901 3071 3590 3165 antesignanus,

186 3170 294 3217 tem
338 3160 671 3232 fornicatur,
724 3162 783 3216 in
824 3176 1017 3231 corpus
1063 3176 1225 3215 suum
1270 3165 1453 3231 peccat
1501 3162 1548 3233 (I
1577 3163 1696 3218 Cor.
1730 3167 1829 3236 v1),

183 3250 293 3306 hoc
324 3256 415 3305 est
437 3250 496 3304 in
530 3249 801 3321 conjugio
824 3249 1445 3321 positus,queecunque
1477 3251 1677 3307 fecerit
1699 3270 1829 3324 pec-

182 3343 334 3404 cata,
369 3355 485 3393 non
526 3338 825 3393 infuscent
878 3353 1117 3393 uxorem
1167 3337 1486 3408 propriam.
1522 3340 1581 3395 Si
1632 3347 1827 3397 autem

184 3428 506 3483 fornicatur
536 3442 668 3482 cum
703 3424 1121 3493 aliis,maculat
1152 3442 1277 3482 eam
1314 3431 1377 3481 ut
1408 3443 1521 3482 non
1548 3428 1624 3483 sit
1645 3428 1827 3501 licita,

183 3518 285 3574 sed
319 3516 486 3588 quasi
520 3515 806 3572 adultera.

183 3632 313 3689 CAP.
351 3634 440 3688 43.
470 3662 542 3673 -
572 3631 721 3701 Quod
750 3640 966 3702 propter
993 3632 1417 3700 fornicationem
1442 3633 1565 3687 licet
1595 3649 1827 3689 uxorem

253 3704 554 3768 dimittere,
587 3720 697 3759 non
727 3709 912 3758 tamen
940 3704 1113 3758 aliam
1152 3703 1371 3759 ducere.
1428 3703 1572 3759 Idem
1630 3707 1823 3760 Hiero-

252 3792 451 3847 nymus
474 3776 591 3845 (lib.
625 3792 685 3830 ιιι
716 3777 777 3829 in
810 3774 1032 3841 Matt/1.,
1063 3774 1133 3830 ad
1161 3784 1325 3846 caput
1356 3776 1491 3846 xxx).

254 3874 349 3927 Ait
369 3871 653 3927 Dominus
685 3872 743 3926 in
786 3870 1098 3942 Evangelio
1132 3887 1147 3926 :
1176 3872 1497 3944 Quicunque
1542 3874 1827 3929 dimiserit

180 3977 428 4029 uxorem,
460 3962 573 4016 nisi
593 3963 656 4016 ob
676 3960 1123 4030 fornicationem,
1147 3969 1197 4015 et
1219 3960 1389 4015 aliam
1406 3961 1654 4029 duxerit,
1686 3980 1823 4019 mce-

180 4049 391 4105 chalur.
424 4052 487 4105 Et
516 4066 609 4122 qui
634 4049 921 4105 dimissam
967 4049 1215 4117 duxerit,
1260 4050 1566 4105 mirabatur
1610 4052 1820 4122 (Matth.

184 4136 457 4207 x1x).Sola
489 4136 793 4192 fornicatio
825 4140 914 4192 est
936 4153 1063 4208 quae
1097 4138 1294 4192 uxoris
1318 4138 1496 4193 vincit
1527 4140 1821 4207 affectum,

184 4226 298 4281 imo
329 4242 462 4280 cum
491 4224 591 4280 illa
614 4242 792 4280 unam
824 4241 1059 4281 carnem
1094 4226 1149 4279 in
1184 4226 1359 4281 aliam
1394 4227 1739 4296 diviserit,et
1760 4244 1821 4283 se

183 4313 561 4369 fornicatione
593 4313 952 4385 separaverit
973 4331 1006 4368 a
1032 4314 1383 4384 merito,non
1415 4316 1584 4370 debet
1614 4318 1818 4385 teneri,

181 4418 250 4458 ne
296 4403 484 4458 virum
534 4419 767 4474 quoque
815 4402 925 4457 sub
985 4402 1297 4459 maledicto
1347 4404 1541 4471 faciat,
1592 4405 1821 4461 dicente

68 4568 80 4579 .
180 4492 478 4563 Scriptura
506 4459 692 4563 (ῥ’-ου.
721 4492 881 4564 xvm)
916 4508 929 4546 :
963 4490 1070 4556 Qui
1103 4492 1429 4547 adulteram
1470 4459 1628 4550 tenet
1673 4459 1821 4550 sibi;
1854 4459 1899 4523 Β

184 4589 274 4636 tus
302 4587 359 4636 et
390 4581 607 4653 impius
634 4586 743 4637 est.
777 4582 1122 4652 Ubicunque
1160 4584 1250 4636 est
1281 4580 1462 4651 igitur
1493 4582 1818 4649 fornicatio,

180 4674 282 4725 aut
311 4670 713 4726 fornicationis
744 4670 1023 4741 suspicio,
1053 4669 1232 4725 libere
1285 4687 1429 4725 uxor
1477 4671 1818 4726 dimittitur.

178 4758 247 4812 Et
276 4759 411 4829 quia
440 4763 665 4830 poterat
708 4758 971 4814 accidere
999 4763 1061 4812 ut
1107 4758 1288 4829 aliqui
1338 4758 1695 4815 calumniam
1727 4760 1819 4813 in-

180 4842 431 4914 noeenti,
456 4853 513 4903 et
535 4848 607 4903 ob
626 4848 944 4903 secundam
968 4846 1238 4919 copulam
1272 4847 1609 4917 nuptiarum
1645 4847 1821 4903 veteri

176 4936 397 4991 crimen
432 4936 803 5009 impingeret,
836 4935 921 4991 sic
953 4936 1204 5006 priorem
1234 4934 1528 4991 dimittere
1582 4936 1822 5006 jubetur

178 5040 438 5093 uxorem,
472 5030 537 5079 ut
566 5025 887 5079 secundam
940 5023 1130 5095 prima
1176 5022 1405 5078 vivente
1436 5040 1550 5079 non
1583 5024 1818 5079 habeat.

174 5113 331 5177 Quod
359 5112 514 5167 enim
549 5112 831 5181 dicit,tale
851 5116 941 5168 est
977 5128 989 5167 ;
1022 5112 1080 5167 Si
1106 5129 1221 5167 non
1246 5118 1482 5185 propter
1512 5112 1816 5167 libidinem

175 5202 273 5257 sed
308 5206 543 5272 propter
585 5200 865 5272 injuriam
915 5200 1164 5255 dimittis
1220 5217 1481 5271 uxorem,
1516 5218 1694 5273 quare
1722 5218 1818 5257 ex-

176 5294 375 5362 pertus
408 5289 668 5347 infelices
687 5289 913 5362 priores
944 5289 1204 5361 nuptias,
1229 5306 1511 5345 novarum
1541 5296 1595 5346 te
1624 5292 1816 5347 immi-

174 5380 251 5435 tis
293 5378 608 5451 periculo?
674 5379 790 5435 Nec
840 5395 953 5433 non
1005 5378 1142 5448 quia
1190 5383 1413 5449 poterat
1455 5380 1705 5451 evenire,
1757 5386 1818 5436 ut

166 5469 338 5540 juxta
366 5468 633 5525 eamdem
658 5467 846 5541 legem
878 5484 1021 5524 uxor
1050 5483 1279 5539 quoque
1300 5468 1511 5525 marito
1534 5470 1697 5526 daret
1727 5486 1815 5525 re-

177 5557 453 5630 pudium:
487 5557 689 5613 eadem
711 5556 939 5614 cautela
952 5555 1282 5629 praecipitur
1296 5572 1367 5612 ne
1378 5559 1705 5615 secundum
1729 5575 1817 5615 ac-

2011 3167 2293 3326 (cg3p,.qll8l,
2337 3270 2383 3309 c.
2436 3255 2540 3309 Nec
2590 3252 2867 3323 uxorem.)
2919 3251 3032 3306 Nec
3081 3268 3319 3307 uxorem
3352 3254 3588 3323 ducere,

1938 3358 2044 3398 nec
2074 3343 2333 3397 convivia
2358 3344 2546 3398 facere
2578 3342 2633 3396 in
2654 3340 3149 3413 quadragesimali
3172 3345 3432 3411 tempore
3455 3358 3591 3395 con-

1936 3431 2131 3487 venire
2162 3448 2353 3503 posse,
2387 3430 2725 3485 nullatenus
2755 3430 3132 3485 arbitramur.

1937 3540 2073 3595 CAP.
2112 3541 2285 3593 18.—
2316 3540 2391 3593 Ne
2418 3537 2704 3608 presbyter
2736 3536 2795 3589 in
2826 3535 3035 3608 nuptiis
3056 3536 3266 3606 bigami
3292 3536 3583 3607 prandeat.

2226 3612 2307 3665 Ea:
2334 3607 2772 3666 Nebceesariensi
2800 3607 3052 3662 concilio.
3084 3624 3202 3677 cap.
3234 3608 3289 3661 6.

2007 3699 2120 3769 (31,
2151 3715 2203 3769 q.
2239 3700 2288 3764 1,
2338 3713 2385 3751 c.
2437 3698 2510 3751 De
2557 3696 2689 3762 his.)
2741 3696 3155 3765 Presbyterum
3207 3696 3493 3766 prandere
3526 3696 3583 3752 in

1935 3788 2157 3858 nuptiis
2188 3785 2407 3857 bigami
2439 3802 2553 3839 non
2585 3784 2872 3839 convenit.
2899 3782 3043 3846 Quia
3074 3800 3207 3837 cum
3244 3785 3584 3853 pmnitentia

1934 3877 2206 3949 bigamus
2235 3879 2421 3947 egeat,
2459 3874 2592 3944 quis
2623 3872 2733 3928 erit
2756 3872 3060 3944 presbyter
3078 3872 3176 3941 qui
3198 3879 3432 3944 propter
3453 3890 3582 3929 con-

1932 3966 2148 4021 vivium
2183 3964 2403 4019 talibus
2437 3961 2657 4032 nuptiis
2692 3961 2881 4031 possit
2903 3961 3155 4031 prazbere
3179 3977 3531 4017 consensum
3556 3962 3583 4016 ‘l

1932 4074 2060 4126 CAP.
2091 4070 2177 4123 49.
2213 4070 2378 4123 -Νε
2427 4067 2644 4136 nuptiae
2698 4070 2755 4121 in
2803 4066 3288 4137 quadragesimali
3336 4076 3577 4137 tempore

2181 4142 2335 4210 fiant.
2372 4140 2701 4193 Laodicense
2729 4138 3052 4201 concilium,
3085 4154 3201 4205 cap.
3234 4139 3324 4191 52.

2003 4231 2114 4301 (33,
2142 4246 2191 4301 q.
2224 4230 2276 4293 4,
2307 4245 2355 4283 c.
2388 4231 2501 4282 Non
2534 4228 2787 4296 oportet.)
2822 4229 2944 4279 Non
2980 4225 3281 4295 oportetin
3313 4226 3577 4288 Quadra-

1930 4319 2157 4391 gesima
2187 4322 2285 4371 aut
2312 4316 2552 4387 nuptias
2584 4323 2681 4368 aut
2714 4313 2980 4368 natalitia
3009 4312 3324 4368 celebrare.

1930 4423 2063 4478 CAP.
2088 4423 2177 4477 50.
2229 4451 2297 4460 —-
2332 4422 2392 4476 Ut
2435 4418 2771 4491 praedicator
2815 4420 3167 4491 continentia
3216 4422 3435 4489 nuptias
3464 4438 3575 4478 non

2159 4492 2409 4548 celebret.
2438 4490 2814 4561 Hieronymus
2842 4490 2915 4543 ad
2946 4491 3327 4561 Nepotianum.

2000 4581 2348 4635 Praedicator
2366 4580 2736 4634 continentiae
2760 4579 2997 4650 nuptias
3021 4597 3134 4633 non
3167 4580 3570 4646 conciliet.Qui

1928 4669 2271 4742 Apostolum
2302 4668 2443 4740 legit
2475 4684 2487 4721 :
2523 4672 2809 4737 superest,
2838 4673 2902 4721 ut
2954 4667 3053 4739 qui
3103 4667 3320 4724 habent
3366 4686 3572 4726 uxores

1929 4764 2210 4829 tanquam
2245 4775 2356 4812 non
2385 4757 2665 4811 habentes
2689 4756 2880 4828 sint(1
2900 4756 3264 4826 Cor.vu),cur
3284 4757 3567 4830 virginem

1930 4849 2079 4919 cogit
2108 4852 2172 4901 ut
2203 4846 2432 4900 nubat?
2458 4846 2564 4909 Qui
2617 4847 2687 4899 de
2733 4847 3107 4916 monogamia
3155 4848 3429 4904 sacerdos
3460 4855 3567 4915 est,

1929 4951 2106 5005 quare
2126 4934 2359 4989 viduam
2393 4934 2660 4988 hortatur
2693 4936 2758 4988 ut
2789 4934 3022 5004 bigama
3053 4934 3151 4988 sit.

1927 5044 2060 5095 CAP.
2102 5041 2192 5095 51.
2225 5071 2292 5111 -έ
2344 5044 2419 5095 De
2450 5039 2538 5094 his
2595 5041 2690 5111 qui
2752 5038 3030 5107 ﬁscalinas
3086 5056 3287 5097 uxores
3342 5043 3568 5100 ducunt.

2264 5110 2670 5182 Capitutarium
2701 5111 2840 5166 libro
2862 5128 2946 5178 III,
2981 5128 3103 5183 cap.
3140 5114 3205 5167 16

1999 5200 2077 5254 De
2106 5198 2306 5254 liberis
2333 5199 2675 5255 hominibus
2698 5201 2795 5271 qui
2823 5217 3027 5256 uxores
3059 5202 3355 5259 fiscalinas
3380 5204 3569 5277 regias

1927 5293 1983 5344 et
2012 5290 2082 5345 de
2114 5288 2347 5345 feminis
2380 5288 2577 5345 liberis
2609 5290 2709 5360 qui
2742 5288 3006 5344 homines
3047 5290 3343 5347 fiscalinos
3376 5294 3567 5365 regios

1927 5378 2249 5450 accipiunt,
2284 5382 2347 5433 ut
2378 5395 2492 5434 non
2526 5378 2595 5433 de
2630 5376 2964 5432 haereditate
2993 5382 3327 5448 parentum,
3377 5380 3462 5435 vel
3494 5382 3566 5438 de

1928 5485 2107 5523 causa
2130 5485 2240 5523 sua
2269 5468 2603 5539 quaerenda,
2637 5483 2741 5523 nec
2773 5466 2843 5523 de
2876 5466 3211 5523 testimonio
3241 5484 3344 5538 pro
3374 5469 3479 5526 hac
3504 5488 3563 5528 re

1927 5556 2300 5627 abiiciantur.
