3972 6056
355 234 462 289 595

1446 237 1514 287 D.
1554 234 1795 287 IVONIS
1831 234 2329 292 CARNOTENSIS
2364 241 2683 296 EPISCOPI

3659 239 3785 294 596

355 362 487 415 CAP.
519 357 608 413 52.
641 387 711 398 -—-
746 359 808 413 Ut
838 358 1084 432 ingenua
1115 356 1165 410 si
1193 371 1408 432 servum
1439 356 1665 410 duxerit
1696 356 1913 412 ancilla
1932 360 2004 413 sit
2033 359 2080 424 Α
2116 376 2231 414 non
2267 369 2532 432 possunt.
2568 367 2727 430 Quod
2764 365 2813 420 si
2844 364 3161 421 calliditate
3183 369 3241 420 et
3270 364 3640 421 conniventia
3663 365 3784 420 do-

961 429 1056 483 lib.
1089 445 1141 496 v,
1173 445 1293 498 cap.
1326 428 1413 482 20.

433 518 546 590 (29,
578 518 713 588 q.2,
766 534 812 573 c.
849 517 908 571 Si
953 519 1206 586 femina.)
1259 516 1313 568 Si
1366 515 1578 570 mulier
1627 517 1882 587 ingenua
1913 535 2005 573 ac-

360 607 577 678 ceperit
609 622 867 668 servum,
895 605 1085 659 sciens
1125 605 1275 674 quod
1314 621 1520 659 servus
1569 610 1744 670 esset,
1797 607 2008 662 habeat

361 711 532 764 eum;
570 711 686 750 una
718 697 912 747 autem
941 692 1030 747 lex
1063 691 1170 746 erit
1201 697 1255 746 et
1285 693 1406 747 viro
1439 698 1494 747 et
1527 694 1774 749 feminae.

361 807 498 859 CAP.
529 802 619 856 53.
646 831 712 840 —
749 801 810 856 Ut
847 798 1010 863 liber,
1043 799 1092 851 si
1122 800 1391 853 ancillam
1425 801 1784 866 du.rerz'l,non
1817 802 2006 857 dimit-

682 874 760 925 lal
795 886 936 924 eam.
971 868 1070 923 lib.
1104 886 1179 936 v1,
1211 887 1328 941 cap.
1364 873 1431 924 95
1463 874 1534 943 (ε.
1564 874 1676 943 94).

428 961 543 1028 (29,
576 977 626 1030 q.
660 960 713 1024 2,
747 974 794 1012 e.
831 957 891 1011 Si
929 958 1099 1028 quis.)
1149 960 1204 1012 Si
1266 961 1401 1032 quis
1452 962 1599 1016 liber
1642 961 1913 1016 ancillam
1947 963 2003 1016 in

359 1047 799 1105 matrimonium
830 1048 1259 1118 acceperit,non
1294 1049 1468 1104 habet
1488 1050 1779 1106 licentiam
1810 1053 2006 1106 dimit-

361 1142 484 1193 tere
517 1151 669 1201 eam,
721 1135 770 1191 si
804 1135 970 1207 prius
1024 1137 1331 1192 amborum
1381 1154 1669 1194 consensu
1714 1141 2007 1209 eonjuncti

360 1226 498 1281 sint.

357 1314 494 1370 CAP.
526 1316 616 1367 54.
651 1345 717 1354 -
751 1313 900 1380 Quod
929 1315 1246 1384 coniugium
1276 1332 1385 1369 non
1414 1316 1704 1371 diri-mitur
1733 1320 1876 1373 inter
1890 1337 2005 1374 ser-

430 1403 560 1440 vum
590 1390 642 1440 et
671 1386 937 1440 ancillam
962 1389 1180 1440 etiamsi
1201 1387 1446 1442 diversos
1467 1389 1720 1444 dominos
1751 1391 2005 1445 habeant.

431 1458 642 1519 Adiecti
668 1458 1026 1527 capilulares,
1056 1474 1175 1528 cap.
1205 1459 1295 1512 55.

431 1544 718 1615 Conjugia
750 1561 1049 1599 servorum
1079 1563 1195 1600 non
1227 1547 1606 1614 dirimentur,
1661 1549 1888 1605 etiamsi
1919 1551 2006 1604 di-

358 1649 558 1688 versos
589 1633 860 1687 dominos
889 1633 1157 1700 habeant,
1187 1636 1285 1689 sed
1322 1636 1377 1688 in
1413 1653 1527 1690 uno
1559 1639 1833 1710 conjugio
1879 1655 2004 1710 per-

361 1725 664 1777 manentes
698 1721 954 1776 dominis
1002 1723 1129 1779 suis
1178 1725 1454 1779 serviant.
1505 1726 1622 1781 Hoc
1672 1728 1729 1780 in
1762 1727 1878 1782 illis
1905 1729 2008 1782 ob-
2042 1729 2086 1793 Β

365 1811 720 1866 servandum
755 1815 862 1878 est,
898 1811 996 1866 ubi
1031 1812 1235 1883 legalis
1281 1814 1612 1884 conjunctio
1659 1816 1787 1885 fuit,
1821 1823 1878 1872 et
1908 1833 2010 1888 per

355 1897 724 1955 voluntatem
758 1899 1153 1956 dominorum.

363 1989 499 2043 CAP.
653 2019 720 2028 —
752 1993 830 2043 De
861 1989 1093 2064 quodam
1122 1992 1334 2064 [animo
1348 1993 1608 2057 ecclesiae,
1642 1996 1739 2064 qui
1766 1993 2010 2064 ejusdem

437 2059 675 2137 ecclesiae
728 2061 1000 2137 ancillam
1062 2059 1388 2132 relinquere
1451 2059 1677 2120 volebat.
1753 2059 2011 2137 Pelagius

438 2130 626 2186 Melleo
655 2131 1006 2186 subdiacono.

449 2219 694 2274 Dulcitia
724 2219 991 2274 Ecclesia;
1025 2225 1236 2275 nostras
1289 2222 1531 2290 famula,
1584 2224 1644 2279 in
1689 2226 2015 2296 Tarpeiana

373 2323 573 2363 massa
584 2308 1287 2380 consistens,hujusmodi
1303 2311 1598 2380 querelam
1616 2331 1779 2369 suam
1797 2316 2014 2370 nostris

376 2396 653 2452 sensibus
683 2395 995 2464 intimavit,
1019 2398 1219 2453 dicens
1252 2401 1429 2470 quod,
1455 2406 1656 2472 postea
1687 2419 1862 2473 quam
1887 2420 2014 2459 eam

375 2485 585 2540 marito
616 2502 722 2539 suo
775 2485 1047 2541 defuncto
1104 2489 1348 2559 contigit
1395 2489 1640 2558 Viduari,
1693 2493 2017 2549 Clerentius

374 2573 615 2644 quidam
650 2575 886 2630 nomine
917 2592 984 2630 ex
1014 2576 1244 2644 ancilla,
1280 2583 1342 2631 ut
1374 2579 1732 2648 perhibetur,
1752 2582 2016 2638 Ecclesiae

373 2667 737 2734 procreatus,
770 2663 1017 2720 diversis
1062 2664 1365 2721 blanditiis
1420 2672 1595 2738 atque
1644 2671 2018 2726 suasionibus

370 2749 623 2819 praefatae
654 2749 917 2804 mulieris
940 2752 1167 2807 animos
1193 2753 1523 2811 inclinando
1551 2755 1605 2809 in
1635 2774 1740 2812 suo
1763 2775 1888 2813 eam
1915 2778 2017 2816 cu-

379 2840 567 2890 rasset
596 2837 826 2890 afﬁcere
857 2839 1169 2906 consortio,
1205 2857 1268 2893 ex
1303 2860 1419 2911 qua
1449 2844 1620 2898 etiam
1677 2846 1855 2901 filium
1887 2866 2018 2919 pro-

377 2928 654 2978 creasset.
688 2924 854 2978 Nunc
885 2931 1082 2981 autem
1118 2935 1247 2999 post
1293 2934 1723 3000 conjunctionis
1755 2953 1872 2990 sum
1902 2955 2015 2992 non

369 3027 614 3082 parvum
642 3015 897 3083 tempus,
949 3015 1304 3086 quippejam
1351 3024 1485 3073 nato
1535 3028 1592 3076 et
1625 3024 1868 3079 educato
1901 3025 2016 3082 lilio

2115 451 2259 504 mini
2292 467 2495 507 servus
2527 454 2610 508 vel
2647 455 2861 511 ancilla
2910 453 3356 510 matrimonium
3407 454 3782 510 contraxerit

2115 554 2247 594 cum
2281 539 2463 596 libera
2495 560 2744 612 persona
2775 546 2948 615 (forte
2979 545 3134 599 enim
3179 543 3457 599 dominus
3489 541 3782 598 ancillam

2117 643 2277 682 suam
2305 636 2369 684 ut
2400 629 2644 686 liberam
2676 634 2798 688 viro
2834 634 3090 704 ingenuo
3124 633 3447 703 conjunxit,
3481 638 3537 687 et
3568 632 3780 686 dotem

2115 733 2217 787 pro
2248 735 2314 773 ea
2347 721 2704 789 praestititmt
2736 728 2970 792 propter
3002 721 3238 792 nuptias
3270 720 3646 776 donationem
3672 719 3778 774 lu-

2115 811 2307 859 cretur
2335 811 2515 861 totam
2548 808 2634 862 vel
2667 825 2770 879 pro
2805 810 3076 880 parte).Si
3108 810 3249 879 quid
3278 823 3415 880 ergo
3438 807 3550 863 tale
3575 809 3777 864 conti-

2115 896 2284 964 gerit,
2318 894 2500 964 ipsam
2535 897 2912 951 donationem
2945 898 3182 965 dotis,et
3205 896 3482 952 ancillam
3517 896 3775 951 liberam

2117 981 2289 1037 faciat
2316 989 2372 1038 et
2404 985 2618 1054 nuptiae
2663 986 3013 1054 consistant,
3066 985 3227 1040 nulla
3276 985 3423 1054 lege,
3475 991 3776 1056 quantum

2116 1073 2366 1141 pertinet
2393 1075 2460 1126 ad
2497 1073 2863 1138 servitutem,
2919 1074 3260 1145 hujusmodi
3313 1075 3772 1129 matrimonium

2115 1162 2607 1217 concutiente.Sin
2634 1170 2829 1218 autem
2856 1164 3132 1219 dominus
3163 1163 3494 1235 specialiter
3524 1164 3774 1233 quidem

2114 1249 2172 1303 in
2203 1251 2440 1322 nuptias
2469 1252 2691 1306 ancillae
2727 1270 2845 1308 suae
2878 1251 2964 1307 vel
3017 1253 3165 1307 servi
3211 1269 3324 1306 non
3375 1254 3773 1319 consenserit,

2114 1339 2306 1394 sciens
2337 1346 2530 1395 autem
2557 1343 2709 1411 quod
2746 1359 2858 1396 non
2884 1341 3214 1396 cohibuerit
3246 1341 3416 1412 (forte
3451 1340 3608 1395 enim
3635 1341 3775 1396 ideo

2115 1427 2222 1482 hoc
2256 1431 2410 1498 facit,
2434 1434 2497 1484 ut
2528 1435 2727 1498 postea
2760 1431 3058 1502 negotium
3087 1434 3314 1484 moveat
3336 1429 3556 1484 homini
3578 1428 3771 1485 libero

2115 1518 2266 1587 quod
2303 1519 2427 1588 ejus
2459 1519 2733 1573 ancillam
2768 1519 2933 1574 duxit
2956 1517 3310 1588 uxorem,vel
3342 1519 3607 1588 ingenuae
3635 1535 3772 1573 mu-

2115 1605 2242 1660 lieri
2273 1609 2424 1676 quod
2461 1625 2623 1662 servo
2655 1608 2780 1676 ejus
2814 1613 2999 1679 nupta
3039 1613 3171 1677 est),
3208 1606 3256 1662 si
3307 1607 3443 1678 quid
3481 1623 3617 1678 ergo
3651 1607 3774 1664 tale

2115 1695 2452 1760 evenerit,et
2485 1694 2811 1765 specialiter
2839 1696 3116 1750 dominus
3142 1712 3258 1751 non
3291 1697 3776 1760 consenserit,at-

2116 1785 2312 1836 tamen
2342 1785 2606 1838 nesciens
2638 1800 2753 1839 non
2788 1783 3172 1855 prohibuerit,
3205 1788 3261 1839 et
3291 1784 3510 1856 nuptiae
3536 1785 3772 1856 integro

2109 1872 2243 1940 jure
2274 1872 2617 1939 consistant,
2651 1883 2702 1928 et
2733 1873 2961 1928 servilis
2990 1873 3344 1928 conditionis
3379 1888 3628 1942 persona
3659 1873 3776 1927 eri-

2119 1959 2409 2029 piatur,ad
2443 1961 2866 2032 ingenuitatem
2894 1961 2995 2016 illo
3018 1962 3146 2016 sine
3167 1961 3345 2016 dubio
3378 1962 3772 2031 aperto,quod

2119 2047 2286 2102 liberi
2318 2049 2415 2120 qui
2450 2066 2517 2105 ex
2547 2051 2885 2121 hujusmodi
2936 2050 3160 2122 nuptiis
3211 2048 3497 2119 procreati
3529 2049 3776 2116 fuerint,

2121 2142 2239 2192 tam
2277 2137 2512 2208 ingenui
2547 2157 2723 2210 quam
2751 2139 2999 2211 legitimi
3035 2144 3190 2194 sunt.

2123 2235 2256 2289 CAP.
2287 2237 2376 2290 57.
2413 2267 2476 2276 ——
2511 2239 2666 2304 Quod
2699 2239 2900 2292 liberta
2930 2251 3054 2306 quae
3079 2240 3310 2306 patrono
3340 2250 3434 2289 suo
3492 2239 3682 2307 nupsit
3712 2253 3775 2292 eo

2374 2309 2546 2363 invito
2576 2310 2680 2362 alii
2701 2311 2872 2379 jungi
2902 2324 3007 2362 non
3038 2309 3231 2378 possit,
3265 2323 3384 2377 cap.
3417 2307 3508 2361 25.

2198 2396 2255 2451 Si
2287 2395 2496 2450 liberta
2530 2397 2738 2451 mulier
2788 2401 3034 2468 patrono
3081 2412 3186 2451 suo
3237 2395 3509 2466 copulata
3554 2396 3785 2465 nuptiis

2127 2486 2363 2556 quidem
2383 2487 2508 2555 ejus
2531 2485 2968 2551 renuntiaverit,
2993 2485 3064 2540 ad
3087 2486 3414 2540 secundum
3437 2488 3632 2540 autem
3660 2501 3785 2540 ma-

2128 2575 2480 2630 trimonium
2516 2575 2768 2646 migrare
2797 2573 3066 2640 voluerit,
3116 2574 3173 2628 id
3225 2574 3411 2629 facere
3461 2574 3642 2628 invito
3675 2591 3780 2645 pa-

2127 2668 2294 2718 trono
2327 2681 2439 2718 non
2476 2664 2700 2734 poterit.
2736 2663 3011 2736 Alioquin
3060 2663 3109 2718 si
3157 2666 3359 2717 contra
3409 2661 3772 2718 voluntatem

2127 2753 2253 2822 ejus
2285 2753 2571 2824 nupserit,
2606 2771 2720 2808 non
2753 2754 2902 2809 fiunt
2949 2754 3187 2825 nuptiae,
3240 2754 3339 2808 sed
3387 2757 3451 2808 ut
3494 2754 3775 2808 meretrix

2129 2843 2442 2911 conjuncta
2459 2859 2585 2897 esse
2598 2842 2879 2897 videatur.
2903 2843 3227 2898 Constitulio
3239 2843 3583 2912 sexagesima
3604 2859 3772 2909 nona,

2126 2931 2365 3002 αιρὸδὶ
2389 2931 2520 3001 quis
2536 2931 2798 2987 libertam
2821 2949 2988 2986 suam
3010 2948 3244 2986 uxorem
3271 2932 3482 2987 ducere
3501 2930 3772 2998 voluerit,

2134 3020 2354 3074 dotalia
2388 3021 2786 3075 instrumenta
2817 3037 2950 3076 cum
2981 3039 3049 3076 ea
3079 3024 3414 3091 componat,
3453 3024 3510 3075 et
3535 3020 3779 3075 habebit

370 3098 1405 3171 nullis,utperhibetur,ralionalibus
1423 3110 2018 3187 causisexstantibus,
2053 3082 2096 3148 Ο
2132 3107 2448 3180 legitimam
2477 3126 2739 3175 υιοΓθηἹ,
2775 3110 3045 3182 quamvis
3069 3111 3194 3181 ipse
3218 3125 3453 3165 summa
3474 3096 3763 3179 ἀίὲυίΐᾶῖέ

372 3189 638 3244 eamdem
670 3188 975 3245 mulierem
1005 3192 1361 3264 deseruisse,
1394 3203 1569 3268 atque
1613 3199 1670 3254 in
1723 3218 1850 3256 cam
1886 3221 2022 3274 pro-

371 3275 610 3334 siluisse
623 3281 1152 3351 contumaciam,ut
1166 3284 1236 3337 ad
1251 3284 1661 3343 declinandam
1680 3290 2019 3348 servitutem

368 3365 648 3435 debitam,
673 3367 911 3423 curialis
943 3369 1053 3425 sibi
1089 3388 1298 3427 nomen
1333 3376 1543 3430 audeat
1569 3395 1855 3448 usurpare
1881 3398 1893 3435 :
1922 3383 2019 3451 qui

369 3458 426 3510 et
457 3455 708 3525 primam
740 3457 799 3510 in
831 3457 1085 3513 ecclesiae
1111 3464 1480 3531 possessione
1502 3467 1752 3536 genitam
1777 3486 1844 3522 ex
1865 3470 2018 3525 colo-

370 3544 464 3597 nis
493 3542 751 3598 ecclesiae
783 3544 1062 3603 habuisse
1088 3556 1448 3608 memoratur
1470 3571 1730 3610 uxorem.
1748 3559 1827 3613 Ex
1848 3561 2018 3628 cujus

368 3629 597 3700 peculio
623 3634 942 3701 quemdam
968 3637 1222 3707 agellum
1242 3641 1459 3696 dicitur
1479 3643 1764 3700 hactenus
1791 3648 2015 3703 detine-

367 3733 429 3773 re
456 3736 468 3786 ;
504 3719 604 3774 sed
639 3724 695 3774 et
716 3721 830 3776 alia
855 3739 968 3778 non
998 3741 1183 3795 pauca
1206 3729 1262 3782 in
1296 3746 1402 3785 suo
1429 3732 1610 3787 fertur
1627 3733 1903 3790 habuisse
1927 3754 2020 3808 pe-

367 3806 544 3862 culio.
582 3808 950 3882 Quapropter
970 3815 1324 3886 experientia
1344 3823 1446 3874 tua
1477 3806 2014 3894 przesentisjussio-

365 3894 458 3949 nis
489 3895 687 3966 vigore
726 3904 1230 3970 suscepto,eodom
1259 3905 1490 3962 detento
1507 3910 1799 3965 Clarenlio
1827 3929 2016 3968 causae

363 3984 546 4040 totius
579 3986 878 4042 veritatem
914 3990 1227 4061 diligenter
1256 4009 1602 4065 agnoscens,
1636 4016 1764 4068 quae
1793 4003 1863 4056 de
1891 4019 2014 4057 me—

365 4075 575 4128 morati
599 4091 848 4145 persona
871 4094 976 4132 seu
1002 4079 1176 4135 rebus
1190 4081 1588 4140 ecclesiastica
1601 4089 1845 4158 requirit
1863 4091 2015 4145 utili-

365 4167 455 4251 tas
487 4171 870 4251 exsequatur,
890 4171 946 4221 et
977 4168 1026 4221 si
1057 4184 1192 4222 eum
1226 4169 2013 4251 ecclesiaaancillagenitum,

365 4250 453 4305 vel
487 4250 602 4306 alio
637 4253 806 4308 modo
841 4253 1102 4325 legitimo
1129 4258 1244 4326 juri
1277 4259 1542 4316 Ecclesia:
1574 4272 1804 4320 constat
1835 4268 2012 4323 obno-

366 4337 528 4391 xium
563 4340 964 4410 reperiri,oum
993 4345 1269 4402 omnibus
1303 4350 1478 4406 rebus
1505 4352 1630 4408 suis
1664 4353 1720 4408 in
1755 4371 2012 4412 massam

368 4425 628 4481 ecclesiae
654 4428 888 4484 festinet
911 4441 1265 4501 revocare,et
1285 4437 1332 4491 ei
1355 4440 1656 4508 prmfatam
1685 4443 2013 4510 mulierem,
2047 4455 2091 4518 D

370 4529 544 4583 quam
577 4515 690 4569 sibi
724 4516 853 4586 ipse
880 4519 1090 4575 ascivit
1120 4521 1177 4577 in
1211 4528 1593 4592 consortium,
1629 4533 2016 4599 sociare,nul-

366 4777 620 4865 CA7P.M56.
655 4782 838 4865 -Ηᾷἱ
884 4784 1008 4854 quis
1053 4803 1152 4856 per
1195 4804 1437 4865 errorem
1487 4792 1717 4865 duxerit
1754 4800 2020 4854 ancillam

441 4863 696 4938 uxorein,
730 4853 962 4938 liberam
987 4853 1108 4911 eam
1149 4864 1368 4938 putans,
1416 4864 1496 4917 vel
1546 4867 1594 4919 si
1643 4884 1752 4938 qua
1800 4853 2015 4926 seruum

435 4919 659 5010 (infecit
684 4919 978 5010 maritum,
994 4943 1125 5010 lnon
1149 4919 1451 5010 subsistere
1481 4937 1614 4991 (ales
1643 4919 2018 5010 laudaui;

440 4991 716 5079 uellarum
745 4997 1200 5054 constitutionum
1231 5004 1510 5074 trigesima
1537 4991 1787 5079 septinici.

439 5078 498 5132 Si
530 5081 674 5151 quis
706 5101 810 5155 per
839 5100 1097 5142 errorem
1133 5089 1405 5147 ancillam
1441 5078 1743 5154 mulierem
1793 5103 2022 5159 duxerit

370 5184 631 5244 uxorem,
667 5173 915 5230 liberam
947 5191 1074 5231 eam
1100 5193 1227 5233 esse
1261 5186 1594 5251 putans,ve|
1629 5206 1696 5243 ex
1729 5193 2018 5248 contrario

370 5255 420 5310 si
454 5255 638 5316 libera
670 5261 883 5318 mulier
913 5279 1078 5322 servo
1112 5283 1212 5339 per
1241 5285 1494 5328 errorem
1515 5275 1723 5346 juncta
1755 5278 2019 5350 sit,post-

372 5360 557 5417 eaque
588 5351 802 5408 veritas
834 5357 1066 5424 reperta
1097 5356 1289 5428 fuerit,
1315 5360 1631 5419 dicendum
1663 5369 1750 5420 est
1782 5368 2018 5425 omnino

374 5437 615 5506 nuptias
645 5457 760 5496 non
793 5443 1146 5500 constitisse.
1182 5447 1339 5504 Inter
1367 5449 1616 5509 liberum
1649 5456 1802 5510 enim
1834 5462 1891 5513 et
1914 5476 2017 5514 an-

377 5522 835 5592 oillam,servum
856 5531 1164 5590 etliberam
1182 5537 1733 5616 mulierem,nuptize
1755 5549 2016 5603 contrahi

2133 3196 2494 3268 prmfulgeat.
2533 3199 2666 3252 Etsi
2699 3197 2867 3252 liberi
2899 3215 2967 3253 ex
3000 3197 3096 3254 tali
3131 3197 3422 3253 connubio
3471 3197 3758 3268 procreati

2132 3287 2368 3350 fuerint,
2404 3286 2648 3357 legitimi
2684 3303 3054 3343 successores
3086 3288 3237 3359 patri
3270 3304 3376 3342 suo
3409 3287 3752 3342 succedant.

2128 3397 2264 3448 CAP.
2297 3394 2387 3446 58.
2449 3423 2517 3432 —
2571 3395 2643 3448 De
2701 3393 2935 3464 quodam
2992 3396 3088 3464 qui
3144 3395 3320 3462 filiolo
3369 3409 3466 3448 suo
3513 3393 3778 3447 ancillam

2201 3481 2357 3519 suam
2395 3465 2687 3534 copulavit,
2723 3469 2772 3520 et
2818 3475 3003 3535 postea
3052 3466 3296 3521 abstulit.
3347 3464 3640 3535 Gregorius
3668 3465 3778 3518 Μα-

2197 3537 2448 3590 ximiano
2505 3540 2753 3608 episc0po
2825 3539 3170 3607 Syracusano
3229 3536 3348 3608 (lib.
3413 3553 3476 3590 III
3555 3535 3776 3606 iegist.,

2199 3625 2319 3678 cap.
2359 3608 2468 3679 1‘3).

2200 3696 2576 3751 Praesentium
2604 3697 2847 3766 portitor
2885 3695 3344 3767 lacrymabiliter
3374 3701 3618 3766 questus
3666 3700 3775 3760 est,

2127 3789 2259 3838 ante
2290 3784 2575 3855 plurimos
2607 3801 2791 3840 annos
2844 3786 2916 3840 ab
2967 3785 3205 3841 homine
3252 3785 3475 3855 (nescio
3531 3785 3670 3855 quo)
3705 3784 3777 3838 de

2128 3873 2496 3943 possessione
2526 3874 2920 3928 Massanensis
2949 3873 3239 3940 Ecclesia},
3293 3875 3365 3929 de
3416 3873 3684 3929 fontibus
3717 3889 3778 3927 se

2126 3969 2487 4032 susceptum,
2536 3969 2591 4016 et
2638 3962 2920 4017 violenter
2981 3963 3224 4018 diversis
3283 3961 3774 4033 persuasionibus

2127 4050 2330 4120 puellm
2348 4051 2720 4120 junctum,ex
2744 4050 3167 4121 quaqﬁliosjam
3191 4051 3544 4122 juvenculos
3567 4050 3783 4105 habere

2126 4155 2186 4194 se
2218 4140 2446 4205 asserit,
2482 4157 2659 4210 quam
2693 4157 2851 4195 nunc
2902 4139 3189 4195 violenter
3238 4140 3374 4194 huic
3423 4139 3779 4208 disjunctam

2124 4228 2440 4283 abstulisse
2472 4229 2891 4300 dicitur,atque
2923 4229 3158 4284 cuidam
3193 4228 3291 4283 alii
3322 4227 3772 4282 venundedisse.

2124 4317 2284 4380 Quod
2317 4317 2364 4370 si
2397 4333 2593 4372 verum
2627 4323 2736 4386 est,
2774 4335 2950 4389 quam
2985 4317 3417 4372 sitinauditum
3452 4321 3773 4387 atquecru-

2123 4405 2251 4460 dele
2282 4405 2632 4473 malum,tua
2653 4407 2886 4462 dilectio
2911 4406 3466 4478 perspicit,ldeoque
3490 4405 3774 4459 admone-

2128 4511 2283 4559 mus,
2318 4499 2380 4548 ut
2408 4495 2516 4550 hoc
2549 4501 2776 4550 tantum
2809 4496 2992 4563 nefas,
3025 4495 3136 4550 sub
3167 4511 3235 4551 ea
3253 4493 3774 4564 vivacitate,quam

2125 4587 2180 4637 te
2211 4583 2267 4635 in
2305 4583 2497 4637 causis
2529 4584 2638 4652 piis
2672 4585 2881 4638 habere
2903 4583 3232 4639 certissime
3251 4580 3774 4654 scimus,requiras

2127 4674 2304 4740 atque
2325 4671 2607 4726 discutias
2632 4680 2716 4737 ;et
2737 4671 2785 4727 si
2808 4671 2984 4739 ita,ut
3011 4671 3388 4743 supradictus
3412 4671 3665 4742 portitor
3687 4671 3776 4726 in-

2126 4759 2400 4824 sinuavit,
2433 4776 2561 4815 esse
2603 4761 2968 4831 cognoveris,
3019 4778 3133 4816 non
3188 4760 3380 4817 solum
3434 4760 3592 4830 quod
3627 4759 3778 4815 male

2127 4849 2344 4902 factum
2369 4854 2456 4903 est
2486 4851 2557 4902 ad
2592 4854 2809 4903 statum
2842 4851 3161 4920 pristinum
3213 4864 3480 4905 revocare
3508 4848 3778 4918 curabis,

2127 4938 2224 4992 sed
2256 4942 2312 4992 et
2342 4937 2649 4993 vindictam
2671 4955 2796 5008 qus.-
2830 4939 3012 4994 Deum
3039 4937 3775 5011 possitplacare,exhibere

2129 5026 2320 5080 modis
2346 5026 2621 5080 omnibus
2655 5026 2983 5081 festinahis.

2126 5123 2258 5177 CAP.
2293 5124 2379 5178 59.
2417 5156 2480 5164 -
2514 5123 2664 5190 Quod
2693 5123 2849 5177 nulli
2870 5125 3033 5179 liceat
3062 5124 3197 5178 duas
3244 5124 3444 5179 habere
3479 5123 3775 5193 legitimas.

2445 5196 2746 5265 Stephanus
2780 5200 2835 5247 V
2862 5197 3143 5251 Theodosio
3180 5212 3451 5267 episcopo.

2198 5283 2547 5354 Nunquidne
2563 5284 2794 5339 duabus
2811 5284 3236 5356 simulsponsis
3258 5285 3477 5340 nubere
3508 5283 3774 5338 barbari-

2126 5389 2251 5426 cam
2277 5378 2504 5441 gentem
2536 5373 2813 5428 instruis?
2835 5374 3192 5444 Nunquidne
3209 5376 3648 5429 sacramentum
3671 5371 3771 5426 Ec-

2126 5459 2313 5514 clesize
2347 5467 2725 5530 exponentem
2775 5462 3119 5532 Apostolum
3171 5480 3286 5519 non
3321 5461 3514 5533 legisti
3549 5477 3564 5516 :
3600 5463 3796 5516 Erunl‘

2123 5549 2229 5604 duo
2262 5551 2318 5602 in
2348 5566 2515 5605 carne
2559 5554 2717 5606 una?
2747 5552 2792 5622 (ι
2821 5550 2959 5626 Cor.
2991 5569 3044 5608 v1
3073 5569 3086 5620 ;
3120 5555 3255 5609 Gen.
3308 5552 3394 5623 in):
3418 5567 3492 5605 an
3525 5548 3768 5605 forsitan
