  <div class='ocr_page' id='page_1' title='image "/cluster/home/n/w/nwhite01/storage/ocr_20150623/161/hvd.32044054760194/344.png"; bbox 0 0 3994 6052; ppageno 0'>
   <div class='ocr_carea' id='block_1_1' title="bbox 222 266 334 321">
    <p class='ocr_par' dir='ltr' id='par_1_1' title="bbox 222 266 334 321">
     <span class='ocr_line' id='line_1_1' title="bbox 222 266 334 321; baseline -0.009 0"><span class='ocrx_word' id='word_1_1' title='bbox 222 266 334 321; x_wconf 83' lang='lat'>597</span> 
     </span>
    </p>
   </div>
   <div class='ocr_carea' id='block_1_2' title="bbox 1136 266 2710 337">
    <p class='ocr_par' dir='ltr' id='par_1_2' title="bbox 1136 266 2710 337">
     <span class='ocr_line' id='line_1_2' title="bbox 1136 266 2710 337; baseline 0.001 -18"><span class='ocrx_word' id='word_1_2' title='bbox 1136 266 1446 320; x_wconf 82' lang='lat' dir='ltr'>DECRETI</span> <span class='ocrx_word' id='word_1_3' title='bbox 1488 268 1671 321; x_wconf 80' lang='lat' dir='ltr'>PARS</span> <span class='ocrx_word' id='word_1_4' title='bbox 1708 266 1859 319; x_wconf 87' lang='lat' dir='ltr'><strong>VIII.</strong></span> <span class='ocrx_word' id='word_1_5' title='bbox 1897 295 1963 304; x_wconf 91' lang='lat'>—-</span> <span class='ocrx_word' id='word_1_6' title='bbox 1991 270 2087 321; x_wconf 88' lang='lat' dir='ltr'><strong>DE</strong></span> <span class='ocrx_word' id='word_1_7' title='bbox 2126 268 2516 337; x_wconf 83' lang='lat' dir='ltr'>CONJUGIIS,</span> <span class='ocrx_word' id='word_1_8' title='bbox 2555 271 2710 323; x_wconf 86' lang='lat' dir='ltr'>ETC.</span> 
     </span>
    </p>
   </div>
   <div class='ocr_carea' id='block_1_3' title="bbox 3532 262 3638 316">
    <p class='ocr_par' dir='ltr' id='par_1_3' title="bbox 3532 262 3638 316">
     <span class='ocr_line' id='line_1_3' title="bbox 3532 262 3638 316; baseline 0 0"><span class='ocrx_word' id='word_1_9' title='bbox 3532 262 3638 316; x_wconf 89' lang='lat'>598</span> 
     </span>
    </p>
   </div>
   <div class='ocr_carea' id='block_1_4' title="bbox 222 387 3636 461">
    <p class='ocr_par' dir='ltr' id='par_1_4' title="bbox 222 387 3636 461">
     <span class='ocr_line' id='line_1_4' title="bbox 222 387 3636 461; baseline -0.001 -14"><span class='ocrx_word' id='word_1_10' title='bbox 222 391 312 447; x_wconf 90' lang='lat' dir='ltr'>tui</span> <span class='ocrx_word' id='word_1_11' title='bbox 344 392 574 447; x_wconf 83' lang='lat' dir='ltr'>codices</span> <span class='ocrx_word' id='word_1_12' title='bbox 594 391 740 447; x_wconf 91' lang='lat' dir='ltr'>falso</span> <span class='ocrx_word' id='word_1_13' title='bbox 772 394 891 447; x_wconf 88' lang='lat' dir='ltr'>tres</span> <span class='ocrx_word' id='word_1_14' title='bbox 921 389 979 444; x_wconf 92' lang='lat' dir='ltr'>in</span> <span class='ocrx_word' id='word_1_15' title='bbox 1000 406 1171 444; x_wconf 90' lang='lat' dir='ltr'>carne</span> <span class='ocrx_word' id='word_1_16' title='bbox 1193 406 1308 444; x_wconf 92' lang='lat' dir='ltr'>una</span> <span class='ocrx_word' id='word_1_17' title='bbox 1329 390 1652 444; x_wconf 82' lang='lat' dir='ltr'>asserunt?</span> <span class='ocrx_word' id='word_1_18' title='bbox 1674 389 1880 445; x_wconf 79' lang='lat' dir='ltr'>Desine</span> <span class='ocrx_word' id='word_1_19' title='bbox 1908 393 1964 459; x_wconf 81' lang='grc' dir='ltr'><strong>Α</strong></span> <span class='ocrx_word' id='word_1_20' title='bbox 1993 408 2107 446; x_wconf 91' lang='lat' dir='ltr'>non</span> <span class='ocrx_word' id='word_1_21' title='bbox 2142 397 2337 448; x_wconf 88' lang='lat' dir='ltr'>tamen</span> <span class='ocrx_word' id='word_1_22' title='bbox 2362 394 2714 461; x_wconf 75' lang='lat' dir='ltr'>vitaverunt,</span> <span class='ocrx_word' id='word_1_23' title='bbox 2740 395 2802 446; x_wconf 89' lang='lat' dir='ltr'>ut</span> <span class='ocrx_word' id='word_1_24' title='bbox 2822 393 2905 447; x_wconf 74' lang='lat' dir='ltr'>vel</span> <span class='ocrx_word' id='word_1_25' title='bbox 2932 389 3119 446; x_wconf 81' lang='lat' dir='ltr'>nolint</span> <span class='ocrx_word' id='word_1_26' title='bbox 3144 389 3255 445; x_wconf 83' lang='lat' dir='ltr'>sibi</span> <span class='ocrx_word' id='word_1_27' title='bbox 3278 388 3435 445; x_wconf 89' lang='lat' dir='ltr'>nasci</span> <span class='ocrx_word' id='word_1_28' title='bbox 3461 387 3636 459; x_wconf 91' lang='lat' dir='ltr'>ﬁlios,</span> 
     </span>
    </p>
   </div>
   <div class='ocr_carea' id='block_1_5' title="bbox 217 478 1878 552">
    <p class='ocr_par' dir='ltr' id='par_1_5' title="bbox 217 478 1878 552">
     <span class='ocr_line' id='line_1_5' title="bbox 217 478 1878 552; baseline -0.001 -17"><span class='ocrx_word' id='word_1_29' title='bbox 217 481 343 552; x_wconf 90' lang='lat' dir='ltr'>jam</span> <span class='ocrx_word' id='word_1_30' title='bbox 377 480 478 536; x_wconf 87' lang='lat' dir='ltr'>tali</span> <span class='ocrx_word' id='word_1_31' title='bbox 501 482 799 537; x_wconf 78' lang='lat' dir='ltr'>tabescere</span> <span class='ocrx_word' id='word_1_32' title='bbox 830 478 1084 551; x_wconf 89' lang='lat' dir='ltr'>ignavia,</span> <span class='ocrx_word' id='word_1_33' title='bbox 1100 483 1155 533; x_wconf 90' lang='lat' dir='ltr'>et</span> <span class='ocrx_word' id='word_1_34' title='bbox 1185 478 1345 533; x_wconf 88' lang='lat' dir='ltr'>disce</span> <span class='ocrx_word' id='word_1_35' title='bbox 1360 478 1619 549; x_wconf 79' lang='lat' dir='ltr'>paternis</span> <span class='ocrx_word' id='word_1_36' title='bbox 1641 479 1878 534; x_wconf 84' lang='lat' dir='ltr'>obedire</span> 
     </span>
    </p>
   </div>
   <div class='ocr_carea' id='block_1_6' title="bbox 224 567 1876 641">
    <p class='ocr_par' dir='ltr' id='par_1_6' title="bbox 224 567 1876 641">
     <span class='ocr_line' id='line_1_6' title="bbox 224 567 1876 641; baseline -0.001 -17"><span class='ocrx_word' id='word_1_37' title='bbox 224 568 469 641; x_wconf 88' lang='lat' dir='ltr'>regulis,</span> <span class='ocrx_word' id='word_1_38' title='bbox 503 586 574 624; x_wconf 90' lang='lat' dir='ltr'>ne</span> <span class='ocrx_word' id='word_1_39' title='bbox 604 569 921 624; x_wconf 77' lang='lat' dir='ltr'>invenieris</span> <span class='ocrx_word' id='word_1_40' title='bbox 946 573 1197 623; x_wconf 88' lang='lat' dir='ltr'>statutos</span> <span class='ocrx_word' id='word_1_41' title='bbox 1229 585 1259 621; x_wconf 90' lang='lat' dir='ltr'>a</span> <span class='ocrx_word' id='word_1_42' title='bbox 1291 567 1559 638; x_wconf 83' lang='lat' dir='ltr'>patribus</span> <span class='ocrx_word' id='word_1_43' title='bbox 1594 569 1876 623; x_wconf 82' lang='lat' dir='ltr'>terminos</span> 
     </span>
    </p>
   </div>
   <div class='ocr_carea' id='block_1_7' title="bbox 224 656 1876 731">
    <p class='ocr_par' dir='ltr' id='par_1_7' title="bbox 224 656 1876 731">
     <span class='ocr_line' id='line_1_7' title="bbox 224 656 1876 731; baseline -0.001 -17"><span class='ocrx_word' id='word_1_44' title='bbox 224 660 555 731; x_wconf 80' lang='lat' dir='ltr'>transgredi</span> <span class='ocrx_word' id='word_1_45' title='bbox 618 661 804 721; x_wconf 88' lang='lat' dir='ltr'>(Prov.</span> <span class='ocrx_word' id='word_1_46' title='bbox 859 661 1024 725; x_wconf 68' lang='grc' dir='ltr'><strong>χχιι),</strong></span> <span class='ocrx_word' id='word_1_47' title='bbox 1066 656 1153 712; x_wconf 89' lang='lat' dir='ltr'>vel</span> <span class='ocrx_word' id='word_1_48' title='bbox 1204 673 1307 729; x_wconf 89' lang='lat' dir='ltr'>per</span> <span class='ocrx_word' id='word_1_49' title='bbox 1357 657 1743 713; x_wconf 82' lang='lat' dir='ltr'>ambitionem</span> <span class='ocrx_word' id='word_1_50' title='bbox 1805 660 1876 713; x_wconf 88' lang='lat' dir='ltr'>de</span> 
     </span>
    </p>
   </div>
   <div class='ocr_carea' id='block_1_8' title="bbox 226 746 1873 820">
    <p class='ocr_par' dir='ltr' id='par_1_8' title="bbox 226 746 1873 820">
     <span class='ocr_line' id='line_1_8' title="bbox 226 746 1873 820; baseline -0.001 -17"><span class='ocrx_word' id='word_1_51' title='bbox 226 748 438 820; x_wconf 88' lang='lat' dir='ltr'>majori</span> <span class='ocrx_word' id='word_1_52' title='bbox 498 749 569 802; x_wconf 91' lang='lat' dir='ltr'>ad</span> <span class='ocrx_word' id='word_1_53' title='bbox 644 749 927 817; x_wconf 83' lang='lat' dir='ltr'>majorem</span> <span class='ocrx_word' id='word_1_54' title='bbox 989 747 1240 801; x_wconf 89' lang='lat' dir='ltr'>transire</span> <span class='ocrx_word' id='word_1_55' title='bbox 1316 746 1649 817; x_wconf 85' lang='lat' dir='ltr'>ecclesiam,</span> <span class='ocrx_word' id='word_1_56' title='bbox 1719 747 1873 817; x_wconf 91' lang='lat' dir='ltr'>quod</span> 
     </span>
    </p>
   </div>
   <div class='ocr_carea' id='block_1_9' title="bbox 223 834 1875 906">
    <p class='ocr_par' dir='ltr' id='par_1_9' title="bbox 223 834 1875 906">
     <span class='ocr_line' id='line_1_9' title="bbox 223 834 1875 906; baseline -0.001 -14"><span class='ocrx_word' id='word_1_57' title='bbox 223 841 550 892; x_wconf 88' lang='lat' dir='ltr'>tentantem</span> <span class='ocrx_word' id='word_1_58' title='bbox 584 835 731 891; x_wconf 91' lang='lat' dir='ltr'>laica</span> <span class='ocrx_word' id='word_1_59' title='bbox 778 837 954 891; x_wconf 89' lang='lat' dir='ltr'>etiam</span> <span class='ocrx_word' id='word_1_60' title='bbox 998 835 1417 891; x_wconf 89' lang='lat' dir='ltr'>communione</span> <span class='ocrx_word' id='word_1_61' title='bbox 1450 834 1599 891; x_wconf 84' lang='lat' dir='ltr'>sacri</span> <span class='ocrx_word' id='word_1_62' title='bbox 1648 834 1875 906; x_wconf 88' lang='lat' dir='ltr'>privant</span> 
     </span>
    </p>
   </div>
   <div class='ocr_carea' id='block_1_10' title="bbox 222 941 504 980">
    <p class='ocr_par' dir='ltr' id='par_1_10' title="bbox 222 941 504 980">
     <span class='ocr_line' id='line_1_10' title="bbox 222 941 504 980; baseline -0.004 0"><span class='ocrx_word' id='word_1_63' title='bbox 222 941 504 980; x_wconf 72' lang='lat'>68.001188.</span> 
     </span>
    </p>
   </div>
   <div class='ocr_carea' id='block_1_11' title="bbox 222 1013 1871 1085">
    <p class='ocr_par' dir='ltr' id='par_1_11' title="bbox 222 1013 1871 1085">
     <span class='ocr_line' id='line_1_11' title="bbox 222 1013 1871 1085; baseline -0.001 -15"><span class='ocrx_word' id='word_1_64' title='bbox 222 1014 337 1070; x_wconf 81' lang='lat' dir='ltr'>CAP</span> <span class='ocrx_word' id='word_1_65' title='bbox 407 1016 495 1068; x_wconf 90' lang='lat'>60.</span> <span class='ocrx_word' id='word_1_66' title='bbox 530 1045 597 1053; x_wconf 98' lang='lat'>—</span> <span class='ocrx_word' id='word_1_67' title='bbox 644 1014 794 1082; x_wconf 82' lang='lat' dir='ltr'>Quod</span> <span class='ocrx_word' id='word_1_68' title='bbox 837 1030 937 1068; x_wconf 84' lang='lat' dir='ltr'>nec</span> <span class='ocrx_word' id='word_1_69' title='bbox 966 1014 1328 1069; x_wconf 80' lang='lat' dir='ltr'>concubinam</span> <span class='ocrx_word' id='word_1_70' title='bbox 1378 1013 1575 1069; x_wconf 80' lang='lat' dir='ltr'>habeat</span> <span class='ocrx_word' id='word_1_71' title='bbox 1605 1016 1702 1085; x_wconf 96' lang='lat' dir='ltr'>qui</span> <span class='ocrx_word' id='word_1_72' title='bbox 1743 1031 1871 1069; x_wconf 85' lang='lat' dir='ltr'>cum</span> 
     </span>
    </p>
   </div>
   <div class='ocr_carea' id='block_1_12' title="bbox 286 1085 1869 1157">
    <p class='ocr_par' dir='ltr' id='par_1_12' title="bbox 286 1085 1869 1157">
     <span class='ocr_line' id='line_1_12' title="bbox 286 1085 1869 1157; baseline 0.001 -18"><span class='ocrx_word' id='word_1_73' title='bbox 286 1086 543 1157; x_wconf 80' lang='lat' dir='ltr'>pluribus</span> <span class='ocrx_word' id='word_1_74' title='bbox 586 1085 941 1142; x_wconf 83' lang='lat' dir='ltr'>concumbere</span> <span class='ocrx_word' id='word_1_75' title='bbox 978 1087 1135 1141; x_wconf 80' lang='lat' dir='ltr'>solet.</span> <span class='ocrx_word' id='word_1_76' title='bbox 1186 1085 1547 1141; x_wconf 82' lang='lat' dir='ltr'>Novellarum</span> <span class='ocrx_word' id='word_1_77' title='bbox 1607 1089 1869 1142; x_wconf 82' lang='lat' dir='ltr'>constitu-</span> 
     </span>
    </p>
   </div>
   <div class='ocr_carea' id='block_1_13' title="bbox 295 1158 1142 1227">
    <p class='ocr_par' dir='ltr' id='par_1_13' title="bbox 295 1158 1142 1227">
     <span class='ocr_line' id='line_1_13' title="bbox 295 1158 1142 1227; baseline -0.001 -15"><span class='ocrx_word' id='word_1_78' title='bbox 295 1158 508 1213; x_wconf 85' lang='lat' dir='ltr'>tionum</span> <span class='ocrx_word' id='word_1_79' title='bbox 537 1160 945 1227; x_wconf 74' lang='lat' dir='ltr'>septuagesima</span> <span class='ocrx_word' id='word_1_80' title='bbox 972 1173 1142 1212; x_wconf 84' lang='lat' dir='ltr'>nona.</span> 
     </span>
    </p>
   </div>
   <div class='ocr_carea' id='block_1_14' title="bbox 294 1245 1866 1318">
    <p class='ocr_par' dir='ltr' id='par_1_14' title="bbox 294 1245 1866 1318">
     <span class='ocr_line' id='line_1_14' title="bbox 294 1245 1866 1318; baseline 0 -17"><span class='ocrx_word' id='word_1_81' title='bbox 294 1246 477 1302; x_wconf 84' lang='lat' dir='ltr'>Nemo</span> <span class='ocrx_word' id='word_1_82' title='bbox 509 1245 875 1318; x_wconf 79' lang='lat' dir='ltr'>intelligatur</span> <span class='ocrx_word' id='word_1_83' title='bbox 905 1246 1295 1302; x_wconf 89' lang='lat' dir='ltr'>concubinam</span> <span class='ocrx_word' id='word_1_84' title='bbox 1325 1245 1561 1314; x_wconf 87' lang='lat' dir='ltr'>habere,</span> <span class='ocrx_word' id='word_1_85' title='bbox 1595 1247 1695 1318; x_wconf 89' lang='lat' dir='ltr'>qui</span> <span class='ocrx_word' id='word_1_86' title='bbox 1733 1263 1866 1301; x_wconf 90' lang='lat' dir='ltr'>cum</span> 
     </span>
    </p>
   </div>
   <div class='ocr_carea' id='block_1_15' title="bbox 225 1334 1867 1405">
    <p class='ocr_par' dir='ltr' id='par_1_15' title="bbox 225 1334 1867 1405">
     <span class='ocr_line' id='line_1_15' title="bbox 225 1334 1867 1405; baseline 0 -16"><span class='ocrx_word' id='word_1_87' title='bbox 225 1334 430 1390; x_wconf 89' lang='lat' dir='ltr'>multis</span> <span class='ocrx_word' id='word_1_88' title='bbox 451 1334 799 1390; x_wconf 88' lang='lat' dir='ltr'>mulieribus</span> <span class='ocrx_word' id='word_1_89' title='bbox 816 1336 1204 1390; x_wconf 86' lang='lat' dir='ltr'>concumbere</span> <span class='ocrx_word' id='word_1_90' title='bbox 1217 1335 1384 1391; x_wconf 88' lang='lat' dir='ltr'>solet.</span> <span class='ocrx_word' id='word_1_91' title='bbox 1402 1339 1569 1402; x_wconf 87' lang='lat' dir='ltr'>Nam,</span> <span class='ocrx_word' id='word_1_92' title='bbox 1586 1335 1867 1405; x_wconf 90' lang='lat' dir='ltr'>quemad-</span> 
     </span>
    </p>
   </div>
   <div class='ocr_carea' id='block_1_16' title="bbox 226 1422 1868 1495">
    <p class='ocr_par' dir='ltr' id='par_1_16' title="bbox 226 1422 1868 1495">
     <span class='ocr_line' id='line_1_16' title="bbox 226 1422 1868 1495; baseline 0 -18"><span class='ocrx_word' id='word_1_93' title='bbox 226 1424 468 1478; x_wconf 87' lang='lat' dir='ltr'>modum</span> <span class='ocrx_word' id='word_1_94' title='bbox 502 1422 600 1495; x_wconf 88' lang='lat' dir='ltr'>qui</span> <span class='ocrx_word' id='word_1_95' title='bbox 632 1422 956 1495; x_wconf 87' lang='lat' dir='ltr'>legitimam</span> <span class='ocrx_word' id='word_1_96' title='bbox 979 1440 1216 1479; x_wconf 87' lang='lat' dir='ltr'>uxorem</span> <span class='ocrx_word' id='word_1_97' title='bbox 1240 1424 1436 1492; x_wconf 90' lang='lat' dir='ltr'>habet,</span> <span class='ocrx_word' id='word_1_98' title='bbox 1458 1423 1631 1477; x_wconf 88' lang='lat' dir='ltr'>aliam</span> <span class='ocrx_word' id='word_1_99' title='bbox 1655 1423 1868 1478; x_wconf 88' lang='lat' dir='ltr'>habere</span> 
     </span>
    </p>
   </div>
   <div class='ocr_carea' id='block_1_17' title="bbox 222 1511 1867 1582">
    <p class='ocr_par' dir='ltr' id='par_1_17' title="bbox 222 1511 1867 1582">
     <span class='ocr_line' id='line_1_17' title="bbox 222 1511 1867 1582; baseline -0.002 -14"><span class='ocrx_word' id='word_1_100' title='bbox 222 1513 476 1568; x_wconf 84' lang='lat' dir='ltr'>durante</span> <span class='ocrx_word' id='word_1_101' title='bbox 507 1513 710 1568; x_wconf 91' lang='lat' dir='ltr'>eodem</span> <span class='ocrx_word' id='word_1_102' title='bbox 756 1512 1130 1568; x_wconf 90' lang='lat' dir='ltr'>matrimonio</span> <span class='ocrx_word' id='word_1_103' title='bbox 1165 1529 1279 1567; x_wconf 91' lang='lat' dir='ltr'>non</span> <span class='ocrx_word' id='word_1_104' title='bbox 1313 1516 1521 1582; x_wconf 89' lang='lat' dir='ltr'>potest,</span> <span class='ocrx_word' id='word_1_105' title='bbox 1555 1511 1635 1565; x_wconf 90' lang='lat' dir='ltr'>ita</span> <span class='ocrx_word' id='word_1_106' title='bbox 1662 1516 1715 1565; x_wconf 89' lang='lat' dir='ltr'>et</span> <span class='ocrx_word' id='word_1_107' title='bbox 1766 1511 1867 1581; x_wconf 89' lang='lat' dir='ltr'>qui</span> 
     </span>
    </p>
   </div>
   <div class='ocr_carea' id='block_1_18' title="bbox 222 1599 1866 1672">
    <p class='ocr_par' dir='ltr' id='par_1_18' title="bbox 222 1599 1866 1672">
     <span class='ocr_line' id='line_1_18' title="bbox 222 1599 1866 1672; baseline -0.001 -16"><span class='ocrx_word' id='word_1_108' title='bbox 222 1618 401 1657; x_wconf 89' lang='lat' dir='ltr'>unam</span> <span class='ocrx_word' id='word_1_109' title='bbox 425 1600 811 1659; x_wconf 88' lang='lat' dir='ltr'>concubinam</span> <span class='ocrx_word' id='word_1_110' title='bbox 843 1601 1040 1667; x_wconf 83' lang='lat' dir='ltr'>habet,</span> <span class='ocrx_word' id='word_1_111' title='bbox 1073 1618 1185 1657; x_wconf 91' lang='lat' dir='ltr'>non</span> <span class='ocrx_word' id='word_1_112' title='bbox 1220 1604 1411 1672; x_wconf 83' lang='lat' dir='ltr'>potest</span> <span class='ocrx_word' id='word_1_113' title='bbox 1442 1599 1589 1655; x_wconf 91' lang='lat' dir='ltr'>alias</span> <span class='ocrx_word' id='word_1_114' title='bbox 1618 1616 1684 1655; x_wconf 91' lang='lat' dir='ltr'>eo</span> <span class='ocrx_word' id='word_1_115' title='bbox 1712 1603 1866 1655; x_wconf 87' lang='lat' dir='ltr'>tem-</span> 
     </span>
    </p>
   </div>
   <div class='ocr_carea' id='block_1_19' title="bbox 222 1689 630 1762">
    <p class='ocr_par' dir='ltr' id='par_1_19' title="bbox 222 1689 630 1762">
     <span class='ocr_line' id='line_1_19' title="bbox 222 1689 630 1762; baseline 0.002 -17"><span class='ocrx_word' id='word_1_116' title='bbox 222 1707 362 1762; x_wconf 88' lang='lat' dir='ltr'>pore</span> <span class='ocrx_word' id='word_1_117' title='bbox 394 1689 630 1746; x_wconf 86' lang='lat' dir='ltr'>habere.</span> 
     </span>
    </p>
   </div>
   <div class='ocr_carea' id='block_1_20' title="bbox 1986 480 3632 552">
    <p class='ocr_par' dir='ltr' id='par_1_20' title="bbox 1986 480 3632 552">
     <span class='ocr_line' id='line_1_20' title="bbox 1986 480 3632 552; baseline -0.001 -19"><span class='ocrx_word' id='word_1_118' title='bbox 1986 482 2072 535; x_wconf 88' lang='lat' dir='ltr'>vel</span> <span class='ocrx_word' id='word_1_119' title='bbox 2106 482 2279 535; x_wconf 88' lang='lat' dir='ltr'>etiam</span> <span class='ocrx_word' id='word_1_120' title='bbox 2314 498 2487 552; x_wconf 89' lang='lat' dir='ltr'>opere</span> <span class='ocrx_word' id='word_1_121' title='bbox 2520 482 2715 551; x_wconf 88' lang='lat' dir='ltr'>aliquo</span> <span class='ocrx_word' id='word_1_122' title='bbox 2776 480 2928 535; x_wconf 90' lang='lat' dir='ltr'>malo</span> <span class='ocrx_word' id='word_1_123' title='bbox 2970 484 3146 551; x_wconf 87' lang='lat' dir='ltr'>agant</span> <span class='ocrx_word' id='word_1_124' title='bbox 3196 496 3265 533; x_wconf 91' lang='lat' dir='ltr'>ne</span> <span class='ocrx_word' id='word_1_125' title='bbox 3296 483 3632 533; x_wconf 86' lang='lat' dir='ltr'>nascantur.</span> 
     </span>
    </p>
   </div>
   <div class='ocr_carea' id='block_1_21' title="bbox 1984 566 3636 639">
    <p class='ocr_par' dir='ltr' id='par_1_21' title="bbox 1984 566 3636 639">
     <span class='ocr_line' id='line_1_21' title="bbox 1984 566 3636 639; baseline -0.003 -15"><span class='ocrx_word' id='word_1_126' title='bbox 1984 574 2289 635; x_wconf 72' lang='lat' dir='ltr'>Caeterum,</span> <span class='ocrx_word' id='word_1_127' title='bbox 2324 570 2371 625; x_wconf 90' lang='lat' dir='ltr'>si</span> <span class='ocrx_word' id='word_1_128' title='bbox 2404 571 2491 624; x_wconf 86' lang='lat' dir='ltr'>vel</span> <span class='ocrx_word' id='word_1_129' title='bbox 2524 576 2859 639; x_wconf 88' lang='lat' dir='ltr'>utrumque,</span> <span class='ocrx_word' id='word_1_130' title='bbox 2892 568 2977 623; x_wconf 87' lang='lat' dir='ltr'>vel</span> <span class='ocrx_word' id='word_1_131' title='bbox 3026 584 3208 622; x_wconf 89' lang='lat' dir='ltr'>unum</span> <span class='ocrx_word' id='word_1_132' title='bbox 3239 566 3447 620; x_wconf 89' lang='lat' dir='ltr'>borum</span> <span class='ocrx_word' id='word_1_133' title='bbox 3464 566 3636 635; x_wconf 88' lang='lat' dir='ltr'>desit,</span> 
     </span>
    </p>
   </div>
   <div class='ocr_carea' id='block_1_22' title="bbox 1987 654 3637 731">
    <p class='ocr_par' dir='ltr' id='par_1_22' title="bbox 1987 654 3637 731">
     <span class='ocr_line' id='line_1_22' title="bbox 1987 654 3637 731; baseline -0.002 -18"><span class='ocrx_word' id='word_1_134' title='bbox 1987 675 2100 714; x_wconf 90' lang='lat' dir='ltr'>non</span> <span class='ocrx_word' id='word_1_135' title='bbox 2130 658 2357 714; x_wconf 80' lang='lat' dir='ltr'>invenio</span> <span class='ocrx_word' id='word_1_136' title='bbox 2382 660 2879 731; x_wconf 88' lang='lat' dir='ltr'>quemadmodum</span> <span class='ocrx_word' id='word_1_137' title='bbox 2914 658 3021 711; x_wconf 91' lang='lat' dir='ltr'>has</span> <span class='ocrx_word' id='word_1_138' title='bbox 3066 656 3302 727; x_wconf 87' lang='lat' dir='ltr'>nuptias</span> <span class='ocrx_word' id='word_1_139' title='bbox 3345 654 3637 725; x_wconf 89' lang='lat' dir='ltr'>appellare</span> 
     </span>
    </p>
   </div>
   <div class='ocr_carea' id='block_1_23' title="bbox 1983 741 3635 817">
    <p class='ocr_par' dir='ltr' id='par_1_23' title="bbox 1983 741 3635 817">
     <span class='ocr_line' id='line_1_23' title="bbox 1983 741 3635 817; baseline -0.002 -18"><span class='ocrx_word' id='word_1_140' title='bbox 1983 747 2572 817; x_wconf 67' lang='lat' dir='ltr'>possimus-Etenim</span> <span class='ocrx_word' id='word_1_141' title='bbox 2608 747 2653 801; x_wconf 90' lang='lat' dir='ltr'>si</span> <span class='ocrx_word' id='word_1_142' title='bbox 2680 747 2937 816; x_wconf 84' lang='lat' dir='ltr'>aliquam</span> <span class='ocrx_word' id='word_1_143' title='bbox 2972 745 3081 799; x_wconf 87' lang='lat' dir='ltr'>sibi</span> <span class='ocrx_word' id='word_1_144' title='bbox 3104 745 3173 797; x_wconf 82' lang='lat' dir='ltr'>ad</span> <span class='ocrx_word' id='word_1_145' title='bbox 3210 748 3447 813; x_wconf 87' lang='lat' dir='ltr'>tempus</span> <span class='ocrx_word' id='word_1_146' title='bbox 3470 741 3635 796; x_wconf 90' lang='lat' dir='ltr'>adhi-</span> 
     </span>
    </p>
   </div>
   <div class='ocr_carea' id='block_1_24' title="bbox 1981 831 3637 905">
    <p class='ocr_par' dir='ltr' id='par_1_24' title="bbox 1981 831 3637 905">
     <span class='ocr_line' id='line_1_24' title="bbox 1981 831 3637 905; baseline -0.004 -15"><span class='ocrx_word' id='word_1_147' title='bbox 1981 835 2192 903; x_wconf 89' lang='lat' dir='ltr'>buerit,</span> <span class='ocrx_word' id='word_1_148' title='bbox 2217 838 2399 891; x_wconf 88' lang='lat' dir='ltr'>donec</span> <span class='ocrx_word' id='word_1_149' title='bbox 2434 835 2595 890; x_wconf 84' lang='lat' dir='ltr'>illam</span> <span class='ocrx_word' id='word_1_150' title='bbox 2630 836 2869 905; x_wconf 79' lang='lat' dir='ltr'>dignam</span> <span class='ocrx_word' id='word_1_151' title='bbox 2906 833 3263 902; x_wconf 83' lang='lat' dir='ltr'>honoribus,</span> <span class='ocrx_word' id='word_1_152' title='bbox 3297 832 3382 886; x_wconf 91' lang='lat' dir='ltr'>vel</span> <span class='ocrx_word' id='word_1_153' title='bbox 3407 832 3531 886; x_wconf 89' lang='lat' dir='ltr'>suis</span> <span class='ocrx_word' id='word_1_154' title='bbox 3552 831 3637 884; x_wconf 78' lang='lat' dir='ltr'>fa-</span> 
     </span>
    </p>
   </div>
   <div class='ocr_carea' id='block_1_25' title="bbox 1979 919 3638 995">
    <p class='ocr_par' dir='ltr' id='par_1_25' title="bbox 1979 919 3638 995">
     <span class='ocr_line' id='line_1_25' title="bbox 1979 919 3638 995; baseline -0.004 -17"><span class='ocrx_word' id='word_1_155' title='bbox 1979 923 2299 979; x_wconf 85' lang='lat' dir='ltr'>cultatibus</span> <span class='ocrx_word' id='word_1_156' title='bbox 2331 925 2607 990; x_wconf 85' lang='lat' dir='ltr'>inveniat,</span> <span class='ocrx_word' id='word_1_157' title='bbox 2661 940 2837 995; x_wconf 87' lang='lat' dir='ltr'>quam</span> <span class='ocrx_word' id='word_1_158' title='bbox 2876 938 3214 992; x_wconf 86' lang='lat' dir='ltr'>comparem</span> <span class='ocrx_word' id='word_1_159' title='bbox 3264 920 3460 988; x_wconf 87' lang='lat' dir='ltr'>ducat,</span> <span class='ocrx_word' id='word_1_160' title='bbox 3512 919 3638 989; x_wconf 91' lang='lat' dir='ltr'>ipso</span> 
     </span>
    </p>
   </div>
   <div class='ocr_carea' id='block_1_26' title="bbox 1979 1009 3637 1081">
    <p class='ocr_par' dir='ltr' id='par_1_26' title="bbox 1979 1009 3637 1081">
     <span class='ocr_line' id='line_1_26' title="bbox 1979 1009 3637 1081; baseline -0.003 -14"><span class='ocrx_word' id='word_1_161' title='bbox 1979 1013 2176 1067; x_wconf 89' lang='lat' dir='ltr'>animo</span> <span class='ocrx_word' id='word_1_162' title='bbox 2198 1013 2426 1067; x_wconf 86' lang='lat' dir='ltr'>adulter</span> <span class='ocrx_word' id='word_1_163' title='bbox 2454 1018 2561 1080; x_wconf 89' lang='lat' dir='ltr'>est,</span> <span class='ocrx_word' id='word_1_164' title='bbox 2598 1030 2701 1067; x_wconf 91' lang='lat' dir='ltr'>nec</span> <span class='ocrx_word' id='word_1_165' title='bbox 2723 1028 2855 1067; x_wconf 91' lang='lat' dir='ltr'>cum</span> <span class='ocrx_word' id='word_1_166' title='bbox 2904 1011 3003 1065; x_wconf 90' lang='lat' dir='ltr'>illa</span> <span class='ocrx_word' id='word_1_167' title='bbox 3035 1026 3211 1081; x_wconf 87' lang='lat' dir='ltr'>quam</span> <span class='ocrx_word' id='word_1_168' title='bbox 3266 1009 3429 1081; x_wconf 91' lang='lat' dir='ltr'>cupit</span> <span class='ocrx_word' id='word_1_169' title='bbox 3472 1009 3637 1062; x_wconf 90' lang='lat' dir='ltr'>inve-</span> 
     </span>
    </p>
   </div>
   <div class='ocr_carea' id='block_1_27' title="bbox 1976 1101 3635 1171">
    <p class='ocr_par' dir='ltr' id='par_1_27' title="bbox 1976 1101 3635 1171">
     <span class='ocr_line' id='line_1_27' title="bbox 1976 1101 3635 1171; baseline -0.002 -14"><span class='ocrx_word' id='word_1_170' title='bbox 1976 1103 2120 1167; x_wconf 91' lang='lat' dir='ltr'>nire,</span> <span class='ocrx_word' id='word_1_171' title='bbox 2155 1104 2256 1157; x_wconf 90' lang='lat' dir='ltr'>sed</span> <span class='ocrx_word' id='word_1_172' title='bbox 2291 1119 2424 1157; x_wconf 89' lang='lat' dir='ltr'>cum</span> <span class='ocrx_word' id='word_1_173' title='bbox 2457 1102 2572 1157; x_wconf 89' lang='lat' dir='ltr'>ista</span> <span class='ocrx_word' id='word_1_174' title='bbox 2601 1118 2735 1156; x_wconf 90' lang='lat' dir='ltr'>cum</span> <span class='ocrx_word' id='word_1_175' title='bbox 2770 1118 2887 1171; x_wconf 88' lang='lat' dir='ltr'>qua</span> <span class='ocrx_word' id='word_1_176' title='bbox 2918 1101 2999 1155; x_wconf 90' lang='lat' dir='ltr'>sic</span> <span class='ocrx_word' id='word_1_177' title='bbox 3033 1101 3230 1167; x_wconf 88' lang='lat' dir='ltr'>cubat,</span> <span class='ocrx_word' id='word_1_178' title='bbox 3285 1103 3347 1152; x_wconf 92' lang='lat' dir='ltr'>ut</span> <span class='ocrx_word' id='word_1_179' title='bbox 3405 1113 3540 1152; x_wconf 92' lang='lat' dir='ltr'>cum</span> <span class='ocrx_word' id='word_1_180' title='bbox 3569 1112 3635 1153; x_wconf 88' lang='lat' dir='ltr'>ea</span> 
     </span>
    </p>
   </div>
   <div class='ocr_carea' id='block_1_28' title="bbox 1977 1190 3045 1247">
    <p class='ocr_par' dir='ltr' id='par_1_28' title="bbox 1977 1190 3045 1247">
     <span class='ocr_line' id='line_1_28' title="bbox 1977 1190 3045 1247; baseline -0.001 -1"><span class='ocrx_word' id='word_1_181' title='bbox 1977 1209 2093 1247; x_wconf 90' lang='lat' dir='ltr'>non</span> <span class='ocrx_word' id='word_1_182' title='bbox 2128 1192 2335 1246; x_wconf 87' lang='lat' dir='ltr'>habeat</span> <span class='ocrx_word' id='word_1_183' title='bbox 2360 1191 2627 1247; x_wconf 89' lang='lat' dir='ltr'>maritale</span> <span class='ocrx_word' id='word_1_184' title='bbox 2662 1190 3045 1245; x_wconf 88' lang='lat' dir='ltr'>consortium.</span> 
     </span>
    </p>
   </div>
   <div class='ocr_carea' id='block_1_29' title="bbox 1975 1283 3629 1355">
    <p class='ocr_par' dir='ltr' id='par_1_29' title="bbox 1975 1283 3629 1355">
     <span class='ocr_line' id='line_1_29' title="bbox 1975 1283 3629 1355; baseline -0.006 -10"><span class='ocrx_word' id='word_1_185' title='bbox 1975 1290 2216 1345; x_wconf 86' lang='lat' dir='ltr'>CAP.66.</span> <span class='ocrx_word' id='word_1_186' title='bbox 2242 1321 2308 1328; x_wconf 84' lang='lat'>——</span> <span class='ocrx_word' id='word_1_187' title='bbox 2337 1290 2491 1355; x_wconf 85' lang='lat' dir='ltr'>Quod</span> <span class='ocrx_word' id='word_1_188' title='bbox 2538 1306 2709 1343; x_wconf 85' lang='lat' dir='ltr'>unam</span> <span class='ocrx_word' id='word_1_189' title='bbox 2755 1290 2973 1341; x_wconf 87' lang='lat' dir='ltr'>tantum</span> <span class='ocrx_word' id='word_1_190' title='bbox 3026 1287 3188 1340; x_wconf 85' lang='lat' dir='ltr'>liceat</span> <span class='ocrx_word' id='word_1_191' title='bbox 3232 1284 3429 1339; x_wconf 83' lang='lat' dir='ltr'>habere</span> <span class='ocrx_word' id='word_1_192' title='bbox 3468 1283 3629 1336; x_wconf 75' lang='lat' dir='ltr'>Chri-</span> 
     </span>
    </p>
   </div>
   <div class='ocr_carea' id='block_1_30' title="bbox 2044 1356 3632 1415">
    <p class='ocr_par' dir='ltr' id='par_1_30' title="bbox 2044 1356 3632 1415">
     <span class='ocr_line' id='line_1_30' title="bbox 2044 1356 3632 1415; baseline -0.003 -1"><span class='ocrx_word' id='word_1_193' title='bbox 2044 1364 2247 1415; x_wconf 83' lang='lat' dir='ltr'>stiano.</span> <span class='ocrx_word' id='word_1_194' title='bbox 2297 1361 2533 1415; x_wconf 81' lang='lat' dir='ltr'>Isidoms</span> <span class='ocrx_word' id='word_1_195' title='bbox 2592 1360 2655 1414; x_wconf 83' lang='lat' dir='ltr'>de</span> <span class='ocrx_word' id='word_1_196' title='bbox 2711 1359 3067 1414; x_wconf 77' lang='lat' dir='ltr'>consonantia</span> <span class='ocrx_word' id='word_1_197' title='bbox 3137 1357 3272 1411; x_wconf 86' lang='lat' dir='ltr'>Novi</span> <span class='ocrx_word' id='word_1_198' title='bbox 3330 1358 3377 1409; x_wconf 88' lang='lat' dir='ltr'>et</span> <span class='ocrx_word' id='word_1_199' title='bbox 3434 1356 3632 1409; x_wconf 73' lang='lat' dir='ltr'>Veteris</span> 
     </span>
    </p>
   </div>
   <div class='ocr_carea' id='block_1_31' title="bbox 2048 1433 2626 1500">
    <p class='ocr_par' dir='ltr' id='par_1_31' title="bbox 2048 1433 2626 1500">
     <span class='ocr_line' id='line_1_31' title="bbox 2048 1433 2626 1500; baseline 0 -15"><span class='ocrx_word' id='word_1_200' title='bbox 2048 1433 2389 1500; x_wconf 84' lang='lat' dir='ltr'>Testamenti,</span> <span class='ocrx_word' id='word_1_201' title='bbox 2424 1448 2545 1499; x_wconf 86' lang='lat' dir='ltr'>cap.</span> <span class='ocrx_word' id='word_1_202' title='bbox 2571 1433 2626 1485; x_wconf 93' lang='lat'>3.</span> 
     </span>
    </p>
   </div>
   <div class='ocr_carea' id='block_1_32' title="bbox 2047 1513 3627 1591">
    <p class='ocr_par' dir='ltr' id='par_1_32' title="bbox 2047 1513 3627 1591">
     <span class='ocr_line' id='line_1_32' title="bbox 2047 1513 3627 1591; baseline -0.004 -16"><span class='ocrx_word' id='word_1_203' title='bbox 2047 1520 2204 1591; x_wconf 87' lang='lat' dir='ltr'>(Dist.</span> <span class='ocrx_word' id='word_1_204' title='bbox 2254 1522 2342 1583; x_wconf 82' lang='grc'>34,</span> <span class='ocrx_word' id='word_1_205' title='bbox 2393 1536 2438 1574; x_wconf 92' lang='lat' dir='ltr'>c.</span> <span class='ocrx_word' id='word_1_206' title='bbox 2493 1519 2851 1587; x_wconf 83' lang='lat' dir='ltr'>Christiano.)</span> <span class='ocrx_word' id='word_1_207' title='bbox 2907 1516 3233 1571; x_wconf 86' lang='lat' dir='ltr'>Christiano</span> <span class='ocrx_word' id='word_1_208' title='bbox 3267 1532 3381 1570; x_wconf 91' lang='lat' dir='ltr'>non</span> <span class='ocrx_word' id='word_1_209' title='bbox 3436 1513 3627 1569; x_wconf 89' lang='lat' dir='ltr'>dicam</span> 
     </span>
    </p>
   </div>
   <div class='ocr_carea' id='block_1_33' title="bbox 1976 1604 3624 1680">
    <p class='ocr_par' dir='ltr' id='par_1_33' title="bbox 1976 1604 3624 1680">
     <span class='ocr_line' id='line_1_33' title="bbox 1976 1604 3624 1680; baseline -0.003 -18"><span class='ocrx_word' id='word_1_210' title='bbox 1976 1607 2282 1680; x_wconf 86' lang='lat' dir='ltr'>plurimas,</span> <span class='ocrx_word' id='word_1_211' title='bbox 2316 1609 2416 1663; x_wconf 92' lang='lat' dir='ltr'>sed</span> <span class='ocrx_word' id='word_1_212' title='bbox 2452 1625 2552 1663; x_wconf 92' lang='lat' dir='ltr'>nec</span> <span class='ocrx_word' id='word_1_213' title='bbox 2585 1608 2732 1662; x_wconf 89' lang='lat' dir='ltr'>duas</span> <span class='ocrx_word' id='word_1_214' title='bbox 2760 1606 2934 1662; x_wconf 89' lang='lat' dir='ltr'>simul</span> <span class='ocrx_word' id='word_1_215' title='bbox 2968 1606 3183 1660; x_wconf 86' lang='lat' dir='ltr'>habere</span> <span class='ocrx_word' id='word_1_216' title='bbox 3236 1604 3462 1658; x_wconf 90' lang='lat' dir='ltr'>licitum</span> <span class='ocrx_word' id='word_1_217' title='bbox 3514 1609 3624 1670; x_wconf 91' lang='lat' dir='ltr'>est,</span> 
     </span>
    </p>
   </div>
   <div class='ocr_carea' id='block_1_34' title="bbox 1976 1693 3624 1765">
    <p class='ocr_par' dir='ltr' id='par_1_34' title="bbox 1976 1693 3624 1765">
     <span class='ocr_line' id='line_1_34' title="bbox 1976 1693 3624 1765; baseline -0.002 -14"><span class='ocrx_word' id='word_1_218' title='bbox 1976 1697 2087 1752; x_wconf 89' lang='lat' dir='ltr'>nisi</span> <span class='ocrx_word' id='word_1_219' title='bbox 2113 1714 2283 1751; x_wconf 81' lang='lat' dir='ltr'>unam</span> <span class='ocrx_word' id='word_1_220' title='bbox 2322 1701 2572 1765; x_wconf 89' lang='lat' dir='ltr'>tantum,</span> <span class='ocrx_word' id='word_1_221' title='bbox 2600 1701 2700 1751; x_wconf 91' lang='lat' dir='ltr'>aut</span> <span class='ocrx_word' id='word_1_222' title='bbox 2733 1712 2995 1760; x_wconf 85' lang='lat' dir='ltr'>uxorem,</span> <span class='ocrx_word' id='word_1_223' title='bbox 3022 1697 3124 1748; x_wconf 90' lang='lat' dir='ltr'>aut</span> <span class='ocrx_word' id='word_1_224' title='bbox 3149 1697 3302 1747; x_wconf 89' lang='lat' dir='ltr'>certe</span> <span class='ocrx_word' id='word_1_225' title='bbox 3335 1693 3459 1746; x_wconf 92' lang='lat' dir='ltr'>loco</span> <span class='ocrx_word' id='word_1_226' title='bbox 3483 1708 3624 1747; x_wconf 85' lang='lat' dir='ltr'>uxo-</span> 
     </span>
    </p>
   </div>
   <div class='ocr_carea' id='block_1_35' title="bbox 222 1767 3050 1855">
    <p class='ocr_par' dir='ltr' id='par_1_35' title="bbox 222 1767 3050 1855">
     <span class='ocr_line' id='line_1_35' title="bbox 222 1767 3050 1855; baseline 0.001 -22"><span class='ocrx_word' id='word_1_227' title='bbox 222 1782 356 1834; x_wconf 90' lang='lat' dir='ltr'>CAP.</span> <span class='ocrx_word' id='word_1_228' title='bbox 410 1780 501 1835; x_wconf 84' lang='grc'>61.</span> <span class='ocrx_word' id='word_1_229' title='bbox 535 1811 601 1820; x_wconf 91' lang='grc'><strong>-</strong></span> <span class='ocrx_word' id='word_1_230' title='bbox 636 1780 783 1855; x_wconf 79' lang='lat' dir='ltr'>Quod</span> <span class='ocrx_word' id='word_1_231' title='bbox 839 1780 1039 1855; x_wconf 81' lang='lat' dir='ltr'>Ismael</span> <span class='ocrx_word' id='word_1_232' title='bbox 1074 1794 1211 1855; x_wconf 69' lang='lat' dir='ltr'>non</span> <span class='ocrx_word' id='word_1_233' title='bbox 1266 1780 1378 1855; x_wconf 79' lang='lat' dir='ltr'>fuit</span> <span class='ocrx_word' id='word_1_234' title='bbox 1424 1778 1622 1847; x_wconf 69' lang='lat' dir='ltr'>ejectus</span> <span class='ocrx_word' id='word_1_235' title='bbox 1649 1784 1872 1855; x_wconf 67' lang='grc' dir='ltr'>ρτρρεεν</span> <span class='ocrx_word' id='word_1_236' title='bbox 1899 1767 1945 1830; x_wconf 80' lang='grc' dir='ltr'><strong>Β</strong></span> <span class='ocrx_word' id='word_1_237' title='bbox 1976 1785 2080 1854; x_wconf 91' lang='lat' dir='ltr'>ris,</span> <span class='ocrx_word' id='word_1_238' title='bbox 2112 1785 2160 1840; x_wconf 88' lang='lat' dir='ltr'>si</span> <span class='ocrx_word' id='word_1_239' title='bbox 2193 1787 2404 1855; x_wconf 83' lang='lat' dir='ltr'>conjux</span> <span class='ocrx_word' id='word_1_240' title='bbox 2424 1786 2607 1851; x_wconf 90' lang='lat' dir='ltr'>deest,</span> <span class='ocrx_word' id='word_1_241' title='bbox 2641 1784 3050 1839; x_wconf 88' lang='lat' dir='ltr'>concubinam.</span> 
     </span>
    </p>
   </div>
   <div class='ocr_carea' id='block_1_36' title="bbox 294 1848 1871 1931">
    <p class='ocr_par' dir='ltr' id='par_1_36' title="bbox 294 1848 1871 1931">
     <span class='ocr_line' id='line_1_36' title="bbox 294 1848 1871 1931; baseline -0.002 -27"><span class='ocrx_word' id='word_1_242' title='bbox 294 1852 857 1931; x_wconf 40' lang='lat' dir='ltr'>matrem‘ancittam,</span> <span class='ocrx_word' id='word_1_243' title='bbox 909 1851 1032 1931; x_wconf 79' lang='lat' dir='ltr'>_sed_</span> <span class='ocrx_word' id='word_1_244' title='bbox 1057 1852 1277 1931; x_wconf 75' lang='lat' dir='ltr'>propter</span> <span class='ocrx_word' id='word_1_245' title='bbox 1319 1853 1627 1931; x_wconf 48' lang='lat' dir='ltr'>fraternam</span> <span class='ocrx_word' id='word_1_246' title='bbox 1675 1848 1871 1931; x_wconf 66' lang='lat' dir='ltr'>discor-</span> 
     </span>
    </p>
   </div>
   <div class='ocr_carea' id='block_1_37' title="bbox 293 1920 1870 1990">
    <p class='ocr_par' dir='ltr' id='par_1_37' title="bbox 293 1920 1870 1990">
     <span class='ocr_line' id='line_1_37' title="bbox 293 1920 1870 1990; baseline -0.001 -14"><span class='ocrx_word' id='word_1_247' title='bbox 293 1921 467 1977; x_wconf 82' lang='lat' dir='ltr'>diam.</span> <span class='ocrx_word' id='word_1_248' title='bbox 519 1923 682 1990; x_wconf 88' lang='lat' dir='ltr'>Aug.,</span> <span class='ocrx_word' id='word_1_249' title='bbox 717 1924 788 1977; x_wconf 84' lang='lat' dir='ltr'>De</span> <span class='ocrx_word' id='word_1_250' title='bbox 815 1922 982 1978; x_wconf 83' lang='lat' dir='ltr'>unico</span> <span class='ocrx_word' id='word_1_251' title='bbox 1015 1920 1302 1989; x_wconf 85' lang='lat' dir='ltr'>baptismo,</span> <span class='ocrx_word' id='word_1_252' title='bbox 1339 1922 1431 1974; x_wconf 84' lang='lat' dir='ltr'>lib.</span> <span class='ocrx_word' id='word_1_253' title='bbox 1470 1938 1483 1973; x_wconf 98' lang='lat'>1</span> <span class='ocrx_word' id='word_1_254' title='bbox 1533 1921 1630 1987; x_wconf 88' lang='lat' dir='ltr'>(De</span> <span class='ocrx_word' id='word_1_255' title='bbox 1670 1920 1870 1989; x_wconf 86' lang='lat' dir='ltr'>baptis.</span> 
     </span>
    </p>
   </div>
   <div class='ocr_carea' id='block_1_38' title="bbox 291 1993 1142 2064">
    <p class='ocr_par' dir='ltr' id='par_1_38' title="bbox 291 1993 1142 2064">
     <span class='ocr_line' id='line_1_38' title="bbox 291 1993 1142 2064; baseline 0 -17"><span class='ocrx_word' id='word_1_256' title='bbox 291 2002 483 2048; x_wconf 87' lang='lat' dir='ltr'>contra</span> <span class='ocrx_word' id='word_1_257' title='bbox 514 1995 847 2063; x_wconf 82' lang='lat' dir='ltr'>Donatistas,</span> <span class='ocrx_word' id='word_1_258' title='bbox 878 2011 997 2064; x_wconf 78' lang='lat' dir='ltr'>cap.</span> <span class='ocrx_word' id='word_1_259' title='bbox 1034 1993 1142 2059; x_wconf 89' lang='grc'>13).</span> 
     </span>
    </p>
   </div>
   <div class='ocr_carea' id='block_1_39' title="bbox 291 2080 1871 2152">
    <p class='ocr_par' dir='ltr' id='par_1_39' title="bbox 291 2080 1871 2152">
     <span class='ocr_line' id='line_1_39' title="bbox 291 2080 1871 2152; baseline -0.001 -17"><span class='ocrx_word' id='word_1_260' title='bbox 291 2083 453 2151; x_wconf 62' lang='grc' dir='ltr'>[υίει.</span> <span class='ocrx_word' id='word_1_261' title='bbox 484 2083 574 2137; x_wconf 87' lang='grc'>56.</span> <span class='ocrx_word' id='word_1_262' title='bbox 608 2098 657 2137; x_wconf 90' lang='lat' dir='ltr'>c.</span> <span class='ocrx_word' id='word_1_263' title='bbox 694 2083 929 2151; x_wconf 88' lang='lat' dir='ltr'>Ismael.)</span> <span class='ocrx_word' id='word_1_264' title='bbox 962 2080 1171 2137; x_wconf 91' lang='lat' dir='ltr'>Ismael</span> <span class='ocrx_word' id='word_1_265' title='bbox 1204 2085 1268 2135; x_wconf 92' lang='lat' dir='ltr'>ut</span> <span class='ocrx_word' id='word_1_266' title='bbox 1306 2086 1675 2152; x_wconf 90' lang='lat' dir='ltr'>separaretur</span> <span class='ocrx_word' id='word_1_267' title='bbox 1704 2097 1735 2134; x_wconf 90' lang='lat' dir='ltr'>a</span> <span class='ocrx_word' id='word_1_268' title='bbox 1767 2095 1871 2150; x_wconf 88' lang='lat' dir='ltr'>po-</span> 
     </span>
    </p>
   </div>
   <div class='ocr_carea' id='block_1_40' title="bbox 218 2168 1872 2241">
    <p class='ocr_par' dir='ltr' id='par_1_40' title="bbox 218 2168 1872 2241">
     <span class='ocr_line' id='line_1_40' title="bbox 218 2168 1872 2241; baseline -0.001 -18"><span class='ocrx_word' id='word_1_269' title='bbox 218 2170 358 2241; x_wconf 90' lang='lat' dir='ltr'>pulo</span> <span class='ocrx_word' id='word_1_270' title='bbox 392 2171 489 2225; x_wconf 90' lang='lat' dir='ltr'>Dei</span> <span class='ocrx_word' id='word_1_271' title='bbox 532 2187 647 2224; x_wconf 92' lang='lat' dir='ltr'>non</span> <span class='ocrx_word' id='word_1_272' title='bbox 678 2170 867 2226; x_wconf 90' lang='lat' dir='ltr'>obfuit</span> <span class='ocrx_word' id='word_1_273' title='bbox 890 2175 1077 2225; x_wconf 88' lang='lat' dir='ltr'>mater</span> <span class='ocrx_word' id='word_1_274' title='bbox 1125 2168 1357 2237; x_wconf 91' lang='lat' dir='ltr'>ancilla,</span> <span class='ocrx_word' id='word_1_275' title='bbox 1391 2170 1491 2224; x_wconf 91' lang='lat' dir='ltr'>sed</span> <span class='ocrx_word' id='word_1_276' title='bbox 1540 2169 1727 2223; x_wconf 86' lang='lat' dir='ltr'>obfuit</span> <span class='ocrx_word' id='word_1_277' title='bbox 1757 2169 1872 2222; x_wconf 83' lang='lat' dir='ltr'>fra-</span> 
     </span>
    </p>
   </div>
   <div class='ocr_carea' id='block_1_41' title="bbox 215 2258 1871 2330">
    <p class='ocr_par' dir='ltr' id='par_1_41' title="bbox 215 2258 1871 2330">
     <span class='ocr_line' id='line_1_41' title="bbox 215 2258 1871 2330; baseline -0.001 -18"><span class='ocrx_word' id='word_1_278' title='bbox 215 2262 385 2314; x_wconf 89' lang='lat' dir='ltr'>terna</span> <span class='ocrx_word' id='word_1_279' title='bbox 424 2258 716 2314; x_wconf 87' lang='lat' dir='ltr'>discordia</span> <span class='ocrx_word' id='word_1_280' title='bbox 746 2258 895 2330; x_wconf 78' lang='lat' dir='ltr'>(Gen.</span> <span class='ocrx_word' id='word_1_281' title='bbox 942 2260 1082 2329; x_wconf 63' lang='grc' dir='ltr'><strong>χχι.)</strong></span> <span class='ocrx_word' id='word_1_282' title='bbox 1118 2259 1182 2312; x_wconf 88' lang='lat' dir='ltr'>Et</span> <span class='ocrx_word' id='word_1_283' title='bbox 1214 2275 1327 2313; x_wconf 92' lang='lat' dir='ltr'>non</span> <span class='ocrx_word' id='word_1_284' title='bbox 1361 2259 1576 2329; x_wconf 88' lang='lat' dir='ltr'>profuit</span> <span class='ocrx_word' id='word_1_285' title='bbox 1613 2262 1871 2329; x_wconf 88' lang='lat' dir='ltr'>potestas</span> 
     </span>
    </p>
   </div>
   <div class='ocr_carea' id='block_1_42' title="bbox 221 2346 1874 2418">
    <p class='ocr_par' dir='ltr' id='par_1_42' title="bbox 221 2346 1874 2418">
     <span class='ocr_line' id='line_1_42' title="bbox 221 2346 1874 2418; baseline 0 -17"><span class='ocrx_word' id='word_1_286' title='bbox 221 2347 440 2413; x_wconf 87' lang='lat' dir='ltr'>uxoris,</span> <span class='ocrx_word' id='word_1_287' title='bbox 462 2349 638 2417; x_wconf 92' lang='lat' dir='ltr'>cujus</span> <span class='ocrx_word' id='word_1_288' title='bbox 663 2347 849 2418; x_wconf 88' lang='lat' dir='ltr'>magis</span> <span class='ocrx_word' id='word_1_289' title='bbox 880 2346 1036 2402; x_wconf 86' lang='lat' dir='ltr'>ﬁlius</span> <span class='ocrx_word' id='word_1_290' title='bbox 1066 2350 1210 2416; x_wconf 91' lang='lat' dir='ltr'>erat,</span> <span class='ocrx_word' id='word_1_291' title='bbox 1234 2346 1372 2417; x_wconf 87' lang='lat' dir='ltr'>quia</span> <span class='ocrx_word' id='word_1_292' title='bbox 1402 2363 1504 2418; x_wconf 91' lang='lat' dir='ltr'>per</span> <span class='ocrx_word' id='word_1_293' title='bbox 1532 2346 1874 2417; x_wconf 88' lang='lat' dir='ltr'>ipsiusjura</span> 
     </span>
    </p>
   </div>
   <div class='ocr_carea' id='block_1_43' title="bbox 232 2435 1871 2506">
    <p class='ocr_par' dir='ltr' id='par_1_43' title="bbox 232 2435 1871 2506">
     <span class='ocr_line' id='line_1_43' title="bbox 232 2435 1871 2506; baseline -0.001 -15"><span class='ocrx_word' id='word_1_294' title='bbox 232 2435 588 2506; x_wconf 81' lang='lat' dir='ltr'>conjugalia,</span> <span class='ocrx_word' id='word_1_295' title='bbox 630 2441 688 2492; x_wconf 89' lang='lat' dir='ltr'>et</span> <span class='ocrx_word' id='word_1_296' title='bbox 718 2435 777 2491; x_wconf 90' lang='lat' dir='ltr'>in</span> <span class='ocrx_word' id='word_1_297' title='bbox 810 2435 1019 2491; x_wconf 85' lang='lat' dir='ltr'>ancilla</span> <span class='ocrx_word' id='word_1_298' title='bbox 1043 2435 1373 2491; x_wconf 88' lang='lat' dir='ltr'>scminatus</span> <span class='ocrx_word' id='word_1_299' title='bbox 1404 2440 1546 2501; x_wconf 85' lang='lat' dir='ltr'>erat,</span> <span class='ocrx_word' id='word_1_300' title='bbox 1571 2440 1627 2490; x_wconf 91' lang='lat' dir='ltr'>et</span> <span class='ocrx_word' id='word_1_301' title='bbox 1668 2452 1737 2490; x_wconf 80' lang='lat' dir='ltr'>ex</span> <span class='ocrx_word' id='word_1_302' title='bbox 1761 2453 1871 2489; x_wconf 86' lang='lat' dir='ltr'>an-</span> 
     </span>
    </p>
   </div>
   <div class='ocr_carea' id='block_1_44' title="bbox 220 2524 722 2596">
    <p class='ocr_par' dir='ltr' id='par_1_44' title="bbox 220 2524 722 2596">
     <span class='ocr_line' id='line_1_44' title="bbox 220 2524 722 2596; baseline -0.002 -16"><span class='ocrx_word' id='word_1_303' title='bbox 220 2524 359 2580; x_wconf 89' lang='lat' dir='ltr'>cilla</span> <span class='ocrx_word' id='word_1_304' title='bbox 389 2528 722 2596; x_wconf 89' lang='lat' dir='ltr'>susceptus.</span> 
     </span>
    </p>
   </div>
   <div class='ocr_carea' id='block_1_45' title="bbox 222 2610 1872 2681">
    <p class='ocr_par' dir='ltr' id='par_1_45' title="bbox 222 2610 1872 2681">
     <span class='ocr_line' id='line_1_45' title="bbox 222 2610 1872 2681; baseline -0.002 -12"><span class='ocrx_word' id='word_1_305' title='bbox 222 2616 360 2670; x_wconf 90' lang='lat' dir='ltr'>CAP.</span> <span class='ocrx_word' id='word_1_306' title='bbox 416 2614 505 2666; x_wconf 82' lang='lat'>62.</span> <span class='ocrx_word' id='word_1_307' title='bbox 554 2645 621 2654; x_wconf 94' lang='lat'><em>—</em></span> <span class='ocrx_word' id='word_1_308' title='bbox 664 2612 816 2681; x_wconf 84' lang='lat' dir='ltr'>Quod</span> <span class='ocrx_word' id='word_1_309' title='bbox 846 2614 905 2667; x_wconf 84' lang='lat' dir='ltr'>in</span> <span class='ocrx_word' id='word_1_310' title='bbox 936 2612 1129 2668; x_wconf 68' lang='lat' dir='ltr'>libera:</span> <span class='ocrx_word' id='word_1_311' title='bbox 1186 2610 1445 2665; x_wconf 76' lang='lat' dir='ltr'>mulieris</span> <span class='ocrx_word' id='word_1_312' title='bbox 1476 2611 1872 2666; x_wconf 84' lang='lat' dir='ltr'>consuetudine</span> 
     </span>
    </p>
   </div>
   <div class='ocr_carea' id='block_1_46' title="bbox 291 2682 1870 2810">
    <p class='ocr_par' dir='ltr' id='par_1_46' title="bbox 291 2682 1870 2810">
     <span class='ocr_line' id='line_1_46' title="bbox 291 2682 1870 2809; baseline -0.002 -71"><span class='ocrx_word' id='word_1_313' title='bbox 291 2687 507 2809; x_wconf 44' lang='lat' dir='ltr'>pistrptise</span> <span class='ocrx_word' id='word_1_314' title='bbox 536 2684 920 2755; x_wconf 49' lang='lat' dir='ltr'>intelligendi?</span> <span class='ocrx_word' id='word_1_315' title='bbox 944 2683 1074 2739; x_wconf 83' lang='lat' dir='ltr'>sint.</span> <span class='ocrx_word' id='word_1_316' title='bbox 1100 2682 1523 2751; x_wconf 83' lang='lat' dir='ltr'>Pandectarum,</span> <span class='ocrx_word' id='word_1_317' title='bbox 1547 2682 1685 2737; x_wconf 86' lang='lat' dir='ltr'>libro</span> <span class='ocrx_word' id='word_1_318' title='bbox 1711 2699 1870 2751; x_wconf 70' lang='grc' dir='ltr'><strong>χχιιι,</strong></span> 
     </span>
     <span class='ocr_line' id='line_1_47' title="bbox 367 2773 471 2810; baseline 0 0"><span class='ocrx_word' id='word_1_319' title='bbox 367 2798 381 2810; x_wconf 92' lang='grc'>.</span> <span class='ocrx_word' id='word_1_320' title='bbox 410 2773 471 2810; x_wconf 85' lang='grc' dir='ltr'><strong>ιι.</strong></span> 
     </span>
    </p>
   </div>
   <div class='ocr_carea' id='block_1_47' title="bbox 296 2841 1874 2900">
    <p class='ocr_par' dir='ltr' id='par_1_47' title="bbox 296 2841 1874 2900">
     <span class='ocr_line' id='line_1_48' title="bbox 296 2841 1874 2900; baseline -0.002 -1"><span class='ocrx_word' id='word_1_321' title='bbox 296 2847 360 2899; x_wconf 92' lang='lat' dir='ltr'>In</span> <span class='ocrx_word' id='word_1_322' title='bbox 394 2843 588 2900; x_wconf 75' lang='lat' dir='ltr'>liberae</span> <span class='ocrx_word' id='word_1_323' title='bbox 622 2844 887 2900; x_wconf 89' lang='lat' dir='ltr'>mulieris</span> <span class='ocrx_word' id='word_1_324' title='bbox 917 2842 1340 2899; x_wconf 87' lang='lat' dir='ltr'>consuetudine</span> <span class='ocrx_word' id='word_1_325' title='bbox 1365 2858 1478 2896; x_wconf 92' lang='lat' dir='ltr'>non</span> <span class='ocrx_word' id='word_1_326' title='bbox 1520 2841 1874 2896; x_wconf 90' lang='lat' dir='ltr'>concubina-</span> 
     </span>
    </p>
   </div>
   <div class='ocr_carea' id='block_1_48' title="bbox 223 2930 1875 3005">
    <p class='ocr_par' dir='ltr' id='par_1_48' title="bbox 223 2930 1875 3005">
     <span class='ocr_line' id='line_1_49' title="bbox 223 2930 1875 3005; baseline -0.001 -18"><span class='ocrx_word' id='word_1_327' title='bbox 223 2937 340 2998; x_wconf 88' lang='lat' dir='ltr'>tus,</span> <span class='ocrx_word' id='word_1_328' title='bbox 377 2933 479 2988; x_wconf 90' lang='lat' dir='ltr'>sed</span> <span class='ocrx_word' id='word_1_329' title='bbox 527 2933 743 3005; x_wconf 70' lang='lat' dir='ltr'>nuptiis</span> <span class='ocrx_word' id='word_1_330' title='bbox 774 2933 1169 3004; x_wconf 66' lang='lat' dir='ltr'>intelligenda:</span> <span class='ocrx_word' id='word_1_331' title='bbox 1195 2935 1357 2998; x_wconf 90' lang='lat' dir='ltr'>sunt,</span> <span class='ocrx_word' id='word_1_332' title='bbox 1393 2930 1441 2985; x_wconf 89' lang='lat' dir='ltr'>si</span> <span class='ocrx_word' id='word_1_333' title='bbox 1488 2947 1604 2986; x_wconf 90' lang='lat' dir='ltr'>non</span> <span class='ocrx_word' id='word_1_334' title='bbox 1636 2946 1875 3002; x_wconf 87' lang='lat' dir='ltr'>corpore</span> 
     </span>
    </p>
   </div>
   <div class='ocr_carea' id='block_1_49' title="bbox 227 3022 770 3091">
    <p class='ocr_par' dir='ltr' id='par_1_49' title="bbox 227 3022 770 3091">
     <span class='ocr_line' id='line_1_50' title="bbox 227 3022 770 3091; baseline 0.002 -15"><span class='ocrx_word' id='word_1_335' title='bbox 227 3026 516 3091; x_wconf 68' lang='lat' dir='ltr'>quaestum</span> <span class='ocrx_word' id='word_1_336' title='bbox 549 3022 770 3077; x_wconf 89' lang='lat' dir='ltr'>fecerit.</span> 
     </span>
    </p>
   </div>
   <div class='ocr_carea' id='block_1_50' title="bbox 1980 1879 3621 1951">
    <p class='ocr_par' dir='ltr' id='par_1_50' title="bbox 1980 1879 3621 1951">
     <span class='ocr_line' id='line_1_51' title="bbox 1980 1879 3621 1951; baseline -0.004 -14"><span class='ocrx_word' id='word_1_337' title='bbox 1980 1887 2110 1937; x_wconf 90' lang='lat' dir='ltr'>CAP.</span> <span class='ocrx_word' id='word_1_338' title='bbox 2143 1883 2231 1936; x_wconf 88' lang='lat'>67.</span> <span class='ocrx_word' id='word_1_339' title='bbox 2273 1914 2323 1921; x_wconf 86' lang='lat'><strong>-</strong></span> <span class='ocrx_word' id='word_1_340' title='bbox 2352 1882 2503 1950; x_wconf 83' lang='lat' dir='ltr'>Quod</span> <span class='ocrx_word' id='word_1_341' title='bbox 2533 1898 2641 1937; x_wconf 84' lang='lat' dir='ltr'>non</span> <span class='ocrx_word' id='word_1_342' title='bbox 2658 1885 2726 1937; x_wconf 88' lang='lat' dir='ltr'>sit</span> <span class='ocrx_word' id='word_1_343' title='bbox 2758 1882 3033 1951; x_wconf 81' lang='lat' dir='ltr'>legitimus</span> <span class='ocrx_word' id='word_1_344' title='bbox 3061 1897 3095 1934; x_wconf 90' lang='lat' dir='ltr'>a</span> <span class='ocrx_word' id='word_1_345' title='bbox 3122 1879 3295 1933; x_wconf 82' lang='lat' dir='ltr'>nobili</span> <span class='ocrx_word' id='word_1_346' title='bbox 3324 1883 3375 1932; x_wconf 88' lang='lat' dir='ltr'>et</span> <span class='ocrx_word' id='word_1_347' title='bbox 3405 1880 3473 1951; x_wconf 84' lang='lat' dir='ltr'>ab</span> <span class='ocrx_word' id='word_1_348' title='bbox 3515 1894 3621 1931; x_wconf 87' lang='lat' dir='ltr'>an-</span> 
     </span>
    </p>
   </div>
   <div class='ocr_carea' id='block_1_51' title="bbox 2016 1950 3582 2024">
    <p class='ocr_par' dir='ltr' id='par_1_51' title="bbox 2016 1950 3582 2024">
     <span class='ocr_line' id='line_1_52' title="bbox 2016 1950 3582 2024; baseline -0.004 -17"><span class='ocrx_word' id='word_1_349' title='bbox 2016 1955 2145 2008; x_wconf 88' lang='lat' dir='ltr'>cilla</span> <span class='ocrx_word' id='word_1_350' title='bbox 2176 1956 2411 2022; x_wconf 85' lang='lat' dir='ltr'>genitus.</span> <span class='ocrx_word' id='word_1_351' title='bbox 2454 1955 2710 2024; x_wconf 86' lang='lat' dir='ltr'>Pelagius</span> <span class='ocrx_word' id='word_1_352' title='bbox 2759 1950 3006 2008; x_wconf 74' lang='lat' dir='ltr'>Sinitqu</span> <span class='ocrx_word' id='word_1_353' title='bbox 3028 1954 3290 2021; x_wconf 88' lang='lat' dir='ltr'>magistro</span> <span class='ocrx_word' id='word_1_354' title='bbox 3319 1950 3582 2003; x_wconf 79' lang='lat' dir='ltr'>militum.</span> 
     </span>
    </p>
   </div>
   <div class='ocr_carea' id='block_1_52' title="bbox 2051 2037 3623 2108">
    <p class='ocr_par' dir='ltr' id='par_1_52' title="bbox 2051 2037 3623 2108">
     <span class='ocr_line' id='line_1_53' title="bbox 2051 2037 3623 2108; baseline -0.005 -12"><span class='ocrx_word' id='word_1_355' title='bbox 2051 2046 2368 2097; x_wconf 84' lang='lat' dir='ltr'>Hortamur</span> <span class='ocrx_word' id='word_1_356' title='bbox 2400 2045 2463 2097; x_wconf 91' lang='lat' dir='ltr'>ut</span> <span class='ocrx_word' id='word_1_357' title='bbox 2494 2041 2639 2097; x_wconf 89' lang='lat' dir='ltr'>nihil</span> <span class='ocrx_word' id='word_1_358' title='bbox 2667 2042 2909 2096; x_wconf 88' lang='lat' dir='ltr'>ulterius</span> <span class='ocrx_word' id='word_1_359' title='bbox 2940 2040 3370 2104; x_wconf 87' lang='lat' dir='ltr'>Montanianus,</span> <span class='ocrx_word' id='word_1_360' title='bbox 3406 2037 3503 2108; x_wconf 89' lang='lat' dir='ltr'>qui</span> <span class='ocrx_word' id='word_1_361' title='bbox 3538 2053 3623 2104; x_wconf 87' lang='lat' dir='ltr'>se,</span> 
     </span>
    </p>
   </div>
   <div class='ocr_carea' id='block_1_53' title="bbox 1982 2125 3626 2199">
    <p class='ocr_par' dir='ltr' id='par_1_53' title="bbox 1982 2125 3626 2199">
     <span class='ocr_line' id='line_1_54' title="bbox 1982 2125 3626 2199; baseline -0.005 -13"><span class='ocrx_word' id='word_1_362' title='bbox 1982 2135 2187 2186; x_wconf 89' lang='lat' dir='ltr'>contra</span> <span class='ocrx_word' id='word_1_363' title='bbox 2212 2147 2441 2185; x_wconf 90' lang='lat' dir='ltr'>omnem</span> <span class='ocrx_word' id='word_1_364' title='bbox 2460 2130 2783 2198; x_wconf 88' lang='lat' dir='ltr'>veritatem,</span> <span class='ocrx_word' id='word_1_365' title='bbox 2818 2134 2875 2184; x_wconf 89' lang='lat' dir='ltr'>et</span> <span class='ocrx_word' id='word_1_366' title='bbox 2898 2127 3293 2199; x_wconf 85' lang='lat' dir='ltr'>contraleges,</span> <span class='ocrx_word' id='word_1_367' title='bbox 3309 2127 3447 2180; x_wconf 90' lang='lat' dir='ltr'>dum</span> <span class='ocrx_word' id='word_1_368' title='bbox 3469 2125 3626 2180; x_wconf 85' lang='lat' dir='ltr'>sitex</span> 
     </span>
    </p>
   </div>
   <div class='ocr_carea' id='block_1_54' title="bbox 1982 2218 3629 2291">
    <p class='ocr_par' dir='ltr' id='par_1_54' title="bbox 1982 2218 3629 2291">
     <span class='ocr_line' id='line_1_55' title="bbox 1982 2218 3629 2291; baseline -0.004 -17"><span class='ocrx_word' id='word_1_369' title='bbox 1982 2219 2194 2274; x_wconf 85' lang='lat' dir='ltr'>ancilla</span> <span class='ocrx_word' id='word_1_370' title='bbox 2216 2221 2471 2291; x_wconf 86' lang='lat' dir='ltr'>genitus,</span> <span class='ocrx_word' id='word_1_371' title='bbox 2522 2220 2849 2290; x_wconf 87' lang='lat' dir='ltr'>legitimum</span> <span class='ocrx_word' id='word_1_372' title='bbox 2903 2218 3089 2271; x_wconf 83' lang='lat' dir='ltr'>filium</span> <span class='ocrx_word' id='word_1_373' title='bbox 3139 2221 3323 2271; x_wconf 88' lang='lat' dir='ltr'>tentat</span> <span class='ocrx_word' id='word_1_374' title='bbox 3370 2220 3629 2271; x_wconf 86' lang='lat' dir='ltr'>astruere</span> 
     </span>
    </p>
   </div>
   <div class='ocr_carea' id='block_1_55' title="bbox 1982 2304 3633 2379">
    <p class='ocr_par' dir='ltr' id='par_1_55' title="bbox 1982 2304 3633 2379">
     <span class='ocr_line' id='line_1_56' title="bbox 1982 2304 3633 2379; baseline -0.005 -14"><span class='ocrx_word' id='word_1_375' title='bbox 1982 2309 2255 2365; x_wconf 84' lang='lat' dir='ltr'>sensibus</span> <span class='ocrx_word' id='word_1_376' title='bbox 2287 2310 2496 2363; x_wconf 88' lang='lat' dir='ltr'>vestris</span> <span class='ocrx_word' id='word_1_377' title='bbox 2530 2308 2790 2379; x_wconf 85' lang='lat' dir='ltr'>qualibet</span> <span class='ocrx_word' id='word_1_378' title='bbox 2812 2308 2956 2361; x_wconf 87' lang='lat' dir='ltr'>forte</span> <span class='ocrx_word' id='word_1_379' title='bbox 2980 2306 3287 2375; x_wconf 84' lang='lat' dir='ltr'>subripiat,</span> <span class='ocrx_word' id='word_1_380' title='bbox 3314 2304 3452 2374; x_wconf 88' lang='lat' dir='ltr'>quia</span> <span class='ocrx_word' id='word_1_381' title='bbox 3474 2305 3633 2358; x_wconf 92' lang='lat' dir='ltr'>Mon-</span> 
     </span>
    </p>
   </div>
   <div class='ocr_carea' id='block_1_56' title="bbox 1982 2394 3636 2466">
    <p class='ocr_par' dir='ltr' id='par_1_56' title="bbox 1982 2394 3636 2466">
     <span class='ocr_line' id='line_1_57' title="bbox 1982 2394 3636 2466; baseline -0.004 -15"><span class='ocrx_word' id='word_1_382' title='bbox 1982 2398 2285 2452; x_wconf 89' lang='lat' dir='ltr'>tanianum</span> <span class='ocrx_word' id='word_1_383' title='bbox 2312 2397 2503 2464; x_wconf 92' lang='lat' dir='ltr'>illum,</span> <span class='ocrx_word' id='word_1_384' title='bbox 2530 2399 2600 2451; x_wconf 90' lang='lat' dir='ltr'>de</span> <span class='ocrx_word' id='word_1_385' title='bbox 2630 2398 2800 2466; x_wconf 89' lang='lat' dir='ltr'>cujus</span> <span class='ocrx_word' id='word_1_386' title='bbox 2823 2395 3152 2450; x_wconf 86' lang='lat' dir='ltr'>substantia</span> <span class='ocrx_word' id='word_1_387' title='bbox 3174 2394 3636 2464; x_wconf 84' lang='lat' dir='ltr'>agitur,constat</span> 
     </span>
    </p>
   </div>
   <div class='ocr_carea' id='block_1_57' title="bbox 1981 2480 3631 2557">
    <p class='ocr_par' dir='ltr' id='par_1_57' title="bbox 1981 2480 3631 2557">
     <span class='ocr_line' id='line_1_58' title="bbox 1981 2480 3631 2557; baseline -0.005 -16"><span class='ocrx_word' id='word_1_388' title='bbox 1981 2487 2108 2541; x_wconf 82' lang='lat' dir='ltr'>sine</span> <span class='ocrx_word' id='word_1_389' title='bbox 2140 2486 2394 2557; x_wconf 84' lang='lat' dir='ltr'>prepriis</span> <span class='ocrx_word' id='word_1_390' title='bbox 2428 2486 2629 2539; x_wconf 89' lang='lat' dir='ltr'>liberis</span> <span class='ocrx_word' id='word_1_391' title='bbox 2659 2484 3003 2549; x_wconf 89' lang='lat' dir='ltr'>decessisse,</span> <span class='ocrx_word' id='word_1_392' title='bbox 3038 2487 3093 2537; x_wconf 87' lang='lat' dir='ltr'>et</span> <span class='ocrx_word' id='word_1_393' title='bbox 3135 2482 3396 2552; x_wconf 86' lang='lat' dir='ltr'>germani</span> <span class='ocrx_word' id='word_1_394' title='bbox 3434 2480 3631 2534; x_wconf 85' lang='lat' dir='ltr'>fratris</span> 
     </span>
    </p>
   </div>
   <div class='ocr_carea' id='block_1_58' title="bbox 1982 2571 3632 2646">
    <p class='ocr_par' dir='ltr' id='par_1_58' title="bbox 1982 2571 3632 2646">
     <span class='ocr_line' id='line_1_59' title="bbox 1982 2571 3632 2646; baseline -0.004 -17"><span class='ocrx_word' id='word_1_395' title='bbox 1982 2575 2155 2640; x_wconf 87' lang='lat' dir='ltr'>ﬁlios,</span> <span class='ocrx_word' id='word_1_396' title='bbox 2190 2574 2632 2646; x_wconf 84' lang='lat' dir='ltr'>quieilegitima</span> <span class='ocrx_word' id='word_1_397' title='bbox 2666 2574 2887 2627; x_wconf 88' lang='lat' dir='ltr'>ratione</span> <span class='ocrx_word' id='word_1_398' title='bbox 2921 2573 3264 2633; x_wconf 83' lang='lat' dir='ltr'>succedunt,</span> <span class='ocrx_word' id='word_1_399' title='bbox 3290 2571 3632 2639; x_wconf 81' lang='lat' dir='ltr'>superstites</span> 
     </span>
    </p>
   </div>
   <div class='ocr_carea' id='block_1_59' title="bbox 1982 2657 3633 2734">
    <p class='ocr_par' dir='ltr' id='par_1_59' title="bbox 1982 2657 3633 2734">
     <span class='ocr_line' id='line_1_60' title="bbox 1982 2657 3633 2734; baseline -0.005 -16"><span class='ocrx_word' id='word_1_400' title='bbox 1982 2664 2302 2732; x_wconf 89' lang='lat' dir='ltr'>dimisisse,</span> <span class='ocrx_word' id='word_1_401' title='bbox 2336 2680 2401 2718; x_wconf 89' lang='lat' dir='ltr'>ac</span> <span class='ocrx_word' id='word_1_402' title='bbox 2433 2662 2933 2734; x_wconf 83' lang='lat' dir='ltr'>proptereaistum</span> <span class='ocrx_word' id='word_1_403' title='bbox 2961 2660 3424 2725; x_wconf 81' lang='lat' dir='ltr'>Montanianum,</span> <span class='ocrx_word' id='word_1_404' title='bbox 3448 2657 3517 2710; x_wconf 91' lang='lat' dir='ltr'>de</span> <span class='ocrx_word' id='word_1_405' title='bbox 3535 2673 3633 2710; x_wconf 91' lang='lat' dir='ltr'>cu-</span> 
     </span>
    </p>
   </div>
   <div class='ocr_carea' id='block_1_60' title="bbox 1976 2744 3630 2825">
    <p class='ocr_par' dir='ltr' id='par_1_60' title="bbox 1976 2744 3630 2825">
     <span class='ocr_line' id='line_1_61' title="bbox 1976 2744 3630 2825; baseline -0.007 -16"><span class='ocrx_word' id='word_1_406' title='bbox 1976 2754 2075 2825; x_wconf 90' lang='lat' dir='ltr'>jus</span> <span class='ocrx_word' id='word_1_407' title='bbox 2108 2752 2438 2807; x_wconf 84' lang='lat' dir='ltr'>substantia</span> <span class='ocrx_word' id='word_1_408' title='bbox 2460 2752 2674 2822; x_wconf 83' lang='lat' dir='ltr'>agitur,</span> <span class='ocrx_word' id='word_1_409' title='bbox 2697 2750 2914 2804; x_wconf 89' lang='lat' dir='ltr'>nullam</span> <span class='ocrx_word' id='word_1_410' title='bbox 2934 2749 3145 2802; x_wconf 82' lang='lat' dir='ltr'>habere</span> <span class='ocrx_word' id='word_1_411' title='bbox 3170 2748 3223 2800; x_wconf 92' lang='lat' dir='ltr'>in</span> <span class='ocrx_word' id='word_1_412' title='bbox 3250 2744 3630 2800; x_wconf 83' lang='lat' dir='ltr'>illiusdetun-</span> 
     </span>
    </p>
   </div>
   <div class='ocr_carea' id='block_1_61' title="bbox 1982 2833 3633 2912">
    <p class='ocr_par' dir='ltr' id='par_1_61' title="bbox 1982 2833 3633 2912">
     <span class='ocr_line' id='line_1_62' title="bbox 1982 2833 3633 2912; baseline -0.006 -15"><span class='ocrx_word' id='word_1_413' title='bbox 1982 2844 2057 2898; x_wconf 91' lang='lat' dir='ltr'>cti</span> <span class='ocrx_word' id='word_1_414' title='bbox 2091 2840 2457 2897; x_wconf 90' lang='lat' dir='ltr'>successione</span> <span class='ocrx_word' id='word_1_415' title='bbox 2501 2855 2833 2912; x_wconf 89' lang='lat' dir='ltr'>personam.</span> <span class='ocrx_word' id='word_1_416' title='bbox 2894 2837 3060 2903; x_wconf 86' lang='lat' dir='ltr'>Nam,</span> <span class='ocrx_word' id='word_1_417' title='bbox 3119 2836 3226 2889; x_wconf 85' lang='lat' dir='ltr'>etsi</span> <span class='ocrx_word' id='word_1_418' title='bbox 3288 2833 3633 2905; x_wconf 88' lang='lat' dir='ltr'>principalia</span> 
     </span>
    </p>
   </div>
   <div class='ocr_carea' id='block_1_62' title="bbox 1983 2920 3631 3001">
    <p class='ocr_par' dir='ltr' id='par_1_62' title="bbox 1983 2920 3631 3001">
     <span class='ocr_line' id='line_1_63' title="bbox 1983 2920 3631 3001; baseline -0.005 -15"><span class='ocrx_word' id='word_1_419' title='bbox 1983 2947 2148 2986; x_wconf 88' lang='lat' dir='ltr'>sacra</span> <span class='ocrx_word' id='word_1_420' title='bbox 2172 2930 2516 3001; x_wconf 90' lang='lat' dir='ltr'>promeruit,</span> <span class='ocrx_word' id='word_1_421' title='bbox 2571 2929 2681 2983; x_wconf 90' lang='lat' dir='ltr'>hoc</span> <span class='ocrx_word' id='word_1_422' title='bbox 2714 2925 3133 2992; x_wconf 78' lang='lat' dir='ltr'>illislegitimis</span> <span class='ocrx_word' id='word_1_423' title='bbox 3192 2920 3631 2977; x_wconf 84' lang='lat' dir='ltr'>successoribus</span> 
     </span>
    </p>
   </div>
   <div class='ocr_carea' id='block_1_63' title="bbox 1988 3009 3633 3090">
    <p class='ocr_par' dir='ltr' id='par_1_63' title="bbox 1988 3009 3633 3090">
     <span class='ocr_line' id='line_1_64' title="bbox 1988 3009 3633 3090; baseline -0.006 -17"><span class='ocrx_word' id='word_1_424' title='bbox 1988 3019 2363 3090; x_wconf 71' lang='lat' dir='ltr'>przejudicare</span> <span class='ocrx_word' id='word_1_425' title='bbox 2396 3017 2477 3071; x_wconf 92' lang='lat' dir='ltr'>nil</span> <span class='ocrx_word' id='word_1_426' title='bbox 2513 3016 2744 3088; x_wconf 82' lang='lat' dir='ltr'>poterit,</span> <span class='ocrx_word' id='word_1_427' title='bbox 2778 3016 2915 3086; x_wconf 90' lang='lat' dir='ltr'>quia</span> <span class='ocrx_word' id='word_1_428' title='bbox 2948 3015 3072 3084; x_wconf 88' lang='lat' dir='ltr'>ipse</span> <span class='ocrx_word' id='word_1_429' title='bbox 3131 3009 3633 3066; x_wconf 87' lang='lat' dir='ltr'>clementissimus</span> 
     </span>
    </p>
   </div>
   <div class='ocr_carea' id='block_1_64' title="bbox 227 3097 3632 3193">
    <p class='ocr_par' dir='ltr' id='par_1_64' title="bbox 227 3097 3632 3193">
     <span class='ocr_line' id='line_1_65' title="bbox 227 3097 3632 3193; baseline -0.004 -30"><span class='ocrx_word' id='word_1_430' title='bbox 227 3109 361 3193; x_wconf 51' lang='lat' dir='ltr'>CAP,</span> <span class='ocrx_word' id='word_1_431' title='bbox 395 3110 586 3193; x_wconf 47' lang='lat'>63..—_-</span> <span class='ocrx_word' id='word_1_432' title='bbox 635 3111 710 3165; x_wconf 85' lang='lat' dir='ltr'>De</span> <span class='ocrx_word' id='word_1_433' title='bbox 738 3111 1229 3193; x_wconf 44' lang='lat' dir='ltr'>pgnitentiafjus</span> <span class='ocrx_word' id='word_1_434' title='bbox 1249 3111 1345 3190; x_wconf 80' lang='lat' dir='ltr'>qui</span> <span class='ocrx_word' id='word_1_435' title='bbox 1372 3110 1511 3193; x_wconf 76' lang='lat' dir='ltr'>duas</span> <span class='ocrx_word' id='word_1_436' title='bbox 1550 3110 1869 3193; x_wconf 34' lang='lat' dir='ltr'>uagqresﬁni-</span> <span class='ocrx_word' id='word_1_437' title='bbox 1902 3126 1945 3193; x_wconf 70' lang='grc' dir='ltr'><strong>ρ</strong></span> <span class='ocrx_word' id='word_1_438' title='bbox 1983 3106 2615 3178; x_wconf 87' lang='lat' dir='ltr'>imperatorgenerales</span> <span class='ocrx_word' id='word_1_439' title='bbox 2639 3105 2795 3175; x_wconf 84' lang='lat' dir='ltr'>leges</span> <span class='ocrx_word' id='word_1_440' title='bbox 2812 3098 3463 3193; x_wconf 66' lang='lat' dir='ltr'>protulitquibusjulet</span> <span class='ocrx_word' id='word_1_441' title='bbox 3486 3097 3632 3152; x_wconf 84' lang='lat' dir='ltr'>nulli</span> 
     </span>
    </p>
   </div>
   <div class='ocr_carea' id='block_1_65' title="bbox 294 3181 1869 3252">
    <p class='ocr_par' dir='ltr' id='par_1_65' title="bbox 294 3181 1869 3252">
     <span class='ocr_line' id='line_1_66' title="bbox 294 3181 1869 3252; baseline 0 -17"><span class='ocrx_word' id='word_1_442' title='bbox 294 3183 435 3235; x_wconf 84' lang='lat' dir='ltr'>titur</span> <span class='ocrx_word' id='word_1_443' title='bbox 485 3182 705 3236; x_wconf 84' lang='lat' dir='ltr'>habere.</span> <span class='ocrx_word' id='word_1_444' title='bbox 740 3181 1031 3252; x_wconf 70' lang='lat' dir='ltr'>Responsa</span> <span class='ocrx_word' id='word_1_445' title='bbox 1077 3181 1292 3237; x_wconf 79' lang='lat' dir='ltr'>Nicolai</span> <span class='ocrx_word' id='word_1_446' title='bbox 1321 3181 1390 3237; x_wconf 88' lang='lat' dir='ltr'>ad</span> <span class='ocrx_word' id='word_1_447' title='bbox 1438 3182 1689 3236; x_wconf 87' lang='lat' dir='ltr'>consulta</span> <span class='ocrx_word' id='word_1_448' title='bbox 1740 3182 1869 3235; x_wconf 87' lang='lat' dir='ltr'>Bul-</span> 
     </span>
    </p>
   </div>
   <div class='ocr_carea' id='block_1_66' title="bbox 292 3253 841 3324">
    <p class='ocr_par' dir='ltr' id='par_1_66' title="bbox 292 3253 841 3324">
     <span class='ocr_line' id='line_1_67' title="bbox 292 3253 841 3324; baseline 0.002 -17"><span class='ocrx_word' id='word_1_449' title='bbox 292 3268 585 3323; x_wconf 87' lang='lat' dir='ltr'>garorum,</span> <span class='ocrx_word' id='word_1_450' title='bbox 610 3270 727 3324; x_wconf 88' lang='lat' dir='ltr'>cap.</span> <span class='ocrx_word' id='word_1_451' title='bbox 752 3253 841 3309; x_wconf 81' lang='grc'>51.</span> 
     </span>
    </p>
   </div>
   <div class='ocr_carea' id='block_1_67' title="bbox 292 3341 1871 3413">
    <p class='ocr_par' dir='ltr' id='par_1_67' title="bbox 292 3341 1871 3413">
     <span class='ocr_line' id='line_1_68' title="bbox 292 3341 1871 3413; baseline 0.001 -19"><span class='ocrx_word' id='word_1_452' title='bbox 292 3341 461 3410; x_wconf 89' lang='lat' dir='ltr'>Apud</span> <span class='ocrx_word' id='word_1_453' title='bbox 478 3356 649 3411; x_wconf 87' lang='lat' dir='ltr'>quem</span> <span class='ocrx_word' id='word_1_454' title='bbox 678 3358 792 3397; x_wconf 93' lang='lat' dir='ltr'>uno</span> <span class='ocrx_word' id='word_1_455' title='bbox 819 3346 1081 3413; x_wconf 88' lang='lat' dir='ltr'>tempore</span> <span class='ocrx_word' id='word_1_456' title='bbox 1104 3343 1230 3397; x_wconf 67' lang='lat' dir='ltr'>duis</span> <span class='ocrx_word' id='word_1_457' title='bbox 1251 3342 1871 3408; x_wconf 86' lang='lat' dir='ltr'>uxoresinveniuntur,</span> 
     </span>
    </p>
   </div>
   <div class='ocr_carea' id='block_1_68' title="bbox 228 3426 1873 3503">
    <p class='ocr_par' dir='ltr' id='par_1_68' title="bbox 228 3426 1873 3503">
     <span class='ocr_line' id='line_1_69' title="bbox 228 3426 1873 3503; baseline 0.002 -21"><span class='ocrx_word' id='word_1_458' title='bbox 228 3426 469 3484; x_wconf 88' lang='lat' dir='ltr'>interim</span> <span class='ocrx_word' id='word_1_459' title='bbox 502 3429 693 3501; x_wconf 88' lang='lat' dir='ltr'>priore</span> <span class='ocrx_word' id='word_1_460' title='bbox 716 3436 962 3496; x_wconf 87' lang='lat' dir='ltr'>retenta,</span> <span class='ocrx_word' id='word_1_461' title='bbox 988 3432 1371 3502; x_wconf 87' lang='lat' dir='ltr'>posteriorem</span> <span class='ocrx_word' id='word_1_462' title='bbox 1434 3436 1678 3503; x_wconf 85' lang='lat' dir='ltr'>cogatur</span> <span class='ocrx_word' id='word_1_463' title='bbox 1701 3431 1873 3486; x_wconf 89' lang='lat' dir='ltr'>amit-</span> 
     </span>
    </p>
   </div>
   <div class='ocr_carea' id='block_1_69' title="bbox 223 3517 1875 3591">
    <p class='ocr_par' dir='ltr' id='par_1_69' title="bbox 223 3517 1875 3591">
     <span class='ocr_line' id='line_1_70' title="bbox 223 3517 1875 3591; baseline 0.002 -20"><span class='ocrx_word' id='word_1_464' title='bbox 223 3520 386 3585; x_wconf 87' lang='lat' dir='ltr'>tere;</span> <span class='ocrx_word' id='word_1_465' title='bbox 435 3517 678 3589; x_wconf 89' lang='lat' dir='ltr'>insuper</span> <span class='ocrx_word' id='word_1_466' title='bbox 706 3523 763 3573; x_wconf 90' lang='lat' dir='ltr'>et</span> <span class='ocrx_word' id='word_1_467' title='bbox 791 3519 1193 3591; x_wconf 68' lang='lat' dir='ltr'>paenitentiam</span> <span class='ocrx_word' id='word_1_468' title='bbox 1230 3536 1405 3591; x_wconf 90' lang='lat' dir='ltr'>quam</span> <span class='ocrx_word' id='word_1_469' title='bbox 1451 3520 1561 3574; x_wconf 91' lang='lat' dir='ltr'>loci</span> <span class='ocrx_word' id='word_1_470' title='bbox 1604 3521 1875 3576; x_wconf 88' lang='lat' dir='ltr'>sacerdos</span> 
     </span>
    </p>
   </div>
   <div class='ocr_carea' id='block_1_70' title="bbox 227 3605 1339 3679">
    <p class='ocr_par' dir='ltr' id='par_1_70' title="bbox 227 3605 1339 3679">
     <span class='ocr_line' id='line_1_71' title="bbox 227 3605 1339 3679; baseline 0.004 -21"><span class='ocrx_word' id='word_1_471' title='bbox 227 3605 581 3675; x_wconf 69' lang='lat' dir='ltr'>praevidet-it,</span> <span class='ocrx_word' id='word_1_472' title='bbox 616 3607 1001 3679; x_wconf 87' lang='lat' dir='ltr'>compellatur</span> <span class='ocrx_word' id='word_1_473' title='bbox 1023 3608 1339 3679; x_wconf 87' lang='lat' dir='ltr'>suscipere.</span> 
     </span>
    </p>
   </div>
   <div class='ocr_carea' id='block_1_71' title="bbox 226 3692 1875 3754">
    <p class='ocr_par' dir='ltr' id='par_1_71' title="bbox 226 3692 1875 3754">
     <span class='ocr_line' id='line_1_72' title="bbox 226 3692 1875 3754; baseline 0.004 -7"><span class='ocrx_word' id='word_1_474' title='bbox 226 3692 367 3748; x_wconf 89' lang='lat' dir='ltr'>CAP.</span> <span class='ocrx_word' id='word_1_475' title='bbox 415 3695 506 3748; x_wconf 78' lang='grc'>64.</span> <span class='ocrx_word' id='word_1_476' title='bbox 564 3725 635 3736; x_wconf 90' lang='grc'><strong><em>-</em></strong></span> <span class='ocrx_word' id='word_1_477' title='bbox 695 3697 755 3752; x_wconf 91' lang='lat' dir='ltr'>Ut</span> <span class='ocrx_word' id='word_1_478' title='bbox 806 3696 1012 3752; x_wconf 85' lang='lat' dir='ltr'>habens</span> <span class='ocrx_word' id='word_1_479' title='bbox 1079 3697 1441 3752; x_wconf 67' lang='lat' dir='ltr'>concubinam</span> <span class='ocrx_word' id='word_1_480' title='bbox 1493 3699 1544 3751; x_wconf 85' lang='lat' dir='ltr'>si</span> <span class='ocrx_word' id='word_1_481' title='bbox 1600 3698 1718 3752; x_wconf 81' lang='lat' dir='ltr'>alia</span> <span class='ocrx_word' id='word_1_482' title='bbox 1766 3715 1875 3754; x_wconf 85' lang='lat' dir='ltr'>non</span> 
     </span>
    </p>
   </div>
   <div class='ocr_carea' id='block_1_72' title="bbox 300 3768 1872 3891">
    <p class='ocr_par' dir='ltr' id='par_1_72' title="bbox 300 3768 1872 3891">
     <span class='ocr_line' id='line_1_73' title="bbox 300 3768 1872 3891; baseline 0.004 -73"><span class='ocrx_word' id='word_1_483' title='bbox 300 3768 510 3834; x_wconf 84' lang='lat' dir='ltr'>utatur,</span> <span class='ocrx_word' id='word_1_484' title='bbox 569 3768 954 3891; x_wconf 50' lang='lat' dir='ltr'>coinymunione</span> <span class='ocrx_word' id='word_1_485' title='bbox 996 3783 1105 3823; x_wconf 85' lang='lat' dir='ltr'>non</span> <span class='ocrx_word' id='word_1_486' title='bbox 1167 3768 1436 3839; x_wconf 80' lang='lat' dir='ltr'>privetur.</span> <span class='ocrx_word' id='word_1_487' title='bbox 1488 3770 1570 3823; x_wconf 69' lang='lat' dir='ltr'>Ex</span> <span class='ocrx_word' id='word_1_488' title='bbox 1604 3771 1872 3836; x_wconf 84' lang='lat' dir='ltr'>Toletano,</span> 
     </span>
     <span class='ocr_line' id='line_1_74' title="bbox 301 3852 721 3891; baseline 0 0"><span class='ocrx_word' id='word_1_489' title='bbox 301 3852 597 3891; x_wconf 85' lang='lat' dir='ltr'>conc.1.c.</span> <span class='ocrx_word' id='word_1_490' title='bbox 709 3881 721 3891; x_wconf 92' lang='lat'>.</span> 
     </span>
    </p>
   </div>
   <div class='ocr_carea' id='block_1_73' title="bbox 301 3852 721 3903">
    <p class='ocr_par' dir='ltr' id='par_1_73' title="bbox 301 3852 721 3903">
     <span class='ocr_line' id='line_1_75' title="bbox 301 3852 721 3903; baseline 0.002 -12"><span class='ocrx_word' id='word_1_491' title='bbox 301 3852 453 3891; x_wconf 86' lang='lat' dir='ltr'>conc.</span> <span class='ocrx_word' id='word_1_492' title='bbox 488 3854 529 3903; x_wconf 87' lang='lat'>1,</span> <span class='ocrx_word' id='word_1_493' title='bbox 552 3853 597 3891; x_wconf 92' lang='lat' dir='ltr'>c.</span> <span class='ocrx_word' id='word_1_494' title='bbox 634 3852 721 3892; x_wconf 83' lang='lat'>1&#39;1.</span> 
     </span>
    </p>
   </div>
   <div class='ocr_carea' id='block_1_74' title="bbox 304 3924 1873 3998">
    <p class='ocr_par' dir='ltr' id='par_1_74' title="bbox 304 3924 1873 3998">
     <span class='ocr_line' id='line_1_76' title="bbox 304 3924 1873 3998; baseline 0.003 -20"><span class='ocrx_word' id='word_1_495' title='bbox 304 3924 421 3979; x_wconf 84' lang='lat' dir='ltr'>Dist</span> <span class='ocrx_word' id='word_1_496' title='bbox 445 3926 536 3994; x_wconf 82' lang='grc'>34,</span> <span class='ocrx_word' id='word_1_497' title='bbox 576 3942 625 3996; x_wconf 92' lang='lat' dir='ltr'>c,</span> <span class='ocrx_word' id='word_1_498' title='bbox 660 3928 706 3981; x_wconf 87' lang='lat' dir='ltr'>Is</span> <span class='ocrx_word' id='word_1_499' title='bbox 747 3928 843 3998; x_wconf 86' lang='lat' dir='ltr'>qui</span> <span class='ocrx_word' id='word_1_500' title='bbox 880 3927 1039 3997; x_wconf 87' lang='lat' dir='ltr'>non.)</span> <span class='ocrx_word' id='word_1_501' title='bbox 1072 3927 1130 3982; x_wconf 91' lang='lat' dir='ltr'>Si</span> <span class='ocrx_word' id='word_1_502' title='bbox 1181 3928 1315 3998; x_wconf 91' lang='lat' dir='ltr'>quis</span> <span class='ocrx_word' id='word_1_503' title='bbox 1363 3927 1586 3983; x_wconf 89' lang='lat' dir='ltr'>habens</span> <span class='ocrx_word' id='word_1_504' title='bbox 1637 3945 1873 3983; x_wconf 89' lang='lat' dir='ltr'>uxorem</span> 
     </span>
    </p>
   </div>
   <div class='ocr_carea' id='block_1_75' title="bbox 230 4012 1876 4085">
    <p class='ocr_par' dir='ltr' id='par_1_75' title="bbox 230 4012 1876 4085">
     <span class='ocr_line' id='line_1_77' title="bbox 230 4012 1876 4085; baseline 0.004 -20"><span class='ocrx_word' id='word_1_505' title='bbox 230 4012 479 4075; x_wconf 84' lang='lat' dir='ltr'>ﬁdelem,</span> <span class='ocrx_word' id='word_1_506' title='bbox 510 4015 897 4070; x_wconf 91' lang='lat' dir='ltr'>concubinam</span> <span class='ocrx_word' id='word_1_507' title='bbox 922 4016 1153 4085; x_wconf 88' lang='lat' dir='ltr'>habeat,</span> <span class='ocrx_word' id='word_1_508' title='bbox 1174 4033 1287 4071; x_wconf 91' lang='lat' dir='ltr'>non</span> <span class='ocrx_word' id='word_1_509' title='bbox 1313 4017 1725 4072; x_wconf 89' lang='lat' dir='ltr'>communicet.</span> <span class='ocrx_word' id='word_1_510' title='bbox 1757 4018 1876 4072; x_wconf 68' lang='lat' dir='ltr'>Cie-</span> 
     </span>
    </p>
   </div>
   <div class='ocr_carea' id='block_1_76' title="bbox 228 4103 1875 4176">
    <p class='ocr_par' dir='ltr' id='par_1_76' title="bbox 228 4103 1875 4176">
     <span class='ocr_line' id='line_1_78' title="bbox 228 4103 1875 4176; baseline 0.004 -22"><span class='ocrx_word' id='word_1_511' title='bbox 228 4106 421 4157; x_wconf 89' lang='lat' dir='ltr'>terum</span> <span class='ocrx_word' id='word_1_512' title='bbox 455 4103 501 4157; x_wconf 85' lang='lat' dir='ltr'>is</span> <span class='ocrx_word' id='word_1_513' title='bbox 533 4103 630 4174; x_wconf 91' lang='lat' dir='ltr'>qui</span> <span class='ocrx_word' id='word_1_514' title='bbox 666 4120 779 4158; x_wconf 89' lang='lat' dir='ltr'>non</span> <span class='ocrx_word' id='word_1_515' title='bbox 815 4103 990 4159; x_wconf 87' lang='lat' dir='ltr'>habet</span> <span class='ocrx_word' id='word_1_516' title='bbox 1022 4121 1284 4173; x_wconf 88' lang='lat' dir='ltr'>uxorem,</span> <span class='ocrx_word' id='word_1_517' title='bbox 1319 4109 1375 4159; x_wconf 90' lang='lat' dir='ltr'>et</span> <span class='ocrx_word' id='word_1_518' title='bbox 1401 4122 1502 4176; x_wconf 89' lang='lat' dir='ltr'>pro</span> <span class='ocrx_word' id='word_1_519' title='bbox 1537 4122 1711 4161; x_wconf 88' lang='lat' dir='ltr'>uxore</span> <span class='ocrx_word' id='word_1_520' title='bbox 1741 4122 1875 4161; x_wconf 92' lang='lat' dir='ltr'>con-</span> 
     </span>
    </p>
   </div>
   <div class='ocr_carea' id='block_1_77' title="bbox 228 4188 1874 4265">
    <p class='ocr_par' dir='ltr' id='par_1_77' title="bbox 228 4188 1874 4265">
     <span class='ocr_line' id='line_1_79' title="bbox 228 4188 1874 4265; baseline 0.004 -23"><span class='ocrx_word' id='word_1_521' title='bbox 228 4188 503 4243; x_wconf 90' lang='lat' dir='ltr'>cubinam</span> <span class='ocrx_word' id='word_1_522' title='bbox 538 4189 733 4260; x_wconf 90' lang='lat' dir='ltr'>habet,</span> <span class='ocrx_word' id='word_1_523' title='bbox 768 4209 800 4246; x_wconf 90' lang='lat' dir='ltr'>a</span> <span class='ocrx_word' id='word_1_524' title='bbox 822 4192 1238 4248; x_wconf 89' lang='lat' dir='ltr'>communione</span> <span class='ocrx_word' id='word_1_525' title='bbox 1261 4210 1374 4249; x_wconf 89' lang='lat' dir='ltr'>non</span> <span class='ocrx_word' id='word_1_526' title='bbox 1394 4194 1728 4265; x_wconf 77' lang='lat' dir='ltr'>repellatur,</span> <span class='ocrx_word' id='word_1_527' title='bbox 1748 4199 1874 4249; x_wconf 90' lang='lat' dir='ltr'>tan-</span> 
     </span>
    </p>
   </div>
   <div class='ocr_carea' id='block_1_78' title="bbox 229 4278 1878 4349">
    <p class='ocr_par' dir='ltr' id='par_1_78' title="bbox 229 4278 1878 4349">
     <span class='ocr_line' id='line_1_80' title="bbox 229 4278 1878 4349; baseline 0.004 -17"><span class='ocrx_word' id='word_1_528' title='bbox 229 4280 357 4332; x_wconf 88' lang='lat' dir='ltr'>tum</span> <span class='ocrx_word' id='word_1_529' title='bbox 389 4282 454 4332; x_wconf 90' lang='lat' dir='ltr'>ut</span> <span class='ocrx_word' id='word_1_530' title='bbox 482 4280 663 4335; x_wconf 89' lang='lat' dir='ltr'>unius</span> <span class='ocrx_word' id='word_1_531' title='bbox 694 4278 985 4347; x_wconf 88' lang='lat' dir='ltr'>mulieris,</span> <span class='ocrx_word' id='word_1_532' title='bbox 1017 4284 1117 4335; x_wconf 89' lang='lat' dir='ltr'>aut</span> <span class='ocrx_word' id='word_1_533' title='bbox 1150 4282 1365 4349; x_wconf 84' lang='lat' dir='ltr'>uxoris,</span> <span class='ocrx_word' id='word_1_534' title='bbox 1400 4288 1497 4337; x_wconf 89' lang='lat' dir='ltr'>aut</span> <span class='ocrx_word' id='word_1_535' title='bbox 1536 4283 1878 4339; x_wconf 65' lang='lat' dir='ltr'>concubina:</span> 
     </span>
    </p>
   </div>
   <div class='ocr_carea' id='block_1_79' title="bbox 227 4365 1877 4438">
    <p class='ocr_par' dir='ltr' id='par_1_79' title="bbox 227 4365 1877 4438">
     <span class='ocr_line' id='line_1_81' title="bbox 227 4365 1877 4438; baseline 0.005 -20"><span class='ocrx_word' id='word_1_536' title='bbox 227 4365 320 4435; x_wconf 84' lang='lat' dir='ltr'>(ut</span> <span class='ocrx_word' id='word_1_537' title='bbox 375 4365 426 4419; x_wconf 89' lang='lat' dir='ltr'>ei</span> <span class='ocrx_word' id='word_1_538' title='bbox 460 4365 763 4437; x_wconf 90' lang='lat' dir='ltr'>placuerit)</span> <span class='ocrx_word' id='word_1_539' title='bbox 797 4368 875 4424; x_wconf 90' lang='lat' dir='ltr'>sit</span> <span class='ocrx_word' id='word_1_540' title='bbox 904 4369 1317 4438; x_wconf 88' lang='lat' dir='ltr'>conjunctione</span> <span class='ocrx_word' id='word_1_541' title='bbox 1361 4374 1686 4426; x_wconf 91' lang='lat' dir='ltr'>contentus.</span> <span class='ocrx_word' id='word_1_542' title='bbox 1719 4371 1877 4427; x_wconf 89' lang='lat' dir='ltr'>Alias</span> 
     </span>
    </p>
   </div>
   <div class='ocr_carea' id='block_1_80' title="bbox 1984 3188 3634 3268">
    <p class='ocr_par' dir='ltr' id='par_1_80' title="bbox 1984 3188 3634 3268">
     <span class='ocr_line' id='line_1_82' title="bbox 1984 3188 3634 3268; baseline -0.005 -17"><span class='ocrx_word' id='word_1_543' title='bbox 1984 3198 2081 3268; x_wconf 90' lang='lat' dir='ltr'>qui</span> <span class='ocrx_word' id='word_1_544' title='bbox 2115 3198 2171 3250; x_wconf 90' lang='lat' dir='ltr'>in</span> <span class='ocrx_word' id='word_1_545' title='bbox 2190 3194 2461 3267; x_wconf 89' lang='lat' dir='ltr'>precibus</span> <span class='ocrx_word' id='word_1_546' title='bbox 2478 3196 2601 3249; x_wconf 90' lang='lat' dir='ltr'>suis</span> <span class='ocrx_word' id='word_1_547' title='bbox 2617 3191 3217 3265; x_wconf 84' lang='lat' dir='ltr'>deprehendituresse</span> <span class='ocrx_word' id='word_1_548' title='bbox 3236 3188 3540 3253; x_wconf 82' lang='lat' dir='ltr'>mentitus,</span> <span class='ocrx_word' id='word_1_549' title='bbox 3565 3204 3634 3242; x_wconf 91' lang='lat' dir='ltr'>ea</span> 
     </span>
    </p>
   </div>
   <div class='ocr_carea' id='block_1_81' title="bbox 1984 3278 3634 3355">
    <p class='ocr_par' dir='ltr' id='par_1_81' title="bbox 1984 3278 3634 3355">
     <span class='ocr_line' id='line_1_83' title="bbox 1984 3278 3634 3355; baseline -0.007 -15"><span class='ocrx_word' id='word_1_550' title='bbox 1984 3302 2151 3340; x_wconf 84' lang='lat' dir='ltr'>sacra</span> <span class='ocrx_word' id='word_1_551' title='bbox 2177 3285 2452 3355; x_wconf 88' lang='lat' dir='ltr'>prodesse</span> <span class='ocrx_word' id='word_1_552' title='bbox 2486 3300 2614 3354; x_wconf 69' lang='lat' dir='ltr'>qua:</span> <span class='ocrx_word' id='word_1_553' title='bbox 2647 3281 2879 3336; x_wconf 88' lang='lat' dir='ltr'>meruit.</span> <span class='ocrx_word' id='word_1_554' title='bbox 2915 3278 3021 3344; x_wconf 89' lang='lat' dir='ltr'>Qui</span> <span class='ocrx_word' id='word_1_555' title='bbox 3054 3294 3186 3334; x_wconf 89' lang='lat' dir='ltr'>cum</span> <span class='ocrx_word' id='word_1_556' title='bbox 3209 3281 3363 3331; x_wconf 89' lang='lat' dir='ltr'>esset</span> <span class='ocrx_word' id='word_1_557' title='bbox 3396 3281 3634 3329; x_wconf 84' lang='lat' dir='ltr'>natura-</span> 
     </span>
    </p>
   </div>
   <div class='ocr_carea' id='block_1_82' title="bbox 1982 3364 3629 3436">
    <p class='ocr_par' dir='ltr' id='par_1_82' title="bbox 1982 3364 3629 3436">
     <span class='ocr_line' id='line_1_84' title="bbox 1982 3364 3629 3436; baseline -0.007 -8"><span class='ocrx_word' id='word_1_558' title='bbox 1982 3374 2076 3432; x_wconf 80' lang='lat' dir='ltr'>lis.</span> <span class='ocrx_word' id='word_1_559' title='bbox 2108 3390 2166 3428; x_wconf 88' lang='lat' dir='ltr'>se</span> <span class='ocrx_word' id='word_1_560' title='bbox 2199 3377 2400 3427; x_wconf 86' lang='lat' dir='ltr'>contra</span> <span class='ocrx_word' id='word_1_561' title='bbox 2428 3372 2728 3426; x_wconf 87' lang='lat' dir='ltr'>veritatem</span> <span class='ocrx_word' id='word_1_562' title='bbox 2764 3369 2906 3423; x_wconf 90' lang='lat' dir='ltr'>dicit</span> <span class='ocrx_word' id='word_1_563' title='bbox 2937 3384 3064 3422; x_wconf 90' lang='lat' dir='ltr'>esse</span> <span class='ocrx_word' id='word_1_564' title='bbox 3087 3365 3439 3436; x_wconf 88' lang='lat' dir='ltr'>legitimum,</span> <span class='ocrx_word' id='word_1_565' title='bbox 3474 3364 3629 3434; x_wconf 90' lang='lat' dir='ltr'>quod</span> 
     </span>
    </p>
   </div>
   <div class='ocr_carea' id='block_1_83' title="bbox 1984 3455 3146 3528">
    <p class='ocr_par' dir='ltr' id='par_1_83' title="bbox 1984 3455 3146 3528">
     <span class='ocr_line' id='line_1_85' title="bbox 1984 3455 3146 3528; baseline -0.008 -11"><span class='ocrx_word' id='word_1_566' title='bbox 1984 3462 2146 3517; x_wconf 90' lang='lat' dir='ltr'>nulla</span> <span class='ocrx_word' id='word_1_567' title='bbox 2180 3462 2403 3517; x_wconf 88' lang='lat' dir='ltr'>ratione</span> <span class='ocrx_word' id='word_1_568' title='bbox 2432 3458 2748 3514; x_wconf 88' lang='lat' dir='ltr'>monstrari</span> <span class='ocrx_word' id='word_1_569' title='bbox 2780 3456 2905 3528; x_wconf 90' lang='lat' dir='ltr'>lege</span> <span class='ocrx_word' id='word_1_570' title='bbox 2942 3455 3146 3527; x_wconf 89' lang='lat' dir='ltr'>potuit.</span> 
     </span>
    </p>
   </div>
   <div class='ocr_carea' id='block_1_84' title="bbox 1983 3541 3631 3615">
    <p class='ocr_par' dir='ltr' id='par_1_84' title="bbox 1983 3541 3631 3615">
     <span class='ocr_line' id='line_1_86' title="bbox 1983 3541 3631 3615; baseline -0.008 -9"><span class='ocrx_word' id='word_1_571' title='bbox 1983 3551 2115 3606; x_wconf 80' lang='lat' dir='ltr'>CAP.</span> <span class='ocrx_word' id='word_1_572' title='bbox 2150 3552 2239 3603; x_wconf 73' lang='lat'>68.</span> <span class='ocrx_word' id='word_1_573' title='bbox 2273 3580 2339 3587; x_wconf 90' lang='lat'><strong>—</strong></span> <span class='ocrx_word' id='word_1_574' title='bbox 2372 3550 2529 3615; x_wconf 85' lang='lat' dir='ltr'>Quod</span> <span class='ocrx_word' id='word_1_575' title='bbox 2558 3546 2623 3601; x_wconf 89' lang='lat' dir='ltr'>de</span> <span class='ocrx_word' id='word_1_576' title='bbox 2655 3548 2916 3613; x_wconf 82' lang='lat' dir='ltr'>legitimis</span> <span class='ocrx_word' id='word_1_577' title='bbox 2947 3546 3156 3615; x_wconf 80' lang='lat' dir='ltr'>nuptiis</span> <span class='ocrx_word' id='word_1_578' title='bbox 3200 3541 3477 3615; x_wconf 81' lang='lat' dir='ltr'>procreati</span> <span class='ocrx_word' id='word_1_579' title='bbox 3528 3556 3631 3609; x_wconf 91' lang='lat' dir='ltr'>pa-</span> 
     </span>
    </p>
   </div>
   <div class='ocr_carea' id='block_1_85' title="bbox 2054 3612 3628 3689">
    <p class='ocr_par' dir='ltr' id='par_1_85' title="bbox 2054 3612 3628 3689">
     <span class='ocr_line' id='line_1_87' title="bbox 2054 3612 3628 3689; baseline -0.007 -13"><span class='ocrx_word' id='word_1_580' title='bbox 2054 3631 2213 3687; x_wconf 88' lang='lat' dir='ltr'>trem,</span> <span class='ocrx_word' id='word_1_581' title='bbox 2248 3612 2412 3687; x_wconf 81' lang='lat' dir='ltr'>vulgo</span> <span class='ocrx_word' id='word_1_582' title='bbox 2433 3619 2654 3689; x_wconf 61' lang='lat' dir='ltr'>quaesiti</span> <span class='ocrx_word' id='word_1_583' title='bbox 2676 3612 2903 3672; x_wconf 85' lang='lat' dir='ltr'>matrem</span> <span class='ocrx_word' id='word_1_584' title='bbox 2937 3612 3254 3686; x_wconf 80' lang='lat' dir='ltr'>sequantur.</span> <span class='ocrx_word' id='word_1_585' title='bbox 3314 3612 3628 3666; x_wconf 86' lang='lat' dir='ltr'>Pandecta-</span> 
     </span>
    </p>
   </div>
   <div class='ocr_carea' id='block_1_86' title="bbox 2054 3693 2581 3756">
    <p class='ocr_par' dir='ltr' id='par_1_86' title="bbox 2054 3693 2581 3756">
     <span class='ocr_line' id='line_1_88' title="bbox 2054 3693 2581 3756; baseline -0.008 -9"><span class='ocrx_word' id='word_1_586' title='bbox 2054 3711 2176 3748; x_wconf 87' lang='lat' dir='ltr'>rum</span> <span class='ocrx_word' id='word_1_587' title='bbox 2211 3693 2303 3747; x_wconf 86' lang='lat' dir='ltr'>lib.</span> <span class='ocrx_word' id='word_1_588' title='bbox 2336 3709 2376 3756; x_wconf 87' lang='lat'>1,</span> <span class='ocrx_word' id='word_1_589' title='bbox 2408 3693 2493 3745; x_wconf 83' lang='lat' dir='ltr'>tit.</span> <span class='ocrx_word' id='word_1_590' title='bbox 2526 3707 2581 3743; x_wconf 89' lang='grc' dir='ltr'>ν.</span> 
     </span>
    </p>
   </div>
   <div class='ocr_carea' id='block_1_87' title="bbox 2053 3770 3629 3852">
    <p class='ocr_par' dir='ltr' id='par_1_87' title="bbox 2053 3770 3629 3852">
     <span class='ocr_line' id='line_1_89' title="bbox 2053 3770 3629 3852; baseline -0.008 -15"><span class='ocrx_word' id='word_1_591' title='bbox 2053 3782 2197 3837; x_wconf 89' lang='lat' dir='ltr'>Cum</span> <span class='ocrx_word' id='word_1_592' title='bbox 2230 3779 2505 3852; x_wconf 53' lang='lat' dir='ltr'>legitima;</span> <span class='ocrx_word' id='word_1_593' title='bbox 2537 3777 2752 3847; x_wconf 67' lang='lat' dir='ltr'>nuptiae</span> <span class='ocrx_word' id='word_1_594' title='bbox 2788 3777 2950 3830; x_wconf 67' lang='lat' dir='ltr'>factae</span> <span class='ocrx_word' id='word_1_595' title='bbox 2981 3776 3142 3837; x_wconf 87' lang='lat' dir='ltr'>sunt,</span> <span class='ocrx_word' id='word_1_596' title='bbox 3195 3779 3415 3843; x_wconf 82' lang='lat' dir='ltr'>patrem</span> <span class='ocrx_word' id='word_1_597' title='bbox 3462 3770 3629 3825; x_wconf 87' lang='lat' dir='ltr'>liberi</span> 
     </span>
    </p>
   </div>
   <div class='ocr_carea' id='block_1_88' title="bbox 1983 3865 3491 3943">
    <p class='ocr_par' dir='ltr' id='par_1_88' title="bbox 1983 3865 3491 3943">
     <span class='ocr_line' id='line_1_90' title="bbox 1983 3865 3491 3943; baseline -0.009 -15"><span class='ocrx_word' id='word_1_598' title='bbox 1983 3874 2333 3943; x_wconf 89' lang='lat' dir='ltr'>sequuntur,</span> <span class='ocrx_word' id='word_1_599' title='bbox 2366 3867 2539 3939; x_wconf 90' lang='lat' dir='ltr'>vulgo</span> <span class='ocrx_word' id='word_1_600' title='bbox 2571 3865 2800 3938; x_wconf 61' lang='lat' dir='ltr'>quaesiti</span> <span class='ocrx_word' id='word_1_601' title='bbox 2836 3869 3080 3918; x_wconf 88' lang='lat' dir='ltr'>matrem</span> <span class='ocrx_word' id='word_1_602' title='bbox 3142 3865 3491 3932; x_wconf 88' lang='lat' dir='ltr'>sequuntur.</span> 
     </span>
    </p>
   </div>
   <div class='ocr_carea' id='block_1_89' title="bbox 2123 3952 3487 4023">
    <p class='ocr_par' dir='ltr' id='par_1_89' title="bbox 2123 3952 3487 4023">
     <span class='ocr_line' id='line_1_91' title="bbox 2123 3952 3487 4023; baseline -0.01 -9"><span class='ocrx_word' id='word_1_603' title='bbox 2123 3962 2256 4015; x_wconf 89' lang='lat' dir='ltr'>CAP.</span> <span class='ocrx_word' id='word_1_604' title='bbox 2286 3958 2375 4012; x_wconf 84' lang='lat'>69.</span> <span class='ocrx_word' id='word_1_605' title='bbox 2409 3988 2477 3996; x_wconf 85' lang='lat'>——</span> <span class='ocrx_word' id='word_1_606' title='bbox 2510 3955 2643 4023; x_wconf 88' lang='lat' dir='ltr'>Quis</span> <span class='ocrx_word' id='word_1_607' title='bbox 2675 3956 2748 4009; x_wconf 86' lang='lat' dir='ltr'>sit</span> <span class='ocrx_word' id='word_1_608' title='bbox 2789 3954 2951 4023; x_wconf 80' lang='lat' dir='ltr'>vulgo</span> <span class='ocrx_word' id='word_1_609' title='bbox 2991 3952 3271 4023; x_wconf 67' lang='lat' dir='ltr'>quaesitus.</span> <span class='ocrx_word' id='word_1_610' title='bbox 3336 3952 3487 4003; x_wconf 76' lang='lat' dir='ltr'>Item.</span> 
     </span>
    </p>
   </div>
   <div class='ocr_carea' id='block_1_90' title="bbox 2053 4039 3631 4118">
    <p class='ocr_par' dir='ltr' id='par_1_90' title="bbox 2053 4039 3631 4118">
     <span class='ocr_line' id='line_1_92' title="bbox 2053 4039 3631 4118; baseline -0.008 -17"><span class='ocrx_word' id='word_1_611' title='bbox 2053 4048 2240 4118; x_wconf 82' lang='lat' dir='ltr'>Vulgo</span> <span class='ocrx_word' id='word_1_612' title='bbox 2262 4046 2524 4117; x_wconf 90' lang='lat' dir='ltr'>concepti</span> <span class='ocrx_word' id='word_1_613' title='bbox 2550 4044 2849 4107; x_wconf 90' lang='lat' dir='ltr'>dicuntur,</span> <span class='ocrx_word' id='word_1_614' title='bbox 2874 4042 2971 4113; x_wconf 92' lang='lat' dir='ltr'>qui</span> <span class='ocrx_word' id='word_1_615' title='bbox 2990 4045 3212 4112; x_wconf 89' lang='lat' dir='ltr'>patrem</span> <span class='ocrx_word' id='word_1_616' title='bbox 3229 4039 3631 4092; x_wconf 88' lang='lat' dir='ltr'>demonstrare</span> 
     </span>
    </p>
   </div>
   <div class='ocr_carea' id='block_1_91' title="bbox 1984 4124 3634 4207">
    <p class='ocr_par' dir='ltr' id='par_1_91' title="bbox 1984 4124 3634 4207">
     <span class='ocr_line' id='line_1_93' title="bbox 1984 4124 3634 4207; baseline -0.008 -15"><span class='ocrx_word' id='word_1_617' title='bbox 1984 4155 2099 4192; x_wconf 91' lang='lat' dir='ltr'>non</span> <span class='ocrx_word' id='word_1_618' title='bbox 2129 4140 2373 4207; x_wconf 92' lang='lat' dir='ltr'>possunt</span> <span class='ocrx_word' id='word_1_619' title='bbox 2390 4134 2584 4205; x_wconf 89' lang='lat' dir='ltr'>;etqui</span> <span class='ocrx_word' id='word_1_620' title='bbox 2606 4131 3126 4204; x_wconf 83' lang='lat' dir='ltr'>possuntquidem,</span> <span class='ocrx_word' id='word_1_621' title='bbox 3144 4128 3239 4181; x_wconf 90' lang='lat' dir='ltr'>sed</span> <span class='ocrx_word' id='word_1_622' title='bbox 3256 4143 3389 4181; x_wconf 89' lang='lat' dir='ltr'>eum</span> <span class='ocrx_word' id='word_1_623' title='bbox 3416 4124 3634 4179; x_wconf 88' lang='lat' dir='ltr'>habent</span> 
     </span>
    </p>
   </div>
   <div class='ocr_carea' id='block_1_92' title="bbox 1985 4222 2734 4297">
    <p class='ocr_par' dir='ltr' id='par_1_92' title="bbox 1985 4222 2734 4297">
     <span class='ocr_line' id='line_1_94' title="bbox 1985 4222 2734 4297; baseline -0.008 -17"><span class='ocrx_word' id='word_1_624' title='bbox 1985 4242 2157 4297; x_wconf 89' lang='lat' dir='ltr'>quem</span> <span class='ocrx_word' id='word_1_625' title='bbox 2192 4225 2403 4279; x_wconf 86' lang='lat' dir='ltr'>habere</span> <span class='ocrx_word' id='word_1_626' title='bbox 2436 4240 2549 4277; x_wconf 93' lang='lat' dir='ltr'>non</span> <span class='ocrx_word' id='word_1_627' title='bbox 2583 4222 2734 4275; x_wconf 90' lang='lat' dir='ltr'>licet.</span> 
     </span>
    </p>
   </div>
   <div class='ocr_carea' id='block_1_93' title="bbox 1984 4312 3632 4382">
    <p class='ocr_par' dir='ltr' id='par_1_93' title="bbox 1984 4312 3632 4382">
     <span class='ocr_line' id='line_1_95' title="bbox 1984 4312 3632 4382; baseline -0.007 -14"><span class='ocrx_word' id='word_1_628' title='bbox 1984 4318 2117 4368; x_wconf 87' lang='lat' dir='ltr'>CAP.</span> <span class='ocrx_word' id='word_1_629' title='bbox 2148 4315 2238 4367; x_wconf 86' lang='lat'>&#39;70.</span> <span class='ocrx_word' id='word_1_630' title='bbox 2272 4345 2338 4351; x_wconf 92' lang='lat'><strong>—</strong></span> <span class='ocrx_word' id='word_1_631' title='bbox 2370 4314 2531 4382; x_wconf 77' lang='lat' dir='ltr'>Quod</span> <span class='ocrx_word' id='word_1_632' title='bbox 2576 4315 2807 4363; x_wconf 84' lang='lat' dir='ltr'>matrem</span> <span class='ocrx_word' id='word_1_633' title='bbox 2855 4312 3036 4382; x_wconf 83' lang='lat' dir='ltr'>potius</span> <span class='ocrx_word' id='word_1_634' title='bbox 3076 4321 3247 4382; x_wconf 73' lang='lat' dir='ltr'>quam</span> <span class='ocrx_word' id='word_1_635' title='bbox 3279 4312 3503 4382; x_wconf 79' lang='lat' dir='ltr'>patrem</span> <span class='ocrx_word' id='word_1_636' title='bbox 3550 4317 3632 4357; x_wconf 87' lang='lat' dir='ltr'>se-</span> 
     </span>
    </p>
   </div>
   <div class='ocr_carea' id='block_1_94' title="bbox 2058 4375 3398 4454">
    <p class='ocr_par' dir='ltr' id='par_1_94' title="bbox 2058 4375 3398 4454">
     <span class='ocr_line' id='line_1_96' title="bbox 2058 4375 3398 4454; baseline -0.007 -16"><span class='ocrx_word' id='word_1_637' title='bbox 2058 4392 2297 4454; x_wconf 87' lang='lat' dir='ltr'>quuntur</span> <span class='ocrx_word' id='word_1_638' title='bbox 2318 4375 2497 4437; x_wconf 70' lang='lat' dir='ltr'>denon</span> <span class='ocrx_word' id='word_1_639' title='bbox 2532 4383 2777 4449; x_wconf 87' lang='lat' dir='ltr'>legitimo</span> <span class='ocrx_word' id='word_1_640' title='bbox 2789 4375 3038 4449; x_wconf 77' lang='lat' dir='ltr'>conjugio</span> <span class='ocrx_word' id='word_1_641' title='bbox 3061 4375 3197 4432; x_wconf 83' lang='lat' dir='ltr'>nati.</span> <span class='ocrx_word' id='word_1_642' title='bbox 3225 4375 3398 4429; x_wconf 89' lang='lat' dir='ltr'>Idem.</span> 
     </span>
    </p>
   </div>
   <div class='ocr_carea' id='block_1_95' title="bbox 226 4453 3631 4557">
    <p class='ocr_par' dir='ltr' id='par_1_95' title="bbox 226 4453 3631 4557">
     <span class='ocr_line' id='line_1_97' title="bbox 226 4453 3631 4557; baseline 0.003 -51"><span class='ocrx_word' id='word_1_643' title='bbox 226 4467 363 4507; x_wconf 90' lang='lat' dir='ltr'>vero</span> <span class='ocrx_word' id='word_1_644' title='bbox 398 4453 734 4525; x_wconf 82' lang='lat' dir='ltr'>abjiciatur,</span> <span class='ocrx_word' id='word_1_645' title='bbox 769 4457 955 4512; x_wconf 91' lang='lat' dir='ltr'>donec</span> <span class='ocrx_word' id='word_1_646' title='bbox 986 4456 1237 4522; x_wconf 89' lang='lat' dir='ltr'>desinat,</span> <span class='ocrx_word' id='word_1_647' title='bbox 1269 4463 1325 4513; x_wconf 91' lang='lat' dir='ltr'>et</span> <span class='ocrx_word' id='word_1_648' title='bbox 1355 4459 1423 4513; x_wconf 90' lang='lat' dir='ltr'>ad</span> <span class='ocrx_word' id='word_1_649' title='bbox 1478 4459 1877 4529; x_wconf 80' lang='lat' dir='ltr'>paenitentiam</span> <span class='ocrx_word' id='word_1_650' title='bbox 1909 4493 1956 4557; x_wconf 68' lang='grc' dir='ltr'><strong>Β</strong></span> <span class='ocrx_word' id='word_1_651' title='bbox 2060 4453 2172 4527; x_wconf 68' lang='lat' dir='ltr'>Lex</span> <span class='ocrx_word' id='word_1_652' title='bbox 2203 4476 2421 4527; x_wconf 64' lang='lat' dir='ltr'>natum</span> <span class='ocrx_word' id='word_1_653' title='bbox 2474 4474 2584 4535; x_wconf 69' lang='lat' dir='ltr'>est,</span> <span class='ocrx_word' id='word_1_654' title='bbox 2634 4474 2698 4524; x_wconf 74' lang='lat' dir='ltr'>ut</span> <span class='ocrx_word' id='word_1_655' title='bbox 2741 4468 2837 4537; x_wconf 84' lang='lat' dir='ltr'>qui</span> <span class='ocrx_word' id='word_1_656' title='bbox 2884 4468 3147 4522; x_wconf 83' lang='lat' dir='ltr'>nascitur</span> <span class='ocrx_word' id='word_1_657' title='bbox 3198 4463 3323 4519; x_wconf 89' lang='lat' dir='ltr'>sine</span> <span class='ocrx_word' id='word_1_658' title='bbox 3371 4460 3631 4533; x_wconf 88' lang='lat' dir='ltr'>legitimo</span> 
     </span>
    </p>
   </div>
   <div class='ocr_carea' id='block_1_96' title="bbox 233 4545 578 4597">
    <p class='ocr_par' dir='ltr' id='par_1_96' title="bbox 233 4545 578 4597">
     <span class='ocr_line' id='line_1_98' title="bbox 233 4545 578 4597; baseline 0.009 -3"><span class='ocrx_word' id='word_1_659' title='bbox 233 4545 578 4597; x_wconf 88' lang='lat' dir='ltr'>revertatur.</span> 
     </span>
    </p>
   </div>
   <div class='ocr_carea' id='block_1_97' title="bbox 232 4630 1880 4708">
    <p class='ocr_par' dir='ltr' id='par_1_97' title="bbox 232 4630 1880 4708">
     <span class='ocr_line' id='line_1_99' title="bbox 232 4630 1880 4708; baseline 0.004 -23"><span class='ocrx_word' id='word_1_660' title='bbox 232 4630 370 4686; x_wconf 80' lang='lat' dir='ltr'>CAP.</span> <span class='ocrx_word' id='word_1_661' title='bbox 420 4632 533 4708; x_wconf 82' lang='lat'>65_._</span> <span class='ocrx_word' id='word_1_662' title='bbox 565 4662 630 4673; x_wconf 91' lang='lat'><em>—</em></span> <span class='ocrx_word' id='word_1_663' title='bbox 662 4633 819 4708; x_wconf 88' lang='lat' dir='ltr'>Quod</span> <span class='ocrx_word' id='word_1_664' title='bbox 858 4634 1021 4705; x_wconf 81' lang='lat' dir='ltr'>quasi</span> <span class='ocrx_word' id='word_1_665' title='bbox 1058 4636 1481 4691; x_wconf 81' lang='lat' dir='ltr'>matrimonium</span> <span class='ocrx_word' id='word_1_666' title='bbox 1519 4639 1611 4702; x_wconf 84' lang='lat' dir='ltr'>sit,</span> <span class='ocrx_word' id='word_1_667' title='bbox 1657 4640 1709 4692; x_wconf 85' lang='lat' dir='ltr'>si</span> <span class='ocrx_word' id='word_1_668' title='bbox 1759 4638 1880 4708; x_wconf 87' lang='lat' dir='ltr'>quis</span> 
     </span>
    </p>
   </div>
   <div class='ocr_carea' id='block_1_98' title="bbox 304 4703 1883 4775">
    <p class='ocr_par' dir='ltr' id='par_1_98' title="bbox 304 4703 1883 4775">
     <span class='ocr_line' id='line_1_100' title="bbox 304 4703 1883 4775; baseline 0.004 -19"><span class='ocrx_word' id='word_1_669' title='bbox 304 4703 608 4775; x_wconf 83' lang='lat' dir='ltr'>concubina</span> <span class='ocrx_word' id='word_1_670' title='bbox 650 4704 729 4759; x_wconf 84' lang='lat' dir='ltr'>sic</span> <span class='ocrx_word' id='word_1_671' title='bbox 780 4703 973 4761; x_wconf 78' lang='lat' dir='ltr'>utatur</span> <span class='ocrx_word' id='word_1_672' title='bbox 1010 4716 1072 4761; x_wconf 87' lang='lat' dir='ltr'>ut</span> <span class='ocrx_word' id='word_1_673' title='bbox 1109 4708 1343 4762; x_wconf 87' lang='lat' dir='ltr'>alteram</span> <span class='ocrx_word' id='word_1_674' title='bbox 1362 4723 1467 4761; x_wconf 89' lang='lat' dir='ltr'>non</span> <span class='ocrx_word' id='word_1_675' title='bbox 1519 4708 1731 4775; x_wconf 88' lang='lat' dir='ltr'>habeat,</span> <span class='ocrx_word' id='word_1_676' title='bbox 1766 4703 1883 4763; x_wconf 54' lang='lat' dir='ltr'>&#39;nec</span> 
     </span>
    </p>
   </div>
   <div class='ocr_carea' id='block_1_99' title="bbox 322 4774 1879 4850">
    <p class='ocr_par' dir='ltr' id='par_1_99' title="bbox 322 4774 1879 4850">
     <span class='ocr_line' id='line_1_101' title="bbox 322 4774 1879 4850; baseline 0.004 -23"><span class='ocrx_word' id='word_1_677' title='bbox 322 4774 521 4830; x_wconf 80' lang='lat' dir='ltr'>habere</span> <span class='ocrx_word' id='word_1_678' title='bbox 548 4775 847 4833; x_wconf 86' lang='lat' dir='ltr'>desideret.</span> <span class='ocrx_word' id='word_1_679' title='bbox 874 4779 1101 4846; x_wconf 76' lang='lat' dir='ltr'>August.</span> <span class='ocrx_word' id='word_1_680' title='bbox 1125 4778 1190 4833; x_wconf 86' lang='lat' dir='ltr'>de</span> <span class='ocrx_word' id='word_1_681' title='bbox 1212 4780 1345 4833; x_wconf 86' lang='lat' dir='ltr'>bono</span> <span class='ocrx_word' id='word_1_682' title='bbox 1361 4780 1659 4849; x_wconf 80' lang='lat' dir='ltr'>conjugali,</span> <span class='ocrx_word' id='word_1_683' title='bbox 1692 4774 1879 4850; x_wconf 86' lang='lat' dir='ltr'>cap.5.</span> 
     </span>
    </p>
   </div>
   <div class='ocr_carea' id='block_1_100' title="bbox 296 4862 1884 4937">
    <p class='ocr_par' dir='ltr' id='par_1_100' title="bbox 296 4862 1884 4937">
     <span class='ocr_line' id='line_1_102' title="bbox 296 4862 1884 4937; baseline 0.006 -22"><span class='ocrx_word' id='word_1_684' title='bbox 296 4862 425 4931; x_wconf 62' lang='lat'>(3‘2,</span> <span class='ocrx_word' id='word_1_685' title='bbox 459 4880 510 4933; x_wconf 92' lang='lat' dir='ltr'>q.</span> <span class='ocrx_word' id='word_1_686' title='bbox 537 4864 592 4931; x_wconf 90' lang='lat'>2,</span> <span class='ocrx_word' id='word_1_687' title='bbox 615 4880 662 4920; x_wconf 94' lang='lat' dir='ltr'>c.</span> <span class='ocrx_word' id='word_1_688' title='bbox 699 4864 889 4936; x_wconf 88' lang='lat' dir='ltr'>Solet.)</span> <span class='ocrx_word' id='word_1_689' title='bbox 920 4865 1081 4921; x_wconf 85' lang='lat' dir='ltr'>Solet</span> <span class='ocrx_word' id='word_1_690' title='bbox 1111 4866 1313 4937; x_wconf 69' lang='lat' dir='ltr'>quaeri,</span> <span class='ocrx_word' id='word_1_691' title='bbox 1346 4883 1477 4920; x_wconf 89' lang='lat' dir='ltr'>cum</span> <span class='ocrx_word' id='word_1_692' title='bbox 1510 4868 1811 4923; x_wconf 90' lang='lat' dir='ltr'>masculus</span> <span class='ocrx_word' id='word_1_693' title='bbox 1827 4873 1884 4923; x_wconf 92' lang='lat' dir='ltr'>et</span> 
     </span>
    </p>
   </div>
   <div class='ocr_carea' id='block_1_101' title="bbox 235 4949 1885 5023">
    <p class='ocr_par' dir='ltr' id='par_1_101' title="bbox 235 4949 1885 5023">
     <span class='ocr_line' id='line_1_103' title="bbox 235 4949 1885 5023; baseline 0.005 -20"><span class='ocrx_word' id='word_1_694' title='bbox 235 4949 457 5005; x_wconf 82' lang='lat' dir='ltr'>femina</span> <span class='ocrx_word' id='word_1_695' title='bbox 487 4968 593 5007; x_wconf 89' lang='lat' dir='ltr'>nec</span> <span class='ocrx_word' id='word_1_696' title='bbox 619 4953 714 5009; x_wconf 92' lang='lat' dir='ltr'>ille</span> <span class='ocrx_word' id='word_1_697' title='bbox 742 4955 1016 5023; x_wconf 88' lang='lat' dir='ltr'>maritus,</span> <span class='ocrx_word' id='word_1_698' title='bbox 1042 4970 1148 5009; x_wconf 90' lang='lat' dir='ltr'>nec</span> <span class='ocrx_word' id='word_1_699' title='bbox 1170 4953 1272 5009; x_wconf 88' lang='lat' dir='ltr'>illa</span> <span class='ocrx_word' id='word_1_700' title='bbox 1292 4972 1437 5009; x_wconf 86' lang='lat' dir='ltr'>uxor</span> <span class='ocrx_word' id='word_1_701' title='bbox 1458 4954 1719 5023; x_wconf 90' lang='lat' dir='ltr'>alterius,</span> <span class='ocrx_word' id='word_1_702' title='bbox 1749 4956 1885 5011; x_wconf 87' lang='lat' dir='ltr'>sibi-</span> 
     </span>
    </p>
   </div>
   <div class='ocr_carea' id='block_1_102' title="bbox 234 5040 1884 5115">
    <p class='ocr_par' dir='ltr' id='par_1_102' title="bbox 234 5040 1884 5115">
     <span class='ocr_line' id='line_1_104' title="bbox 234 5040 1884 5115; baseline 0.004 -23"><span class='ocrx_word' id='word_1_703' title='bbox 234 5042 358 5093; x_wconf 90' lang='lat' dir='ltr'>met</span> <span class='ocrx_word' id='word_1_704' title='bbox 380 5055 492 5094; x_wconf 88' lang='lat' dir='ltr'>non</span> <span class='ocrx_word' id='word_1_705' title='bbox 528 5040 781 5098; x_wconf 90' lang='lat' dir='ltr'>ﬁliorum</span> <span class='ocrx_word' id='word_1_706' title='bbox 817 5043 1334 5113; x_wconf 89' lang='lat' dir='ltr'>procreandorum,</span> <span class='ocrx_word' id='word_1_707' title='bbox 1368 5044 1464 5098; x_wconf 91' lang='lat' dir='ltr'>sed</span> <span class='ocrx_word' id='word_1_708' title='bbox 1502 5061 1603 5115; x_wconf 90' lang='lat' dir='ltr'>pro</span> <span class='ocrx_word' id='word_1_709' title='bbox 1635 5044 1884 5099; x_wconf 88' lang='lat' dir='ltr'>inconti-</span> 
     </span>
    </p>
   </div>
   <div class='ocr_carea' id='block_1_103' title="bbox 235 5126 1885 5203">
    <p class='ocr_par' dir='ltr' id='par_1_103' title="bbox 235 5126 1885 5203">
     <span class='ocr_line' id='line_1_105' title="bbox 235 5126 1885 5203; baseline 0.005 -23"><span class='ocrx_word' id='word_1_710' title='bbox 235 5126 436 5181; x_wconf 91' lang='lat' dir='ltr'>nentia</span> <span class='ocrx_word' id='word_1_711' title='bbox 466 5128 649 5186; x_wconf 88' lang='lat' dir='ltr'>solius</span> <span class='ocrx_word' id='word_1_712' title='bbox 681 5132 1038 5187; x_wconf 92' lang='lat' dir='ltr'>concubitus</span> <span class='ocrx_word' id='word_1_713' title='bbox 1072 5148 1249 5186; x_wconf 91' lang='lat' dir='ltr'>causa</span> <span class='ocrx_word' id='word_1_714' title='bbox 1278 5132 1646 5203; x_wconf 83' lang='lat' dir='ltr'>copulantur,</span> <span class='ocrx_word' id='word_1_715' title='bbox 1677 5149 1744 5188; x_wconf 90' lang='lat' dir='ltr'>ea</span> <span class='ocrx_word' id='word_1_716' title='bbox 1774 5134 1885 5189; x_wconf 86' lang='lat' dir='ltr'>ﬁde</span> 
     </span>
    </p>
   </div>
   <div class='ocr_carea' id='block_1_104' title="bbox 236 5214 1883 5287">
    <p class='ocr_par' dir='ltr' id='par_1_104' title="bbox 236 5214 1883 5287">
     <span class='ocr_line' id='line_1_106' title="bbox 236 5214 1883 5287; baseline 0.005 -19"><span class='ocrx_word' id='word_1_717' title='bbox 236 5214 451 5287; x_wconf 89' lang='lat' dir='ltr'>media,</span> <span class='ocrx_word' id='word_1_718' title='bbox 491 5221 555 5272; x_wconf 90' lang='lat' dir='ltr'>ut</span> <span class='ocrx_word' id='word_1_719' title='bbox 584 5235 689 5273; x_wconf 90' lang='lat' dir='ltr'>nec</span> <span class='ocrx_word' id='word_1_720' title='bbox 722 5218 818 5275; x_wconf 92' lang='lat' dir='ltr'>ille</span> <span class='ocrx_word' id='word_1_721' title='bbox 850 5235 983 5275; x_wconf 93' lang='lat' dir='ltr'>cum</span> <span class='ocrx_word' id='word_1_722' title='bbox 1028 5219 1214 5275; x_wconf 90' lang='lat' dir='ltr'>altera</span> <span class='ocrx_word' id='word_1_723' title='bbox 1236 5220 1291 5274; x_wconf 90' lang='lat' dir='ltr'>id</span> <span class='ocrx_word' id='word_1_724' title='bbox 1327 5220 1518 5286; x_wconf 88' lang='lat' dir='ltr'>faciat,</span> <span class='ocrx_word' id='word_1_725' title='bbox 1555 5225 1751 5276; x_wconf 90' lang='lat' dir='ltr'>utrum</span> <span class='ocrx_word' id='word_1_726' title='bbox 1785 5238 1883 5276; x_wconf 86' lang='lat' dir='ltr'>nu-</span> 
     </span>
    </p>
   </div>
   <div class='ocr_carea' id='block_1_105' title="bbox 238 5301 1885 5379">
    <p class='ocr_par' dir='ltr' id='par_1_105' title="bbox 238 5301 1885 5379">
     <span class='ocr_line' id='line_1_107' title="bbox 238 5301 1885 5379; baseline 0.005 -24"><span class='ocrx_word' id='word_1_727' title='bbox 238 5301 373 5373; x_wconf 70' lang='lat' dir='ltr'>ptis:</span> <span class='ocrx_word' id='word_1_728' title='bbox 404 5304 523 5359; x_wconf 84' lang='lat' dir='ltr'>sint</span> <span class='ocrx_word' id='word_1_729' title='bbox 548 5308 839 5363; x_wconf 63' lang='lat' dir='ltr'>vocandas.</span> <span class='ocrx_word' id='word_1_730' title='bbox 874 5311 942 5362; x_wconf 85' lang='lat' dir='ltr'>Et</span> <span class='ocrx_word' id='word_1_731' title='bbox 990 5311 1182 5379; x_wconf 90' lang='lat' dir='ltr'>potest</span> <span class='ocrx_word' id='word_1_732' title='bbox 1214 5308 1452 5378; x_wconf 89' lang='lat' dir='ltr'>quidem</span> <span class='ocrx_word' id='word_1_733' title='bbox 1484 5309 1729 5365; x_wconf 86' lang='lat' dir='ltr'>fortasse</span> <span class='ocrx_word' id='word_1_734' title='bbox 1770 5326 1885 5365; x_wconf 91' lang='lat' dir='ltr'>non</span> 
     </span>
    </p>
   </div>
   <div class='ocr_carea' id='block_1_106' title="bbox 241 5391 1890 5469">
    <p class='ocr_par' dir='ltr' id='par_1_106' title="bbox 241 5391 1890 5469">
     <span class='ocr_line' id='line_1_108' title="bbox 241 5391 1890 5469; baseline 0.005 -25"><span class='ocrx_word' id='word_1_735' title='bbox 241 5391 489 5447; x_wconf 87' lang='lat' dir='ltr'>absurde</span> <span class='ocrx_word' id='word_1_736' title='bbox 507 5393 612 5449; x_wconf 87' lang='lat' dir='ltr'>hoc</span> <span class='ocrx_word' id='word_1_737' title='bbox 634 5395 915 5467; x_wconf 87' lang='lat' dir='ltr'>appellari</span> <span class='ocrx_word' id='word_1_738' title='bbox 942 5395 1324 5462; x_wconf 88' lang='lat' dir='ltr'>connubium,</span> <span class='ocrx_word' id='word_1_739' title='bbox 1350 5398 1398 5452; x_wconf 90' lang='lat' dir='ltr'>si</span> <span class='ocrx_word' id='word_1_740' title='bbox 1424 5416 1610 5469; x_wconf 90' lang='lat' dir='ltr'>usque</span> <span class='ocrx_word' id='word_1_741' title='bbox 1638 5400 1708 5453; x_wconf 87' lang='lat' dir='ltr'>ad</span> <span class='ocrx_word' id='word_1_742' title='bbox 1741 5416 1890 5453; x_wconf 90' lang='lat' dir='ltr'>mor-</span> 
     </span>
    </p>
   </div>
   <div class='ocr_carea' id='block_1_107' title="bbox 241 5480 1889 5559">
    <p class='ocr_par' dir='ltr' id='par_1_107' title="bbox 241 5480 1889 5559">
     <span class='ocr_line' id='line_1_109' title="bbox 241 5480 1889 5559; baseline 0.005 -26"><span class='ocrx_word' id='word_1_743' title='bbox 241 5482 360 5534; x_wconf 86' lang='lat' dir='ltr'>tem</span> <span class='ocrx_word' id='word_1_744' title='bbox 394 5480 644 5551; x_wconf 87' lang='lat' dir='ltr'>alicujus</span> <span class='ocrx_word' id='word_1_745' title='bbox 675 5499 875 5539; x_wconf 90' lang='lat' dir='ltr'>eorum</span> <span class='ocrx_word' id='word_1_746' title='bbox 910 5484 969 5538; x_wconf 91' lang='lat' dir='ltr'>id</span> <span class='ocrx_word' id='word_1_747' title='bbox 1000 5484 1154 5537; x_wconf 89' lang='lat' dir='ltr'>inter</span> <span class='ocrx_word' id='word_1_748' title='bbox 1182 5500 1279 5539; x_wconf 89' lang='lat' dir='ltr'>eos</span> <span class='ocrx_word' id='word_1_749' title='bbox 1302 5484 1601 5556; x_wconf 90' lang='lat' dir='ltr'>placuerit,</span> <span class='ocrx_word' id='word_1_750' title='bbox 1628 5493 1683 5543; x_wconf 89' lang='lat' dir='ltr'>et</span> <span class='ocrx_word' id='word_1_751' title='bbox 1710 5487 1889 5559; x_wconf 90' lang='lat' dir='ltr'>prolis</span> 
     </span>
    </p>
   </div>
   <div class='ocr_carea' id='block_1_108' title="bbox 241 5569 1886 5646">
    <p class='ocr_par' dir='ltr' id='par_1_108' title="bbox 241 5569 1886 5646">
     <span class='ocr_line' id='line_1_110' title="bbox 241 5569 1886 5646; baseline 0.005 -23"><span class='ocrx_word' id='word_1_752' title='bbox 241 5569 707 5641; x_wconf 79' lang='lat' dir='ltr'>generationem,</span> <span class='ocrx_word' id='word_1_753' title='bbox 723 5571 993 5646; x_wconf 89' lang='lat' dir='ltr'>quamvis</span> <span class='ocrx_word' id='word_1_754' title='bbox 1010 5588 1125 5628; x_wconf 91' lang='lat' dir='ltr'>non</span> <span class='ocrx_word' id='word_1_755' title='bbox 1142 5588 1206 5627; x_wconf 79' lang='lat' dir='ltr'>ea</span> <span class='ocrx_word' id='word_1_756' title='bbox 1221 5588 1396 5629; x_wconf 87' lang='lat' dir='ltr'>causa</span> <span class='ocrx_word' id='word_1_757' title='bbox 1409 5576 1706 5645; x_wconf 89' lang='lat' dir='ltr'>conjuncti</span> <span class='ocrx_word' id='word_1_758' title='bbox 1720 5579 1859 5632; x_wconf 89' lang='lat' dir='ltr'>sunt</span> <span class='ocrx_word' id='word_1_759' title='bbox 1874 5595 1886 5643; x_wconf 93' lang='lat'><strong>;</strong></span> 
     </span>
    </p>
   </div>
   <div class='ocr_carea' id='block_1_109' title="bbox 1990 4551 3632 4626">
    <p class='ocr_par' dir='ltr' id='par_1_109' title="bbox 1990 4551 3632 4626">
     <span class='ocr_line' id='line_1_111' title="bbox 1990 4551 3632 4626; baseline -0.009 -10"><span class='ocrx_word' id='word_1_760' title='bbox 1990 4560 2380 4626; x_wconf 88' lang='lat' dir='ltr'>matrimonio,</span> <span class='ocrx_word' id='word_1_761' title='bbox 2412 4563 2656 4613; x_wconf 89' lang='lat' dir='ltr'>matrem</span> <span class='ocrx_word' id='word_1_762' title='bbox 2696 4560 2994 4626; x_wconf 88' lang='lat' dir='ltr'>sequatur.</span> <span class='ocrx_word' id='word_1_763' title='bbox 3027 4554 3130 4617; x_wconf 89' lang='lat' dir='ltr'>Qui</span> <span class='ocrx_word' id='word_1_764' title='bbox 3167 4553 3224 4607; x_wconf 91' lang='lat' dir='ltr'>in</span> <span class='ocrx_word' id='word_1_765' title='bbox 3274 4556 3440 4607; x_wconf 90' lang='lat' dir='ltr'>utero</span> <span class='ocrx_word' id='word_1_766' title='bbox 3473 4551 3632 4618; x_wconf 86' lang='lat' dir='ltr'>sunt,</span> 
     </span>
    </p>
   </div>
   <div class='ocr_carea' id='block_1_110' title="bbox 1990 4641 3635 4718">
    <p class='ocr_par' dir='ltr' id='par_1_110' title="bbox 1990 4641 3635 4718">
     <span class='ocr_line' id='line_1_112' title="bbox 1990 4641 3635 4718; baseline -0.009 -14"><span class='ocrx_word' id='word_1_767' title='bbox 1990 4650 2045 4704; x_wconf 91' lang='lat' dir='ltr'>in</span> <span class='ocrx_word' id='word_1_768' title='bbox 2064 4654 2181 4704; x_wconf 92' lang='lat' dir='ltr'>toto</span> <span class='ocrx_word' id='word_1_769' title='bbox 2196 4649 2487 4718; x_wconf 83' lang='lat' dir='ltr'>penejure</span> <span class='ocrx_word' id='word_1_770' title='bbox 2515 4645 2668 4701; x_wconf 81' lang='lat' dir='ltr'>civili</span> <span class='ocrx_word' id='word_1_771' title='bbox 2694 4644 3105 4713; x_wconf 91' lang='lat' dir='ltr'>intelliguntur</span> <span class='ocrx_word' id='word_1_772' title='bbox 3125 4641 3182 4695; x_wconf 90' lang='lat' dir='ltr'>in</span> <span class='ocrx_word' id='word_1_773' title='bbox 3202 4656 3393 4695; x_wconf 88' lang='lat' dir='ltr'>rerum</span> <span class='ocrx_word' id='word_1_774' title='bbox 3422 4641 3635 4692; x_wconf 90' lang='lat' dir='ltr'>natura</span> 
     </span>
    </p>
   </div>
   <div class='ocr_carea' id='block_1_111' title="bbox 1990 4725 3633 4807">
    <p class='ocr_par' dir='ltr' id='par_1_111' title="bbox 1990 4725 3633 4807">
     <span class='ocr_line' id='line_1_113' title="bbox 1990 4725 3633 4807; baseline -0.009 -14"><span class='ocrx_word' id='word_1_775' title='bbox 1990 4754 2140 4793; x_wconf 90' lang='lat' dir='ltr'>esse.</span> <span class='ocrx_word' id='word_1_776' title='bbox 2174 4737 2313 4791; x_wconf 90' lang='lat' dir='ltr'>Nam</span> <span class='ocrx_word' id='word_1_777' title='bbox 2347 4741 2403 4791; x_wconf 89' lang='lat' dir='ltr'>et</span> <span class='ocrx_word' id='word_1_778' title='bbox 2424 4735 2696 4807; x_wconf 76' lang='lat' dir='ltr'>legitimae</span> <span class='ocrx_word' id='word_1_779' title='bbox 2722 4732 3086 4787; x_wconf 76' lang='lat' dir='ltr'>hacreditates</span> <span class='ocrx_word' id='word_1_780' title='bbox 3111 4730 3503 4783; x_wconf 87' lang='lat' dir='ltr'>restituuntur</span> <span class='ocrx_word' id='word_1_781' title='bbox 3523 4725 3633 4788; x_wconf 90' lang='lat' dir='ltr'>bis,</span> 
     </span>
    </p>
   </div>
   <div class='ocr_carea' id='block_1_112' title="bbox 1992 4814 3639 4895">
    <p class='ocr_par' dir='ltr' id='par_1_112' title="bbox 1992 4814 3639 4895">
     <span class='ocr_line' id='line_1_114' title="bbox 1992 4814 3639 4895; baseline -0.009 -14"><span class='ocrx_word' id='word_1_782' title='bbox 1992 4827 2074 4882; x_wconf 89' lang='lat' dir='ltr'>ita</span> <span class='ocrx_word' id='word_1_783' title='bbox 2105 4829 2166 4880; x_wconf 90' lang='lat' dir='ltr'>ut</span> <span class='ocrx_word' id='word_1_784' title='bbox 2199 4825 2243 4880; x_wconf 90' lang='lat' dir='ltr'>si</span> <span class='ocrx_word' id='word_1_785' title='bbox 2281 4841 2583 4895; x_wconf 71' lang='lat' dir='ltr'>prmgnans</span> <span class='ocrx_word' id='word_1_786' title='bbox 2617 4821 2825 4878; x_wconf 86' lang='lat' dir='ltr'>mulier</span> <span class='ocrx_word' id='word_1_787' title='bbox 2857 4820 2928 4875; x_wconf 88' lang='lat' dir='ltr'>ab</span> <span class='ocrx_word' id='word_1_788' title='bbox 2956 4818 3226 4873; x_wconf 88' lang='lat' dir='ltr'>hostibus</span> <span class='ocrx_word' id='word_1_789' title='bbox 3259 4820 3430 4887; x_wconf 89' lang='lat' dir='ltr'>capta</span> <span class='ocrx_word' id='word_1_790' title='bbox 3460 4814 3557 4880; x_wconf 89' lang='lat' dir='ltr'>sit,</span> <span class='ocrx_word' id='word_1_791' title='bbox 3582 4816 3639 4867; x_wconf 90' lang='lat' dir='ltr'>et</span> 
     </span>
    </p>
   </div>
   <div class='ocr_carea' id='block_1_113' title="bbox 1995 4902 3638 4985">
    <p class='ocr_par' dir='ltr' id='par_1_113' title="bbox 1995 4902 3638 4985">
     <span class='ocr_line' id='line_1_115' title="bbox 1995 4902 3638 4985; baseline -0.008 -16"><span class='ocrx_word' id='word_1_792' title='bbox 1995 4916 2049 4971; x_wconf 93' lang='lat' dir='ltr'>id</span> <span class='ocrx_word' id='word_1_793' title='bbox 2085 4914 2233 4985; x_wconf 94' lang='lat' dir='ltr'>quod</span> <span class='ocrx_word' id='word_1_794' title='bbox 2264 4918 2463 4967; x_wconf 88' lang='lat' dir='ltr'>natum</span> <span class='ocrx_word' id='word_1_795' title='bbox 2497 4912 2625 4974; x_wconf 89' lang='lat' dir='ltr'>erit,</span> <span class='ocrx_word' id='word_1_796' title='bbox 2659 4910 2925 4980; x_wconf 86' lang='lat' dir='ltr'>quamvis</span> <span class='ocrx_word' id='word_1_797' title='bbox 2956 4909 3109 4979; x_wconf 92' lang='lat' dir='ltr'>apud</span> <span class='ocrx_word' id='word_1_798' title='bbox 3144 4907 3305 4962; x_wconf 70' lang='lat' dir='ltr'>bona:</span> <span class='ocrx_word' id='word_1_799' title='bbox 3358 4902 3489 4958; x_wconf 85' lang='lat' dir='ltr'>ﬁdei</span> <span class='ocrx_word' id='word_1_800' title='bbox 3512 4918 3638 4957; x_wconf 89' lang='lat' dir='ltr'>em—</span> 
     </span>
    </p>
   </div>
   <div class='ocr_carea' id='block_1_114' title="bbox 1995 4997 3642 5076">
    <p class='ocr_par' dir='ltr' id='par_1_114' title="bbox 1995 4997 3642 5076">
     <span class='ocr_line' id='line_1_116' title="bbox 1995 4997 3642 5076; baseline -0.01 -16"><span class='ocrx_word' id='word_1_801' title='bbox 1995 5008 2216 5076; x_wconf 88' lang='lat' dir='ltr'>ptorem</span> <span class='ocrx_word' id='word_1_802' title='bbox 2261 5002 2502 5073; x_wconf 83' lang='lat' dir='ltr'>peperit,</span> <span class='ocrx_word' id='word_1_803' title='bbox 2562 5004 2844 5069; x_wconf 88' lang='lat' dir='ltr'>tanquam</span> <span class='ocrx_word' id='word_1_804' title='bbox 2894 4997 3171 5051; x_wconf 88' lang='lat' dir='ltr'>furtivum</span> <span class='ocrx_word' id='word_1_805' title='bbox 3226 5010 3335 5049; x_wconf 89' lang='lat' dir='ltr'>usu</span> <span class='ocrx_word' id='word_1_806' title='bbox 3377 5008 3491 5047; x_wconf 93' lang='lat' dir='ltr'>non</span> <span class='ocrx_word' id='word_1_807' title='bbox 3552 5005 3642 5044; x_wconf 86' lang='lat' dir='ltr'>ca-</span> 
     </span>
    </p>
   </div>
   <div class='ocr_carea' id='block_1_115' title="bbox 1994 5096 3640 5229">
    <p class='ocr_par' dir='ltr' id='par_1_115' title="bbox 1994 5096 3640 5229">
     <span class='ocr_line' id='line_1_117' title="bbox 1994 5096 3640 5229; baseline -0.01 -11"><span class='ocrx_word' id='word_1_808' title='bbox 1994 5096 2237 5218; x_wconf 48' lang='lat' dir='ltr'>811:.r‘ll.</span> <span class='ocrx_word' id='word_1_809' title='bbox 2274 5192 2337 5200; x_wconf 90' lang='lat'><strong><em>—</em></strong></span> <span class='ocrx_word' id='word_1_810' title='bbox 2368 5160 2521 5229; x_wconf 80' lang='lat' dir='ltr'>Quod</span> <span class='ocrx_word' id='word_1_811' title='bbox 2554 5159 2852 5213; x_wconf 88' lang='lat' dir='ltr'>liberorum</span> <span class='ocrx_word' id='word_1_812' title='bbox 2892 5160 3067 5229; x_wconf 85' lang='lat' dir='ltr'>status</span> <span class='ocrx_word' id='word_1_813' title='bbox 3112 5153 3467 5229; x_wconf 69' lang='lat' dir='ltr'>dependeata</span> <span class='ocrx_word' id='word_1_814' title='bbox 3514 5164 3640 5229; x_wconf 73' lang='lat' dir='ltr'>con-</span> 
     </span>
    </p>
   </div>
   <div class='ocr_carea' id='block_1_116' title="bbox 2066 5221 3641 5301">
    <p class='ocr_par' dir='ltr' id='par_1_116' title="bbox 2066 5221 3641 5301">
     <span class='ocr_line' id='line_1_118' title="bbox 2066 5221 3641 5301; baseline -0.01 -12"><span class='ocrx_word' id='word_1_815' title='bbox 2066 5233 2274 5289; x_wconf 81' lang='lat' dir='ltr'>ditione</span> <span class='ocrx_word' id='word_1_816' title='bbox 2304 5221 2517 5299; x_wconf 50' lang='lat' dir='ltr'>ma&#39;tris,</span> <span class='ocrx_word' id='word_1_817' title='bbox 2544 5248 2657 5285; x_wconf 87' lang='lat' dir='ltr'>non</span> <span class='ocrx_word' id='word_1_818' title='bbox 2696 5232 2894 5301; x_wconf 84' lang='lat' dir='ltr'>patris.</span> <span class='ocrx_word' id='word_1_819' title='bbox 2942 5228 3102 5283; x_wconf 85' lang='lat' dir='ltr'>Libro</span> <span class='ocrx_word' id='word_1_820' title='bbox 3133 5221 3186 5295; x_wconf 72' lang='lat'>1,</span> <span class='ocrx_word' id='word_1_821' title='bbox 3221 5223 3503 5280; x_wconf 85' lang='lat' dir='ltr'>constitut.</span> <span class='ocrx_word' id='word_1_822' title='bbox 3558 5221 3641 5274; x_wconf 88' lang='lat' dir='ltr'>tit.</span> 
     </span>
    </p>
   </div>
   <div class='ocr_carea' id='block_1_117' title="bbox 2071 5322 2144 5359">
    <p class='ocr_par' dir='ltr' id='par_1_117' title="bbox 2071 5322 2144 5359">
     <span class='ocr_line' id='line_1_119' title="bbox 2071 5322 2144 5359; baseline 0 0"><span class='ocrx_word' id='word_1_823' title='bbox 2071 5322 2144 5359; x_wconf 75' lang='grc' dir='ltr'>ιν.</span> 
     </span>
    </p>
   </div>
   <div class='ocr_carea' id='block_1_118' title="bbox 2072 5381 3643 5464">
    <p class='ocr_par' dir='ltr' id='par_1_118' title="bbox 2072 5381 3643 5464">
     <span class='ocr_line' id='line_1_120' title="bbox 2072 5381 3643 5464; baseline -0.01 -17"><span class='ocrx_word' id='word_1_824' title='bbox 2072 5397 2323 5464; x_wconf 84' lang='lat' dir='ltr'>Ingenus</span> <span class='ocrx_word' id='word_1_825' title='bbox 2357 5393 2593 5463; x_wconf 85' lang='lat' dir='ltr'>estqui,</span> <span class='ocrx_word' id='word_1_826' title='bbox 2629 5390 2825 5446; x_wconf 89' lang='lat' dir='ltr'>statim</span> <span class='ocrx_word' id='word_1_827' title='bbox 2864 5392 2926 5441; x_wconf 91' lang='lat' dir='ltr'>ut</span> <span class='ocrx_word' id='word_1_828' title='bbox 2958 5391 3131 5441; x_wconf 90' lang='lat' dir='ltr'>natus</span> <span class='ocrx_word' id='word_1_829' title='bbox 3177 5388 3286 5448; x_wconf 91' lang='lat' dir='ltr'>est,</span> <span class='ocrx_word' id='word_1_830' title='bbox 3338 5382 3487 5436; x_wconf 91' lang='lat' dir='ltr'>liber</span> <span class='ocrx_word' id='word_1_831' title='bbox 3534 5381 3643 5450; x_wconf 90' lang='lat' dir='ltr'>est,</span> 
     </span>
    </p>
   </div>
   <div class='ocr_carea' id='block_1_119' title="bbox 2004 5469 3646 5552">
    <p class='ocr_par' dir='ltr' id='par_1_119' title="bbox 2004 5469 3646 5552">
     <span class='ocr_line' id='line_1_121' title="bbox 2004 5469 3646 5552; baseline -0.009 -15"><span class='ocrx_word' id='word_1_832' title='bbox 2004 5483 2121 5537; x_wconf 86' lang='lat' dir='ltr'>sive</span> <span class='ocrx_word' id='word_1_833' title='bbox 2152 5500 2219 5537; x_wconf 83' lang='lat' dir='ltr'>ex</span> <span class='ocrx_word' id='word_1_834' title='bbox 2250 5483 2477 5537; x_wconf 91' lang='lat' dir='ltr'>duobus</span> <span class='ocrx_word' id='word_1_835' title='bbox 2509 5480 2780 5552; x_wconf 90' lang='lat' dir='ltr'>ingenuis</span> <span class='ocrx_word' id='word_1_836' title='bbox 2814 5475 3183 5531; x_wconf 78' lang='lat' dir='ltr'>matrimonio</span> <span class='ocrx_word' id='word_1_837' title='bbox 3205 5472 3415 5538; x_wconf 88' lang='lat' dir='ltr'>editur,</span> <span class='ocrx_word' id='word_1_838' title='bbox 3440 5469 3560 5525; x_wconf 87' lang='lat' dir='ltr'>sive</span> <span class='ocrx_word' id='word_1_839' title='bbox 3576 5485 3646 5525; x_wconf 82' lang='lat' dir='ltr'>ex</span> 
     </span>
    </p>
   </div>
   <div class='ocr_carea' id='block_1_120' title="bbox 2000 5559 3639 5641">
    <p class='ocr_par' dir='ltr' id='par_1_120' title="bbox 2000 5559 3639 5641">
     <span class='ocr_line' id='line_1_122' title="bbox 2000 5559 3639 5641; baseline -0.008 -15"><span class='ocrx_word' id='word_1_840' title='bbox 2000 5571 2322 5641; x_wconf 73' lang='lat' dir='ltr'>libertinis,</span> <span class='ocrx_word' id='word_1_841' title='bbox 2356 5572 2472 5627; x_wconf 90' lang='lat' dir='ltr'>sive</span> <span class='ocrx_word' id='word_1_842' title='bbox 2495 5588 2561 5626; x_wconf 85' lang='lat' dir='ltr'>ex</span> <span class='ocrx_word' id='word_1_843' title='bbox 2582 5570 2760 5624; x_wconf 91' lang='lat' dir='ltr'>altero</span> <span class='ocrx_word' id='word_1_844' title='bbox 2787 5564 3057 5621; x_wconf 90' lang='lat' dir='ltr'>libertino</span> <span class='ocrx_word' id='word_1_845' title='bbox 3089 5567 3143 5617; x_wconf 87' lang='lat' dir='ltr'>et</span> <span class='ocrx_word' id='word_1_846' title='bbox 3165 5560 3344 5616; x_wconf 88' lang='lat' dir='ltr'>altero</span> <span class='ocrx_word' id='word_1_847' title='bbox 3366 5559 3639 5633; x_wconf 88' lang='lat' dir='ltr'>ingenuo.</span> 
     </span>
    </p>
   </div>
  </div>
