3972 6056
323 313 432 370 599

1410 317 1476 368 D.
1520 312 1764 368 IVONIS
1801 307 2296 366 CARNOTENSIS
2332 305 2652 360 EPISCOPI

3630 301 3747 354 600

328 439 438 497 Sed
463 441 520 496 et
542 437 589 494 si
622 438 956 510 quislibera
973 442 1043 496 de
1067 443 1251 495 matre
1270 439 1554 506 nascitur,
1576 441 1740 510 patre
1780 449 1967 501 servo,
2004 433 2051 497 A
2085 447 2213 484 rum
2247 430 2330 484 ita
2379 431 2450 485 ab
2483 429 2650 484 initio
2696 428 3016 484 constituta
3059 427 3156 493 sit,
3190 431 3255 481 ut
3296 431 3502 498 praeter
3533 443 3743 483 sexum

332 529 628 601 ingenuus
670 529 1022 584 ihilominus
1047 529 1324 594 nascitur,
1355 527 1851 598 quemadmodum
1883 524 1980 595 qui

341 633 412 674 ex
443 622 631 673 matre
654 617 837 673 libera
861 625 916 672 et
943 618 1162 670 incerto
1186 621 1346 687 patre
1375 622 1550 672 natus
1574 621 1681 680 est,
1705 614 1981 686 quoniam

335 707 511 780 vulgo
525 712 842 778 conceptus
857 711 961 760 est.
979 705 1206 759 Sufficit
1225 710 1419 760 autem
1441 706 1685 760 liberam
1705 704 1984 759 habuisse

339 803 590 852 matrem
624 812 689 850 eo
719 800 978 864 tempore
1009 809 1123 863 quo
1151 795 1430 856 nascitur,
1467 794 1600 849 licet
1621 793 1831 848 ancilla
1849 809 1982 847 con-

339 885 556 956 ceperit
589 901 602 950 ;
637 887 694 938 et
723 881 1076 947 econtrario,
1110 883 1156 936 si
1192 881 1373 938 libera
1404 881 1984 954 conceperit,deinde

343 973 555 1030 ancilla
580 971 730 1026 facta
759 971 967 1042 pariat.
993 969 1213 1026 Placuit
1244 972 1400 1027 enim
1433 972 1530 1044 qui
1566 973 1829 1027 nascitur
1849 970 1986 1026 libe-

343 1079 472 1118 rum
507 1060 689 1125 nasci,
732 1059 870 1130 quia
901 1076 1015 1114 non
1047 1061 1219 1115 debet
1249 1061 1554 1116 calamitas
1585 1061 1791 1115 matris
1811 1060 1859 1114 ei
1885 1076 1986 1114 no-

341 1165 466 1206 cere
500 1148 678 1220 quiin
713 1151 877 1202 utero
908 1153 1017 1203 est.
1053 1149 1132 1203 Ex
1157 1149 1248 1204 his
1278 1155 1335 1205 et
1366 1149 1509 1204 illud
1542 1150 1853 1220 quaesitum
1878 1153 1988 1215 est,

340 1237 390 1294 si
422 1236 633 1292 ancilla
663 1252 972 1308 praegnans
1005 1238 1375 1293 manumissa
1400 1239 1496 1304 sit,
1548 1239 1757 1292 deinde
1782 1236 1991 1292 ancilla

342 1331 545 1400 postea
576 1325 726 1382 facta
739 1325 984 1397 peperit,
1000 1325 1250 1381 liberum
1267 1343 1340 1381 an
1358 1343 1590 1381 servum
1606 1327 1816 1399 pariat.
1842 1327 1993 1380 Mar-

344 1414 526 1470 cellus
557 1413 930 1484 [Martianus}
980 1414 1185 1484 probat
1232 1413 1481 1469 liberum
1532 1415 1714 1470 nasci.
1766 1413 1994 1470 Sufﬁcit

346 1503 503 1560 enim
533 1502 584 1558 ei
616 1503 714 1573 qui
747 1502 804 1556 in
840 1507 1036 1556 ventre
1063 1501 1438 1567 est,liberam
1474 1509 1720 1558 matrem
1754 1502 1839 1557 vel
1873 1518 1991 1555 me-

350 1592 444 1647 dio
474 1595 738 1662 tempore
767 1591 1068 1657 habuisse,
1102 1593 1257 1662 quod
1293 1598 1350 1646 et
1380 1609 1579 1646 verum
1613 1597 1718 1647 est.
1755 1591 1997 1646 Isidorus

348 1680 833 1752 Etymologiarum
866 1680 963 1734 tib.
1001 1697 1074 1746 ix,
1109 1697 1232 1750 cap.
1264 1681 1316 1733 5.
1353 1682 1512 1752 (3211.
1548 1683 1598 1750 4,
1624 1699 1669 1736 c.
1698 1680 1882 1735 Liberi
1903 1681 1996 1735 di-

2093 519 2524 588 conjuctionem
2556 517 2795 573 haberet
2824 518 3002 572 etiam
3055 517 3112 570 in
3142 532 3204 571 se
3226 515 3436 572 Christi
3462 522 3518 572 et
3547 516 3748 572 Eccle-

2095 609 2191 664 siae
2216 612 2671 672 sacramentum,
2687 606 2930 660 dubium
2954 623 3066 661 non
3092 610 3180 660 est
3197 622 3324 661 eam
3346 605 3650 660 mulierem
3669 606 3748 660 ad

2095 697 2539 752 matrimonium
2574 713 2686 751 non
2733 695 3044 767 pertinere,
3069 695 3129 749 in
3155 710 3272 766 qua
3299 694 3539 750 docetur
3588 711 3752 766 nup-

2093 785 2230 840 tiale
2263 803 2374 840 non
2408 785 2590 839 fuisse
2624 784 2988 856 mysterium.

2094 901 2225 957 CAP.
2257 903 2347 956 75.
2381 932 2450 941 —
2481 900 2629 969 Quod
2662 900 2838 969 pudor
2865 903 2945 955 est
2971 900 3205 969 feminis
3234 899 3559 969 nuptiarum
3598 916 3749 969 prae-

2133 975 2244 1028 mia
2261 989 2371 1027 non
2393 972 2608 1028 habere.
2637 971 2954 1026 Ambrosius
2974 987 3140 1042 super
3163 971 3382 1024 Lucam.
3408 971 3505 1025 tib.
3532 988 3549 1025 1
3573 973 3710 1039 (80).

2168 1071 2279 1137 (32,
2308 1088 2361 1140 q.
2391 1074 2446 1138 2,
2477 1088 2524 1124 c.
2568 1069 2798 1139 Pudor.)
2831 1069 2974 1123 Sara
3003 1072 3210 1140 partus
3243 1068 3333 1123 sui
3367 1069 3758 1124 erubescebat

2098 1149 2348 1225 (etatem,
2380 1165 2436 1213 et
2467 1175 2671 1213 rursus
2704 1174 2766 1212 se
2796 1157 3058 1212 caruisse
3089 1157 3386 1227 gaudebat
3411 1157 3755 1228 opprobrio.

2100 1248 2294 1301 Pudor
2323 1253 2412 1302 est
2441 1249 2596 1302 enim
2623 1246 2856 1300 feminis
2888 1245 3220 1314 nuptiarum
3248 1245 3485 1315 praemia
3509 1262 3624 1299 non
3649 1245 3755 1299 ha-

2101 1336 2256 1405 bere,
2287 1336 2503 1406 quibus
2536 1334 2657 1389 haec
2680 1333 2806 1389 sola
2835 1349 3012 1388 causa
3031 1337 3120 1387 est
3150 1332 3433 1387 nubendi.

2103 1451 2241 1506 CAP.
2271 1452 2361 1504 76.
2393 1481 2457 1490 —
2490 1449 2639 1518 Quod
2667 1449 3333 1520 praemiumnuptiarum
3358 1456 3552 1518 partus
3581 1447 3656 1502 sit
3675 1450 3756 1518 fe-

2246 1539 2560 1578 minarum.
2605 1519 2702 1576 tib.
2739 1539 2774 1575 ιι
2824 1519 3037 1590 (statim
3069 1523 3187 1590 post
3211 1521 3608 1590 principium).

2127 1578 2132 1581 I
2177 1613 2288 1682 (32,
2321 1615 2442 1682 q.2,
2473 1627 2518 1665 c.
2544 1578 2934 1678 Pudor.)C‘um
2951 1578 3534 1680 conjugiilpraemium
3553 1578 3760 1680 etgra-

2108 1701 2190 1756 tia
2209 1699 2544 1771 nuptiarum
2573 1704 2775 1771 partus
2800 1697 2877 1752 sit
2906 1697 3280 1766 feminarum,
3305 1712 3418 1752 non
3442 1695 3762 1752 mediocris

345 1771 465 1860 οίίέ)
501 1768 1026 1860 ῙέξδθνίάίοίΔῘ-βυηῖν
1051 1768 1438 1860 (ἶυίθΧγΙ-ί-δθτο
1462 1769 1997 1860 matrimonio???“
2027 1794 2072 1857 Β
2105 1768 2310 1844 causa
2333 1794 2424 1844 est
2457 1793 2519 1844 ut
2549 1768 2859 1860 virginitas
2897 1785 3090 1841 Maria:
3146 1784 3372 1841 falleret
3423 1784 3754 1858 principem

347 1858 480 1914 orti.
513 1857 660 1913 Nam
691 1873 760 1913 ex
818 1856 998 1911 libero
1039 1862 1097 1912 et
1134 1857 1368 1922 ancilla,
1429 1859 1660 1913 servilis
1709 1859 1993 1913 conditio-

351 1946 444 2002 nis
483 1951 644 2002 sunt.
677 1947 920 2016 Semper
950 1946 1105 2000 enim
1129 1947 1505 2016 quinascitur
1525 1947 1868 2003 deteriorem
1893 1963 1993 2017 pa-

361 2035 546 2090 rentis
579 2039 791 2089 statum
819 2034 1020 2088 sumit.
1055 2035 1319 2104 Ejusdem
1352 2035 1451 2090 tib.
1488 2052 1565 2103 1x,
1597 2051 1694 2105 cap
1725 2037 1778 2089 5.
1810 2035 1992 2090 Natu-

353 2123 505 2179 rales
537 2122 641 2176 ﬁlii
672 2121 1349 2194 dicunturingenuarum
1382 2123 1841 2179 concubinarum
1867 2122 1992 2188 filii,

355 2228 504 2284 quos
534 2211 658 2267 sola
687 2215 897 2266 natura
940 2213 1164 2283 genuit,
1218 2228 1334 2266 non
1387 2213 1664 2268 honestas
1715 2211 1994 2283 coniugii.

353 2303 516 2357 Item.
541 2299 609 2354 Hi
635 2299 733 2371 qui
769 2317 881 2355 non
906 2305 1044 2354 sunt
1073 2301 1144 2355 de
1173 2299 1435 2372 legitimo
1458 2301 1997 2371 matrimonio,ma-

354 2393 503 2445 trem
535 2389 729 2461 potius
760 2405 936 2460 quam
971 2394 1195 2460 patrem
1229 2395 1578 2461 sequuntur.

356 2479 492 2536 CAP.
518 2481 608 2532 72.
643 2511 712 2551 έ
734 2479 883 2547 Quod
911 2480 1174 2551 conjugia
1215 2481 1550 2550 quibusdam
1602 2480 1998 2543 conceduntur,

425 2550 751 2622 quibusdam
780 2567 908 2606 non.
959 2550 1297 2622 Augustinus
1343 2552 1407 2606 de
1436 2554 1693 2620 conﬂictu
1739 2551 1999 2606 vitiorum

427 2631 591 2696 atque
619 2625 906 2691 virtutum,
937 2639 1058 2692 cap.
1087 2624 1156 2676 22
1182 2624 1321 2694 (cap.
1381 2624 1495 2693 24.)

425 2711 516 2777 27,
549 2728 601 2783 q.
640 2716 690 2778 1,
719 2727 768 2766 c.
811 2710 1109 2778 Nubendi.)
1159 2711 1425 2765 Nubendi
1476 2710 1713 2767 licentia
1754 2710 2000 2782 quibus-

355 2799 491 2854 dam
523 2799 824 2862 tribuitur,
854 2799 964 2853 hoc
993 2800 1192 2870 estqui
1212 2799 1605 2870 virginitatem
1623 2798 1709 2853 vel
1727 2800 1998 2854 castimo-

355 2886 517 2942 niam
546 2886 839 2940 vidualem
857 2903 1226 2957 nequaquam
1251 2888 1502 2958 professi
1527 2891 1667 2942 sunt
1696 2907 1709 2955 ;
1751 2887 2002 2958 quibus-

357 2973 494 3030 dam
524 2977 722 3028 autem
756 2990 868 3028 non
904 2975 1203 3040 tribuitur,
1238 2974 1293 3029 id
1325 2980 1415 3030 est
1466 2977 1564 3045 qui
1615 2975 1870 3045 virgines
1901 2980 2004 3030 aut

357 3061 720 3117 continentes
750 3077 877 3116 esse
907 3063 1323 3129 decreverunt;
1358 3063 1664 3118 fornicatio
1689 3079 1821 3118 vero
1855 3062 2001 3117 nulli

358 3148 602 3221 impune
633 3150 991 3205 conceditur.

359 3238 613 3321 ΟΑΡη73.
645 3268 715 3278 -
747 3238 896 3321 Quod
928 3239 1105 3321 multa
1138 3241 1305 3321 licent
1331 3249 1461 3321 ante
1487 3244 1698 3321 votum,
1743 3257 1860 3321 quae
1888 3247 2006 3321 post

429 3317 620 3381 votum
639 3325 749 3365 non
780 3311 968 3365 licent.
1002 3312 1334 3380 Augustinus
1362 3312 1427 3367 de
1453 3311 1786 3368 adulterinis
1813 3316 2005 3381 conju-

432 3383 562 3452 giis,
599 3379 700 3436 lib.
731 3398 746 3435 1
779 3381 849 3452 (c.
885 3382 996 3453 24).

433 3469 545 3541 (32,
566 3488 616 3542 ᾳ.
649 3471 702 3525 8.
733 3486 784 3526 e.
817 3471 934 3525 Non
961 3471 1178 3541 solum.)
1211 3471 1335 3527 Non
1369 3471 1560 3528 solum
1593 3472 2004 3527 moechandum

359 3574 476 3613 non
505 3565 616 3620 est,
653 3559 806 3627 quod
839 3559 1062 3614 faciunt
1095 3561 1336 3631 quidam
1372 3562 1534 3630 [facit
1569 3579 1684 3615 non
1742 3561 2004 3632 quidam,

357 3652 464 3713 or.)
482 3647 580 3702 sed
601 3649 795 3702 omnis
811 3648 908 3719 qui
926 3648 1170 3704 dimittit
1187 3667 1421 3704 uxorem
1439 3667 1608 3706 suam
1629 3651 2004 3705 etducitalte-

359 3750 508 3801 ram,
541 3736 648 3790 etsi
681 3742 986 3807 propterea
1009 3738 1258 3804 duxerit,
1284 3739 1672 3794 Christianam
1707 3743 1771 3792 ut
1803 3739 2002 3806 faciat;

357 3824 460 3878 sed
490 3823 664 3880 etiam
681 3825 956 3896 quisquis
975 3843 1089 3880 non
1110 3827 1386 3898 alligatus
1401 3828 1562 3882 uxori
1579 3827 2003 3883 continentiam

359 3911 477 3968 Deo
503 3915 745 3980 voverit,
779 3913 940 3968 nullo
974 3915 1147 3969 modo
1166 3915 1329 3970 debet
1373 3916 1486 3970 ista
1529 3916 2006 3987 compensatione

359 4016 618 4072 peccare,
655 4002 861 4057 utideo
877 4019 1109 4058 uxorem
1128 4004 1326 4057 credat
1349 4003 1459 4057 sibi
1493 4020 1621 4058 esse
1653 4004 2003 4072 ducendam,

363 4090 502 4161 quia
532 4090 823 4161 promisit,
858 4108 987 4162 quae
1013 4091 1650 4163 nuptiasejusappetit,
1674 4094 1928 4147 futuram
1945 4109 2006 4148 se

361 4194 491 4234 esse
529 4179 944 4236 Christianam.
979 4181 1140 4246 Quod
1173 4180 1328 4236 enim
1361 4181 1637 4251 cuiquam
1687 4186 2001 4252 antequam

354 4269 608 4325 vovisset
638 4269 872 4338 licebat,
899 4287 1032 4325 cum
1058 4270 1112 4324 id
1129 4287 1192 4326 se
1214 4286 1519 4340 nunquam
1536 4271 1826 4326 facturum
1841 4286 2002 4326 vove-

358 4358 455 4425 rit,
481 4373 598 4411 non
629 4357 864 4426 licebit;
892 4359 1150 4414 sitamen
1168 4359 1224 4412 id
1238 4360 1477 4424 voverit,
1500 4359 1654 4429 quod
1672 4358 2000 4414 vovendum

361 4443 493 4511 fuit,
527 4445 704 4500 sicuti
727 4451 813 4501 est
840 4452 1118 4517 perpetua
1147 4447 1473 4518 virginitas,
1515 4447 1600 4502 vel
1642 4447 2001 4503 continentia

365 4531 461 4588 vid
473 4532 620 4588 ualis
636 4538 768 4604 post
780 4514 1015 4605 experta
1027 4514 1320 4592 connubia
1341 4514 1548 4592 solutis
1564 4553 1595 4592 a
1616 4535 1847 4591 vinculo
1869 4552 2003 4591 cono
2036 4514 2080 4578 Ῑ)

354 4619 568 4692 jugali,
601 4621 689 4676 vel
723 4639 791 4677 ex
822 4639 1112 4679 consensu
1144 4627 1510 4694 voventibus,
1534 4630 1589 4680 et
1619 4625 1876 4680 carnalia
1901 4625 2000 4678 de-

359 4708 480 4764 bita
511 4709 623 4765 sibi
651 4711 900 4766 invicem
942 4713 1341 4770 relaxantibus
1385 4714 1657 4769 ﬁdelibus
1705 4714 2002 4784 castisque

358 4797 732 4869 conjugibus,
764 4801 916 4870 quod
950 4799 1200 4856 alterum
1228 4801 1354 4858 sine
1385 4801 1586 4872 altera,
1628 4800 1715 4856 vel
1756 4800 1999 4856 alteram

357 4887 485 4942 sine
516 4887 696 4942 altero
729 4904 930 4944 vovere
963 4889 1049 4945 fas
1065 4907 1180 4944 non
1202 4890 1450 4946 est.Ha:c
1464 4907 1600 4962 ergo
1614 4890 1730 4945 etsi
1759 4889 2001 4960 quaalia

357 4980 498 5031 sunt
530 4993 658 5047 quas
691 4976 1012 5032 rectissime
1042 4983 1345 5044 voventur,
1378 4996 1509 5034 cum
1542 4979 1812 5035 homines
1832 4995 2000 5034 vove-

356 5065 497 5134 rint,
533 5063 697 5120 nulla
726 5065 1062 5122 conditione
1076 5068 1404 5138 rumpenda
1419 5076 1574 5136 sunt,
1595 5069 1860 5138 quissine
1883 5066 2002 5123 ulla

357 5153 695 5211 conditione
727 5158 1028 5209 voveruut.

348 5265 484 5317 CAP.
515 5261 609 5315 74.
638 5291 706 5301 -
736 5261 891 5329 Quod
919 5263 1128 5332 nuptiae
1150 5263 1352 5316 habent
1379 5263 1438 5316 in
1469 5278 1526 5316 se
1563 5262 1770 5316 Christi
1815 5270 1866 5317 et
1905 5263 2001 5316 Ec-

424 5334 614 5459 ὅξδίέε
630 5335 1072 5474 ἰςισνίιτηεηίυτη.
1104 5334 1207 5388 Leo
1248 5332 1461 5388 Rustico
1508 5333 1848 5388 Narbonensi
1893 5335 1998 5404 (ep.

501 5446 514 5470 ,
548 5421 594 5461 c.
691 5445 703 5458 .

501 5446 514 5470 ,
548 5421 594 5461 c.
630 5421 703 5470 ιι).

430 5494 541 5561 (27,
574 5509 625 5564 q.
657 5494 714 5563 2,
740 5509 788 5548 ο.
825 5497 968 5550 Cum
997 5494 1272 5565 societas.)
1302 5496 1442 5547 Cum
1476 5492 1724 5548 societas
1763 5492 2003 5564 nuptia-

369 5615 480 5685 (80)
511 5616 631 5672 Sub
655 5617 852 5690 tinem,
877 5619 947 5675 ad
982 5637 1031 5675 c.
1065 5620 1264 5688 1Luc.,
1291 5619 1361 5674 de
1378 5616 1668 5674 Elizabeth
1689 5617 1809 5688 agit
1829 5617 1997 5672 Amb.

2104 1880 2333 1934 mundi.

2104 1997 2236 2052 CAP.
2267 1995 2355 2050 77.
2380 2025 2448 2034 --
2472 1994 2621 2062 Quod
2647 1997 2862 2049 tantum
2894 1995 3205 2064 procreatio
3235 1995 3483 2059 ﬁtiorum
3513 1994 3588 2064 sit
3616 1993 3746 2046 vin-

2176 2067 2358 2192 fizlum
2408 2068 2752 2137 nuptiarum.
2816 2063 3156 2134 Augustinus
3202 2069 3394 2120 contra
3450 2063 3751 2120 Iulianum

2198 2155 2215 2192 ι
2260 2177 2270 2189 .
2306 2155 2366 2191 ιι.

2198 2155 2270 2192 τι).
2306 2155 2366 2191 ΙΙ.

2107 2227 2217 2298 (32,
2267 2244 2318 2297 q.
2371 2228 2392 2280 t
2455 2242 2503 2281 c.
2550 2228 2671 2280 Non
2703 2225 2899 2296 enim.)
2945 2225 3070 2280 Non
3103 2226 3159 2279 in
3211 2224 3339 2281 sola
3377 2227 3467 2293 (ut
3512 2223 3754 2293 deliras)

2108 2314 2518 2370 commistione
2569 2314 2749 2370 maris
2780 2318 2833 2368 et
2867 2314 3094 2369 feminae
3136 2313 3474 2386 nuptiarum
3542 2312 3758 2368 veritas

2109 2409 2217 2472 est,
2250 2403 2521 2475 quamvis
2551 2403 2678 2458 sine
2711 2402 2810 2458 illa
2843 2402 3058 2474 nuptiae
3091 2401 3242 2458 filios
3280 2417 3598 2473 propagare
3638 2417 3758 2456 non

2111 2493 2360 2563 possint.
2413 2492 2516 2546 Sed
2551 2491 2666 2546 alia
2711 2496 2853 2546 sunt
2884 2492 2953 2546 ad
3007 2491 3245 2562 nuptias
3297 2489 3530 2562 proprie
3576 2489 3756 2560 perti-

2111 2581 2331 2645 nentia,
2381 2581 2598 2651 quibus
2643 2580 2715 2634 ab
2761 2579 3068 2635 adulteriis
3095 2579 3312 2651 nuptia
3339 2579 3756 2634 decernuntur.

2112 2670 2293 2726 Sicuti
2327 2664 2416 2725 est
2435 2669 2584 2724 thori
2619 2669 2948 2741 conjugalis
2971 2669 3137 2735 ﬁdes,
3171 2673 3228 2722 et
3243 2685 3383 2724 cura
3404 2667 3673 2722 ordinate
3697 2667 3762 2720 fi-

2113 2759 2200 2816 ios
2233 2759 2602 2831 procreandi,
2627 2762 2683 2813 et
2713 2759 2864 2830 (qua:
2888 2757 3143 2812 maxima
3161 2756 3491 2812 differentia
3524 2757 3636 2826 est)
3659 2756 3762 2810 bo-

2114 2865 2224 2904 nus
2285 2865 2426 2904 usus
2487 2845 2648 2911 mali,
2707 2845 2817 2901 hoc
2868 2850 2974 2914 est,
3032 2846 3222 2901 bonus
3276 2862 3418 2900 usus
3474 2844 3760 2916 concupi-

2112 2936 2348 2994 scentiae
2379 2936 2594 3005 carnis,
2627 2951 2740 3006 quo
2773 2933 2928 2990 malo
2960 2935 3056 3003 [αι.
3091 2935 3265 3007 bono)
3297 2933 3545 2991 adulteri
3577 2938 3759 2988 utun—

2111 3031 2209 3081 tur
2239 3026 2412 3081 male.

2029 3157 2072 3223 ρ
2109 3146 2235 3197 CAP.
2397 3171 2462 3180 —
2490 3139 2803 3223 Quidhviro
2831 3138 3157 3223 faciendum
3175 3138 3556 3223 sit‘sinmulier
3597 3136 3762 3223 nutla

2201 3215 2419 3267 ratione
2445 3211 2498 3266 ei
2524 3210 2772 3265 debitum
2820 3209 3045 3266 reddere
3066 3210 3287 3281 poterit.
3323 3209 3613 3278 Gregorius
3661 3209 3761 3281 Ju-

2183 3287 2311 3339 nior
2351 3284 2636 3351 Bonifacio
2671 3284 2916 3354 episcopo
2948 3279 3266 3352 (Gregorius
3294 3282 3361 3348 ll,
3397 3297 3481 3352 ep.
3513 3281 3536 3336 4
3549 3281 3659 3346 3,ο.
3677 3279 3758 3350 2).

2186 3374 2296 3444 (32,
2331 3391 2381 3444 q.
2413 3373 2468 3439 7,
2497 3389 2544 3426 c.
2580 3373 2730 3440 Quod
2759 3371 3137 3444 proposuisti.)
3177 3371 3339 3435 Quod
3374 3369 3760 3443 proposuisti,

2115 3462 2162 3517 si
2188 3461 2399 3517 mulier
2415 3462 2755 3516 infirmitate
2773 3465 3032 3532 correpta
3052 3476 3358 3531 nunquam
3373 3459 3623 3514 valuerit
3638 3458 3763 3513 viro

2115 3551 2377 3607 debitum
2433 3551 2698 3616 reddere,
2730 3551 2871 3619 quid
2904 3551 3032 3620 ejus
3063 3549 3238 3605 faciat
3267 3548 3504 3621 jugalis-
3534 3553 3761 3603 Bonum

2114 3644 2269 3696 esset
2298 3640 2453 3695 sisic
2485 3643 2870 3711 permaneret,
2898 3644 2962 3694 ut
2992 3638 3359 3694 abstinentiae
3383 3641 3632 3706 vacaret,
3655 3636 3762 3692 sed

2115 3729 2254 3800 quia
2284 3728 2391 3783 hoc
2415 3744 2766 3799 magnorum
2791 3733 2896 3793 est,
2923 3727 3023 3782 ille
3053 3727 3150 3798 qui
3168 3744 3231 3783 se
3253 3744 3366 3782 non
3399 3726 3606 3798 poterit
3627 3741 3762 3780 con-

2115 3817 2320 3882 tinere,
2355 3819 2538 3872 nubat
2578 3818 2806 3888 magis;
2844 3834 2960 3872 non
2989 3822 3188 3872 tamen
3218 3817 3269 3872 ei
3308 3816 3560 3872 subsidii
3590 3831 3759 3886 opem

2115 3907 2420 3962 subtrahat
2451 3906 2522 3960 ab
2549 3905 2648 3960 illa
2681 3906 2836 3976 quod
2868 3906 3091 3977 [quam]
3124 3906 3439 3962 inﬁrmitas
3469 3904 3762 3977 propedit,

2113 4010 2247 4050 cum
2277 4011 2390 4050 non
2425 3993 2792 4049 detestabilis
2823 3993 2998 4063 culpa
3029 3993 3304 4049 excludit.

2112 4115 2244 4166 CAP.
2273 4111 2362 4163 79.
2393 4141 2458 4150 —-—
2509 4115 2588 4164 De
2609 4109 2834 4179 repudio
2863 4111 3062 4164 mariti
3089 4112 3140 4164 si
3168 4109 3408 4164 debitum
3438 4107 3604 4162 uxori
3630 4110 3764 4163 red-

2183 4185 2317 4237 dere
2341 4197 2447 4236 non
2481 4183 2703 4251 poterit.
2740 4180 2996 4237 Codicum
3028 4181 3122 4238 tib.
3156 4198 3210 4251 ν,
3241 4197 3339 4252 cap
3374 4181 3459 4248 19,
3491 4179 3576 4235 tit.
3603 4197 3660 4234 ι.

2181 4270 2242 4324 Si
2274 4270 2523 4324 maritus
2557 4271 2719 4324 uxori
2753 4269 2826 4324 ab
2859 4269 3027 4324 initio
3060 4268 3422 4323 matrimonii
3461 4284 3648 4340 usque
3687 4269 3763 4322 ad

2109 4357 2259 4412 duos
2290 4359 2603 4412 continuos
2636 4373 2820 4412 annos
2871 4357 3297 4428 computandos
3329 4357 3484 4412 coire
3517 4356 3767 4411 minime

2110 4452 2345 4518 propter
2367 4447 2690 4502 naturalem
2711 4446 3173 4502 imbecillitatem
3186 4445 3398 4513 valeat,
3423 4446 3610 4517 possit
3627 4461 3768 4500 mu-

2113 4534 2222 4590 lier
2268 4535 2354 4590 vel
2387 4539 2516 4606 ejus
2563 4541 2857 4607 parentes,
2905 4537 3030 4589 sine
3079 4533 3339 4606 periculo
3388 4534 3542 4590 dotis
3591 4535 3768 4588 amit~

2108 4625 2317 4689 tendae,
2356 4625 2665 4695 repudium
2707 4624 2919 4679 marito
2949 4623 3160 4678 dicere.

2110 4741 2244 4797 CAP.
2287 4742 2376 4797 80.
2415 4773 2478 4784 —-
2522 4743 2594 4797 De
2623 4741 3357 4884 eadgm(re.550)apitutorum
3401 4739 3476 4794 lib
3514 4755 3594 4809 Vi,
3637 4755 3762 4811 cap.

2847 4829 2894 4868 c.
3028 4854 3040 4867 .

2847 4829 2894 4868 ε.
2925 4829 3040 4868 DD).

2184 4901 2240 4956 Si
2274 4901 2360 4954 vir
2377 4907 2432 4956 et
2459 4902 2670 4957 mulier
2689 4901 3101 4972 conjunxerint
3123 4915 3184 4955 se
3204 4899 3262 4954 in
3287 4899 3688 4964 matrimonio,
3708 4903 3770 4955 et

2111 4994 2314 5060 postea
2342 4989 2786 5044 dixeritmulier
2807 4989 2876 5044 de
2906 4989 3029 5044 viro
3054 5005 3168 5043 non
3195 5003 3362 5060 posse
3384 4988 3606 5043 nubere
3625 5005 3764 5043 cum

2111 5092 2176 5132 eo
2193 5097 2206 5145 ;
2224 5079 2272 5133 si
2286 5079 2539 5148 potuerit
2554 5079 2797 5147 probare
2811 5079 2959 5148 quod
2978 5093 3178 5132 verum
3197 5076 3274 5130 sit
3287 5076 3538 5147 accipiat
3553 5076 3736 5131 alium
3749 5117 3764 5142 ,

2110 5183 2176 5221 eo
2211 5168 2387 5237 quod,
2414 5167 2585 5234 juxta
2619 5167 2986 5236 Apostolum,
3038 5183 3152 5220 non
3188 5165 3374 5234 potuit
3407 5164 3491 5220 illi
3517 5166 3766 5221 reddere

2110 5254 2196 5309 vir
2226 5270 2371 5309 suus
2402 5254 2665 5308 debitum
2700 5257 2749 5323 (l
2780 5254 2899 5310 Cor.
2933 5255 3057 5326 v11).

2111 5370 2243 5425 CAP.
2309 5369 2399 5424 8t.
2477 5399 2544 5410 —
2603 5370 2673 5424 De
2729 5369 2921 5426 eadem
3131 5369 3463 5424 Constitutio
3503 5367 3766 5424 Novella-

2811 5459 2932 5496 rum
3039 5482 3052 5495 .

2811 5459 2932 5496 rum
2963 5459 3052 5496 ὀί.

2185 5529 2241 5584 Si
2277 5529 2408 5601 quis
2443 5547 2554 5584 non
2589 5534 2779 5602 potest
2800 5547 2929 5586 cum
2955 5546 3131 5585 uxore
3161 5545 3270 5585 sua
3291 5527 3548 5597 misceri,
3581 5529 3763 5586 etiam

2114 5618 2241 5673 sine
2275 5617 2516 5690 repudio
2549 5619 2993 5674 matrimonium
3028 5617 3404 5674 dissolvatur.
