3994 6052
206 302 313 359 601

1127 307 1437 362 DECRETI
1480 308 1664 361 PARS
1701 302 1853 360 VIII.
1884 332 1953 345 —
1978 306 2075 358 DE
2111 305 2507 373 CONJUGIIS,
2547 306 2705 358 ETC.

3514 306 3623 361 602

206 428 467 500 CAP._8'2.
496 456 564 467 —
595 427 745 494 Quod
772 434 994 498 propter
1022 444 1175 499 spem
1202 430 1375 499 prolis
1403 429 1665 499 conjugia
1695 444 1856 499 copu-
1889 427 1945 493 Α
1973 426 2235 482 cubitum
2270 426 2359 481 vir
2386 443 2532 481 suus
2563 426 2833 481 accedere
2866 442 2979 481 non
3018 426 3209 491 debet,
3241 428 3620 500 quoadusque

336 498 505 554 lauda
536 502 669 554 sint.
703 498 1255 571 Augustinus’contra
1287 498 1544 556 Faustum
1573 501 1668 557 lib.
1697 516 1737 553 ι.

274 589 359 643 Ad
378 587 722 659 explendam
740 595 969 643 tantum
986 588 1290 644 libidinem
1306 590 1543 645 feminis
1559 587 1859 660 impudica

202 677 619 747 conjunctione
633 678 957 733 miscentur
970 677 1293 746 Manicheai;
1310 678 1461 733 filios
1480 686 1674 733 autem
1691 675 1858 731 inviti

202 766 559 836 suscipiunt,
577 770 813 838 propter
834 767 988 838 quod
1014 766 1205 822 solum
1231 767 1503 839 conjugia
1529 765 1859 838 cOpulanda

204 859 364 913 sunt.
399 855 698 919 Quomodo
731 871 867 927 ergo
903 873 1016 911 non
1050 856 1326 927 prohibes
1360 857 1600 922 nubere,
1626 855 1857 927 quando

200 945 261 999 id
296 944 529 999 conaris
560 946 789 1000 auferre
832 946 903 999 de
954 946 1199 1016 nuptiis,
1232 947 1388 1001 unde
1422 950 1560 1001 sunt
1592 944 1807 1016 nuptias
1830 944 1858 999 ?

199 1034 324 1099 Quo
344 1032 564 1103 ablato,
589 1034 783 1089 mariti
809 1038 983 1089 erunt
1002 1034 1248 1105 turpiter
1268 1039 1581 1101 amatores,
1598 1034 1857 1090 meretri-

200 1138 299 1178 ces
331 1139 565 1189 uxores,
600 1122 845 1177 thalami
880 1123 1150 1193 fornices,
1184 1124 1367 1179 soceri
1401 1124 1660 1178 lenones.

200 1218 332 1274 CAP.
364 1218 455 1273 83.
489 1250 556 1259 —
591 1219 739 1287 Quod
771 1219 1065 1275 Dominica
1115 1221 1207 1275 die
1235 1220 1303 1275 ab
1352 1238 1524 1276 uxore
1572 1220 1855 1275 abstinen-

275 1290 409 1344 dum
568 1293 839 1363 Responsa
858 1293 1075 1347 Nicolai
1094 1292 1163 1346 ad
1183 1293 1437 1348 consulta
1468 1294 1855 1361 Bulgarorum,

275 1378 402 1433 cap.
513 1403 525 1416 .

273 1449 595 1506 Consulitis
626 1455 919 1521 praeterea,
953 1452 1000 1506 si
1034 1451 1207 1507 liceat
1236 1451 1380 1519 viro,
1414 1451 1717 1507 Dominico
1751 1468 1856 1507 no-

199 1541 412 1594 cturno
436 1544 698 1611 tempore
722 1539 808 1595 vel
831 1540 1043 1595 diurno
1071 1556 1204 1595 cum
1230 1557 1405 1595 uxore
1428 1558 1535 1595 sua
1556 1540 1854 1611 conjungi,

196 1630 300 1681 aut
330 1628 605 1683 dormire.
628 1629 854 1695 Quibus
888 1629 1349 1700 respondemus:
1376 1629 1657 1693 Quoniam
1682 1628 1728 1684 si
1755 1629 1859 1683 Do-

198 1715 419 1771 minico
450 1716 545 1770 die
576 1716 649 1770 ab
676 1732 850 1789 opere
875 1718 1175 1773 mundano
1199 1719 1547 1773 cessandum
1576 1725 1682 1785 est,
1708 1718 1862 1773 sicut

197 1821 383 1872 supra
414 1806 750 1871 docuimus,
784 1810 1003 1878 quanto
1034 1808 1223 1878 magis
1246 1824 1278 1862 a
1298 1806 1594 1879 voluptate
1616 1807 1858 1875 carnali,
1891 1798 1940 1866 B

198 1897 259 1947 et
290 1894 636 1949 omnimoda
665 1896 926 1965 corporis
962 1896 1286 1967 pollutione
1316 1896 1657 1952 cavendum.

204 1994 344 2047 CAP.
377 1991 465 2047 84.
499 2023 567 2031 -
599 1994 672 2048 De
698 1993 890 2048 eadem
918 2009 996 2049 re.
1021 1994 1330 2049 Ambrosius
1357 2010 1527 2065 super
1558 1995 1857 2064 Epistolam

420 2066 672 2132 primam
700 2065 770 2119 ad
801 2066 1116 2123 Corinthios
1156 2066 1249 2138 (ad
1277 2083 1324 2121 c.
1357 2083 1455 2132 v11,
1488 2067 1642 2137 init.)

280 2152 388 2222 (33,
422 2169 474 2224 q.
510 2154 561 2224 4,
591 2170 637 2207 c.
672 2153 734 2209 Si
759 2154 970 2225 causa).
1022 2154 1079 2208 Si
1130 2171 1310 2210 causa
1355 2155 1742 2210 creandorum
1785 2154 1855 2208 fi-

200 2239 418 2296 liorum
452 2242 688 2297 ducitur
720 2260 885 2309 uxor,
919 2259 1032 2298 non
1067 2242 1321 2298 multum
1353 2249 1586 2315 tempus
1616 2259 1852 2298 conces-

202 2346 336 2385 sum
368 2330 598 2386 videtur
623 2332 712 2402 ﬁad
747 2348 921 2387 usum
971 2333 1191 2403 ipsum,
1224 2332 1364 2403 quia
1393 2340 1450 2388 et
1480 2332 1605 2388 dies
1636 2332 1765 2388 testi
1799 2338 1856 2386 et

200 2418 328 2474 dies
358 2420 770 2489 processionis,
796 2425 852 2475 et
884 2421 1013 2491 ipsa
1035 2421 1183 2476 ratio
1214 2426 1531 2492 conceptus
1564 2426 1621 2476 et
1651 2426 1855 2493 partus

191 2508 369 2577 juxta
395 2507 582 2579 legem
615 2509 834 2563 cessari
867 2510 1233 2581 temporibus
1260 2510 1353 2566 his
1378 2510 1588 2565 debere
1616 2510 1856 2565 demon-

202 2601 413 2652 strant.

202 2684 333 2740 CAP.
366 2686 453 2739 85.
488 2716 557 2724 -
594 2687 656 2741 Ut
685 2687 891 2741 mulier
918 2685 1163 2743 dominio
1216 2687 1327 2741 viri
1374 2686 1465 2742 sui
1493 2687 1734 2755 subiecta
1763 2688 1851 2743 sit.

276 2758 591 2811 Ambrosius
623 2757 1001 2829 (Augustinus)
1026 2758 1088 2812 in
1117 2758 1257 2814 libro
1288 2760 1664 2828 Quintianum
1699 2761 1854 2815 Vete-

276 2830 355 2882 ris
385 2832 438 2882 et
463 2829 599 2883 Novi
628 2829 975 2898 Testamenti,
1007 2846 1126 2901 cap.
1161 2831 1249 2885 45.

278 2916 389 2986 (33,
422 2934 474 2987 q.
505 2918 559 2986 5,
582 2933 629 2972 c.
654 2918 987 2989 Mulierem).
1016 2918 1313 2974 Mulierem
1348 2922 1577 2973 constat
1598 2917 1855 2975 dominio

203 3004 313 3059 viri
346 3006 672 3075 subjectam
705 3023 834 3062 esse
864 3012 919 3062 et
944 3006 1163 3062 nullam
1182 3007 1589 3062 auctoritatem
1618 3007 1853 3073 habere,

204 3111 313 3149 nec
342 3095 551 3150 docere
581 3096 737 3150 enim
773 3101 984 3167 potest,
1019 3112 1124 3151 nec
1171 3096 1341 3152 testis
1388 3112 1536 3165 esse,
1568 3113 1755 3167 neque
1786 3098 1851 3151 ﬁ-

204 3184 337 3239 dem
370 3183 583 3251 dicere,
615 3200 719 3239 nec
762 3162 1067 3255 judicare;
1124 3190 1344 3256 quanto
1378 3162 1566 3257 magis
1604 3162 1719 3240 non
1754 3202 1852 3258 ρο·
1884 3162 1926 3229 C

205 3277 319 3328 test
349 3271 659 3344 imperare.

204 3367 341 3424 CAP.
372 3369 463 3422 86.
498 3400 565 3410 —
599 3370 749 3438 Quod
797 3373 889 3427 vir
934 3387 1045 3427 non
1075 3371 1224 3428 debet
1270 3372 1495 3427 mulieri
1536 3372 1859 3427 subtrahere

273 3440 539 3496 debitum.
579 3444 952 3513 Hieronymus
990 3458 1153 3514 super
1191 3444 1525 3499 Ezechielem
1554 3444 1651 3498 lib.
1684 3460 1782 3498 vn.

276 3528 487 3584 Caveat
518 3547 663 3586 uxor
692 3548 763 3586 ne
794 3532 939 3587 forte
971 3532 1118 3588 victa
1167 3532 1455 3587 desiderio
1486 3531 1733 3587 coeundi
1764 3548 1857 3588 ce-

203 3616 283 3672 let
312 3619 526 3685 virum,
567 3627 622 3674 et
653 3620 902 3676 maritus
952 3638 1023 3676 ne
1051 3622 1169 3676 vim
1201 3622 1376 3677 faciat
1424 3620 1610 3690 uxori,
1641 3625 1857 3691 putans

205 3708 364 3762 omni
398 3712 660 3778 tempore
705 3710 1027 3779 subjectam
1078 3710 1191 3765 sibi
1234 3711 1443 3765 debere
1472 3708 1727 3781 conjugii
1760 3726 1857 3765 vo-

204 3795 515 3852 luntatem.

205 3888 337 3940 CAP.
369 3886 459 3939 87.
495 3915 557 3924 —
595 3886 656 3941 Ut
685 3886 1155 3941 communicaturi
1174 3902 1231 3941 se
1259 3902 1319 3941 eo
1350 3890 1587 3956 tempore
1615 3887 1686 3941 ab
1717 3902 1855 3941 uxo-

276 3956 430 4010 ribus
442 3958 790 4029 abstineant.
813 3960 1004 4013 Sermo
1028 3960 1353 4029 Hieronymi
1372 3958 1571 4028 vigilia
1602 3958 1854 4024 Pascha,

276 4030 374 4098 qui
400 4028 479 4081 sic
511 4027 706 4098 incipit
734 4046 752 4082 :
787 4030 972 4095 Hodie,
1021 4027 1246 4098 [ratres‘
1272 4027 1607 4094 charissimi,
1637 4030 1856 4100 populis

277 4100 445 4153 Israel
476 4100 737 4173 (torno/1i
762 4117 1009 4156 sermone
1037 4102 1126 4168 33,
1180 4103 1256 4155 De
1303 4118 1395 4156 esu
1445 4102 1606 4170 agni,
1637 4104 1736 4156 sed
1761 4103 1859 4173 qui

278 4173 428 4224 inter
458 4170 692 4241 nothos).

274 4259 387 4329 (33,
423 4275 471 4329 q.
508 4259 559 4325 4,
591 4274 639 4315 e.
674 4258 914 4326 Sciatis).
967 4260 1198 4328 Sciatis,
1244 4260 1453 4315 fratres
1500 4259 1856 4328 charissimi,

204 4347 481 4417 quoniam
518 4346 852 4418 quicunque
884 4348 1045 4403 uxori
1094 4349 1356 4403 debitum
1409 4348 1620 4415 reddit,
1654 4364 1858 4403 vacare

203 4452 321 4491 non
346 4441 539 4507 potest
554 4436 821 4503 orationi,
843 4453 948 4491 nec
970 4439 1040 4493 de
1058 4438 1336 4492 carnibus
1357 4437 1503 4509 Agni
1532 4438 1853 4492 comedere.

1969 514 2069 587 qui
2103 515 2365 588 gignitur
2386 514 2725 571 ablactatur.
2752 515 2932 571 Prava
2955 522 3151 569 autem
3187 516 3245 570 in
3279 518 3619 590 conjugato-

1969 620 2099 658 rum
2127 604 2391 659 moribus
2417 605 2735 660 consetudo
2758 604 3150 675 subrepsit,ut
3169 605 3448 661 mulieres
3471 607 3621 663 ﬁlios

1968 710 2114 765 quos
2147 694 2400 765 gignunt
2430 695 2653 749 nutrire
2678 698 3074 764 contemnant,
3099 711 3315 765 eosque
3345 694 3474 749 aliis
3498 713 3615 751 mu-

1968 782 2212 837 lieribus
2237 784 2305 837 ad
2338 782 2716 838 nutriendum
2740 784 2994 837 tradant.
3018 784 3178 847 Quod
3212 783 3479 840 videlicet
3497 784 3622 841 sola

1967 872 2595 928 causaincontinentim
2620 872 2846 927 videtur
2870 872 3374 942 inventum.0uia,
3399 874 3539 928 dum
3561 890 3621 930 se

1967 961 2263 1016 continere
2280 960 2368 1015 nol
2382 960 3070 1031 unt,despiciuntlactare
3086 977 3233 1032 quos
3247 961 3621 1034 gignunt.Has

1966 1050 2166 1120 itaque
2189 1066 2315 1121 quas
2341 1048 2491 1104 ﬁlios
2506 1066 2644 1104 suos
2661 1065 2727 1104 ex
2752 1066 2927 1121 prava
2948 1050 3372 1105 consuetudine
3394 1051 3524 1106 aliis
3547 1053 3618 1107 ad

1970 1139 2349 1193 nutriendum
2376 1140 2635 1208 tradunt,
2674 1138 2787 1192 nisi
2822 1138 3190 1209 purgationis
3213 1144 3448 1209 tempus
3469 1144 3622 1195 tran-

1968 1226 2307 1295 sierit,viris
2326 1227 2448 1282 suis
2469 1243 2581 1280 non
2602 1227 2814 1281 debent
2836 1225 3224 1281 commisceri.
3242 1226 3465 1299 Quippe
3483 1244 3617 1282 cum

1967 1321 2023 1371 et
2053 1317 2179 1371 sine
2213 1320 2413 1387 partus
2444 1333 2643 1385 causa,
2676 1317 2815 1370 dum
2850 1316 2907 1369 in
2953 1315 3251 1371 consuetis
3297 1316 3619 1372 menstruis

1967 1405 2323 1473 detinentur,
2356 1403 2497 1458 viris
2530 1405 2653 1459 suis
2703 1403 2935 1459 misceri
2971 1404 3413 1474 prohibeantur,
3446 1405 3524 1459 ita
3557 1409 3623 1459 ut

1968 1498 2153 1549 morte
2176 1493 2262 1549 lex
2290 1510 2452 1549 sacra
2477 1492 2668 1560 feriat,
2693 1494 2741 1548 si
2770 1493 2900 1565 quis
2924 1492 3008 1548 vir
3031 1495 3101 1548 ad
3129 1492 3437 1548 mulierem
3462 1510 3622 1548 men-

1968 1587 2257 1639 struatam
2290 1584 2530 1639 accedat
2550 1583 2695 1662 (Leu.
2722 1583 2836 1653 xx).
2864 1584 2997 1647 Quae
3022 1587 3217 1637 tamen
3246 1583 3458 1639 mulier
3479 1583 3622 1638 dum

1968 1673 2453 1729 consuetudinem
2479 1677 2841 1727 menstruam
2868 1674 3106 1743 patitur,
3123 1671 3419 1743 prohiberi
3440 1670 3620 1728 eccle-

1969 1763 2117 1817 siam
2151 1762 2368 1816 intrare
2401 1778 2515 1816 non
2547 1762 2739 1827 debet,
2766 1760 2905 1831 quia
2920 1760 2973 1815 ei
2998 1766 3216 1815 natura:
3240 1761 3621 1831 superﬂuitas

1967 1853 2027 1908 in
2058 1852 2291 1922 culpam
2323 1867 2438 1906 non
2456 1851 2608 1905 valet
2638 1851 2990 1923 reputari,et
3006 1866 3108 1921 per
3127 1849 3236 1905 hoc
3263 1851 3415 1921 quod
3439 1850 3623 1906 invita

1965 1940 2457 2013 patitur,justum
2509 1955 2622 1994 non
2673 1944 2763 1994 est
2813 1944 2877 1993 ut
2926 1939 2998 1993 ab
3050 1938 3317 2010 ingressu
3350 1938 3620 1993 Ecclesiae

1966 2030 2243 2101 privetur.
2268 2030 2396 2085 Item
2420 2028 2646 2099 (ibidem
2676 2026 2970 2099 aliquanto
2988 2035 3138 2099 post;
3164 2027 3255 2091 33,
3278 2045 3330 2098 q.
3358 2027 3410 2095 4,
3433 2043 3480 2081 c.
3517 2028 3624 2082 Vir

1964 2118 2133 2189 cum).
2160 2117 2254 2175 Vir
2275 2134 2406 2172 cum
2432 2118 2666 2188 propria
2688 2116 2938 2188 conjuge
2969 2115 3289 2185 dormiens,
3319 2115 3431 2172 nisi
3463 2115 3621 2171 lotus

1965 2223 2119 2277 aqua
2150 2207 2368 2261 intrare
2399 2204 2704 2261 ecclesiam
2738 2221 2853 2259 non
2886 2204 3075 2270 debet,
3110 2206 3208 2260 sed
3244 2220 3432 2275 neque
3463 2203 3621 2260 lotus

1965 2296 2165 2352 statim
2198 2295 2418 2349 intrare
2449 2293 2640 2349 debet.
2673 2294 2805 2348 Item
2830 2294 2967 2365 (post
2997 2294 3208 2365 aliquot
3238 2294 3469 2365 versus).
3506 2293 3621 2349 RO'

1966 2399 2275 2439 manorum
2309 2398 2542 2453 semper
2572 2382 2645 2437 ab
2675 2381 3112 2453 antiquioribus
3143 2399 3288 2438 usus
3320 2382 3450 2448 fuit,
3485 2388 3621 2453 post

1964 2472 2382 2529 admistionem
2415 2471 2664 2543 propriae
2695 2472 2986 2541 conjugis.
3018 2476 3077 2526 et
3106 2471 3322 2526 lavacri
3350 2470 3623 2541 puriﬁca-

1964 2562 2183 2617 tionem
2219 2577 2498 2631 quaerere,
2531 2564 2588 2615 et
2617 2561 2688 2615 ab
2722 2560 2991 2631 ingressu
3015 2559 3270 2615 ecclesias
3303 2558 3613 2630 paululum

1962 2652 2290 2705 reverenter
2321 2647 2633 2704 abstinere.
2668 2648 2782 2703 Nec
2814 2647 2933 2703 hinc
2954 2648 3213 2704 dicentes
3246 2648 3481 2720 culpam
3516 2649 3615 2703 de-

1962 2742 2243 2810 putamus
2266 2752 2394 2792 esse
2418 2736 2779 2808 conjugium,
2807 2737 2908 2791 sed
2932 2737 3069 2806 quia
3094 2738 3221 2806 ipsa
3242 2736 3403 2792 licita
3424 2735 3614 2793 admi-

1964 2828 2077 2882 stio
2100 2828 2416 2897 conjugum
2438 2826 2564 2882 sine
2582 2824 2877 2897 voluptate
2896 2826 3090 2880 carnis
3115 2825 3238 2881 ﬁeri
3263 2842 3377 2881 non
3402 2830 3615 2895 potest,

1963 2932 1998 2971 a
2018 2916 2165 2972 sacri
2185 2915 2295 2970 loci
2322 2915 2590 2986 ingressu
2614 2913 3028 2969 abstinendum
3049 2918 3157 2981 est,
3182 2916 3319 2985 quia
3339 2914 3612 2985 voluptas

1962 3005 2092 3077 ipsa
2123 3021 2252 3060 esse
2282 3004 2409 3059 sine
2442 3003 2610 3075 culpa
2653 3002 2991 3058 nullatenus
3024 3007 3233 3073 potest.
3262 3003 3394 3058 Item
3424 3003 3611 3074 (paulo

1962 3094 2121 3165 post).
2153 3098 2389 3164 Oportet
2408 3092 2671 3164 legitima
2693 3093 2885 3147 carnis
2907 3091 3117 3163 copula
3136 3096 3201 3148 ut
3221 3108 3399 3148 causa
3428 3091 3611 3163 prolis

1965 3184 2062 3253 sit,
2090 3200 2199 3237 non
2230 3182 2567 3253 voluptatis,
2582 3185 2639 3236 et
2655 3181 2847 3236 carnis
2868 3180 3201 3236 commistio
3220 3181 3611 3236 creandorum

1963 3271 2283 3327 liberorum
2306 3271 2381 3326 sit
2402 3270 2730 3342 gratia.non
2746 3270 3068 3325 satisfactio
3082 3268 3377 3324 vitiorum.
3403 3269 3460 3324 Si
3481 3267 3615 3339 quis

1962 3377 2099 3416 vero
2132 3377 2239 3415 sua
2269 3360 2516 3430 conjuge
2547 3376 2659 3413 non
2685 3358 3002 3429 voluptatis
3032 3358 3351 3429 cupiditate
3382 3361 3612 3427 raptus,

1964 3450 2065 3505 sed
2083 3448 2451 3505 solummodo
2466 3448 2847 3503 creandorum
2864 3448 3181 3502 liberorum
3200 3448 3386 3519 gratia
3405 3446 3611 3513 utitur,

1965 3538 2077 3594 iste
2111 3538 2365 3608 profecto
2397 3536 2515 3591 sive
2548 3536 2618 3591 de
2649 3536 2913 3604 ingressu
2946 3536 3238 3602 Ecclesiae,
3269 3536 3390 3591 sive
3418 3536 3489 3591 de
3520 3551 3616 3590 su-

1966 3628 2178 3682 mendo
2196 3624 2482 3681 Dominici
2505 3625 2765 3695 corporis
2785 3629 2841 3679 et
2861 3625 3169 3696 sanguinis
3194 3624 3490 3697 mysterio,
3508 3640 3615 3680 suo

1965 3720 2055 3772 est
2088 3713 2765 3784 relinquendusjudicio,
2782 3714 2919 3783 quia
2940 3730 2971 3767 a
2988 3714 3158 3768 nobis
3181 3714 3474 3785 prohiberi
3499 3730 3615 3767 non

1966 3804 2139 3859 debet
2167 3802 2446 3874 accipere,
2492 3802 2593 3873 qui
2627 3802 2685 3856 in
2732 3802 2864 3872 igne
2916 3801 3147 3873 positus
3178 3803 3361 3857 nescit
3392 3803 3615 3858 ardere.

1963 3897 2107 3950 Cum
2138 3908 2271 3946 vero
2304 3908 2417 3945 non
2450 3906 2615 3945 amor
2643 3891 3012 3960 procreandis
3046 3891 3285 3954 sobolis,
3319 3892 3419 3946 sed
3449 3889 3615 3946 volu-

1965 3986 2096 4054 ptas
2117 3981 2431 4035 damnatur
2453 3979 2511 4033 in
2536 3996 2709 4050 opere
2726 3979 3182 4044 commistionis,
3201 3980 3415 4034 habent
3439 3979 3613 4034 etiam

1965 4072 2245 4141 conjuges
2276 4069 2427 4136 quod
2461 4070 2532 4123 de
2563 4085 2670 4122 sua
2720 4068 3132 4123 commistione
3163 4069 3434 4123 deﬂeant.
3463 4070 3617 4122 Item

1965 4161 2065 4230 (ad
2088 4158 2510 4227 calcem).Tunc
2527 4157 2614 4210 vir
2634 4155 2733 4226 qui
2759 4160 2890 4226 post
2910 4156 3324 4211 admistionem
3350 4156 3616 4226 conjugis

1965 4247 2122 4303 lotus
2153 4264 2304 4317 aqua
2326 4246 2520 4311 fuerit,
2543 4244 2717 4299 etiam
2743 4261 2922 4299 sacres
2946 4243 3377 4299 communionis
3398 4248 3615 4314 myste-

1966 4338 2119 4391 rium
2149 4335 2299 4391 valet
2321 4334 2601 4405 accipere,
2625 4349 2757 4388 cum
2807 4332 2857 4388 ei
2904 4334 3071 4403 juxta
3096 4332 3445 4403 prrelinitam
3477 4346 3614 4386 sen-

1965 4425 2207 4480 tentiam
2242 4422 2549 4479 ecclesiam
2575 4420 2749 4477 etiam
2774 4422 3002 4477 licuerit
3022 4422 3259 4477 intrare.

205 4527 482 4627 8t.
497 4541 668 4627 “"3"”.
690 4529 875 4625 (atque.
904 4527 1139 4581 alterum
1156 4526 1416 4627 ""‘9'?’
1450 4525 1506 4579 Si
1532 4541 1712 4627 Pin“
1737 4542 1861 4627 pm:
1892 4530 1938 4595 Ῑ)
1968 4562 2105 4615 CAP.
2138 4560 2229 4613 89.
2260 4588 2325 4598 -—
2368 4557 2527 4626 Quod
2575 4556 2884 4611 Christiano
2930 4573 3053 4611 cum
3103 4571 3274 4611 uxore
3316 4556 3616 4627 aliquando

202 4614 519 4685 positionis
551 4614 621 4668 ab
656 4614 745 4668 his
779 4613 878 4685 qui
911 4630 1118 4669 uxores
1139 4632 1276 4669 suas
1295 4614 1611 4687 tetigerant
1635 4614 1857 4669 comedi

204 4720 322 4758 non
356 4707 623 4774 poterant
664 4704 708 4773 (I
740 4704 864 4771 Reg.
899 4704 1039 4773 xxi),
1091 4709 1307 4775 quanto
1344 4703 1534 4774 magis
1566 4703 1731 4775 panis
1764 4703 1859 4759 ille

202 4790 305 4862 qui
340 4791 411 4845 de
433 4790 575 4846 caelo
601 4789 922 4859 descendit,
947 4806 1062 4846 non
1085 4795 1274 4861 potest
1296 4791 1366 4846 ab
1392 4790 1506 4855 his,
1530 4789 1628 4863 qui
1652 4792 1857 4861 conju-

200 4881 432 4952 galibus
463 4880 636 4952 paulo
668 4885 801 4936 ante
828 4880 1044 4937 haesere
1076 4881 1499 4952 complexibus,
1532 4880 1735 4935 violari
1768 4886 1856 4936 at-

201 4987 318 5042 que
341 4968 642 5041 contingi!
695 4972 820 5024 Non
873 4970 1029 5040 quod
1082 4971 1320 5041 nuptias
1374 4970 1855 5035 condemnemus,

200 5060 301 5116 sed
334 5058 493 5131 quod
523 5074 590 5113 eo
621 5061 879 5128 tempore
910 5074 1025 5130 quo
1057 5075 1264 5114 carnes
1297 5058 1438 5130 Agni
1472 5058 1854 5113 manducatu-

197 5149 247 5203 ri
279 5164 510 5215 sumus,
541 5161 747 5201 vacare
778 5162 810 5199 a
841 5147 1035 5201 carnis
1067 5147 1344 5219 cperibus
1378 5147 1722 5202 debeamus.

196 5248 333 5303 CAP.
366 5245 454 5299 88.
490 5274 555 5283 —
592 5247 671 5299 Ne
703 5243 900 5298 mariti
947 5260 1072 5298 cum
1102 5246 1370 5300 uxoribus
1401 5244 1518 5299 suis
1559 5243 1852 5315 puerperis

267 5316 706 5388 congrediantur
751 5319 881 5369 ante
916 5318 1138 5388 tempus
1181 5318 1555 5385 purgationis.
1606 5315 1753 5371 Beda
1792 5316 1849 5370 in

270 5386 520 5445 Historia
551 5387 1003 5458 Anglorum,lib.
1038 5404 1077 5453 ι,
1122 5403 1244 5453 cap.
1275 5389 1366 5442 27.
1415 5387 1707 5458 Gregorius
1736 5403 1847 5442 res-

264 5460 469 5531 pondet
496 5457 801 5531 Augustino
842 5457 1018 5529 (Greg.
1052 5458 1122 5513 ad
1172 5460 1238 5512 10
1268 5461 1492 5527 August.
1526 5457 1850 5530 interroga-

268 5534 517 5599 tionem).

272 5621 430 5691 (Dist.
463 5622 516 5688 5,
546 5636 592 5674 c.
628 5618 705 5673 Ad
733 5618 849 5689 ejus
878 5622 1043 5688 vero).
1077 5620 1161 5675 Ad
1196 5619 1381 5676 enixae
1410 5620 1675 5675 mulieris
1706 5636 1847 5675 con-

2042 4630 2168 4685 licet
2196 4633 2504 4695 convenire,
2538 4629 2840 4699 aliquando
2870 4644 2997 4683 non.
3030 4628 3359 4698 Jugustinus
3386 4645 3447 4682 in
3478 4629 3617 4684 libro

2041 4704 2415 4772 Quaestionum
2454 4703 2650 4758 Veteris
2681 4710 2733 4754 et
2762 4701 2897 4755 Novi
2938 4701 3279 4768 Testamenti,
3305 4716 3351 4754 c.
3388 4700 3507 4753 128.

2041 4820 2196 4889 (Dist.
2220 4819 2309 4885 88,
2334 4834 2382 4873 c.
2408 4817 2733 4885 Fornicari).
2770 4813 3063 4870 Fornicari
3088 4814 3365 4869 omnibus
3386 4830 3620 4886 semper

1966 4925 2081 4964 non
2112 4908 2269 4973 licet,
2304 4905 2586 4978 negotiari
2611 4922 2744 4959 vero
2775 4904 3093 4974 aliquando
3123 4903 3277 4973 licet,
3302 4902 3618 4975 aliquando

1964 5014 2080 5053 non
2096 4997 2247 5051 licet.
2266 4999 2594 5067 Antequam
2609 4992 2765 5049 enim
2784 4991 3219 5049 ecclesiasticus
3237 4992 3371 5065 quis
3384 4992 3621 5058 sit,licet

1962 5091 2021 5141 et
2051 5084 2333 5157 negotiari
2359 5104 2371 5150 ;
2409 5083 2697 5152 factojam
2721 5098 2835 5137 non
2860 5081 3014 5136 licet.
3042 5082 3108 5137 Et
3127 5081 3460 5138 Christiano
3480 5098 3615 5137 cum

1962 5190 2142 5231 uxore
2165 5191 2272 5229 sua
2289 5172 2595 5228 convenire
2624 5170 2944 5241 aliquando
2968 5169 3121 5240 licet,
3146 5170 3464 5241 aliquando
3487 5187 3618 5225 vero

1962 5280 2077 5319 non
2110 5262 2266 5319 licet.
2284 5262 2521 5333 Propter
2543 5260 2669 5316 dies
2699 5259 2856 5314 enim
2886 5260 3276 5331 processionis
3298 5258 3619 5330 aliquando

1961 5371 2077 5409 non
2100 5352 2236 5408 licet
2258 5350 2734 5421 convenire,quia
2750 5348 2927 5405 etiam
2943 5366 2977 5403 a
3000 5347 3175 5404 licitis
3197 5348 3616 5404 abstinendum

1962 5446 2071 5508 est,
2107 5446 2169 5497 ut
2202 5440 2429 5495 facilius
2483 5438 2785 5509 impetrari
2836 5438 3025 5509 possit
3073 5438 3226 5508 quod
3263 5434 3616 5508 postulatur.

1958 5529 2121 5585 Unde
2153 5528 2487 5601 Apostolus,
2517 5528 2595 5582 Ex
2625 5542 2938 5595 consensu,
2962 5525 3065 5596 ait,
3089 5526 3509 5582 abstinendum
3532 5515 3622 5585 est

1957 5620 2028 5677 ad
2060 5623 2312 5690 tempus,
2342 5622 2405 5673 ut
2448 5616 2664 5674 vacetis
2713 5614 2964 5673 orationi
2998 5617 3043 5686 (ι
3076 5614 3195 5672 Cor.
3229 5617 3352 5686 vn).
3385 5616 3530 5675 Nam
3562 5627 3621 5678 et
