3972 6056
359 230 465 286 603

1435 239 1504 290 D.
1547 233 1788 291 IVONIS
1823 238 2322 300 CARNOTENSIS
2360 249 2680 306 EPISCOPI

3664 248 3787 305 604

355 356 680 448 secundum
714 354 900 448 legem
930 356 992 413 in
1015 357 1241 430 jejunio
1285 359 1500 414 cendere
1548 361 1853 432 etjurgari
1884 379 1999 417 non
2029 367 2084 433 Α
2113 365 2200 422 vir
2230 371 2662 442 testimonium,
2696 375 2852 432 unde
2882 374 3247 447 lapidaretur
3293 375 3414 448 illa,
3447 374 3498 431 si
3527 374 3639 432 hoc
3670 392 3785 434 ve-

353 445 510 514 licet,
541 451 741 517 postea
773 446 929 502 licet.

352 549 484 601 CAP.
517 545 606 599 90.
638 575 707 585 —
737 546 798 601 Ut
829 546 934 612 vir,
964 547 1017 600 si
1044 545 1288 613 litigium
1311 546 1455 601 inter
1475 561 1561 601 eos
1590 548 1783 617 fuerit,
1817 548 2001 604 domet

390 632 616 673 uxorem
645 634 826 671 suam.
856 620 1054 672 Sermo
1094 617 1182 669 65.
1213 617 1393 686 Amb.,
1438 618 1511 672 De
1545 619 1687 673 verb.
1722 619 1962 675 Domini.

427 707 487 761 Si
519 706 574 760 in
612 724 726 761 una
742 704 1091 760 domolitem
1113 704 1263 759 inter
1279 723 1340 761 se
1369 705 1622 763 habeant
1651 708 1738 762 vir
1759 714 1814 763 et
1837 725 1999 774 uxor,

356 798 428 852 ad
463 797 570 852 hoc
614 797 784 851 debet
809 795 1073 850 laborare
1124 796 1208 850 vir
1260 802 1323 851 ut
1353 797 1552 852 domet
1600 815 1860 870 uxorem,
1894 800 1996 854 do-

355 886 500 941 mita
534 902 676 940 uxor
701 884 1052 954 subjugetur
1099 885 1242 942 viro.
1293 885 1620 958 Subjugata
1648 905 1823 944 uxore
1856 888 1998 956 viro,

354 975 454 1029 fiat
489 990 599 1044 pax
631 973 686 1026 in
721 973 914 1027 domo.

351 1063 486 1118 CAP.
515 1063 605 1115 91.
641 1093 706 1102 -
740 1061 800 1117 Ut
850 1062 1056 1116 mulier
1102 1062 1346 1132 subjecta
1391 1066 1461 1118 sit
1509 1064 1648 1120 viro.
1683 1066 2000 1122 Ambrosius

420 1135 788 1187 Hexaemeron
818 1132 877 1186 in
910 1139 1146 1188 tractatu
1175 1136 1292 1189 diei
1321 1137 1505 1206 quarti
1533 1137 1650 1205 (lib.
1685 1153 1738 1199 v,
1769 1154 1813 1191 c.
1847 1140 1924 1207 7).

421 1221 532 1291 (33,
565 1237 617 1291 q.
648 1221 702 1287 5,
737 1221 950 1286 Adam).
1003 1223 1180 1277 Adam
1235 1240 1335 1292 per
1382 1225 1552 1277 Evam
1602 1224 1880 1294 deceptus
1910 1230 2001 1281 est

350 1308 504 1381 (Gen.
539 1310 646 1380 ιιι),
696 1326 810 1364 non
861 1310 976 1364 Eva
1025 1327 1128 1381 per
1172 1312 1380 1377 Adam,
1433 1329 1608 1382 quem
1656 1313 1882 1367 vocavit
1926 1315 1998 1369 ad

351 1397 582 1470 culpam
615 1397 848 1453 mulier.
884 1403 1116 1455 Justum
1162 1405 1252 1455 est
1287 1405 1350 1454 ut
1378 1417 1505 1456 eam
1539 1401 1595 1455 in
1629 1403 2002 1472 gubernatio-

351 1503 482 1542 nem
539 1492 691 1554 [eum
741 1487 1216 1559 gubernatorem,
1249 1491 1412 1560 orig.]
1462 1496 1748 1558 assumat,
1791 1508 1861 1546 ne
1894 1491 2001 1546 ite-

351 1593 482 1632 rum
516 1575 768 1632 feminea
799 1575 1074 1631 facilitate
1107 1576 1357 1632 labatur.
1438 1610 1447 1618 ς

349 1664 484 1720 CAP.
515 1666 605 1738 92.
641 1695 708 1738 έ-
740 1665 920 1733 Quare
946 1666 1150 1720 mulier
1194 1667 1387 1738 debeat
1417 1666 1597 1721 velare
1626 1672 1791 1738 caput
1817 1683 1997 1722 suum.

2111 473 2238 513 rum
2273 476 2402 516 esse
2430 462 2952 530 demonstraretur,
2976 464 3103 536 ipse
3127 468 3324 520 tamen
3357 482 3471 522 non
3505 465 3778 522 vicissim

2110 544 2470 619 lapidaretur
2500 552 2548 607 si
2585 553 2687 608 hoc
2709 552 2922 608 falsum
2945 569 3074 609 esse
3100 554 3431 609 constiterit
3458 575 3472 623 ;
3506 555 3606 610 sed
3641 559 3780 612 tan-

2109 639 2414 694 tummodo
2446 642 2787 713 castigatur,
2822 650 2876 697 et
2897 642 3332 710 damniﬁcatur,
3356 643 3526 714 eique
3559 661 3780 716 perpe-

2109 731 2208 782 tuo
2235 728 2476 798 jubetur
2509 731 2804 786 adhaerere
2837 748 2954 803 qua
2983 748 3182 787 carere
3213 732 3494 788 voluerat.
3531 733 3594 788 In
3627 733 3776 789 aliis

2109 820 2303 871 autem
2354 819 2572 885 causis,
2603 835 2728 874 eum
2777 819 2878 890 qui
2928 819 3264 874 testimonio
3296 819 3440 874 falso
3485 819 3777 890 cuiquam

2109 907 2394 971 nocuerit,
2428 908 2582 978 quod
2611 908 2662 962 si
2711 909 2928 979 (quasi,
2971 909 3135 979 Vict.)
3182 909 3776 979 probaretur,jussit

2111 994 2294 1048 occidi
2331 1012 2343 1050 :
2375 997 2578 1051 eadem
2629 1014 2803 1067 pmna
2850 995 3022 1068 plecti
3068 997 3261 1068 jubet,
3314 1013 3430 1068 qua
3470 998 3685 1068 fuerat,
3723 998 3782 1054 si

2108 1099 2310 1139 verum
2341 1090 2517 1150 esset,
2550 1085 2660 1141 iste
2690 1087 3055 1156 plectendus.

2109 1229 2239 1280 CAP.
2273 1227 2364 1282 97.
2394 1257 2464 1267 —
2495 1227 2672 1298 Quod,
2704 1232 2846 1284 sicut
2877 1230 2965 1283 vir
3013 1228 3248 1296 Christo,
3297 1231 3377 1284 ita
3405 1228 3618 1285 mulier
3647 1229 3780 1286 viro

2177 1313 2275 1373 suo
2304 1299 2546 1373 subjecta
2574 1315 2688 1356 esse
2732 1300 2901 1355 debet.
2959 1303 3322 1372 Hieronymus
3351 1317 3514 1372 super
3545 1303 3783 1373 Episto-

2181 1370 2293 1424 lam
2325 1370 2394 1424 ad
2421 1370 2598 1426 Titum
2629 1375 2770 1443 (cap.
2810 1372 2893 1442 ιι).

2181 1495 2291 1563 (33,
2324 1512 2375 1564 q.
2408 1496 2462 1562 5,
2496 1513 2543 1551 c.
2577 1496 2713 1552 Cum
2751 1498 2956 1567 caput).
3007 1497 3148 1552 Cum
3180 1501 3358 1568 caput
3390 1495 3656 1553 mulieris
3685 1498 3784 1554 vir

2110 1585 2208 1653 sit,
2231 1590 2407 1655 caput
2431 1590 2628 1640 autem
2655 1584 2760 1638 viri
2791 1584 3081 1649 Christus,
3102 1601 3470 1656 quiscunque
3489 1602 3634 1640 uxor
3657 1601 3782 1641 non

2111 1673 2424 1743 subjicitur
2454 1674 2594 1743 viro,
2627 1673 2736 1729 hoc
2767 1678 2877 1741 est,
2902 1674 3079 1745 capiti
3111 1691 3242 1743 suo,
3265 1675 3530 1744 ejusdem
3565 1673 3776 1730 crimi-

419 1737 1208 1836 j‘ﬂbfﬁ’”;"5'suffr
1237 1737 1537 1807 ΕΡίδτθίαηῖ
1585 1737 1655 1792 ad
1687 1738 2000 1796 θθνίηίὴίοδ
2030 1745 2077 1809 Β
2108 1762 2200 1818 nis
2229 1780 2326 1818 rea
2355 1769 2464 1832 est,
2497 1764 2668 1834 cujus
2715 1767 2773 1819 et
2801 1762 2908 1832 vir,
2941 1763 2992 1818 si
3039 1779 3155 1819 non
3201 1762 3552 1833 subjiciatur
3581 1763 3769 1836 capiti

420 1809 523 1874 (ad
554 1810 622 1872 II,
657 1825 704 1862 c.
738 1825 778 1873 ι,
810 1807 887 1862 Ad
921 1807 1192 1879 Corinth.)

423 1897 538 1963 (33,
569 1913 622 1967 q.
653 1897 707 1964 5,
739 1912 787 1950 c.
823 1896 1056 1961 Mulier).
1109 1895 1316 1952 Mulier
1365 1897 1537 1952 debet
1582 1896 1770 1954 velare
1799 1904 1996 1970 caput,

353 1983 494 2054 quia
525 2000 639 2038 non
668 1989 756 2038 est
781 1983 975 2054 imago
1007 1983 1130 2051 Dei,
1159 1985 1260 2040 sed
1294 1990 1360 2040 ut
1400 1987 1740 2042 ostendatur
1768 1987 1998 2058 subjec-

349 2077 431 2128 ta.
465 2073 535 2126 Et
563 2073 700 2142 quia
722 2072 1113 2143 praevaricatio
1138 2090 1239 2144 per
1269 2073 1431 2130 illam
1458 2075 1729 2131 inchoata
1757 2081 1864 2142 est,
1893 2077 1998 2132 hoc

350 2159 498 2225 signi
531 2160 704 2214 debet
734 2160 946 2215 habere
984 2162 1039 2216 in
1074 2161 1163 2231 [ut
1195 2163 1251 2216 in
1279 2164 1443 2234 orig.]
1494 2163 1736 2220 ecclesia
1766 2168 2002 2235 propter

349 2249 734 2304 reverentiam
785 2249 1174 2320 episcopalem
1226 2268 1336 2305 non
1373 2252 1586 2307 habeat
1633 2258 1810 2323 caput
1851 2253 2000 2309 libe-

350 2355 504 2403 rum,
539 2338 638 2392 sed
671 2337 956 2393 velamine
981 2343 1197 2394 tectum
1225 2359 1239 2405 ;
1275 2357 1378 2395 nec
1411 2341 1622 2396 habeat
1651 2347 1998 2414 potestatem

347 2425 646 2498 loquendi,
677 2427 816 2498 quia
858 2429 1167 2499 episcopus
1199 2445 1506 2500 personam
1558 2430 1733 2486 habet
1761 2431 1999 2486 Christi.

350 2515 526 2579 Quasi
560 2531 698 2586 ergo
729 2521 862 2572 ante
885 2516 1148 2586 judicem
1195 2518 1278 2572 sic
1308 2523 1443 2573 ante
1470 2519 1831 2590 episcopum,
1863 2521 2000 2591 quia

348 2605 602 2660 vicarius
632 2604 863 2660 Domini
894 2609 1001 2677 est,
1038 2611 1273 2678 propter
1303 2610 1497 2663 reatus
1540 2609 1826 2681 originem
1859 2610 1997 2666 sub-

342 2695 503 2764 jecta
533 2693 706 2750 debet
733 2694 937 2750 videri.

351 2782 485 2838 CAP.
517 2783 606 2836 93.
639 2813 708 2823 —
738 2783 898 2850 Quod
925 2785 1011 2837 vir
1035 2783 1190 2839 debet
1220 2786 1518 2854 imperare,
1551 2787 1759 2842 mulier
1785 2787 1998 2843 obtem-

417 2869 634 2979 peragi.
684 2854 1027 2922 Augustinus
1073 2871 1238 2926 super
1277 2861 1551 2914 Joannem
1592 2862 1754 2929 parte
1785 2861 1996 2930 prima,

447 2941 540 2979 rac
625 2941 755 2979 un.

447 2941 661 2980 ractatu
690 2941 755 2981 II.

424 3011 568 3067 Caro
598 3011 659 3066 in
691 3012 996 3084 Scriptura
1039 3015 1276 3084 ponitur
1323 3033 1426 3087 pro
1459 3033 1657 3084 uxore,
1706 3019 1998 3089 quomodo

2107 1868 2235 1922 suo,
2265 1851 2518 1908 Christo.
2537 1852 2794 1908 Verbum
2815 1856 3012 1906 autem
3035 1852 3264 1907 Domini
3287 1851 3766 1923 blasphematur,

2104 1939 2194 1995 vel
2225 1957 2360 1996 cum
2391 1941 2783 1996 contemnitur
2831 1941 2932 1997 Dei
2983 1941 3174 2010 prima
3221 1939 3532 2010 sententia,
3564 1945 3621 1995 et
3652 1957 3765 2012 pro

2107 2028 2291 2084 nihilo
2322 2029 2558 2085 ducitur
2583 2029 2861 2101 (Gen.m),
2877 2029 2965 2085 vel
2997 2029 3211 2085 Christi
3233 2030 3558 2086 infamatur
3580 2030 3770 2085 Evan-

2107 2117 2349 2189 gelium,
2389 2119 2529 2172 dum
2583 2125 2788 2173 contra
2816 2117 3028 2189 legem,
3078 2119 3372 2189 fidemque
3422 2124 3668 2185 natura,
3701 2135 3771 2173 ea

2109 2223 2241 2278 quae
2271 2207 2604 2262 Christiana
2655 2213 2746 2262 est
2794 2212 2851 2262 et
2880 2225 2948 2262 ex
2999 2207 3095 2263 Dei
3147 2206 3272 2279 lege
3319 2208 3608 2277 subjecta,
3640 2207 3769 2262 viro

2109 2295 2400 2367 imperare
2446 2295 2787 2350 desiderat:
2824 2313 2956 2351 cum
3005 2296 3178 2352 etiam
3229 2295 3479 2368 gentiles
3528 2295 3764 2352 femina

2109 2384 2250 2440 viris
2279 2385 2402 2440 suis
2433 2385 2687 2440 serviant
2715 2385 3019 2440 communi
3051 2385 3178 2457 lege
3210 2390 3449 2442 naturae.

2107 2531 2244 2584 CAP.
2277 2526 2366 2580 98.
2399 2558 2467 2566 —
2501 2527 2650 2595 Quod
2679 2527 2886 2582 mulier
2928 2538 3114 2584 votum
3165 2527 3515 2584 abstinentiae
3547 2527 3774 2584 reddere

2179 2615 2289 2653 non
2320 2598 2508 2668 possit,
2538 2600 2652 2654 nisi
2694 2601 3041 2665 permittente
3083 2601 3222 2654 viro.
3274 2599 3636 2670 Augustinus,
3671 2601 3771 2654 tib.

2181 2670 2546 2741 quaestionum
2577 2673 2639 2726 in
2668 2675 2894 2727 Numer.
2945 2687 3070 2742 cap.
3100 2672 3171 2726 53
3199 2671 3318 2742 (lib.
3354 2688 3410 2726 1v
3439 2672 3646 2740 Quasi.
3679 2687 3770 2726 su-

2175 2757 2278 2812 per
2303 2757 2518 2798 numer.
2554 2747 2749 2814 quaest.
2780 2743 2894 2812 59).

2182 2858 2292 2928 (33,
2324 2877 2374 2928 q.
2409 2859 2462 2925 5,
2493 2875 2539 2914 c.
2573 2857 2802 2926 Noluit).
2848 2857 3048 2913 Noluit
3079 2858 3160 2914 ita
3190 2857 3278 2914 lex
3311 2857 3528 2929 aliquid
3563 2874 3772 2915 vovere

2110 2945 2225 3001 Deo
2255 2947 2537 3002 adversus
2567 2946 2826 3002 animam
2855 2962 3048 3016 suam,
3079 2950 3144 3001 ut
3191 2963 3308 3001 non
3339 2946 3397 3000 in
3429 2945 3768 3017 aliquarum

2110 3051 2304 3090 rerum
2329 3033 2647 3103 liciturum,
2677 3040 2852 3108 atque
2882 3051 3294 3091 concessurum
3318 3034 3678 3090 abstinentia
3705 3036 3770 3091 in

351 3099 666 3194 αῙίίῆυᾶξῙάο
698 3101 941 3194 Spiritus
973 3104 1327 3194 P_I_“_3H_13Pit°~
1361 3105 1430 3160 Et
1460 3105 1684 3176 quam?
1706 3106 1998 3179 Ουίθοίρδθ
2029 3110 2072 3178 C
2111 3124 2322 3179 iisdem
2356 3124 2509 3180 votis
2539 3099 2772 3180 feminis
2795 3123 2986 3180 valeat
3017 3123 3360 3194 auctoritas,
3391 3124 3490 3180 sed
3537 3123 3724 3180 virilis
3755 3145 3770 3192 ;

354 3189 522 3260 regit,
555 3189 676 3244 haec
709 3189 967 3260 regitur;
1002 3191 1101 3246 ille
1122 3192 1409 3263 imperare
1427 3194 1599 3250 debet
1620 3195 1741 3250 hac
1762 3196 2000 3253 servire.

355 3278 500 3333 Nam
536 3278 634 3332 ubi
666 3295 800 3333 caro
830 3278 1082 3350 imperat
1129 3285 1187 3336 et
1229 3281 1472 3352 spiritus
1504 3284 1701 3351 servit,
1732 3301 2006 3356 perversa

354 3367 569 3422 domus
618 3373 727 3423 est.
775 3367 923 3433 Quid
983 3370 1151 3439 pejus
1198 3371 1371 3427 domo
1421 3371 1520 3426 ubi
1571 3373 1786 3428 femina
1829 3375 2006 3430 habet

354 3457 670 3528 imperium
703 3473 884 3527 super
911 3457 1100 3513 virum
1127 3459 1155 3512 ?
1210 3460 1386 3516 Recta
1434 3467 1628 3517 autem
1660 3461 1761 3517 illa
1791 3463 2005 3519 domus

355 3549 445 3600 est
474 3545 572 3598 ubi
603 3544 690 3600 vir
719 3547 988 3615 imperat,
1026 3547 1242 3603 femina
1271 3550 1652 3622 obtemperat.

356 3646 494 3699 CAP.
527 3642 613 3696 94.
650 3673 716 3681 -
744 3643 894 3710 Quod
920 3646 1198 3700 naturalis
1225 3647 1358 3702 ordo
1387 3648 1460 3702 sit
1485 3657 1542 3702 ut
1567 3649 1770 3703 mulier
1803 3651 2005 3705 serviat

428 3715 950 3839 viragélgustinus
983 3717 1077 3770 tib.
1129 3719 1495 3789 quaestionum
1541 3737 1706 3791 super
1754 3720 2003 3777 Genesim

429 3802 546 3839 can.
692 3825 704 3838 .

429 3802 546 3856 cap.
583 3802 704 3839 15.5.

428 3874 541 3943 (33,
573 3890 623 3946 q.
656 3875 710 3940 5,
743 3892 789 3929 c.
825 3876 916 3931 Est
942 3877 1114 3948 ordo).
1161 3878 1263 3932 Est
1306 3879 1445 3934 ordo
1474 3879 1758 3935 naturalis
1789 3881 1848 3934 in
1893 3881 2002 3936 ho-

357 3962 639 4028 minibus,
674 3972 735 4019 ut
764 3965 1018 4020 serviant
1052 3966 1280 4021 feminas
1310 3967 1473 4037 viris,
1515 3974 1573 4023 et
1603 3969 1704 4022 filii
1739 3969 2000 4040 parenti-

350 4051 501 4122 bus;
537 4052 675 4124 quia
700 4057 756 4108 et
785 4053 903 4110 illis
934 4054 1055 4110 haec
1093 4056 1326 4126 justitia
1370 4061 1478 4127 est,
1512 4063 1574 4112 ut
1602 4057 1844 4114 inferior
1873 4076 1998 4115 ser-

349 4142 468 4196 viat
499 4142 728 4212 majori.

351 4230 484 4286 CAP.
516 4231 605 4286 935.
643 4262 702 4272 —
730 4233 810 4306 ‘De
839 4233 1046 4299 eodem,
1093 4235 1227 4304 Aug.
1267 4233 1366 4289 tib.
1418 4237 1789 4306 quaestionum
1816 4238 1881 4294 de
1918 4239 2000 4295 Ve-

635 4303 740 4358 teri
768 4308 821 4358 et
852 4309 998 4361 Novo
1036 4303 1394 4374 Testamento,
1424 4303 1557 4378 cap.
1591 4307 1714 4363 406.

420 4389 532 4460 (33,
563 4406 613 4460 q.
642 4392 696 4455 5,
729 4407 776 4444 c.
811 4392 1037 4460 Imago).
1083 4391 1214 4448 Haec
1247 4393 1439 4466 imago
1470 4395 1569 4451 Dei
1601 4401 1690 4451 est
1721 4395 1780 4451 in
1808 4397 1997 4453 homi-

2112 3213 2192 3267 ita
2223 3216 2287 3266 ut
2316 3213 2366 3267 si
2395 3212 2586 3268 adhuc
2609 3213 2866 3284 innuptae
2890 3217 3260 3268 concesserat
3287 3220 3448 3283 pater
3467 3217 3600 3268 vota
3631 3229 3768 3284 per-

2114 3300 2357 3367 solvere,
2391 3305 2706 3372 antequam
2734 3301 3077 3372 persolverit
3103 3302 3390 3373 nupserit,
3415 3305 3470 3356 et
3489 3301 3613 3357 viro
3639 3302 3773 3372 ejus

2112 3389 2221 3443 hoc
2252 3389 2551 3458 cognitum
2586 3406 2701 3444 non
2735 3389 3035 3460 placuerit,
3069 3407 3184 3444 non
3218 3390 3547 3460 persolvat:
3572 3393 3631 3444 et
3660 3389 3773 3445 hoc

2111 3477 2351 3534 omnino
2375 3477 2498 3533 sine
2519 3482 2774 3549 peccato,
2799 3478 2939 3550 quia
2960 3477 3114 3533 Deus
3140 3477 3448 3532 mundavit
3471 3493 3623 3545 eam,
3659 3477 3772 3533 sic-

2113 3569 2178 3620 ut
2207 3565 2348 3620 dicit
2381 3564 2491 3634 lex,
2527 3565 2584 3620 id
2617 3571 2704 3622 est
2753 3567 3036 3622 mundam
3078 3566 3389 3637 judicavit.
3423 3565 3624 3635 Neque
3653 3565 3767 3622 hoc

2111 3658 2312 3709 contra
2341 3654 2525 3709 Deum
2559 3655 2681 3710 fleri
2731 3656 3061 3726 putandum
3113 3659 3225 3718 est,
3274 3670 3409 3709 cum
3458 3655 3584 3726 ipse
3617 3659 3768 3710 Deus

2110 3743 2219 3798 hoc
2251 3743 2607 3813 praeceperit,
2643 3743 2752 3798 hoc
2778 3743 3046 3798 voluerit.
3102 3745 3257 3810 Item,
3309 3742 3445 3798 ibid.
3477 3743 3766 3814 aliquanto

2107 3837 2249 3903 post.
2284 3831 2392 3900 (33,
2425 3848 2478 3902 q.
2508 3833 2566 3899 5,
2595 3848 2641 3886 c.
2675 3832 3072 3904 Mani/estum).
3123 3831 3498 3888 Manifestum
3541 3835 3652 3901 est,
3686 3833 3769 3888 ita

2107 3919 2364 3976 voluisse
2408 3918 2616 3991 legem,
2662 3921 2942 3976 feminam
2993 3922 3104 3976 sub
3151 3921 3276 3976 viro
3329 3937 3479 3987 esse,
3513 3929 3575 3975 ut
3606 3919 3767 3976 nulla

2106 4012 2240 4063 vota
2269 4009 2400 4077 ejus
2439 4026 2564 4080 quas
2598 4009 2967 4066 abstinentiae
3017 4026 3196 4065 causa
3244 4009 3484 4078 voverit,
3512 4009 3764 4064 reddan-

2105 4101 2207 4151 tur
2235 4097 2308 4152 ab
2341 4113 2427 4162 ea,
2465 4096 2578 4152 nisi
2610 4102 2814 4153 auctor
2838 4097 2924 4152 vir
2945 4098 3113 4153 fuerit
3147 4097 3563 4168 permittendo.
3589 4096 3768 4163 Nam,

2109 4201 2242 4239 cum
2276 4185 2346 4239 ad
2365 4190 2664 4254 peccatum
2686 4186 2950 4255 ejusdem
2971 4186 3080 4240 viri
3112 4185 3404 4256 pertinere
3425 4185 3694 4253 voluerit,
3715 4185 3766 4242 si

2109 4273 2276 4344 prius
2307 4272 2658 4344 permiserit,
2691 4278 2749 4329 et
2781 4279 2984 4345 postea
3033 4273 3422 4346 prohibuerit,
3455 4275 3634 4328 etiam
3671 4273 3768 4328 hic

2105 4366 2302 4417 tamen
2338 4378 2453 4417 non
2485 4363 2631 4418 dixit
2663 4367 2726 4417 ut
2747 4362 2920 4418 faciat
2940 4363 3156 4417 mulier
3176 4363 3330 4434 quod
3355 4362 3768 4433 voverat,quia

350 4449 443 4546 ne,
478 4449 542 4534 ut
574 4449 727 4534 unus
761 4449 953 4535 factus
983 4449 1060 4535 sit
1090 4498 1158 4537 ex
1188 4499 1303 4553 quo
1351 4449 2002 4552 c‘ieterioriantu'rrha-
2033 4476 2080 4539 Ι)
2109 4449 2400 4553 ﬁrmis”,
2430 4451 2592 4553 prius
2629 4468 2667 4553 ἦ
2690 4451 2812 4507 vim
2843 4453 3072 4553 fuerit“;
3104 4450 3214 4505 Viri
3240 4451 3384 4506 diXit
3414 4467 3542 4553 εἶπε
3571 4463 3769 4553 βίῃφι.

347 4566 494 4622 hens
525 4567 840 4638 imperium
872 4568 993 4633 Dei,
1027 4571 1194 4640 quasi
1225 4570 1477 4626 vicarius
1509 4573 1672 4642 ejus;
1708 4573 1845 4644 quia
1875 4591 2003 4630 om-

346 4653 439 4709 nis
474 4671 572 4709 rex
604 4655 705 4710 Dei
738 4655 915 4711 habet
963 4659 1302 4729 imaginem.
1359 4661 1612 4732 Ideoque
1644 4662 1858 4718 mulier
1888 4680 2004 4719 non

349 4748 438 4798 est
470 4744 622 4798 facta
653 4745 722 4798 ad
761 4745 858 4798 Dei
910 4713 1484 4818 imagitnem,sicﬁet
2116 4713 2278 4818 Prius
2309 4714 2396 4818 ΥῘΓ
2424 4715 2472 4818 eri

347 4831 482 4902 fecit
515 4836 660 4888 Deus
709 4832 1008 4901 hominem,
1058 4837 1128 4891 ad
1174 4838 1478 4910 imaginem
1528 4839 1624 4895 Dei
1663 4843 1793 4911 fecit
1820 4841 2003 4897 illum.

350 4920 505 4988 (Gen.
542 4937 598 4989 1;
631 4921 768 4992 Sap.
801 4922 886 4993 II).
921 4923 1064 4980 Hinc
1091 4930 1181 4981 est
1211 4927 1365 4982 unde
1393 4927 1731 5000 Apostolus,
1769 4931 1859 4984 Vir
1887 4930 2008 5000 qui-

349 5006 494 5074 dem,
527 5009 628 5081 ait,
662 5026 768 5067 non
801 5010 952 5066 debet
980 5012 1169 5069 velare
1195 5025 1381 5086 caput,
1414 5019 1545 5088 quia
1594 5019 1778 5088 imago
1807 5027 1861 5075 et
1889 5019 2005 5090 glo-

351 5097 446 5153 ria
471 5099 572 5154 Dei
594 5105 676 5154 est
698 5117 719 5160 ;
750 5101 955 5156 mulier
983 5109 1173 5158 autem
1202 5104 1248 5174 (Ι
1271 5103 1392 5160 Cor.
1418 5106 1479 5176 I),
1514 5106 1644 5162 ideo
1672 5107 1844 5177 velat,
1869 5109 2008 5180 quia

352 5205 468 5245 non
499 5194 590 5244 est
618 5189 826 5260 gloria,
860 5196 962 5246 aut
992 5192 1184 5264 imago
1221 5193 1340 5248 Dei.

550 5278 685 5334 CAP.
716 5279 806 5334 96.
837 5310 908 5319 —
935 5281 1089 5346 Item,
1121 5281 1187 5336 de
1215 5281 1416 5338 eodem.
1449 5284 1807 5352 Augustinus.

421 5367 532 5438 (33,
564 5385 613 5438 (ι.
649 5369 703 5433 5,
737 5384 784 5423 ε.
818 5367 1007 5439 Satis).
1066 5369 1221 5425 Satis
1253 5369 1389 5424 hinc
1438 5377 1679 5443 apparet
1723 5376 2003 5443 quemad-

350 5457 592 5512 modum
619 5457 890 5513 subditas
916 5459 1166 5515 feminas
1191 5460 1356 5526 viris,
1385 5465 1441 5516 et
1463 5478 1609 5533 pene
1631 5462 1885 5520 famulas
1915 5465 2004 5521 lex

347 5561 480 5601 esse
503 5546 752 5604 voluerit
783 5563 1013 5614 uxores,
1039 5549 1188 5619 quod
1224 5549 1422 5607 dicens
1453 5551 1736 5610 adversus
1766 5569 2003 5612 uxorem

2114 4542 2264 4605 tum,
2299 4539 2438 4610 quia
2469 4539 2676 4594 abnuit
2707 4541 2859 4610 quod
2896 4539 3058 4611 prius
3088 4542 3496 4607 concesserat;
3533 4555 3649 4594 non
3681 4543 3768 4595 ta-

2113 4641 2246 4682 men
2283 4626 2514 4682 mulieri
2547 4627 2631 4684 vel
2665 4644 2732 4684 ex
2765 4627 2872 4684 hoc
2918 4628 3275 4700 permissum
3321 4627 3500 4698 dedit,
3535 4632 3600 4683 ut
3631 4643 3766 4683 cum

2506 4717 2884 4785 concesserit,
2913 4722 3114 4788 postea
3143 4717 3192 4772 si
3223 4717 3608 4788 prohibuerit,
3639 4733 3770 4772 con-

2114 4806 2416 4859 temnatur
2445 4805 2916 4876 [condemnetur,
2948 4805 3134 4876 orig.].

2119 4944 2252 4999 CAP.
2285 4945 2376 5000 99.
2429 4977 2496 4986 —-
2544 4933 2693 5014 Quod
2737 4946 3079 5002 adulterium
3121 4947 3428 5003 secundum
3479 4947 3664 5004 locum
3711 4949 3770 5003 in

2188 5018 2363 5142 plenis
2389 5017 2648 5074 obtineat.
2695 5021 2780 5074 Ea:
2819 5020 3050 5090 epistola
3099 5022 3122 5072 1
3185 5017 3485 5075 Clementis
3513 5018 3585 5075 ad
3612 5021 3766 5076 Jaco-

2226 5104 2338 5144 um.

2191 5203 2304 5274 (32,
2336 5219 2388 5275 q.
2420 5206 2475 5271 7,
2503 5219 2549 5261 c.
2584 5204 2723 5273 Quid
2755 5207 2814 5260 in
2856 5205 3152 5276 omnibus).
3202 5205 3351 5269 Quid
3401 5205 3460 5260 in
3493 5205 3768 5264 omnibus

2119 5293 2377 5363 peccatis
2404 5297 2489 5348 est
2521 5292 2806 5351 adulterio
2837 5294 3073 5368 gravius
3094 5293 3122 5349 ‘t
3150 5293 3481 5350 Secundum
3515 5309 3769 5365 namque

2120 5381 2176 5434 in
2211 5381 2397 5450 poenis
2429 5381 2650 5439 obtinet
2669 5383 2903 5452 locum;
2938 5383 3216 5456 quoniam
3241 5383 3477 5454 quidem
3511 5383 3767 5454 primum

2119 5468 2204 5524 illi
2237 5469 2474 5538 habent,
2508 5471 2607 5542 qui
2658 5474 2934 5530 aberrant
2963 5490 2997 5530 a
3027 5473 3164 5540 Deo,
3198 5471 3428 5529 etiamsi
3462 5471 3660 5530 sobrie
3688 5473 3767 5529 vi-

2115 5558 2330 5615 xerint.
