3994 6052
185 235 292 290 605

1100 230 1417 288 DECRETI
1456 229 1641 284 PARS
1675 223 1827 279 VIII.
1858 247 1930 263 -
1956 223 2053 275 DE
2091 216 2485 280 CONJUGIIS,
2523 214 2684 266 ETC.

3489 204 3596 259 606

184 361 322 433 Cap.
355 360 478 414 100.
499 360 660 414 --De
681 357 983 412 adulterio.
1003 359 1303 433 gregarius
1324 373 1386 409 in
1406 352 1700 408 litoralibus
1735 348 1835 404 lib.
1866 347 1921 412 Α
1950 341 2310 433 cepsfaciat,
2343 339 2598 433 reusest
2629 332 2920 433 adulterii,
2943 333 3126 387 donec
3158 334 3356 433 reatus
3407 329 3599 402 ipsius

773 446 863 483 χιιι
894 433 962 498 (c.
995 430 1050 492 9,
1081 428 1254 499 init).

254 520 400 575 Cum
438 518 714 589 turpiter,
744 517 832 573 vel
857 517 1107 588 innupta
1129 513 1584 588 concupiscitur,
1617 508 1841 566 adulte-

182 609 340 664 rium
373 611 762 680 perpetretur.

182 697 320 755 CAP.
343 698 466 752 101.
490 727 560 736 -
586 695 730 764 Quid
742 695 818 749 sit
838 693 1199 750 adulterium.
1221 692 1541 748 Ambrosius
1563 691 1642 746 ad
1657 692 1846 745 Pater-

666 784 801 821 num
842 769 1022 838 (epist.
1064 768 1154 831 66,
1191 767 1363 834 init.).

257 858 370 928 (27,
404 874 459 928 q.
492 857 550 926 2,
581 873 630 912 c.
667 856 725 910 Si
755 857 920 927 quis.)
953 857 1009 911 Si
1046 856 1178 927 quis
1219 857 1576 926 desponsata
1621 851 1758 918 sibi,
1792 842 1848 905 et

188 946 402 1002 tradita
436 949 658 1010 utatur,
692 945 1035 1016 conjugium
1068 948 1253 1000 vocat.
1285 943 1393 1008 Qui
1423 942 1624 998 aliena)
1667 957 1846 1012 expu-

184 1041 330 1107 gnat
361 1036 667 1106 pudorem,
688 1033 1044 1090 adulterium
1079 1035 1245 1103 facit;
1279 1036 1447 1101 cujus
1475 1031 1562 1088 vel
1594 1029 1716 1086 solo
1749 1047 1847 1085 ηο-

184 1124 342 1179 mine
373 1124 716 1196 reprimitur
748 1123 1091 1194 plerumque
1145 1123 1405 1178 tentandi
1437 1120 1702 1176 audacia.

186 1219 322 1275 CAP.
359 1222 481 1276 102.
514 1250 584 1262 -
618 1225 693 1276 De
721 1220 926 1276 eodem.
963 1220 1308 1292 Augustinus
1351 1221 1422 1275 de
1472 1219 1607 1274 bono
1654 1218 1846 1285 coniu-

810 1293 928 1362 gali
960 1295 1105 1364 (cap.
1140 1295 1214 1363 4).

260 1381 372 1451 (32,
398 1397 454 1451 q.
477 1383 530 1445 5,
557 1397 606 1435 ο.
633 1378 759 1437 Illae
790 1382 1023 1445 autem.)
1057 1381 1427 1436 Adulterium
1460 1379 1845 1448 dicitur,cum

184 1469 274 1524 vel
308 1471 552 1540 propriae
585 1469 853 1525 libidinis
878 1469 1284 1536 instinctu,vel
1319 1469 1520 1525 alienae
1554 1484 1846 1524 consensu

185 1573 321 1611 cum
376 1556 554 1612 altero
607 1558 692 1612 vel
747 1556 952 1622 altera,
1004 1563 1204 1612 contra
1253 1561 1488 1629 pactum
1539 1554 1847 1627 conjugale

185 1645 620 1714 concumbitur,
656 1649 835 1716 atque
871 1646 954 1700 ita
988 1646 1274 1717 frangitur
1307 1646 1469 1711 ﬁdes,
1504 1661 1634 1716 qua:
1660 1645 1718 1699 in
1752 1659 1846 1699 re-

1947 429 2315 502 indulgentia
2333 426 2686 483 remittatur.
2714 423 2897 478 Habet
2912 437 3050 492 ergo
3067 424 3370 492 peccatum
3391 435 3598 490 quam-

1949 523 2036 577 vis
2069 519 2212 574 illud
2234 520 2355 589 jam
2393 533 2504 570 non
2538 515 2615 568 sit
2644 512 2798 583 quod
2831 510 3091 579 admisit,
3125 508 3264 580 quia
3293 523 3426 562 cum
3459 511 3601 562 tem-

1952 627 2111 683 pore,
2144 607 2297 680 quod
2325 607 2541 660 factum
2574 605 2683 672 est,
2717 599 2907 672 periit.

1954 718 2086 774 CAP.
2125 715 2242 769 109.
2271 745 2338 752 —
2372 709 2639 779 Quomodo
2679 704 3020 779 repudianda
3063 703 3136 758 sit
3172 701 3459 779 gdultera.
3494 701 3602 756 No-

2327 775 2595 838 vellarum
2625 775 2904 835 constitui.
2935 777 2991 845 5,
3021 792 3140 847 cap.
3171 775 3226 828 7.

2029 885 2085 941 Si
2115 884 2172 939 in
2208 880 2493 938 adulterio
2522 877 2767 932 maritus
2803 873 3092 947 putaverit
3139 887 3306 927 suam
3360 887 3603 926 uxorem

1957 974 2242 1036 convinci,
2271 971 2434 1043 prius
2480 969 2649 1023 debet
2698 963 3110 1034 inscriptiones
3164 961 3472 1031 deponere,
3518 960 3606 1015 vel

1956 1069 2158 1122 contra
2190 1060 2495 1116 mulierem
2521 1055 2610 1111 vel
2642 1060 2845 1110 contra
2883 1051 3216 1108 adulterum
3243 1065 3255 1102 :
3307 1052 3364 1103 et
3393 1047 3442 1103 si
3474 1047 3610 1103 talis

1957 1152 2254 1211 accusatio
2287 1166 2418 1204 vera
2448 1145 2828 1216 comprobata
2878 1139 3071 1206 fuerit,
3103 1144 3242 1193 tunc
3293 1135 3606 1208 repudium

1960 1245 2172 1300 mittat.

1956 1352 2085 1408 CAP.
2135 1348 2254 1403 110.
2319 1377 2357 1385 -—
2434 1342 2624 1398 Merito
2674 1342 2732 1394 in
2788 1336 3147 1413 accusatione
3202 1333 3602 1413 succumbente,

2024 1403 2228 1478 emitem
2280 1431 2458 1489 pinnae
2507 1427 2633 1486 qua:
2701 1412 2872 1466 ua'ori
2939 1409 3199 1464 convictas
3256 1403 3605 1474 irrogandae,

2024 1509 2154 1559 cap.
2186 1493 2239 1544 8.

2026 1581 2086 1636 Si
2116 1581 2243 1634 vita:
2277 1572 2542 1630 mulieris
2573 1583 2925 1642 quocunque
2955 1565 3128 1621 modo
3151 1563 3466 1620 insidiatus
3485 1560 3610 1616 fue-

1956 1669 2031 1725 rit
2060 1669 2327 1734 maritus,
2359 1663 2445 1718 vel
2487 1661 2535 1718 si
2589 1659 2720 1714 aliis
2770 1658 2880 1712 hoc
2929 1653 3282 1710 facientibus
3339 1650 3611 1706 conscius

189 1735 304 1789 bus
333 1733 510 1790 etiam
542 1735 837 1806 corporeis
868 1739 924 1790 et
956 1735 1200 1805 abimus
1231 1751 1505 1805 magnum
1539 1734 1717 1790 animi
1744 1735 1843 1789 Μ’
1876 1715 1923 1780 Β
1955 1775 2071 1814 non
2104 1715 2559 1812 manifeslaverit
2590 1745 2918 1813 mulieri,et
2947 1743 3273 1800 secundum
3302 1739 3461 1811 leges
3477 1754 3608 1794 eam

187 1840 334 1878 num
393 1827 498 1878 est.
552 1823 621 1878 Et
668 1823 796 1878 ideo
846 1839 975 1878 eam
1027 1823 1204 1878 saluti
1250 1839 1480 1894 quoque
1538 1822 1846 1894 corporali,

194 1928 316 1983 qua
343 1910 519 1967 etiam
556 1913 672 1969 vita
702 1911 815 1968 ista
845 1912 1196 1982 continetur,
1228 1916 1451 1968 certum
1501 1915 1588 1967 est
1642 1911 1850 1967 debere

195 2001 480 2072 praponi.

193 2093 332 2146 CAP.
370 2090 492 2144 103.
524 2120 594 2130 --
625 2090 776 2162 Quod
819 2091 1091 2162 templum,
1129 2089 1226 2145 Dei
1265 2089 1435 2145 violat
1481 2089 1578 2162 qui
1637 2090 1850 2145 adulte-

268 2162 416 2215 rium
445 2163 608 2231 /acit.
640 2161 784 2216 Idem
833 2161 897 2217 de
941 2161 1119 2218 verbis
1151 2163 1382 2217 Domini
1427 2161 1556 2233 cap.
1594 2163 1655 2215 17
1705 2162 1847 2232 (ser-

265 2248 428 2287 mone
456 2233 543 2300 16,
575 2249 621 2288 c.
661 2234 764 2304 10).

271 2321 476 2392 Ipsum
509 2339 722 2393 corpus
755 2326 947 2391 tuum,
973 2321 1262 2392 templum
1291 2325 1377 2376 est
1399 2322 1648 2392 Spiritus
1686 2321 1785 2377 Dei
1811 2323 1858 2392 (I

208 2409 331 2464 Cor.
368 2409 474 2482 ιιι).
506 2410 636 2466 Jam
670 2411 798 2465 vide
829 2409 970 2481 quid
1022 2410 1202 2465 facias
1251 2411 1320 2466 de
1369 2410 1591 2482 templo
1638 2410 1760 2466 Dei.
1795 2409 1854 2466 Si

199 2498 446 2569 eligeres
465 2498 521 2552 in
549 2497 791 2553 ecclesia
811 2499 998 2553 facere
1021 2499 1374 2554 adulterium
1400 2499 1552 2554 intra
1571 2499 1732 2570 ipsos
1757 2515 1855 2568 pa-

198 2588 398 2656 rietes,
424 2588 562 2658 quid
585 2592 641 2643 te
666 2593 819 2643 esset
840 2588 1220 2644 sceleratius?
1239 2589 1406 2643 Modo
1428 2592 1623 2642 autem
1647 2592 1707 2643 tu
1733 2587 1858 2658 ipse

201 2692 266 2733 es
289 2677 581 2748 templum
614 2677 738 2732 Dei.

202 2767 341 2822 CAP.
397 2766 518 2820 104.
569 2797 640 2807 -
699 2766 804 2834 Qui
861 2766 1103 2821 alienam
1162 2767 1449 2836 conjugem
1504 2765 1854 2836 concupiscit,

276 2839 360 2892 ita
406 2846 483 2905 ut,
514 2837 565 2892 si
615 2838 761 2893 locus
802 2837 984 2907 detur,
1017 2854 1080 2893 ea
1127 2837 1200 2892 sit
1249 2841 1537 2905 abusurus,
1572 2839 1683 2906 iam
1733 2854 1860 2893 reus

277 2918 355 3051 ῗδι
403 2911 566 3050 fugai.
624 2909 962 2980 Augustinus
1015 2910 1079 2965 de
1142 2908 1315 2965 libero
1371 2909 1605 2965 arbitrio
1663 2909 1757 2964 lib.
1820 2927 1858 2976 ι,

302 2995 433 3048 cap.
532 3023 545 3034 .

1959 1863 2074 1902 non
2122 1841 2494 1916 judicaverit,
2548 1838 2594 1893 si
2655 1834 2922 1891 mulieris
2980 1830 3234 1887 castitati
3294 1828 3608 1883 insidiatus

1959 1937 2154 1999 fuerit,
2186 1933 2275 1988 vel
2308 1930 2437 1987 aliis
2466 1944 2594 1985 eam
2625 1926 2685 1980 in
2715 1922 3071 1979 adulterium
3129 1919 3371 1990 prodere
3429 1930 3610 1970 cona-

1957 2030 2056 2080 tus
2089 2024 2288 2088 fuerit;
2326 2022 2486 2083 item,
2519 2017 2564 2072 si
2601 2013 2847 2070 maritus
2876 2013 2926 2066 ei
2961 2010 3031 2064 de
3061 2004 3346 2063 adulterio
3390 2001 3610 2058 inscri-

1962 2117 2187 2190 ptiones
2221 2109 2563 2183 posuerit,et
2585 2102 2934 2190 adulterium
2960 2098 3204 2190 probare
3231 2111 3346 2190 non
3379 2090 3612 2190 poterit,

1959 2177 2130 2262 liceat
2159 2177 2393 2255 mulieri
2425 2193 2730 2266 repudium
2767 2189 2999 2244 mittere
3031 2185 3260 2240 marito.
3297 2184 3448 2237 Item.
3490 2177 3612 2234 Illis

1965 2293 2150 2367 poenis
2181 2287 2529 2357 subjiciatur
2560 2281 2827 2344 maritus,
2847 2276 2898 2331 si
2929 2272 3359 2331 accusationem
3393 2267 3614 2367 adulte-

1966 2356 2035 2439 rii
2063 2379 2307 2453 probare
2341 2390 2455 2429 non
2487 2369 2720 2443 poterit,
2753 2383 2900 2437 quas
2941 2363 3152 2418 mulier
3183 2375 3432 2454 passura
3463 2356 3614 2454 fuis-

1966 2446 2080 2541 set,
2107 2469 2157 2524 si
2183 2465 2445 2523 convicta
2475 2460 2702 2516 fuisset.
2731 2458 2880 2510 Item.
2915 2453 2975 2507 Si
3007 2451 3064 2505 in
3097 2450 3299 2504 eadem
3350 2446 3523 2500 domo
3552 2446 3614 2497 in

1967 2579 2083 2633 qua
2136 2556 2347 2614 mulier
2403 2565 2537 2606 cum
2592 2547 2719 2618 ipso
2769 2542 3016 2606 habitat,
3056 2541 3438 2593 contemnens
3486 2546 3616 2633 eam

1968 2622 2100 2708 dum
2125 2626 2240 2702 alia
2261 2641 2504 2699 muliere
2537 2636 2870 2706 frequenter
2892 2645 3135 2685 manens
3156 2622 3620 2708 convincatur,et

1969 2707 2149 2797 semel
2176 2741 2232 2791 et
2263 2733 2353 2788 bis
2383 2727 2750 2793 criminatus,
2782 2720 2870 2777 vel
2899 2736 3003 2791 per
3033 2720 3305 2788 parentes
3337 2727 3498 2778 suos,
3529 2707 3620 2764 vel

1970 2846 2072 2901 per
2104 2821 2365 2880 mulieris
2399 2819 2690 2890 parentes,
2721 2810 2814 2866 vel
2845 2825 2945 2880 per
2975 2806 3120 2862 alias
3152 2805 3388 2899 idoneas
3417 2815 3620 2901 pereo-1

1970 2888 2076 2975 nas
2108 2888 2450 2984 hujusmodi
2503 2901 2870 2973 turpitudine
2902 2913 3015 2952 non
3050 2889 3424 2957 abstinuerit,
3455 2888 3626 2944 liceat

1970 3003 2204 3062 mulieri
2236 2997 2556 3056 dissolvere
2583 2992 2844 3062 nuptias.

278 3071 375 3136 (De
399 3070 686 3140 pceniten.,
709 3069 836 3124 dist.
863 3071 914 3138 1,
937 3085 987 3124 c.
1011 3069 1073 3124 Si
1095 3069 1229 3139 cui.)
1264 3069 1324 3126 Si
1375 3071 1467 3124 cui
1519 3071 1691 3126 etiam
1744 3087 1860 3126 non

1987 3113 2106 3169 CAP.
2148 3110 2266 3163 111.
2300 3137 2366 3146 -—
2401 3101 2550 3171 Quod
2572 3101 2730 3154 liceat
2756 3095 2961 3171 mar-ito
2988 3091 3233 3148 occidere
3273 3104 3398 3144 eum
3419 3100 3626 3171 .quem,

211 3158 512 3229 contingat
546 3158 792 3214 facultas
824 3159 1248 3214 concumbeudi
1283 3175 1416 3214 cum
1444 3160 1692 3231 conjuge
1723 3158 1869 3215 alie-

209 3245 566 3318 na,planum
590 3253 781 3301 tamen
816 3245 1190 3318 aliquomodo
1216 3245 1294 3302 sit
1327 3247 1382 3300 id
1409 3263 1541 3302 eum
1576 3252 1871 3318 cupere,et

209 3336 258 3391 si
281 3339 541 3406 potestas
565 3335 736 3390 detur
758 3351 887 3390 esse
913 3335 1226 3405 facturum,
1253 3352 1368 3390 non
1403 3335 1598 3392 minus
1622 3351 1758 3393 reus
1782 3341 1873 3393 est

211 3440 392 3497 quam
426 3423 475 3479 si
508 3424 566 3477 in
599 3423 727 3496 ipso
761 3424 912 3479 facto
944 3423 1497 3495 deprehenderetur.

213 3521 347 3577 CAP.
385 3521 504 3574 105.
539 3551 608 3561 —
636 3519 784 3589 Quod
840 3537 950 3575 non
1002 3526 1082 3575 est
1127 3521 1449 3590 faciendum
1503 3521 1872 3588 adulterium,

282 3608 383 3647 nec
429 3607 522 3663 spe
575 3592 881 3660 generandi
936 3592 1353 3662 regenerandos.
1405 3595 1750 3663 Augustinus
1799 3595 1872 3650 ad

285 3663 582 3720 Claudium
607 3671 795 3718 contra
823 3663 1133 3736 Juliunum,
1159 3665 1255 3719 lib.
1281 3681 1314 3718 v
1346 3665 1497 3735 (cap.
1521 3665 1576 3735 8,
1609 3665 1821 3736 initio).

288 3753 398 3822 (3'2,
425 3769 480 3823 q.
505 3753 558 3817 4,
584 3769 632 3806 c.
667 3753 755 3807 Sic
793 3770 907 3807 non
954 3753 1252 3823 facienda.)
1301 3753 1393 3807 Sic
1442 3769 1558 3807 non
1610 3753 1875 3809 facienda

217 3846 360 3895 sunt
390 3840 696 3905 adulteria,
730 3841 904 3897 etiam
941 3841 1238 3898 voluntate
1270 3842 1589 3914 generandi
1633 3858 1872 3913 regene-

218 3930 454 3994 randos,
489 3931 988 4000 quemadmodum
1040 3947 1145 3986 nec
1195 3932 1351 3986 furta
1396 3935 1537 3986 sunt
1585 3931 1874 3999 facienda,

218 4019 395 4073 etiam
427 4019 725 4074 voluntate
760 4020 1033 4089 pascendi
1069 4036 1350 4091 pauperes
1383 4025 1620 4075 sanctos
1652 4035 1665 4074 :
1719 4019 1872 4090 quod

222 4111 421 4162 tamen
456 4107 790 4162 faciendum
824 4112 934 4173 est,
974 4124 1084 4162 non
1121 4109 1275 4162 furta
1319 4108 1734 4179 perpetrando,
1767 4109 1871 4162 sed

222 4195 368 4250 bene
399 4197 618 4250 utendo
651 4211 993 4250 mammona
1026 4195 1376 4264 iniquitatis.

221 4296 354 4349 CAP.
392 4295 511 4348 106.
542 4325 608 4334 —
641 4293 786 4362 Quid
825 4293 898 4347 sit
945 4293 1306 4347 adul.’erium.
1337 4293 1580 4348 Isidorus
1625 4293 1723 4348 lib.
1753 4308 1879 4348 sen-

620 4365 948 4429 tentiarum,
983 4381 1102 4434 cap.
1137 4365 1205 4417 39
1238 4363 1356 4428 (lib.
1388 4366 1470 4434 ιι).

297 4453 622 4509 Fornicatio
655 4453 848 4508 carnis
882 4453 1238 4508 adulterium
1263 4458 1381 4522 est;
1417 4453 1722 4509 fornicatio
1756 4453 1883 4507 ani-
1914 4441 1958 4506 D

227 4560 353 4612 mae,
383 4544 633 4597 servitus
666 4541 950 4596 idolorum
984 4547 1092 4597 est.

225 4641 359 4696 CAP.
387 4642 509 4694 107.
536 4670 604 4680 —-
628 4640 778 4707 Quod
808 4640 1148 4722 adulterium
1178 4640 1335 4710 facit,
1359 4643 1457 4711 qui
1459 4643 1710 4767 fropter
1729 4656 1884 4695 suam

345 4712 417 4766 ad
447 4713 688 4767 alteram
713 4711 878 4766 vadit.
903 4711 1128 4767 Isidor”
1153 4728 1318 4767 super
1337 4716 1455 4767 Exo
1501 4729 1648 4767 .can.
1672 4713 1761 4767 29.

345 4712 417 4766 ad
447 4713 688 4767 alteram
713 4711 878 4766 vadit.
903 4711 1128 4778 Isidor.,
1153 4728 1318 4783 super
1337 4711 1511 4767 Exod.
1531 4711 1648 4783 cap.
1672 4713 1761 4767 29.

297 4801 408 4872 (3'2,
453 4818 508 4872 q.
550 4802 605 4870 5,
650 4817 699 4854 c.
731 4800 851 4855 Non
882 4800 1281 4873 mcechaberis.)
1315 4801 1438 4856 Non
1475 4798 1884 4864 mcechaberis,

223 4889 284 4944 id
314 4894 426 4958 est,
453 4906 523 4944 ne
554 4889 864 4958 quisquam
897 4894 1106 4960 praeter
1136 4888 1499 4944 matrimonii
1523 4887 1738 4942 foedera
1755 4885 1886 4941 aliis

227 4977 472 5033 feminis
513 4977 834 5032 misceatur
875 4978 944 5032 ad
987 4978 1332 5048 explendam
1378 4977 1705 5032 libidinem.
1742 4975 1889 5029 Nam

237 5065 597 5122 adulterium
629 5066 769 5121 facit
798 5067 1150 5137 specialiter,
1199 5068 1294 5138 qui
1348 5071 1556 5138 praeter
1598 5081 1765 5119 suam
1815 5063 1885 5118 ad

230 5155 478 5211 alteram
505 5156 746 5210 accedit.

231 5247 364 5300 CAP.
406 5245 522 5298 108.
552 5274 620 5283 —-
651 5243 811 5315 Quod
859 5259 988 5298 reus
1018 5247 1098 5298 est
1127 5245 1393 5300 adulterii
1444 5244 1540 5315 qui
1594 5245 1761 5298 semet
1806 5245 1886 5315 fe-

299 5317 435 5370 cerit
466 5315 630 5382 illud,
664 5314 892 5386 etiamsi
916 5331 1200 5386 nunquam
1231 5314 1477 5384 amplius
1506 5317 1755 5384 facturus
1796 5314 1885 5386 sit.

301 5390 436 5456 Aug.
460 5387 554 5529 ἐς
608 5385 884 5442 Valerium
930 5387 998 5441 de
1043 5388 1258 5458 nuptiis
1306 5393 1355 5442 et
1404 5388 1710 5459 concupisc.
1761 5385 1888 5457 (lib.

309 5475 347 5525 1,
378 5474 424 5512 c.
561 5501 575 5513 .

308 5546 366 5602 Si
392 5547 527 5619 quis
550 5545 749 5602 fecerit
770 5544 1382 5613 adulterium,etiamsi
1407 5563 1710 5618 nunquam
1725 5545 1886 5602 dein-

2047 3160 2334 3255 postquam
2365 3160 2450 3231 te}
2475 3167 2841 3255 proliibue‘ril,
2874 3182 2998 3221 cum
3039 3177 3215 3221 uxore
3257 3176 3363 3216 sua
3410 3160 3469 3212 in
3517 3173 3629 3212 una

2048 3241 2205 3309 domo
2237 3241 2531 3305 invenerit.
2567 3243 2699 3310 Cap.
2733 3241 2819 3294 14.

2049 3345 2106 3400 Si
2146 3341 2275 3413 quis
2324 3336 2663 3407 suspicatus
2705 3327 2881 3384 fuerit
2927 3327 2997 3381 de
3047 3323 3266 3413 aliquo,
3298 3318 3455 3413 velle
3492 3332 3627 3413 eum

1980 3405 2189 3506 pudori
2220 3405 2570 3484 uxoris—suas
2601 3419 2864 3484 illudere,
2899 3415 3093 3479 liceat,
3127 3411 3238 3482 ipsi
3291 3405 3501 3506 marito
3542 3409 3630 3459 te-

1980 3494 2262 3578 stationes
2279 3516 2336 3570 in
2355 3512 2593 3584 scriptis
2625 3506 2856 3563 habitas
2877 3504 2946 3558 ad
2968 3505 3308 3572 suspectum
3330 3494 3628 3584 hominem

1981 3611 2233 3677 mittere,
2263 3610 2321 3661 et
2349 3609 2438 3657 ter
2466 3583 2519 3656 ei
2548 3594 2896 3654 denuntiare
2939 3607 3041 3662 per
3088 3587 3432 3643 testationes
3473 3583 3633 3684 ipsas

1980 3701 2224 3754 idoneos
2254 3697 2436 3749 testes
2465 3687 2852 3748 continentes,
2871 3697 2944 3734 ne
2962 3695 3094 3733 cum
3128 3692 3304 3731 uxore
3333 3690 3442 3729 sua
3471 3687 3634 3726 inve-

1983 3785 2270 3844 niatur.Et
2290 3781 2339 3838 si
2363 3783 2494 3853 post
2510 3783 2627 3831 tres
2651 3769 2989 3828 testationes
3021 3767 3080 3821 in
3111 3763 3348 3853 scriptis
3380 3761 3634 3824 habitas,

1983 3883 2039 3933 et
2064 3877 2303 3931 idoneos
2332 3852 2599 3925 homines
2629 3863 2934 3922 habentes,
2966 3852 3253 3911 invenerit
3291 3868 3426 3908 eum
3461 3863 3632 3921 quem

1985 3967 2346 4023 contestatus
2375 3962 2465 4014 est
2494 3971 2627 4010 cum
2672 3965 2849 4006 uxore
2897 3963 3027 4011 sua,
3063 3942 3147 3998 vel
3193 3942 3252 3995 in
3304 3957 3410 3995 sua
3462 3940 3634 3993 domo

1985 4054 2072 4110 vel
2101 4053 2160 4107 in
2191 4052 2364 4105 domo
2398 4043 2685 4107 mulieris,
2711 4038 2798 4094 vel
2833 4037 2892 4090 in
2923 4037 3097 4089 domo
3149 4030 3310 4084 illius
3360 4024 3632 4089 adulteri,

1985 4143 2070 4200 vél
2106 4142 2163 4195 in
2197 4137 2410 4210 popina
2454 4126 2855 4204 [propinquo],
2883 4123 3080 4212 velhin
3133 4117 3416 4212 praet-ine,
3468 4113 3638 4212 liceat

1988 4204 2356 4286 marito-sine
2388 4222 2508 4277 ullo
2543 4215 2796 4292 periculo
2831 4210 3104 4266 manibus
3133 4206 3256 4263 suis
3289 4204 3461 4258 illum
3491 4204 3635 4257 occi-

1988 4320 2142 4375 dere.
2174 4317 2274 4371 Sin
2316 4318 2509 4368 autem
2560 4310 2618 4362 in
2669 4305 2780 4360 alio
2833 4303 2956 4356 loco
3001 4292 3448 4369 deprehenderit
3504 4306 3636 4344 eum

1991 4404 2346 4476 colloquium
2376 4401 2687 4455 habentem
2738 4408 2871 4448 cum
2921 4404 3101 4444 uxore
3149 4401 3276 4450 sua,
3305 4378 3640 4476 convocatis

1990 4469 2178 4551 tribus
2227 4490 2479 4547 testibus
2525 4482 2773 4548 idoneis,
2826 4495 2926 4552 per
2970 4493 3116 4548 quos
3162 4472 3348 4546 possit
3394 4469 3642 4542 probare

1992 4585 2148 4657 apud
2172 4581 2434 4654 judicem
2462 4572 2754 4631 invenisse
2785 4586 2917 4625 eum
2951 4581 3100 4658 cum-
3120 4578 3295 4658 uxore
3311 4557 3641 4658 naua-collo-

1992 4649 2197 4747 quium
2228 4670 2566 4732 habentem,
2587 4662 2784 4719 tradat
2814 4674 2946 4714 eum
2972 4653 3184 4725 judici,
3203 4657 3259 4707 et
3276 4651 3324 4706 si
3342 4649 3529 4747 iudex
3551 4649 3640 4702 in-

1992 4739 2215 4820 venerit
2255 4763 2385 4832 pust
2429 4760 2548 4812 tres
2595 4749 2938 4808 testationes
2969 4739 3641 4832 suspectumhominem

1995 4826 2349 4911 collocutum
2384 4843 2616 4901 mulieri
2637 4839 2836 4906 fuisse,
2851 4835 3013 4892 nullo
3031 4833 3144 4890 alio
3164 4829 3453 4902 exquisito
3472 4826 3642 4898 quasi

1995 4942 2327 4999 adulterum
2360 4935 2583 5008 puniat.

1995 5051 2131 5106 CAP.
2168 5047 2268 5100 112
2323 5073 2389 5083 ——
2422 5041 2482 5098 Ut
2511 5037 2754 5094 maritus
2800 5033 2850 5089 si
2896 5040 3015 5102 post
3058 5034 3172 5084 tres
3214 5023 3640 5106 contestatione:

2075 5097 2347 5175 invenerit
2375 5097 2610 5169 umorem
2638 5124 2802 5163 suam
2830 5097 2956 5160 cum
3011 5104 3255 5172 suspecto
3315 5097 3536 5175 homine
3581 5097 3638 5148 in

2069 5167 2364 5248 ίοῖο⁷
2382 5167 2803 5255 colloquentem,
2826 5177 2898 5232 ab
2928 5167 3172 5247 episcopo
3209 5185 3300 5226 eos
3331 5167 3402 5223 ad
3421 5181 3641 5238 poenam

2067 5261 2338 5335 requirat,
2367 5275 2486 5330 cap.
2528 5256 2608 5310 15.
3364 5337 3375 5343 -
3603 5331 3615 5343 ο

2069 5362 2126 5418 Si
2157 5363 2290 5432 post
2317 5363 2436 5413 tres
2467 5353 2802 5410 testationes
2836 5343 3313 5416 [testificationes]
3362 5337 3646 5432 invenerit

1999 5425 2244 5508 maritus
2294 5460 2530 5502 uxorem
2562 5457 2732 5498 suam
2762 5438 2821 5492 in
2854 5450 3020 5491 sacro
3053 5433 3175 5486 loco
3207 5444 3339 5484 cum
3373 5425 3642 5494 suspecto

1999 5541 2235 5598 homine
2268 5532 2622 5605 colloquium
2670 5527 3004 5590 habentem,
3033 5519 3227 5576 tradat
3250 5531 3347 5572 eos
3378 5511 3642 5570 Ecclesiae
