3972 6056
317 166 422 220 607

1405 168 1469 217 D.
1514 160 1756 218 IVONIS
1793 162 2285 219 CABNOTENSIS
2322 164 2645 219 EPISCOPI

3624 161 3747 216 608

315 290 630 356 defensori,
653 289 740 345 vel
764 289 895 346 aliis
915 289 1163 359 clericis,
1190 294 1254 344 ut
1284 288 1597 360 separatim
1631 287 1962 343 custodian-
1995 288 2047 353 Α
2074 288 2271 343 testati
2302 290 2570 360 [reddita,
2601 290 2830 361 origin].
2864 293 2929 344 Et
2977 287 3433 360 consanguineis
3480 288 3749 360 prepriis

310 385 409 435 tur
430 381 488 434 in
514 380 772 454 periculo
798 381 1122 436 defensoris
1143 380 1230 433 vel
1252 377 1623 447 clericorum,
1647 382 1714 431 ut
1733 376 1968 432 auditos

303 471 487 540 judex
534 471 729 525 mittat
760 471 829 524 ad
864 470 1202 539 religiosum
1235 466 1484 521 civitatis
1514 465 1875 537 episcopum,
1911 470 1968 520 et

316 560 666 615 auctoritate
696 559 882 630 ipsius
915 557 1163 628 accipiat
1195 572 1315 621 eos,
1340 554 1525 625 poenis
1557 560 1757 609 contra
1788 555 1966 609 adul-

315 653 476 705 teros
505 649 713 719 positis
744 652 1026 716 utrosque
1073 643 1289 699 efﬁciat
1320 643 1479 699 nullo
1514 644 1627 698 alio
1660 643 1968 713 requisito,

317 738 367 795 si
401 745 532 810 post
560 745 675 792 tres
707 735 1112 789 attestationes
1142 734 1417 788 inventus
1448 738 1535 786 est
1559 749 1690 787 cum
1726 732 1970 787 muliere

317 827 566 884 locutus.
602 826 701 878 Est
731 828 926 878 autem
955 822 1357 892 justissimum
1408 838 1598 893 neque
1648 821 1969 886 adulteros,

320 931 508 986 neque
540 919 800 984 raptores
832 911 1171 979 mulierum,
1201 928 1502 966 sacrorum
1545 910 1725 981 septis
1775 910 1964 964 vindi—

319 1019 473 1068 care,
496 1008 553 1056 et
584 1001 769 1055 multo
801 1001 992 1072 magis
1022 1000 1071 1054 si
1104 1001 1235 1071 quis
1258 1001 1327 1054 de
1350 1000 1473 1071 ipso
1505 998 1791 1054 adulterio
1813 998 1968 1053 intra

319 1109 485 1147 sacra
516 1090 717 1145 alienae
750 1089 979 1144 mulieri
1012 1090 1244 1144 locutus
1273 1090 1465 1143 est.Et
1496 1086 1846 1159 generaliter
1875 1088 1970 1142 de-

318 1181 584 1245 ﬁnimus,
608 1180 658 1234 si
689 1180 822 1251 quis
852 1179 1140 1234 invenerit
1167 1194 1403 1233 uxorem
1437 1195 1627 1246 suam,
1650 1178 1736 1232 vel
1762 1178 1967 1246 filiam,

316 1269 405 1325 vel
436 1274 693 1339 neptem,
725 1268 812 1323 vel
846 1284 1083 1334 nurum,
1116 1272 1173 1323 et
1200 1267 1642 1339 deprehenderit
1671 1282 1803 1321 cum
1858 1265 1966 1321 ali-

318 1376 432 1432 quo
454 1358 811 1429 colloquium
831 1358 1221 1425 habentem,et
1244 1356 1580 1428 suspicatus
1598 1356 1770 1410 fuerit
1791 1354 1971 1426 turpi-

316 1447 543 1504 tudinis
564 1464 742 1501 causa
763 1462 862 1501 eos
885 1445 1245 1511 convenisse,
1269 1444 1442 1499 liceat
1475 1445 1678 1499 ambos
1700 1443 1969 1498 Ecclesiae

304 1537 546 1610 tradere
573 1535 886 1603 defensori,
912 1534 1001 1591 vel
1033 1534 1163 1589 aliis
1194 1533 1444 1601 clericis,
1478 1533 1734 1604 periculo
1765 1549 1967 1588 eorum

319 1625 639 1697 separatim
680 1624 1119 1689 custodiendos,
1150 1623 1334 1677 donec
1368 1622 1557 1692 judici
1608 1621 1969 1676 innotescere

321 1714 545 1784 fecerit,
576 1719 634 1770 et
661 1712 760 1768 ille
789 1713 1116 1769 secundum
1148 1711 1304 1783 leges
1329 1727 1612 1782 personas
1660 1709 1968 1781 acceperit,

317 1808 374 1861 et
404 1820 644 1858 causam
676 1801 1038 1856 discusserit.

320 1891 455 1946 CAP.
491 1892 612 1945 113.
647 1921 715 1930 —
746 1892 819 1944 De
847 1889 1136 1955 adulterio,
1166 1894 1286 1960 post
1333 1889 1968 1961 quinquenniumrquam

391 1965 686 2017 admissum
714 1968 813 2029 est,
846 1962 1126 2017 neminem
1168 1960 1640 2032 posse’accusari.
1694 1960 1968 2029 Codicum,

393 2034 487 2089 lib.
522 2050 602 2101 χι,
636 2038 879 2089 tractatu
910 2049 963 2087 v.

391 2121 635 2178 Adulter
665 2127 798 2193 post
835 2121 1308 2192 quinquennium
1358 2136 1536 2191 quam
1585 2120 1968 2176 commissum

320 2211 675 2269 adulterium
736 2209 969 2280 dicitur,
1020 2211 1173 2281 quod
1234 2210 1574 2266 continuum
1607 2214 1970 2279 numeratur,

323 2300 586 2358 accusari
618 2316 731 2355 non
765 2304 976 2370 potest.

323 2395 453 2447 CAP.
490 2391 611 2444 114.
643 2420 712 2429 —
734 2389 884 2457 Quod
912 2388 1156 2444 maritus
1185 2405 1295 2444 non
1324 2394 1495 2459 potest
1524 2391 1740 2459 inferre
1766 2392 1975 2445 crimen

393 2460 661 2517 adulterii
738 2459 904 2516 uxori
976 2460 1037 2515 in
1114 2461 1464 2516 matrimonio
1537 2465 1788 2517 retentae.
1846 2463 1973 2516 Tra-

393 2538 545 2587 ctatu
583 2550 659 2587 ιι.

390 2540 545 2589 ctatu
583 2550 659 2587 ιι.

392 2621 627 2677 Crimen
661 2619 933 2676 adulterii
967 2621 1243 2676 maritum
1278 2625 1501 2676 retenta
1516 2620 1575 2675 in
1601 2620 1974 2676 matrimonio

324 2726 502 2765 uxore
531 2709 745 2763 inferre
776 2726 890 2763 non
924 2725 1116 2781 posse,
1149 2710 1368 2763 nemini
1402 2710 1649 2765 dubium
1679 2719 1786 2765 est.

327 2799 463 2854 CAP.
500 2798 621 2853 115.
656 2828 723 2837 —-—
773 2797 923 2865 Quod
964 2798 1236 2867 proximis
1276 2805 1489 2853 tantum
1544 2814 1803 2854 accusare
1849 2799 1976 2855 licet

762 2868 825 2922 de
853 2868 1147 2924 adulterio.
1180 2871 1353 2924 Tract.
1387 2886 1539 2925 xxxx.

399 2956 481 3011 Ne
535 2955 869 3011 volentibus
916 2960 1134 3012 temere
1176 2957 1348 3013 liceat
1392 2958 1606 3012 fcedare
1664 2958 1974 3025 connubia,

325 3045 608 3117 proximis
665 3045 1126 3116 necessariisque
1158 3047 1422 3118 personis
1453 3047 1821 3103 solummodo
1853 3047 1975 3119 pla-

323 3139 416 3190 cet
444 3133 654 3189 deferri
686 3133 914 3205 copiam
947 3135 1262 3190 accusandi
1294 3134 1649 3191 adulterium
1680 3152 1692 3190 :
1745 3137 1855 3192 hoc
1886 3141 1977 3192 est

326 3222 516 3293 fratri,
562 3222 734 3294 patri,
788 3238 891 3279 nec
941 3239 1055 3278 non
1110 3228 1315 3294 patruo
1365 3228 1423 3279 et
1470 3224 1779 3291 avunculo,
1830 3242 1977 3296 quos

323 3328 496 3368 verus
527 3310 691 3367 dolor
722 3311 793 3367 ad
826 3310 1255 3367 accusationem
1308 3312 1579 3385 impellit.
1615 3314 1725 3369 Sed
1775 3319 1833 3370 et
1882 3314 1977 3370 his

328 3405 597 3477 personis
630 3404 817 3476 legem
856 3403 936 3459 ita
985 3404 1260 3475 ponimus
1292 3405 1697 3477 [imponimus,
1728 3408 1883 3478 Vict.]
1916 3412 1981 3462 ut

329 3494 547 3549 crimen
580 3492 895 3547 abolitione
925 3493 974 3547 si
1004 3492 1296 3548 voluerint
1342 3499 1733 3565 compescant.
1770 3496 1979 3567 Impri-

330 3584 446 3638 mis
477 3581 755 3636 maritum
789 3583 898 3637 tori
929 3581 1204 3654 genitalis
1240 3584 1501 3653 judicem
1555 3601 1681 3640 esse
1730 3589 1978 3657 oportet,

330 3671 422 3726 cui
477 3671 714 3741 quidem
764 3686 833 3724 ex
882 3672 1214 3743 suspicione
1263 3689 1419 3728 ream
1467 3675 1779 3745 conjugem
1824 3673 1977 3730 licet.

330 3761 648 3815 Extraneos
678 3759 881 3832 procul
915 3761 1095 3816 arceri
1130 3761 1202 3816 ab
1233 3761 1341 3817 hac
1372 3763 1744 3820 accusatione
1784 3779 1982 3819 cense-

332 3864 484 3904 mus.

333 3938 468 3993 CAP.
507 3938 626 3992 H6.
659 3968 728 3977 —
758 3939 841 4012 De_
880 3938 1136 3993 Lothario
1185 3954 1310 4009 rege
1353 3947 1407 3993 ct
1456 3954 1625 3995 uxore
1666 3941 1803 4012 ejus,
1845 3939 1987 4011 quod

398 4026 501 4083 per
536 4008 976 4083 monomachiam
1028 4008 1266 4083 nonest
1307 4008 1699 4067 convincenda:
1728 4008 1985 4068 Nicolaus

402 4081 548 4153 papa
579 4081 775 4136 Carolo
804 4083 921 4152 regi
942 4082 1122 4153 (epist.
1154 4082 1265 4152 49).

408 4172 574 4226 Sicut
605 4171 926 4225 multorum
960 4170 1145 4226 relatu
1171 4171 1510 4236 didicimus,
1545 4171 1859 4227 Lotharius
1891 4188 1987 4227 rex

337 4264 687 4316 conventum
738 4260 1030 4315 celebrare
1077 4261 1359 4332 disponit,
1392 4266 1448 4317 et
1477 4262 1862 4335 Theibergam
1894 4278 1988 4317 re—

2079 376 2320 448 sociata,
2353 378 2503 434 inter
2533 396 2680 449 quos
2711 379 2889 433 etiam
2921 376 3085 433 locus
3119 377 3528 449 praevidendus
3559 378 3743 442 est,in

2078 481 2194 535 quo
2228 466 2388 521 nulla
2405 468 2481 522 sit
2505 468 2591 523 vis
2612 466 3009 522 multitudinis
3042 466 3433 535 formidanda,
3449 470 3504 520 et
3524 482 3641 521 non
3662 466 3752 519 sit

2079 554 2316 609 difficile
2348 561 2527 611 testes
2554 557 2896 628 producere,
2917 555 3006 609 vel
3029 559 3270 610 caeteras
3300 570 3746 626 personasque:

2077 647 2198 699 tam
2232 661 2264 699 a
2296 645 2517 701 sanctis
2550 645 2872 700 canonibus
2905 643 3502 715 quamavenerandis
3525 642 3747 699 Roma-

2081 735 2172 788 nis
2204 733 2508 805 legibusin
2527 733 2867 806 bujusmodi
2899 731 3313 789 controversiis
3334 733 3743 803 requirantur:

2079 821 2208 877 Haec
2238 823 2454 878 idcirco
2486 822 2765 889 diximus,
2800 827 2862 877 ut
2886 823 3297 878 ostendamus
3329 837 3507 892 quem
3540 820 3744 893 legum

2079 911 2436 967 conﬂictum.
2459 912 2766 967 Lotharius
2798 911 3073 983 congredi
3105 927 3278 983 posse
3310 914 3582 965 autumat
3602 926 3745 964 cum

2078 1018 2348 1072 persona,
2369 1019 2546 1074 quam
2564 1005 2621 1056 in
2641 1002 2767 1057 suis
2787 1000 3185 1072 penetralibus
3205 998 3469 1071 quotidie
3502 998 3736 1071 fatigat,

2078 1095 2134 1145 et
2162 1091 2426 1145 conterit.
2451 1090 2693 1154 Quando
2726 1090 2849 1145 vult
2880 1091 2952 1144 ad
2979 1089 3293 1159 judicium,
3328 1089 3563 1159 quando
3609 1087 3737 1144 vult

2078 1182 2147 1234 ad
2182 1179 2441 1235 claustra
2467 1180 2715 1247 reducit,
2748 1184 2806 1234 et
2840 1179 3075 1250 quando
3128 1178 3340 1233 educta
3387 1177 3583 1245 fuerit,
3618 1176 3740 1232 nisi

2076 1286 2144 1325 ea
2176 1270 2515 1339 proﬁteatur
2545 1285 2672 1340 quae
2702 1268 2827 1340 ipse
2863 1267 3223 1339 praeceperit,
3254 1266 3447 1337 punit.
3483 1266 3742 1337 Propriai

2077 1358 2260 1429 igitur
2308 1356 2562 1412 libertati
2606 1357 2916 1422 committi,
2950 1361 3007 1411 et
3050 1357 3121 1410 ab
3164 1355 3324 1410 omni
3367 1355 3753 1425 oppressione

2077 1452 2251 1517 atque
2276 1451 2565 1517 potestate
2590 1445 2751 1500 illius
2765 1462 2898 1501 cum
2915 1462 3031 1516 quo
3047 1444 3231 1499 initur
3247 1443 3556 1499 conflictus
3579 1460 3752 1515 opor-

2077 1541 2159 1597 tet
2183 1535 2438 1604 liberari,
2462 1540 2637 1606 atque
2667 1536 2792 1590 suis
2824 1533 3144 1590 liberaliter
3176 1534 3280 1601 uti,
3333 1538 3391 1588 et
3434 1538 3746 1603 suspectas

2002 1652 2047 1717 Β
2080 1641 2361 1697 personas
2421 1623 2689 1680 convenit
2750 1623 3059 1694 declinare,
3114 1640 3244 1695 quae
3299 1638 3362 1677 se
3394 1622 3466 1677 ab
3498 1621 3750 1692 objectis

2076 1715 2384 1770 ostendere
2414 1712 2579 1784 cupit
2610 1713 2956 1768 immunem.

2080 1816 2218 1870 CAP.
2256 1816 2379 1869 117.
2411 1848 2479 1856 -
2511 1816 2914 1886 Confessionem
2961 1814 3212 1887 quamvis
3241 1815 3736 1887 extorsittnequa-

2146 1902 2314 1959 quam
2368 1904 2466 1957 pro
2528 1884 2864 1959 confessione
2920 1884 3038 1959 esse
3094 1885 3427 1942 habendam.
3474 1884 3734 1940 Nicotaus

2151 1958 2454 2030 Theibergw
2484 1962 2695 2028 regina:
2727 1960 2903 2029 (epist.
2935 1958 3043 2029 48).

2150 2055 2265 2109 Nos
2296 2056 2447 2111 hanc
2477 2056 2905 2112 confessionem
2958 2063 3140 2122 tuam,
3171 2071 3345 2126 quam
3382 2070 3499 2109 non
3529 2052 3737 2109 volun-

2078 2146 2192 2213 tas,
2224 2145 2324 2199 sed
2364 2145 2451 2201 vis
2493 2146 2756 2215 extorsit,
2789 2160 3161 2215 nequaquam
3218 2160 3321 2215 pro
3371 2141 3741 2199 confessione

2081 2233 2437 2304 recipimus:
2470 2240 2698 2289 tantum
2752 2233 2957 2288 vitium
3008 2233 3234 2289 radices
3279 2233 3588 2288 extendere
3633 2248 3742 2286 nec

2080 2322 2503 2394 permittimus,
2538 2323 2693 2394 quod
2721 2322 2837 2378 nisi
2867 2320 3135 2377 evulsum
3180 2322 3385 2377 intime
3433 2319 3628 2390 fuerit,
3663 2320 3737 2374 ad

2083 2411 2406 2467 multorum
2441 2411 2758 2484 perniciem
2793 2414 2984 2482 potest
3013 2424 3364 2466 accrescere.
3397 2408 3659 2479 Denique
3691 2408 3741 2463 si

2082 2498 2190 2555 hoc
2223 2499 2596 2570 licet,omnes
2626 2500 2734 2555 viri
2768 2505 3014 2566 possunt
3045 2515 3189 2568 quas
3214 2500 3349 2568 jure
3379 2498 3570 2553 sortiti
3602 2502 3744 2552 sunt

2083 2588 2354 2659 feminas,
2378 2590 2428 2644 si
2459 2589 2568 2644 has
2599 2589 2729 2645 odio
2760 2588 3094 2653 habuerint,
3126 2586 3372 2643 diversis
3403 2586 3738 2641 afﬂictioni-

2084 2675 2196 2731 bus
2256 2692 2570 2745 macerare,
2604 2680 2662 2731 et
2703 2674 2859 2747 quod
2908 2673 3167 2748 legitime
3216 2691 3329 2730 non
3380 2674 3597 2730 fuerint
3640 2689 3741 2728 as-

2084 2770 2333 2836 sumpta:
2363 2765 2564 2820 statim
2596 2780 2824 2834 cogere,
2855 2764 2998 2836 quin
3029 2764 3207 2818 etiam
3242 2768 3307 2817 ut
3337 2761 3583 2818 mortale
3623 2761 3741 2817 cri-

2085 2869 2219 2909 men
2249 2858 2454 2909 contra
2485 2870 2547 2909 se
2576 2854 2792 2920 dicant,
2815 2852 2992 2908 illatis
3024 2851 3494 2907 intolerabilibus
3526 2851 3739 2924 prauis,

2085 2942 2454 3013 compellere.

2084 3052 2214 3103 CAP.
2251 3048 2369 3102 118.
2404 3078 2472 3089 -
2507 3049 2570 3104 Ut
2607 3048 2787 3103 nobili
2830 3050 2954 3103 viro
3002 3046 3291 3119 Radulpho
3344 3062 3486 3102 uxor
3536 3048 3746 3119 injuste

2153 3120 2337 3174 ablata
2379 3122 2722 3175 restituatur.
2752 3122 2986 3175 Joannes
3038 3119 3151 3174 VIII
3195 3119 3507 3189 Theibergz
3550 3124 3601 3174 et
3646 3118 3746 3173 Al-

2156 3192 2336 3246 derico
2367 3191 2662 3262 [Alberico]
2692 3191 2810 3262 ﬁlio
2837 3192 2975 3262 ejus.

2158 3290 2374 3345 Iterum
2405 3290 2734 3360 iterumque
2761 3305 2862 3345 vos
2894 3290 3301 3356 admonemus,
3330 3292 3389 3343 et
3434 3287 3747 3359 praesenti-

2086 3379 2200 3435 bus
2240 3378 2606 3450 apostolatus
2641 3378 2826 3433 nostri
2849 3378 3064 3434 litteris
3094 3377 3403 3433 hortamur
3460 3376 3750 3433 feminam

2088 3484 2260 3524 suam
2289 3467 2470 3523 nobili
2490 3467 2609 3522 viro
2628 3467 3115 3538 Radulpho,sicut
3135 3467 3260 3537 jam
3291 3471 3426 3521 ante
3458 3466 3749 3536 diximus,

2090 3556 2380 3613 maturius
2439 3556 2764 3622 restituere,
2798 3561 2855 3610 et
2882 3555 3005 3611 viro
3036 3572 3143 3610 suo
3176 3555 3498 3622 adhaerere,
3532 3571 3748 3610 secun-

2091 3646 2231 3701 dum
2264 3645 2449 3717 legem
2478 3644 2707 3700 Domini
2740 3644 2967 3699 facere:
3014 3661 3126 3699 non
3158 3644 3315 3699 enim
3343 3643 3433 3699 lex
3464 3642 3585 3699 ulla
3617 3661 3748 3714 per-

2090 3733 2278 3788 mittit
2323 3734 2663 3804 quominus,
2696 3740 2793 3787 aut
2824 3732 3105 3803 injectum
3137 3732 3250 3787 sibi
3282 3731 3503 3787 crimen
3564 3732 3749 3788 confi-

2090 3826 2299 3891 teatur,
2340 3826 2443 3876 aut
2488 3827 2641 3876 certe
2669 3838 2704 3876 a
2733 3821 2974 3875 crimine
3022 3821 3257 3891 injecto,
3290 3820 3555 3892 legitima
3600 3838 3751 3892 prm-

2093 3911 2280 3966 missa
2311 3911 2658 3982 purgatione
2689 3909 2965 3965 solvatur.
2990 3909 3153 3972 Quod
3187 3909 3237 3964 si
3272 3914 3546 3964 neutrum
3578 3926 3755 3982 agere

2091 3998 2196 4054 illa
2226 3997 2641 4069 delegerit,sed
2660 3998 2783 4053 sola
2815 3997 3213 4053 obstinatione
3246 4014 3374 4063 usa,
3404 3997 3550 4052 nulli
3580 4000 3758 4055 satis-

2094 4088 2335 4144 factioni
2367 4088 2506 4143 dare
2534 4104 2768 4159 operam
2823 4087 3220 4159 procuraverit
3252 4104 3265 4142 :
3319 4086 3506 4157 liquet
3555 4093 3758 4159 aperte

2094 4176 2233 4249 quia
2262 4168 2482 4231 crimen
2517 4177 2671 4246 quod
2709 4193 2821 4231 non
2854 4175 3046 4244 diluit,
3085 4173 3486 4247 proculdubio
3509 4176 3754 4233 conﬁte-

2094 4269 2209 4321 tur.
2230 4263 2378 4319 Solae
2402 4268 2750 4335 namque,ut
2766 4273 3007 4319 sanctus
3023 4280 3176 4335 papa
3188 4262 3393 4319 scribit
3414 4263 3758 4335 Hormisda,

339 4349 539 4421 ginam
572 4348 823 4403 examini
856 4349 1091 4421 proprio
1123 4354 1180 4405 et
1201 4350 1426 4422 judicio
1458 4351 1776 4407 meditatur
1801 4350 1985 4423 subji-
2019 4377 2065 4441 Β
2096 4369 2341 4410 examen
2372 4352 2661 4424 effugiunt
2691 4352 3079 4417 conscientiae,
3107 4368 3230 4423 quin
3274 4356 3432 4407 recta
3461 4357 3603 4407 sunt
3636 4370 3755 4409 non

342 4453 515 4492 cere:
568 4440 625 4492 et
668 4436 961 4508 siquidem
1010 4453 1136 4492 eam
1184 4438 1497 4513 praestigiis
1544 4440 1815 4496 falsitatis
1869 4456 1989 4496 suae

341 4524 597 4597 potuerit
640 4524 931 4594 exhibere,
981 4526 1150 4597 quasi
1198 4545 1314 4583 non
1362 4528 1537 4584 fuerit
1584 4528 1845 4601 legitima
1883 4545 1991 4584 sua

341 4629 504 4679 uxor,
521 4612 646 4668 vult
674 4630 804 4667 eam
838 4615 1071 4686 penitus
1102 4633 1135 4671 a
1165 4633 1226 4671 se
1258 4618 1760 4688 sequestrare.Sin
1793 4622 1989 4673 autem

339 4701 466 4758 vult
497 4718 625 4758 eam
655 4706 938 4773 tanquam
973 4705 1267 4775 propriam
1302 4722 1540 4760 uxorem
1571 4705 1991 4771 dimittere,sed

343 4790 554 4847 deinde
586 4791 754 4862 quasi
787 4792 1076 4847 mcechata
1110 4793 1283 4848 fuerit
1313 4793 1671 4861 insimulare,
1695 4798 1870 4864 atque
1888 4809 1991 4864 pro

343 4881 451 4937 hoc
481 4879 781 4935 hominem
814 4898 1011 4948 suum,
1032 4885 1088 4936 et
1104 4880 1401 4937 hominem
1430 4882 1764 4955 Theibergre
1784 4883 1853 4937 ad
1876 4898 1993 4937 mo-

345 4968 714 5026 nomachiam
747 4969 1066 5041 impellere,
1090 4976 1144 5025 et
1176 4972 1223 5026 si
1254 4970 1426 5026 homo
1456 4970 1643 5044 ipsius
1666 4972 1877 5044 reginae
1901 4988 1992 5027 ce-

344 5062 570 5131 ciderit,
595 5062 853 5133 disponit
882 5061 1033 5116 hanc
1057 5063 1183 5117 sine
1214 5061 1490 5118 dilatione
1518 5063 1991 5134 perimere.ltem.

344 5153 627 5208 Praeterea
658 5150 777 5207 sive
808 5151 877 5206 de
909 5151 1167 5222 conjugii
1204 5152 1433 5223 fmdere,
1470 5152 1590 5208 sive
1620 5154 1692 5209 de
1723 5153 1994 5208 adulterii

345 5241 591 5297 crimine
640 5240 934 5311 judicium
966 5240 1043 5296 sit
1074 5240 1439 5312 agitandum,
1472 5241 1634 5297 nulla
1664 5243 1811 5298 ratio
1842 5242 1993 5314 pati-

345 5335 443 5386 tur
474 5331 718 5401 [ratione
752 5330 1111 5402 patet,orig.]
1140 5330 1521 5401 Theihergam
1556 5348 1689 5387 cum
1724 5332 1994 5387 Lothario

346 5434 517 5490 posse
550 5419 699 5475 inire
728 5418 1085 5489 conﬂictum,
1116 5418 1206 5473 vel
1236 5418 1560 5491 legitimum
1593 5422 1994 5477 controversiae

347 5506 496 5562 inire
524 5513 836 5579 certamen,
859 5509 970 5565 nisi
992 5509 1153 5580 prius
1183 5508 1253 5565 ad
1283 5513 1517 5581 tempus
1549 5509 1721 5566 fuerit
1752 5526 1871 5567 sua
1894 5526 1995 5582 po-

2098 4446 2386 4498 tenentes.
2422 4442 2569 4514 Ergo
2619 4442 2667 4497 si
2715 4441 2787 4511 is,
2820 4442 2908 4496 vel
2948 4441 3068 4505 illa,
3098 4439 3189 4496 vel
3237 4457 3340 4497 vos
3387 4440 3759 4512 apostolatus

2100 4531 2281 4587 nostri
2314 4532 2561 4585 decretis
2593 4531 2828 4586 obedire
2858 4534 3300 4601 postponentes,
3334 4546 3485 4600 sape
3526 4547 3757 4586 memo-

2100 4624 2287 4675 ratam
2328 4618 2606 4674 feminam
2658 4624 2759 4674 aut
2808 4636 2841 4674 a
2887 4618 2993 4673 viri
3040 4621 3346 4689 potestate,
3379 4622 3481 4673 aut
3527 4635 3560 4674 a
3606 4618 3760 4691 legis

2099 4708 2364 4764 examine
2386 4707 2543 4763 nulla
2565 4706 2895 4763 rationabili
2920 4723 3096 4761 causa
3118 4711 3403 4776 exstante,
3429 4707 3759 4765 subducere

2102 4796 2355 4869 amplius
2405 4797 2597 4852 conati
2630 4796 2880 4861 fueritis,
2912 4799 3033 4851 tam
3064 4794 3165 4851 illa
3196 4811 3373 4867 quam
3421 4810 3525 4851 vos
3576 4795 3757 4852 Thei-

2100 4886 2281 4958 berga
2338 4888 2395 4940 et
2455 4884 2716 4940 Alderice
2791 4898 3101 4956 quousque
3180 4882 3466 4939 sanctioni
3542 4890 3764 4942 nostra:

2102 4974 2381 5048 parcatis,
2433 4974 2532 5029 Dei
2589 4972 3005 5044 omnipotentis
3044 4971 3291 5043 judicio,
3343 4976 3401 5028 et
3448 4972 3760 5030 beatorum

2105 5063 2251 5119 Petri
2302 5068 2357 5117 et
2403 5061 2567 5117 Pauli
2617 5061 3035 5134 apostolorum,
3070 5060 3362 5117 sententia
3400 5060 3761 5134 principum,

2102 5151 2594 5209 excommunicati
2651 5156 2707 5207 et
2750 5169 2783 5206 a
2830 5166 3069 5222 corpore
3116 5153 3173 5205 et
3219 5151 3509 5222 sanguine
3557 5152 3763 5207 Domi-

2103 5242 2162 5296 ni
2196 5240 2378 5296 nostri
2408 5241 2542 5295 Jesu
2576 5239 2789 5296 Christi
2817 5239 2948 5297 sitis
2980 5238 3240 5307 alienati,
3275 5256 3393 5295 una
3440 5256 3577 5295 cum
3630 5242 3763 5297 fau-

2102 5329 2349 5398 toribus,
2409 5329 2839 5396 consentaneis,
2908 5329 3263 5400 sequacihns
3333 5333 3390 5384 et
3454 5329 3763 5401 complici-

2104 5419 2215 5474 bus
2290 5420 2524 5485 vestris,
2585 5423 2782 5491 utpote
2856 5417 3187 5473 divinarum
3245 5422 3303 5474 et
3356 5418 3759 5476 humanarum

2104 5506 2300 5580 legum
2358 5506 2695 5575 violatores,
2771 5507 3046 5578 sedisque
3110 5505 3442 5578 apostolicis
3493 5506 3761 5566 decreto-
