3994 6052
257 282 365 337 609

263 499 570 555 fractores.

258 606 395 661 ΟΑΡ.
432 604 554 660 119.
574 636 654 677 7—
684 606 760 661 De
788 605 977 659 eodem
1006 612 1068 677 et,
1103 605 1438 677 iurgatione
1486 606 1623 677 ejus.
1670 608 1909 662 Joannes

470 676 589 731 VIII
612 678 877 732 Ausberto
909 675 1235 749 archiepiscl
1271 675 1686 734 Mediolanensi.

330 780 786 852 Virspectabilis
813 779 1161 851 Radulphus
1202 783 1461 851 nomine,
1495 782 1909 854 imperatorius

267 868 465 939 homo,
496 886 603 927 nos
630 886 806 941 super
837 870 1085 939 adierat,
1119 871 1423 941 queritans
1468 875 1525 927 et
1568 886 1911 926 asseverans

260 975 325 1013 se
380 974 616 1014 uxorem
664 975 857 1028 suam,
916 960 1157 1014 nomine
1206 959 1444 1026 Bavam,
1486 959 1607 1014 zelo
1666 958 1908 1031 pudoris

265 1047 525 1103 fervente
573 1048 837 1103 obscena:
884 1046 1240 1119 suspicionis
1297 1047 1528 1103 macula
1576 1048 1909 1118 denotasse,

261 1152 331 1191 ac
356 1135 595 1191 sinistra
626 1136 1029 1192 crebrescente
1062 1136 1217 1192 fama
1243 1137 1497 1192 carnalis
1542 1137 1915 1193 accusatione

261 1223 529 1280 criminis
561 1224 888 1295 impetisse.
916 1224 1023 1289 Qui
1055 1241 1190 1280 cum
1224 1224 1374 1280 hanc
1406 1226 1477 1280 ad
1538 1226 1913 1296 purgandum

259 1314 590 1369 secundum
610 1312 757 1385 legis
784 1314 1031 1385 prOpriae
1054 1319 1337 1378 tenorem,
1357 1314 1703 1384 parentibus
1721 1315 1917 1384 ejuset

260 1402 719 1474 consanguineis
734 1402 1095 1469 tradidisset,
1117 1402 1270 1457 ultra
1292 1404 1553 1473 spatium
1575 1402 1715 1458 anni
1738 1401 1916 1457 fuerit

266 1492 377 1546 sub
410 1489 809 1545 criminalium
842 1495 1003 1546 reatu
1035 1490 1467 1547 calumnarium
1514 1496 1758 1547 retenta.
1793 1493 1917 1557 Qua

268 1582 340 1636 de
388 1597 447 1636 re
498 1597 606 1635 nos
660 1580 955 1651 mquitatis
1003 1596 1202 1634 amore
1251 1581 1540 1651 succensi,
1595 1580 1918 1652 apostolica

269 1668 616 1741 parentibus
647 1670 775 1739 ejus
806 1668 1153 1724 auctoritate
1202 1670 1592 1741 praecipimus,
1628 1674 1917 1741 quatenus

271 1758 567 1813 mediante
598 1774 800 1812 mense
828 1760 1093 1828 Augusto
1127 1757 1430 1828 praeterita:
1462 1758 1729 1828 septimm
1758 1757 1915 1812 indi-

270 1846 505 1912 ctionis,
523 1846 639 1902 sive
665 1851 996 1918 purgatam,
1015 1846 1135 1901 sive
1157 1846 1326 1901 aliter
1347 1847 1612 1902 eamdem
1637 1847 1916 1903 feminam

267 1936 391 1991 viro
426 1935 659 2007 prOprio
690 1935 1106 2001 reddidissent,
1139 1935 1295 1990 haud
1328 1935 1573 1990 dubium
1607 1937 1749 2007 quin
1784 1936 1919 1991 sub-

271 2028 491 2083 ituram
526 2029 697 2084 sinon
732 2027 1035 2083 saecularis
1062 2027 1231 2098 legis,
1267 2027 1477 2083 saltem
1508 2028 1918 2084 ecclesiasticae

270 2117 509 2188 pietatis
544 2117 851 2173 medelam.
888 2116 1189 2188 Alioquin,
1223 2116 1484 2188 corporis
1515 2126 1569 2171 et
1610 2117 1920 2188 sanguinis

271 2206 505 2262 Domini
557 2206 740 2261 nostri
789 2206 930 2261 Jesu
980 2205 1191 2261 Christi
1266 2222 1324 2261 se
1369 2210 1611 2261 nossent
1670 2222 1803 2260 cum
1853 2222 1922 2260 ea

270 2294 690 2351 communione
722 2295 1059 2365 privandos,
1095 2293 1193 2366 qui
1230 2309 1333 2348 nec
1357 2295 1789 2350 mundanarum
1834 2293 1921 2350 vel

270 2383 603 2438 divinarum
638 2383 836 2454 legum
871 2400 1203 2452 censuram,
1242 2399 1347 2437 nec
1381 2382 1723 2454 apostolicae
1765 2383 1921 2438 sedis

280 2477 615 2527 reverentes
665 2474 987 2541 decretum,
1022 2471 1234 2527 horum
1288 2471 1436 2526 nihil
1476 2473 1564 2543 (ut
1586 2470 1922 2543 praedictus,

278 2560 367 2615 vir
397 2560 467 2615 ad
497 2577 602 2615 nos
633 2561 839 2615 iterato
868 2560 1114 2615 veniens
1146 2558 1366 2625 retulit,
1399 2566 1457 2615 et
1488 2560 1675 2630 ipsius
1707 2559 1788 2615 rei
1812 2561 1927 2615 exi-

280 2653 379 2703 tus
411 2648 623 2717 innuit)
657 2664 829 2720 agere
860 2652 1226 2704 curaverunt.
1262 2648 1654 2713 Quamobrem
1676 2649 1733 2703 in
1758 2664 1924 2704 sacro

275 2737 711 2793 communionis
746 2754 1008 2807 munere,
1042 2737 1365 2793 secundum
1397 2737 1551 2809 quod
1584 2736 1701 2792 illis
1732 2738 1925 2793 inten-

275 2827 455 2882 tando
486 2825 827 2882 comminati
860 2828 1160 2882 fueramus
1192 2843 1293 2881 eos
1326 2828 1531 2883 merito
1562 2827 1925 2898 privaremus

274 2915 393 2971 nisi
425 2914 667 2971 alteram
701 2921 926 2987 partem
959 2916 1315 2970 audiendam
1350 2916 1469 2971 fore
1492 2916 1921 2985 judicaremus.

276 3003 462 3070 Unde,
524 3004 663 3075 quia
714 3022 820 3059 nos
861 3021 991 3060 esse
1031 3006 1227 3075 justos
1277 3004 1629 3060 mediatores
1674 3010 1921 3077 oportet,

278 3094 456 3149 unius
484 3099 679 3149 autem
706 3093 991 3149 mediator
1021 3110 1137 3148 non
1167 3097 1276 3160 est,
1308 3094 1662 3165 eosdemque
1718 3109 1925 3150 vexare

273 3182 510 3254 longius
531 3182 1265 3253 proﬁciscendonolumus,
1290 3182 1589 3237 sanctitati
1610 3189 1725 3238 tuas
1747 3199 1926 3255 super

278 3271 528 3339 hujusce
561 3272 963 3326 controversiis
997 3270 1599 3339 circumstantia,vice
1614 3276 1812 3326 nostra
1825 3272 1925 3327 de-

281 3358 475 3431 legata
523 3361 853 3424 hortamur,
903 3364 967 3413 ut
1011 3363 1232 3413 statuto
1281 3363 1337 3414 et
1384 3357 1605 3414 indicto
1661 3366 1926 3432 tempore

282 3449 649 3505 venerabiles
693 3449 1050 3505 Luitfridum
1085 3449 1481 3519 Ticinensem,
1510 3450 1758 3505 Paulum
1794 3451 1925 3507 Pla-

288 3538 589 3593 centinum
631 3537 929 3594 antistites
960 3539 1033 3594 ad
1055 3543 1279 3594 certum
1326 3555 1591 3594 accersas
1643 3546 1700 3595 et
1749 3558 1927 3598 uxore

280 3630 405 3699 jam
439 3629 745 3684 memorati
784 3627 1074 3699 Radulphi
1106 3628 1307 3684 missis
1357 3629 1567 3684 vestris
1614 3634 1669 3684 et
1714 3630 1928 3688 litteris

288 3718 590 3782 advocata,
634 3734 762 3788 qua:
807 3717 953 3788 legis
998 3717 1117 3772 sive
1173 3717 1484 3772 mundanae
1530 3718 1650 3771 sive
1720 3718 1926 3775 divina

281 3810 421 3860 sunt
454 3822 633 3877 super
662 3811 907 3877 utroque
937 3806 1188 3877 conjuge
1220 3806 1925 3876 incunctanterexerceas,

279 3894 605 3949 secundum
628 3894 989 3965 prmtitutam
1011 3894 1178 3949 vobis
1196 3894 1573 3950 sacerdotalis
1588 3912 1926 3953 mensuram

277 3982 565 4038 duntaxat
595 3982 793 4039 officii.
827 3985 985 4048 Quae,
1020 3982 1067 4038 ei
1100 3989 1233 4053 post
1261 3985 1627 4039 vocationem
1673 3990 1927 4041 vestram

278 4088 453 4142 quam
481 4073 713 4127 tertiam
746 4088 875 4127 esse
905 4075 1039 4143 post
1068 4073 1388 4127 secundam
1422 4076 1683 4128 nostram
1724 4075 1927 4145 procul

277 4161 457 4216 dubio
488 4166 738 4229 constat,
773 4161 843 4215 ad
875 4160 1065 4215 virum
1100 4161 1399 4232 proprium
1434 4162 1645 4218 collata
1685 4162 1796 4217 sibi
1841 4162 1928 4218 le-

273 4249 391 4320 gali
420 4254 476 4304 et
507 4248 889 4304 indubitabili
917 4265 978 4303 se
1020 4247 1288 4304 libertate
1332 4251 1649 4321 purgandi,
1685 4250 1928 4305 minime

275 4337 465 4393 redire
492 4337 789 4409 delegerit,
823 4353 1185 4408 examenque
1208 4338 1539 4393 sanctitatis
1559 4344 1763 4394 vestrae
1783 4338 1926 4395 sub-

274 4426 599 4497 terfugiens
625 4426 1028 4496 declinaverit,
1062 4443 1095 4481 a
1127 4426 1277 4481 sacri
1309 4427 1571 4498 corporis
1602 4432 1659 4483 et
1689 4428 1925 4499 sangui-

1178 282 1491 336 DECRETI
1535 285 1720 339 PARS
1754 282 1904 338 VIII.
1935 309 2004 321 —
2033 286 2128 337 DE
2166 285 2558 356 OONJUGIIS,
2598 287 2754 342 ETC.

256 425 392 464 rum
418 410 879 479 contemptores,
912 411 968 461 et
997 406 1173 463 toties
1232 425 1298 463 ac
1358 409 1764 481 multipliciter
1821 409 1905 463 in-
1933 410 1990 476 Α
2019 412 2149 465 CAP.
2186 412 2308 466 121.
2342 443 2409 452 —-
2444 414 2505 469 Ut
2564 415 2610 467 is

3561 295 3668 351 610

2126 433 2149 464 ι.
2186 418 2308 491 121_.
2342 443 2409 452 -—-
2444 418 2505 469 Ut
2564 418 2610 467 is
2655 423 2939 485 peccatum
2992 418 3235 487 damnet,
3284 424 3383 490 qui
3422 426 3662 481 e'usdem

2126 488 2301 538 eccati
2334 500 2459 538 reus
2488 500 2599 539 non
2623 489 2719 541 est.
2751 487 2940 543 Ambr.
2964 489 3035 543 ad
3082 492 3354 543 Irenaeum
3408 442 3533 543 (ἀι)-
3586 515 3659 543 τι,

2086 492 2301 562 peccati
2334 500 2459 538 reus
2488 500 2599 539 non
2623 492 2719 541 est.
2751 492 2940 544 Ambr.
2964 492 3035 544 ad
3082 492 3354 548 Irenaeum
3408 492 3533 565 (tib.
3586 515 3660 566 1x,

2091 560 2254 625 epist.
2289 555 2381 624 76,
2414 554 2491 610 ad
2516 555 2813 628 Studium).

2092 642 2377 698 Dominus
2410 643 2555 699 dixit
2581 662 2593 699 :
2625 646 2731 713 Qui
2757 648 2876 702 sine
2897 655 3114 719 peccato
3143 656 3243 720 est,
3266 653 3425 725 prior
3452 653 3671 727 lapidet

2020 731 2349 787 adulteram
2399 734 2583 801 (Joan.
2630 736 2778 806 VIII.)
2829 737 2977 801 Quid
3024 744 3143 793 tam
3193 741 3478 811 divinum,
3529 745 3669 815 quid

2019 825 2136 875 tam
2161 821 2417 891 justum,
2454 839 2629 893 quam
2663 824 2793 879 utis
2813 836 3047 897 peccata
3063 836 3317 899 censeat,
3338 832 3437 903 qui
3466 849 3672 904 expers

2022 910 2243 980 peccati
2275 912 2404 965 sit?
2447 912 2746 976 Quomodo
2796 913 2951 969 enim
3001 916 3152 972 feras
3191 918 3365 975 alieni
3398 921 3669 990 ultorem,

2022 1002 2079 1053 et
2110 998 2327 1069 praprii
2358 1000 2625 1056 criminis
2666 1002 3071 1060 defensorem?
3116 1008 3269 1077 Item,
3304 1011 3478 1079 paula
3530 1020 3668 1081 post.

2022 1087 2167 1142 Cum
2215 1095 2525 1143 accusatur
2575 1089 2807 1158 mulier,
2857 1100 3032 1164 caput
3079 1094 3349 1152 Christus
3406 1100 3669 1156 inclinat.

2025 1176 2221 1231 Elevat
2258 1185 2473 1243 autem,
2518 1179 2616 1233 ubi
2662 1180 2875 1236 defecit
2922 1189 3247 1239 accusator.
3300 1186 3385 1241 Ita
3442 1188 3670 1245 nullum

2025 1265 2293 1319 damnari
2323 1265 2470 1335 vult,
2503 1267 2722 1324 absolvi
2769 1286 2973 1325 omnes

2025 1370 2162 1452 CAP.
2356 1404 2423 1412 —
2451 1374 2525 1429 De
2554 1374 2740 1452 eodem
2768 1377 3108 1452 Augustinus
3134 1380 3202 1435 de
3230 1384 3408 1437 verbis
3433 1384 3673 1452 Domini,

2096 1446 2339 1524 tractatu
2368 1461 2541 1524 xavm
2573 1448 2756 1517 (serm.
2790 1446 2863 1502 47
2888 1450 2962 1503 De
2994 1451 3140 1507 verb.
3164 1453 3343 1524 Dom.,
3366 1455 3467 1510 vel.
3510 1446 3673 1512 tract;

2095 1514 2165 1567 33
2194 1516 2253 1567 in
2283 1516 2493 1586 Joan.).

2098 1603 2249 1658 Dicit
2279 1604 2586 1675 Dominus,
2620 1610 2775 1679 quod
2811 1610 2999 1667 dicere
3032 1613 3201 1669 debet
3222 1620 3277 1671 et
3327 1623 3673 1674 mansuetus

2028 1694 2085 1745 et
2109 1692 2343 1761 justus:
2380 1696 2486 1761 Qui
2519 1698 2640 1752 sine
2665 1708 2882 1769 peccato
2924 1706 3002 1755 est
3051 1703 3209 1773 prior
3236 1704 3294 1758 in
3345 1706 3673 1762 adulteram

1947 1774 2264 1850 Btapidem
2325 1785 2532 1839 mittat.
2584 1785 2716 1840 Haec
2770 1803 2877 1841 vox
2938 1789 3178 1859 iustitia:
3220 1798 3328 1849 est.
3389 1794 3674 1851 Puniatur

2028 1870 2336 1940 peccatrix,
2367 1873 2469 1927 sed
2504 1889 2617 1927 non
2653 1892 2685 1929 a
2717 1879 3146 1946 peccatoribus.
3191 1882 3514 1952 Impleatur
3560 1885 3674 1954 lex,

2026 1957 2126 2010 sed
2161 1974 2275 2012 non
2310 1977 2342 2013 a
2374 1961 2915 2030 prmvaricatorihus
2961 1964 3125 2037 legis.
3143 1968 3274 2023 Haec
3301 1985 3410 2025 vox
3438 1973 3675 2028 omnino

2021 2046 2266 2114 justitiaa
2289 2054 2396 2103 est.

2028 2155 2155 2206 CAP.
2204 2153 2325 2207 I23.
2376 2186 2442 2195 —-
2492 2156 2766 2224 Quomodo
2823 2162 3161 2216 accusandus
3243 2166 3315 2218 sit
3360 2181 3546 2221 servus
3610 2167 3676 2223 de

2101 2224 2378 2351 ῗςέαιιεςιξιῖ
2433 2226 2669 2283 domina:
2706 2245 2827 2287 sua:
2876 2231 3199 2302 infamatus.
3249 2236 3677 2309 Pandectarum,

2126 2312 2143 2348 ι
2188 2335 2199 2348 .
2236 2312 2274 2351 ι.
2332 2313 2347 2351 ι
2381 2339 2392 2351 .
2426 2314 2524 2351 xu.

2126 2312 2199 2349 io.
2236 2312 2274 2359 ι,
2307 2312 2392 2351 ιιι.
2426 2314 2524 2352 xu.

2103 2384 2163 2437 Si
2211 2385 2345 2455 quis
2394 2402 2624 2442 servum
2675 2406 2848 2444 suum
2904 2392 3260 2449 adulterium
3307 2397 3677 2455 commisisse

2033 2472 2265 2527 dicatin
2298 2490 2535 2530 uxorem
2569 2493 2760 2547 suam,
2786 2481 2937 2550 apud
2974 2482 3311 2547 praefectum
3343 2486 3508 2541 urbis
3565 2488 3677 2543 erit

2033 2561 2383 2617 audiendus.

2034 2666 2168 2743 Car.
2206 2670 2327 2723 124.
2362 2701 2434 2743 —_
2456 2672 2532 2743 Ne
2562 2687 2708 2726 uxor
2731 2689 2834 2743 pro
2850 2673 3120 2731 adulterio
3140 2678 3436 2733 secundum
3460 2680 3676 2737 divinas

2110 2738 2278 2822 teges
2322 2738 2920 2822 occidatur._Nicolaus
2960 2747 3168 2822 (Carolo
3266 2750 3675 2822 archiepiscopo

2105 2810 2348 2892 ((Atuino
2375 2814 2643 2892 Ianuengi
2670 2817 2910 2892 archiep.
2947 2820 3092 2873 inter
3119 2822 3383 2891 rescripta
3399 2810 3487 2876 tit.
3511 2810 3671 2892 xvrlr,

2101 2898 2147 2936 c.
2180 2883 2236 2953 8)
2265 2886 2314 2937 et
2334 2885 2453 2953 ejus
2482 2883 2873 2957 suﬁ'raganeis'.

2104 2970 2214 3042 (33,
2239 2988 2289 3042 q.
2321 2975 2374 3027 2.
2408 2974 2556 3029 Inter
2582 2975 2744 3046 haec.)
2778 2976 2939 3032 Inter
2986 2977 3109 3035 haec
3152 2983 3346 3036 vestra
3392 2982 3676 3039 sanctitas

2033 3059 2245 3116 addere
2274 3062 2521 3129 studuit,
2559 3064 2608 3119 si
2659 3064 2829 3135 cujus
2874 3082 3018 3121 uxor
3065 3067 3420 3125 adulterium
3470 3086 3676 3143 perpe-

1954 3138 1997 3205 C
2040 3149 2294 3213 traverit,
2318 3156 2515 3205 utrum
2539 3152 2751 3207 marito
2774 3152 2945 3208 liceat
2962 3157 3287 3211 secundum
3314 3138 3676 3215 mundanam

2036 3236 2223 3308 legem
2268 3239 2596 3295 interﬁcere
2643 3258 2793 3296 eam.
2845 3242 2951 3297 Sed
3016 3250 3219 3300 sancta
3275 3246 3373 3301 Dei
3431 3246 3677 3305 ecclesia

2036 3327 2354 3382 mundanis
2377 3345 2682 3401 nunquam
2704 3331 3130 3404 constringitur
3162 3332 3417 3405 legibus:
3438 3352 3554 3391 non
3569 3336 3674 3392 ha-

2036 3416 2132 3471 bet
2176 3415 2440 3487 gladium
2502 3418 2615 3473 nisi
2657 3418 3062 3490 spiritualem;
3120 3438 3235 3477 non
3281 3422 3514 3492 occidit,
3568 3426 3673 3481 sed

2034 3504 2306 3560 vivificat.

2036 3615 2167 3667 CAP.
2214 3613 2333 3668 125.
2378 3644 2440 3691 -τ
2484 3615 2558 3669 De
2593 3614 2797 3691 eodem.
2851 3616 3104 3691 Nicotaus
3162 3619 3444 3691 Radutpho
3464 3622 3679 3676 Bituri-

2286 3685 2435 3739 censi
2480 3685 2893 3757 archiepiscopo
2940 3689 3048 3758 (tit.
3082 3705 3222 3759 xvu,
3269 3685 3426 3764 c.'3).

2106 3774 2217 3844 (33,
2273 3790 2323 3843 q.
2374 3790 2420 3830 ο.
2469 3776 2890 3845 Interfectores).
2962 3777 3374 3836 Interfectores
3434 3798 3679 3837 suarum

2038 3864 2354 3932 conjugum
2380 3864 2915 3933 sinejudicio,cum
2937 3882 3051 3921 non
3066 3868 3235 3922 addis
3257 3868 3681 3938 adulterarum,

2036 3949 2125 4005 vel
2176 3951 2397 4022 aliquid
2445 3951 2809 4022 hujusmodi,
2873 3955 3012 4026 quid
3052 3956 3211 4011 aliud
3264 3957 3516 4013 habendi
3570 3957 3683 4014 nisi

2038 4038 2343 4095 homicidas
2371 4040 2397 4094 ?
2418 4043 2491 4095 Ac
2525 4057 2624 4112 per
2656 4044 2759 4097 hoc
2790 4044 2859 4097 ad
2905 4046 3303 4114 pmnitentiam
3355 4046 3679 4119 redigendi,

2038 4128 2254 4199 quibus
2321 4130 2655 4200 conjugium
2725 4130 2958 4202 penitus
3035 4134 3378 4203 denegatur,
3430 4136 3683 4206 exceptis

2036 4216 2529 4281 adolescentibus,
2580 4219 2651 4273 de
2713 4218 2929 4288 quibus
2981 4224 3071 4274 est
3114 4220 3271 4275 beati
3318 4221 3530 4277 Leonis
3576 4239 3684 4293 pa-

2039 4321 2119 4373 pze
2169 4321 2297 4370 xxv,
2368 4304 2570 4375 regula
2644 4305 3051 4375 decretalium,
3121 4307 3241 4363 imo
3315 4308 3685 4381 indulgentia

2039 4393 2419 4449 observanda.

276 4513 369 4569 nis
414 4514 647 4570 Domini
699 4515 882 4571 nostri
930 4515 1071 4571 Jesu
1128 4514 1347 4570 Christi
1396 4517 1809 4573 communione
1860 4517 1917 4572 in

2052 4498 2157 4553 ΞΑΡ.
2194 4498 2315 4552 126.
2367 4529 2437 4539 —
2468 4500 2540 4553 De
2560 4500 2898 4573 paenitentia
2920 4501 3039 4570 ejus
3069 4501 3167 4573 qui
3192 4504 3440 4573 propriae
3486 4506 3685 4560 uxoris

275 4602 532 4674 idipsum
566 4620 684 4658 una
714 4620 847 4659 cum
877 4604 1088 4675 spiritu
1124 4608 1324 4660 nostro
1343 4604 1775 4670 convenientes,
1799 4610 1917 4659 tam

274 4690 464 4761 ipsam
499 4709 674 4762 quam
702 4691 969 4763 nequiter
1001 4709 1129 4747 eam
1164 4696 1393 4747 tuentes
1438 4697 1494 4747 et
1545 4694 1919 4748 defendentes

276 4780 764 4851 consanguineos,
812 4780 1070 4851 quinimo
1118 4781 1376 4835 fautores
1430 4780 1580 4849 ejus,
1611 4785 1667 4835 et
1716 4797 1920 4837 omnes

276 4867 538 4922 omnimo
571 4868 1120 4934 communicatores,
1155 4868 1338 4923 donec
1391 4869 1685 4935 obedient,
1718 4884 1923 4939 seque-

275 4959 479 5011 strate.

275 5063 408 5118 CAP.
448 5064 658 5136 1201—
680 5066 765 5119 Ex
790 5064 1065 5136 pudicitia
1094 5079 1269 5136 sermo
1299 5064 1575 5118 Ambrosii
1603 5064 1713 5135 (81)
1742 5064 1807 5120 de
1830 5082 1920 5120 ac-

343 5143 526 5190 cusata
553 5134 805 5204 Domino,
837 5153 954 5208 quae
981 5136 1061 5190 sic
1088 5134 1312 5205 incipit,
1344 5136 1545 5189 Mirum
1577 5137 1846 5200 forsitan.

346 5240 645 5297 Pudicitia:
678 5258 944 5310 causam,
981 5240 1092 5297 nisi
1123 5240 1211 5294 vir
1253 5241 1521 5311 pudicus,
1557 5240 1758 5297 audire
1803 5259 1919 5298 non

272 5328 496 5385 debuit.
530 5330 733 5386 Talem
765 5330 923 5385 enim
955 5329 1241 5384 arbitrum
1276 5334 1531 5385 meretur
1548 5331 1918 5402 castimonia,

274 5418 432 5490 apud
463 5434 637 5491 quem
671 5434 785 5475 non
820 5418 1186 5490 periclitetur
1215 5418 1580 5475 verecundia.

2099 4585 2283 4642 necem
2325 4573 2711 4641 perpetravit;
2758 4571 3006 4642 quodque
3052 4571 3150 4628 nec
3191 4571 3386 4629 divina
3434 4576 3546 4641 lex,
3585 4592 3685 4631 nec
3758 4610 3769 4621 -

2101 4641 2345 4718 humana
2371 4642 2612 4718 aliquem
2637 4641 2995 4718 condemnat,
3030 4644 3219 4718 unius,
3264 4648 3432 4718 etiam
3480 4648 3683 4718 proba-

2098 4711 2324 4771 tissimi.
2360 4712 2699 4768 testimonio.
2733 4714 3050 4784 stephanus
3087 4716 3125 4771 V
3150 4716 3472 4787 Hastulpho.

2101 4799 2211 4870 (33,
2262 4817 2313 4872 q.
2371 4802 2426 4869 2,
2475 4816 2522 4855 c.
2571 4801 2922 4873 Admonere.)
2972 4803 3301 4860 Admonere
3358 4808 3552 4860 tecum
3595 4804 3683 4861 la-

2029 4887 2264 4959 crymis,
2298 4893 2355 4943 et
2386 4888 2573 4943 multo
2602 4890 2825 4959 gemitu
2858 4890 3049 4946 cordis
3091 4907 3390 4959 curamus,
3442 4892 3522 4947 fili
3565 4892 3681 4947 Ha-

2030 4975 2286 5046 stulphe,
2312 4977 2413 5031 sed
2438 4994 2549 5031 non
2568 4976 2726 5032 filius
2758 4978 2869 5034 dici
2885 4978 3085 5045 debes,
3106 4980 3206 5050 qui
3229 4986 3345 5035 tam
3366 4979 3681 5037 crudeliter

2030 5063 2232 5118 infelix
2261 5064 2645 5119 homicidium
2673 5066 3043 5137 perpetrasti.
3076 5068 3224 5122 Nam
3249 5068 3516 5124 occidisti
3539 5084 3676 5121 uxo-

2030 5167 2152 5207 rem
2173 5156 2336 5207 tuam
2368 5158 2592 5223 partem
2627 5155 2885 5225 corporis
2916 5156 3002 5209 tui
3035 5156 3293 5226 legitimo
3308 5154 3681 5211 matrimonio
3788 5192 3791 5193 ν

2029 5241 2137 5297 tibi
2151 5244 2456 5312 sociatam,
2472 5242 2597 5298 sine
2611 5259 2787 5299 causa
2805 5242 3041 5310 mortis;
3059 5260 3172 5297 non
3188 5243 3292 5298 tibi
3307 5243 3680 5298 resistentem

2030 5348 2145 5386 non
2178 5330 2554 5386 insidiantem
2588 5348 2939 5402 quocunque
2976 5331 3149 5386 modo
3196 5332 3326 5385 vitae
3371 5335 3504 5384 tuae.
3552 5329 3679 5384 Non

2029 5419 2305 5475 invenisti
2354 5435 2483 5476 eam
2534 5435 2668 5475 cum
2738 5419 2852 5476 alio
2896 5418 3017 5474 viro
3068 5417 3351 5473 nefariam
3404 5431 3531 5472 rem
3593 5417 3681 5474 Ia-

353 5599 469 5673 (81)
497 5598 620 5656 Ser.
651 5600 721 5655 49
751 5600 852 5672 qui
884 5604 975 5656 est
1006 5597 1243 5656 Maximi
1275 5597 1478 5671 episc.,
1506 5598 1652 5656 falso
1683 5600 1881 5669 Ambr,
1912 5599 2255 5674 inscriptus.
