3972 6056
379 306 478 360 611
1463 301 1528 352 D.
1569 297 1816 353 IVONIS
1851 298 2343 352 CARNOTENSIS
2381 297 2700 352 EPISCOPI

3679 301 3798 355 612

378 427 652 498 cientem,
714 427 815 482 sed
874 424 1202 482 concitatus
1242 439 1275 475 a
1325 419 1558 477 diabolo
1604 419 1786 491 impio
1827 421 2020 476 furore
2050 435 2104 493 Α
2137 425 2524 491 peccatorum,
2557 424 2616 476 et
2655 421 2983 476 secundum
3023 420 3174 490 justi
3221 421 3478 494 bonique
3527 424 3798 479 Pastoris

379 513 738 579 ﬂammatus,
770 512 1064 567 latronum
1098 525 1257 564 more
1289 507 1682 562 atrociuseam
1708 508 1903 579 gladio
1921 512 2021 562 tuo

377 601 670 659 crudelior
687 601 842 657 omni
860 599 1068 666 bestia,
1087 596 1456 663 intersmisti,
1479 600 1536 652 et
1550 613 1704 651 nunc
1722 600 1853 668 post
1866 612 2019 651 mor-

377 695 497 748 tem
522 691 650 762 ejus
670 687 1224 760 addisiniquitatem
1241 685 1827 757 superiniquitatem.
1861 684 2021 739 Filio-

377 797 510 834 rum
542 784 803 844 tuorum,
828 776 1092 848 improbe
1115 774 1448 847 prazdo,qui
1475 773 1643 829 matri
1668 791 1781 830 non
1815 789 2016 846 peper-

373 869 528 936 cisti,
549 877 600 924 el
632 867 784 922 filios
810 871 942 921 tuos
972 865 1268 936 orphanos
1298 863 1512 928 fecisti,
1538 864 1812 919 inducere
1843 881 2022 934 super

371 972 500 1012 eam
534 957 620 1012 vis
635 955 1116 1016 mortiscausam,
1145 958 1274 1024 post
1297 958 1567 1022 mortem,
1592 969 1694 1023 per
1708 969 1890 1007 unum
1919 953 2017 1006 bo-

373 1045 646 1100 micidam
678 1049 733 1100 et
763 1044 1076 1113 reprobum
1109 1046 1338 1097 testem.
1371 1041 1657 1108 Quoniam
1691 1057 1796 1096 nec
1835 1041 2019 1095 Evan-

370 1134 589 1205 gelium
624 1149 728 1188 nec
760 1131 879 1186 ulla
907 1132 1104 1186 divina
1134 1130 1513 1200 humanaque
1543 1129 1631 1183 lex
1666 1129 1844 1184 unius
1865 1129 2022 1184 testi-

370 1223 566 1278 monio
615 1222 790 1276 etiam
847 1221 1054 1275 idoneo
1110 1217 1446 1288 quempiam
1499 1218 1872 1281 condemnat,
1930 1216 2017 1272 vel

356 1312 647 1384 justiﬁcat
678 1328 690 1365 :
726 1313 945 1381 quanto
960 1309 1148 1380 magis
1175 1308 1464 1378 peristum
1490 1306 2017 1377 flagitiosissimum

364 1406 421 1456 et
452 1399 792 1466 scelestum,
825 1413 926 1452 nec
961 1395 1060 1450 illa
1093 1396 1223 1450 viva
1249 1395 1450 1449 debuit
1480 1395 1880 1465 condemnari,
1913 1409 2020 1449 nec

361 1493 424 1545 tu
449 1492 582 1560 post
612 1491 857 1542 mortem
881 1485 1008 1556 ejus
1039 1484 1322 1539 excusari.
1351 1483 1517 1538 Prius
1537 1500 1711 1538 causa
1725 1483 2016 1539 criminis:

365 1587 662 1644 subtiliter
692 1588 816 1641 erat
863 1583 1290 1655 investiganda,
1342 1585 1399 1636 et
1421 1586 1560 1636 tunc
1601 1582 1649 1636 si
1693 1581 1775 1636 ita
1811 1582 2020 1637 fuisset

366 1678 622 1744 inventa,
652 1677 976 1734 secundum
1011 1673 1157 1746 legis
1179 1673 1478 1728 tramitem
1509 1672 1713 1728 debuit
1755 1674 2020 1745 excipere

366 1767 610 1823 ultionis
625 1765 972 1820 vindictam.
1001 1764 1170 1832 Nam,
1199 1762 1246 1817 si
1271 1763 1661 1832 verum,quod
1682 1762 1854 1827 absit,
1873 1762 2016 1816 fuis-

366 1861 476 1924 set,
511 1857 664 1911 sicut
693 1853 922 1909 adulter
954 1851 1235 1907 mentitus
1254 1855 1361 1917 est,
1397 1857 1529 1922 post
1551 1854 1679 1904 octo
1699 1866 2016 1922 annospce-

367 1945 616 2001 nitentia
647 1943 889 1999 forsitan
926 1945 1160 2011 peracta
1192 1941 1486 1995 dimittere
1517 1955 1645 1994 eam
1672 1955 1773 2011 per
1804 1955 2014 2010 appro-

367 2035 564 2090 batam
595 2049 833 2087 causam
855 2034 1107 2100 poteras,
1141 2029 1188 2083 si
1207 2027 1513 2096 voluisses,
1533 2027 1792 2083 occidere
1816 2031 2012 2081 tamen

367 2138 494 2178 eam
526 2120 864 2176 nullatenus
897 2118 1307 2174 debuisti.Non
1320 2118 1468 2171 enim
1492 2117 1632 2171 Deus
1654 2117 1767 2170 vult
1784 2119 2016 2170 mortem

365 2211 686 2282 peccatoris,
736 2208 832 2264 sed
879 2211 937 2262 ut
989 2209 1341 2261 convertatur
1389 2206 1463 2259 ad
1533 2204 1920 2276 pa’nitentiam
1966 2212 2016 2258 et

365 2302 514 2356 vivat
547 2297 756 2369 (Ezech.
791 2298 1012 2365 xxxm).
1046 2295 1262 2350 Idcirco
1296 2293 1523 2366 placeat
1554 2293 1657 2347 tibi
1699 2291 2010 2348 consilium

367 2393 657 2453 nostrum,
689 2391 746 2441 et
781 2385 958 2440 facias
990 2384 1098 2439 hoc
1121 2384 1275 2454 quod
1331 2383 1430 2437 tibi
1485 2382 1696 2437 melius
1729 2385 1785 2437 et
1828 2381 2014 2436 levius

362 2477 541 2533 videri
576 2479 787 2548 potest.
823 2474 1092 2528 Miserere
1119 2473 1328 2526 anima:
1361 2477 1492 2539 tute,
1528 2476 1727 2526 utnon
1762 2471 1843 2526 sis
1876 2475 2014 2524 tuus

362 2565 707 2636 tibimetipsi
736 2563 1049 2619 homicida.
1087 2561 1433 2632 Relinquere
1457 2566 1814 2632 quapropter
1843 2565 1899 2614 te
1923 2577 2013 2614 ro-

363 2673 570 2728 gamus
598 2655 708 2710 hoc
727 2653 968 2720 malum,
995 2652 1321 2706 secundum
1346 2651 1501 2722 quod
1529 2655 1583 2705 te
1601 2649 1777 2704 traxit.
1805 2650 1876 2704 ad
1893 2653 2011 2703 tam

365 2743 868 2800 immanissimum
903 2739 1122 2810 peccati
1154 2739 1402 2794 facinus.
1442 2740 1752 2810 Ingredere
1783 2738 1839 2792 in
1887 2755 2011 2792 mo-

363 2832 710 2899 nasterium,
736 2829 1048 2884 humiliare
1079 2829 1190 2882 sub
1215 2844 1390 2882 manu
1415 2827 1662 2892 abbatis,
1690 2827 2008 2882 multorum

363 2922 609 2976 fratrum
636 2919 905 2990 precibus
938 2918 1200 2987 adjutus,
1239 2918 1486 2971 observa
1517 2921 1729 2970 cuncta
1759 2915 2010 2987 supplici

365 3009 555 3064 animo
589 3023 716 3078 quae
739 3006 839 3061 tibi
874 3005 1090 3060 fuerint
1117 3006 1421 3075 imperata,
1457 3005 1505 3059 si
1558 3005 1703 3058 forte
1743 3004 2013 3075 ignoscat

361 3107 594 3160 infinita
619 3103 712 3159 Dei
728 3103 960 3158 bonitas
979 3101 1231 3173 peccatis
1251 3102 1392 3168 tuis,
1416 3105 1471 3156 et
1495 3101 1791 3171 refrigeret
1813 3101 2009 3156 anima

2132 510 2350 564 donum
2387 513 2634 581 [dictum
2670 511 2812 566 Vict.
2843 515 2892 566 et
2943 510 3140 582 Grat.],
3175 510 3425 567 resolvet
3476 517 3532 568 te
3576 519 3792 570 sancta

2129 598 2389 655 Ecclesia
2418 601 2490 654 ab
2522 600 2632 655 hoc
2663 599 2899 654 vinculo
2951 599 3172 671 peccati
3223 600 3284 654 in
3333 600 3529 665 terris,
3562 607 3626 656 ut
3673 618 3788 673 per

2130 685 2318 758 ipsius
2348 689 2598 758 gratiam
2621 687 2722 760 qui
2746 704 2876 743 eam
2899 688 3186 759 sanguine
3205 704 3312 744 suo
3335 689 3666 760 acquisivit,
3689 707 3790 746 so-

2130 775 2290 832 lutus
2309 777 2389 831 sis
2414 778 2472 832 in
2497 776 2678 832 caelis.
2705 777 2806 832 Sin
2832 780 3020 831 autem
3043 775 3211 832 aliter
3241 777 3532 848 feceris,et
3555 783 3779 836 sancta:

2130 866 2335 922 matris
2366 865 2628 922 Ecclesiae
2667 871 2788 920 tam
2839 865 3137 922 salubrem
3172 867 3634 924 admonitionem
3687 869 3788 924 de-

2130 956 2411 1027 spexeris,
2437 956 2560 1028 ipse
2580 955 2685 1010 tibi
2708 955 2789 1010 sis
2804 956 3007 1026 judex,
3033 960 3088 1011 et
3107 956 3164 1011 in
3187 955 3396 1027 laqueo
3416 957 3633 1013 diaboli
3657 975 3780 1030 quo

2128 1043 2394 1100 irretitus
2449 1045 2688 1114 teneris,
2715 1044 3108 1115 permanebis.
3133 1045 3385 1117 Sanguis
3428 1051 3565 1102 tuus
3602 1064 3786 1118 super

2130 1139 2306 1205 caput
2333 1140 2523 1201 tuum,
2559 1151 2662 1189 nos
2693 1133 2867 1188 alieni
2900 1151 2934 1188 a
2956 1135 3251 1189 consortio
3270 1139 3369 1192 tuo
3393 1152 3496 1205 pro
3521 1136 3781 1191 aliorum

2128 1220 2385 1276 ﬁliorum
2419 1221 2515 1276 Dei
2547 1221 2757 1288 salute,
2791 1222 2918 1293 ipso
2949 1223 3299 1292 opitulante,
3347 1223 3505 1278 omni
3557 1224 3782 1278 sollici-

2128 1311 2332 1365 tudine
2363 1310 2604 1365 nitimur
2635 1311 2924 1366 desudare
2954 1319 3008 1365 et
3039 1311 3268 1366 Domini
3291 1312 3574 1366 attentius
3599 1313 3782 1368 mise-

2129 1399 2443 1455 ricordiam
2476 1400 2689 1472 quodie
2719 1399 3059 1470 implorare.
3093 1400 3198 1463 Qui
3235 1417 3367 1455 cum
3399 1402 3588 1472 Patre,
3612 1407 3727 1456 etc.

2128 1509 2256 1560 Car.
2293 1507 2414 1560 127.
2450 1537 2514 1547 —-
2549 1508 2612 1564 Ut
2642 1523 2741 1562 nec
2763 1523 2861 1578 pro
2893 1505 3156 1577 religiosa
3177 1509 3291 1579 vita
3321 1509 3414 1563 vir
3457 1510 3526 1564 ab
3573 1525 3778 1579 uxore,

2197 1579 2312 1632 nisi
2340 1594 2602 1652 consensu
2631 1580 2747 1652 eius
2776 1579 3007 1652 recedat.
3041 1578 3279 1652 Eugenii
3322 1594 3485 1650 papae
3533 1578 3784 1652 synodus

2199 1657 2438 1720 tempore
2472 1649 2730 1706 Ludovici
2760 1655 2810 1705 et
2840 1649 3092 1704 Lotharii
3112 1649 3506 1720 Augustorum,
3531 1649 3655 1723 cap.
3676 1653 3773 1706 36.

2199 1737 2312 1808 (27,
2346 1756 2395 1811 q.
2429 1739 2479 1807 l,
2513 1755 2561 1794 ο.
2598 1738 2657 1793 Si
2686 1739 2772 1793 vir
2802 1742 2854 1793 et
2887 1740 3079 1806 uxor.)
3111 1737 3170 1792 Si
3202 1738 3289 1792 vir
3319 1743 3376 1793 et
3404 1755 3548 1794 uxor
3577 1740 3771 1796 diver-

2127 1830 2245 1880 tere
2278 1844 2380 1897 pro
2413 1826 2538 1882 sola
2570 1827 2845 1897 religiosa
2874 1827 3027 1882 inter
3057 1844 3118 1881 se
3171 1827 3579 1883 consenserint
3626 1829 3772 1898 vita,

2126 1914 2462 1971 nullatenus
2491 1915 2617 1970 sine
2646 1916 3006 1971 conscientia
3055 1915 3315 1988 episcopi
3346 1917 3467 1983 ﬁat,
3505 1921 3570 1971 ut
3598 1918 3668 1973 ab
3703 1933 3777 1973 eo

2125 2003 2501 2074 singulariter
2517 2003 2747 2075 proviso
2770 2004 3214 2060 constituantur
3235 2003 3382 2060 loco.
3407 2005 3576 2072 Nam,
3595 2021 3778 2062 uxore

2123 2092 2375 2162 nolente,
2407 2098 2510 2148 aut
2541 2093 2723 2148 altero
2753 2109 2978 2163 eorum,
3011 2093 3190 2148 etiam
3224 2110 3327 2164 pro
3363 2093 3459 2148 tali
3490 2111 3550 2150 re
3573 2096 3784 2150 matri-

2124 2183 2384 2237 monium
2414 2199 2530 2237 non
2556 2181 2821 2237 solvitur.

2123 2287 2256 2342 CAP.
2290 2287 2410 2342 428.
2446 2318 2514 2326 —
2545 2287 2616 2359 De
2637 2286 2844 2341 eodem.
2891 2287 3150 2359 Nicotaus
3194 2303 3350 2358 papa
3405 2288 3606 2343 Carolo
3650 2288 3775 2359 regi

2548 2358 2630 2426 (in
2663 2375 2829 2413 rescr.
2865 2357 2954 2412 tit.
2985 2375 3149 2423 xvm,
3183 2357 3230 2412 ὁ.
3261 2361 3338 2425 2).

2194 2447 2306 2517 (27,
2339 2465 2388 2516 q.
2421 2448 2474 2513 2,
2504 2464 2546 2501 c.
2585 2446 2816 2518 Scripsit
2842 2446 3044 2517 nobis.)
3086 2447 3334 2518 Scripsit
3374 2446 3542 2501 nobis
3593 2446 3779 2503 Thei-

2123 2535 2302 2607 berga
2332 2535 2531 2607 regina
2561 2552 2623 2590 se
2645 2535 2790 2590 velle
2823 2535 3108 2607 dignitate
3140 2552 3239 2591 seu
3278 2536 3489 2608 copula
3529 2537 3681 2601 exui,
3717 2541 3780 2592 et

2124 2623 2493 2694 sola[solam]
2509 2623 2734 2694 privata
2754 2624 2874 2678 vita
2891 2640 3018 2679 esse
3042 2629 3382 2679 contentam
3413 2625 3774 2680 desiderare.

2123 2713 2225 2767 Cui
2252 2729 2356 2768 nos
2388 2712 2758 2784 scripsimus,
2790 2730 2903 2768 non
2938 2713 3046 2768 hoc
3077 2712 3244 2768 aliter
3272 2712 3397 2768 fieri
3433 2730 3626 2784 posse,
3651 2713 3771 2769 nisi

2121 2802 2387 2857 eamdem
2421 2802 2596 2856 vitam
2629 2801 2842 2870 conjux
2875 2801 3004 2872 ejus
3032 2802 3343 2857 Lotbarius
3375 2801 3632 2874 elegerit.

2121 2919 2252 2974 CAP.
2290 2918 2410 2972 129.
2442 2947 2512 2957 —
2553 2919 2670 2972 Non
2717 2918 2858 2973 solvi
2903 2919 3166 2986 conjugia
3209 2934 3379 2972 causa
3441 2917 3752 2988 religionis.

2217 2993 2381 3057 Greg.
2414 2991 2715 3045 Theotistw
2738 2990 2993 3058 praticia:
3023 2988 3152 3056 (lib.
3187 3007 3267 3054 x1,
3303 3006 3384 3060 ep.
3418 2990 3507 3058 39,
3541 3006 3588 3044 c.
3615 2990 3690 3059 2).

2191 3078 2303 3150 (27,
2337 3095 2388 3150 q.
2411 3079 2468 3145 2,
2499 3095 2544 3132 c.
2579 3081 2719 3132 Sunt
2750 3077 2890 3148 qui.)
2919 3077 2976 3131 Si
3011 3078 3214 3132 dicunt
3246 3077 3426 3148 aliqui
3460 3077 3768 3150 religionis

363 3201 467 3250 tua
497 3194 843 3266 priusquam
876 3165 1154 3246 cruciaris
1207 3165 1505 3260 perpetuis
1563 3165 1838 3246 flammis.
1894 3190 2012 3246 Hoc
2043 3174 2086 3236 (ἶ
2125 3184 2302 3266 οέυῗεξ
2329 3166 2601 3266 coniugi.“
2633 3166 2840 3221 debere
2873 3165 3136 3266 ἀίεεοίνξ)
3170 3167 3474 3266 ﬁdentium
3509 3167 3775 3266 esiflflla

371 3282 582 3338 melius
613 3285 670 3337 et
697 3279 882 3336 levius
911 3276 1237 3335 certissime
1258 3277 1428 3332 scias.
1458 3277 1557 3333 Sin
1586 3281 1779 3332 autem
1814 3277 2010 3350 publi-

370 3387 496 3427 cam
540 3367 945 3443 paenitentiam
979 3382 1326 3436 permanens
1359 3367 1414 3421 in
1449 3367 1623 3421 doma
1662 3373 1782 3433 tua,
1817 3366 1899 3422 vel
1948 3366 2009 3421 in

367 3460 477 3515 hoc
510 3459 748 3522 mundo,
775 3456 861 3510 vis
893 3471 1085 3527 agere,
1115 3454 1269 3526 quod
1292 3453 1394 3508 tibi
1428 3455 1590 3524 pejus
1623 3459 1680 3509 et
1723 3455 1927 3508 durius
1955 3458 2011 3510 et

367 3547 606 3619 gravius
636 3561 764 3601 esse
786 3561 898 3599 non
921 3543 1272 3612 dubites,ita
1295 3548 1539 3613 utagere
1562 3543 1777 3598 debeas
1802 3543 2007 3597 exhor-

366 3642 582 3690 tamur.
616 3633 902 3689 Omnibus
933 3632 1140 3687 diebus
1164 3632 1385 3703 quibus
1415 3631 1692 3703 pcenitere
1715 3630 2009 3697 debes,vi-

367 3740 510 3778 num
530 3727 828 3778 etomnem
847 3722 1092 3778 siceram
1108 3738 1222 3776 non
1238 3721 1428 3786 bibas,
1445 3737 1676 3775 carnem
1700 3737 2005 3790 nunquam

365 3811 485 3867 ullo
516 3815 774 3882 tempore
806 3812 1076 3866 comedas
1101 3815 1306 3881 praeter
1326 3809 1569 3876 Pascha,
1594 3814 1648 3862 et
1671 3811 1760 3862 die
1783 3809 2006 3864 Natalis

365 3900 617 3956 Domini.
643 3901 703 3955 In
739 3915 887 3971 pane
919 3905 974 3955 et
1001 3916 1173 3969 aqua,
1208 3900 1444 3968 saleque
1486 3899 1764 3967 pmnitere
1806 3899 2002 3952 debes.

363 3990 424 4045 In
449 3989 686 4062 vigiliis,
710 3989 769 4042 in
807 3988 1077 4058 jejuniis,
1127 3986 1492 4041 orationibus
1524 3991 1581 4040 et
1621 3987 2006 4059 eleemosynis

361 4079 520 4134 omni
553 4084 814 4150 tempore
846 4092 1167 4148 persevera.
1200 4075 1392 4130 Armis
1415 4091 1717 4145 nunquam
1751 4075 2002 4146 cingere,

359 4192 466 4231 nec
510 4176 568 4230 in
623 4175 886 4246 quolibet
929 4173 1053 4230 loco
1093 4171 1321 4243 litigare
1365 4189 1705 4242 prasumas.
1757 4173 2004 4228 Uxorem

358 4280 663 4335 nunquam
684 4261 1321 4330 dueere,concubinam
1343 4278 1456 4316 non
1475 4260 1708 4329 habere,
1729 4279 1831 4317 nec
1845 4264 1912 4318 ad
1925 4263 2006 4318 ul-

358 4352 567 4407 terium
598 4351 982 4407 committere.
1017 4352 1076 4405 In
1101 4350 1306 4405 balneo
1348 4366 1652 4420 nunquam
1699 4350 1911 4418 lavare,
1943 4351 2002 4406 in

360 4439 640 4495 conviviis
655 4438 978 4494 laetantium
997 4455 1297 4509 nunquam
1313 4442 1370 4493 te
1396 4437 1660 4494 miscere.
1677 4442 1738 4494 In
1761 4439 2006 4495 ecclesia

358 4532 700 4599 segregatus
722 4527 792 4582 ab
826 4525 956 4582 aliis
986 4525 1313 4582 Cbristanis
1344 4532 1476 4597 post
1496 4527 1715 4584 ostium
1735 4533 1792 4582 et
1814 4532 2007 4599 postes
2037 4533 2083 4597 D

356 4615 664 4671 humiliter
693 4620 746 4668 te
778 4630 1080 4684 reponere,
1109 4614 1562 4686 ingredientium
1595 4620 1651 4670 et
1677 4617 2004 4684 regredien-

355 4704 507 4758 tium
523 4703 869 4774 suppliciter
889 4703 1252 4758 orationibus
1271 4704 1700 4758 commendare.
1729 4704 1871 4758 Com
1883 4720 2007 4758 mn-

356 4792 529 4846 nione
556 4790 816 4862 corporis
833 4795 889 4844 et
918 4791 1228 4860 sanguinis
1250 4790 1483 4846 Domini
1519 4791 1748 4844 cunctis
1792 4791 2004 4846 diebus

353 4879 484 4934 vitae
509 4884 620 4934 tuae
645 4877 953 4949 indignum
984 4883 1040 4934 te
1072 4879 1392 4934 existimes.
1453 4884 1514 4932 In
1571 4877 1780 4933 ultimo
1813 4885 2002 4935 tamen

354 4967 544 5023 exitus
573 4967 701 5022 vitea
722 4970 834 5021 tua:
865 4967 960 5022 die
991 4967 1039 5021 si
1093 4967 1398 5030 merueris,
1459 4982 1562 5036 pro
1593 4965 1822 5035 viatico,
1857 4969 1902 5022 si
1929 4969 2007 5023 sit

355 5057 456 5128 qui
487 5055 726 5122 tribuat,
761 5056 1164 5110 tantummodo
1207 5053 1511 5108 venialiter
1535 5054 1866 5124 utaccipias
1897 5057 2001 5111 tibi

366 5153 765 5208 concedimus.
798 5154 945 5206 Sunt
974 5157 1030 5207 et
1061 5151 1172 5206 alia
1204 5151 1394 5206 multa
1424 5167 1550 5222 qua}
1583 5152 1686 5206 tibi
1712 5153 1917 5210 durius
1948 5160 2004 5211 et

354 5241 495 5297 satis
527 5241 721 5297 acrius
779 5245 942 5295 erant
975 5240 1148 5310 juxta
1193 5253 1471 5310 magnum
1523 5241 1752 5310 pondus
1783 5244 2001 5311 peccati

349 5329 551 5385 infelix
580 5328 931 5399 adjicienda.
956 5327 1155 5395 Sed,si
1184 5327 1304 5381 bsic
1320 5328 1518 5382 omnia
1541 5343 1665 5398 quas
1691 5345 1871 5400 supra
1890 5333 1999 5387 mi-

351 5416 888 5472 sericorditerdicta
910 5420 1067 5481 sunt,
1102 5416 1356 5486 perfecto
1374 5415 1547 5470 corde
1564 5416 1810 5474 Domino
1836 5422 1992 5476 auxi-

349 5504 528 5559 liante
543 5505 746 5561 feceris
763 5503 1200 5573 etcustodicris,
1223 5503 1578 5560 confidimus
1610 5507 1680 5561 de
1709 5507 2001 5567 immensa

349 5591 451 5650 Dei
475 5592 804 5660 clementia,
839 5592 1246 5648 remissionem
1279 5597 1335 5649 te
1376 5597 1614 5649 tuorum
1674 5593 1996 5661 habiturum

2119 3260 2177 3312 et
2207 3254 2254 3310 si
2282 3255 2390 3310 hoc
2423 3255 2512 3310 lex
2552 3255 2813 3309 humana
2842 3255 3151 3322 concessit,
3183 3255 3277 3310 lex
3328 3259 3522 3310 tamen
3572 3255 3776 3311 divina

2119 3344 2438 3417 prohibuit.
2475 3345 2579 3400 Per
2614 3360 2675 3400 se
2723 3345 2878 3400 enim
2926 3343 3154 3401 Veritas
3201 3343 3384 3400 dixit:
3443 3346 3576 3413 Quae
3629 3345 3776 3400 Deus

2115 3436 2307 3506 junin
2336 3435 2490 3490 homo
2521 3452 2632 3488 non
2663 3439 2875 3505 separet
2906 3433 3118 3505 (Matth.
3167 3451 3300 3501 xxx;
3335 3433 3465 3489 Gen.
3500 3434 3587 3505 ιι).
3630 3433 3771 3497 Qua

2116 3523 2288 3578 etiam
2325 3523 2424 3588 ait,
2458 3523 2575 3578 Non
2605 3523 2729 3577 licet
2757 3522 3035 3578 dimittere
3064 3539 3292 3579 uxorem
3315 3527 3552 3594 excepta
3585 3538 3773 3577 causa

2118 3612 2513 3668 fornicationis
2546 3611 2755 3683 (ibid.).
2790 3612 2937 3666 Item.
2971 3611 3027 3665 Si
3061 3613 3146 3666 vir
3176 3616 3233 3666 et
3279 3629 3423 3666 uxor
3479 3627 3594 3665 una
3624 3627 3764 3666 caro

2116 3707 2276 3768 sunt,
2309 3707 2366 3756 et
2393 3700 2693 3772 religionis
2727 3717 2907 3755 causa
2935 3701 3022 3754 vir
3070 3701 3330 3756 dimittat
3379 3716 3640 3766 uxorem,
3674 3700 3772 3755 vel

2116 3790 2324 3845 mulier
2354 3790 2541 3844 virum
2575 3790 2632 3843 in
2666 3789 2774 3843 hoc
2809 3789 3028 3844 mundo
3066 3795 3490 3854 remanentem,
3522 3788 3614 3844 vel
3647 3789 3770 3843 for-

2113 3884 2270 3934 tasse
2302 3881 2370 3933 ad
2407 3878 2606 3932 illicita
2640 3878 3011 3949 migrantem,
3046 3895 3173 3948 quas
3206 3879 3320 3933 ista
3352 3877 3652 3932 conversio
3705 3878 3768 3931 in

2114 3983 2231 4038 qua
2260 3967 2460 4022 cadem
2494 3982 2650 4033 caro,
2684 3971 2740 4020 et
2770 3983 2838 4020 ex
2868 3971 3032 4039 parte
3075 3968 3289 4022 transit
3339 3967 3409 4021 ad
3462 3965 3768 4022 continen-

2113 4055 2287 4122 tiam,
2347 4059 2404 4110 et
2433 4071 2499 4110 ex
2531 4058 2693 4126 parte
2721 4059 2986 4110 remanet
3016 4055 3072 4109 in
3106 4055 3428 4126 pollutione
3457 4056 3483 4109 ?
3515 4054 3572 4110 Si
3626 4071 3770 4111 vero

2113 4144 2383 4216 utrisque
2416 4143 2726 4199 conveniat
2753 4145 3148 4200 continentem
3181 4145 3358 4201 vitam
3392 4145 3628 4215 ducere,
3659 4143 3772 4200 hoc

2114 4235 2248 4306 quis
2277 4233 2491 4289 audeat
2520 4233 2843 4289 accusare?
2865 4235 3018 4288 Item.
3079 4233 3220 4288 Cum
3281 4233 3421 4289 boni
3474 4234 3768 4305 conjuges

2115 4327 2215 4378 aut
2237 4321 2514 4377 meritum
2539 4338 2754 4395 augere
2783 4322 3140 4389 desiderant,
3176 4327 3282 4377 aut
3307 4327 3582 4378 anteacta:
3632 4322 3770 4377 vita:

2115 4409 2314 4482 culpas
2346 4411 2560 4477 delere,
2594 4416 2658 4466 ut
2689 4427 2750 4466 se
2776 4412 2846 4465 ad
2880 4410 3303 4466 continentiam
3338 4411 3690 4482 astringant,
3712 4414 3776 4466 et

2115 4498 2416 4554 meliorem
2447 4499 2628 4553 vitam
2657 4503 2958 4571 appetant,
3002 4499 3162 4554 licet.
3215 4500 3272 4553 Si
3300 4516 3431 4554 vero
3454 4499 3771 4554 continen-

2113 4588 2276 4652 tiam,
2311 4603 2488 4658 quam
2513 4587 2598 4641 vir
2641 4587 2886 4659 appetit,
2934 4604 3079 4643 uxor
3129 4605 3245 4643 non
3311 4587 3597 4658 sequitur,
3659 4593 3771 4642 aut

2113 4691 2288 4747 quam
2322 4692 2464 4730 uxor
2497 4692 2610 4731 non
2643 4677 2887 4748 appetit,
2920 4677 3008 4731 vir
3038 4681 3294 4745 recusat,
3321 4677 3502 4731 dividi
3555 4676 3771 4746 conju-

2112 4767 2273 4836 gium
2310 4781 2424 4819 non
2458 4763 2615 4820 licet.

2111 4853 2241 4908 CAP.
2279 4854 2398 4907 130.
2435 4886 2499 4893 —
2532 4853 2606 4906 Ne
2636 4853 2721 4908 vir
2761 4853 3039 4908 abstinens
3074 4855 3244 4909 uxori
3286 4856 3627 4909 occasionem
3657 4856 3771 4916 for-

2186 4925 2415 4978 nicandi
2482 4926 2673 4990 faciat.
2735 4924 2919 4980 Sermo
3001 4925 3402 4995 Chrysostomi,
3463 4926 3528 4980 de
3597 4926 3772 4980 titulo

2181 4996 2380 5065 psalm.
2411 4996 2482 5049 50
2513 4995 2634 5066 (sub
2662 4997 2827 5063 ﬁnem
2863 4999 2881 5047 1
2922 4995 3170 5051 homiliz
3194 4998 3256 5052 in
3288 4998 3432 5068 psat.
3466 4998 3539 5065 L).

2181 5084 2293 5153 (27,
2324 5101 2375 5152 q.
2408 5084 2461 5136 2.
2497 5082 2558 5137 Si
2589 5086 2649 5138 tu
2677 5082 2961 5155 abstines.)
2994 5084 3053 5140 Si
3087 5089 3147 5139 tu
3186 5084 3449 5140 abstines
3474 5083 3604 5139 sine
3627 5101 3769 5140 uxo-

2111 5171 2191 5226 ris
2223 5170 2542 5239 voluntate,
2575 5171 2788 5226 tribuis
2822 5171 2907 5226 illi
2966 5173 3295 5228 fornicandi
3356 5173 3678 5244 licentiam,
3708 5176 3768 5229 et

2109 5265 2411 5332 peccatum
2445 5259 2606 5314 illius
2638 5259 3005 5316 abstinentiae
3038 5262 3432 5333 imputabitur
3455 5267 3591 5318 ture.

2108 5377 2240 5430 CAP.
2280 5377 2398 5429 131.
2434 5405 2503 5414 -
2535 5374 2682 5441 Quod
2715 5375 2858 5432 inter
2890 5387 3176 5444 separatos
3225 5389 3412 5435 manet
3476 5380 3763 5434 vinculum

2177 5445 2444 5516 eonjugii.
2480 5446 2753 5502 Nicotaus
2780 5451 3047 5520 episcopis
3077 5452 3413 5506 Britanniae.

2177 5533 2476 5605 Scriptum
2510 5539 2635 5606 est:
2671 5536 2822 5603 Quod
2851 5538 2992 5593 Deus
3020 5540 3272 5606 confiixit
3304 5540 3462 5592 homo
3508 5552 3623 5592 non
3674 5553 3765 5592 se-

2174 5610 2330 5677 paret
2349 5605 2560 5677 (Matth.
2583 5608 2722 5678 x1x).
2750 5609 2970 5665 Tamen
2994 5605 3234 5681 nuptiae,
3258 5615 3322 5666 ut
3341 5609 3653 5665 maximiet
3667 5625 3762 5666 re-
