3994 6052
194 274 313 331 613

192 397 397 469 ligiosi
427 396 537 451 viri
569 398 909 460 sanxerunt,
949 410 1056 449 suo
1080 396 1221 449 sunt
1250 390 1455 446 ordine
1484 383 1848 459 peragendae.
1881 392 1934 457 Α

196 492 353 543 Nam
388 488 459 541 de
482 484 666 557 raptis
700 489 757 539 et
786 482 1131 554 hujusmodi
1175 479 1462 550 copulatis
1495 477 1732 531 Patrum
1777 474 1867 526 est

199 576 412 649 regula
441 572 876 645 subsequenda.
912 571 1169 627 Rursum
1203 570 1325 624 sive
1366 565 1637 622 elationis
1686 576 1866 618 causa

201 667 281 739 [si
314 670 399 721 vel
436 664 717 720 orationis
769 661 992 732 causa],
1039 659 1125 715 vel
1184 656 1430 715 vacandi
1465 661 1574 710 Deo
1606 648 1867 723 separari

200 755 279 811 ab
314 770 488 809 uxore
521 751 793 807 maluerit
824 750 937 820 vix,
969 766 1038 804 ex
1069 763 1356 804 conecnsu
1392 745 1697 798 ambarum
1742 756 1873 810 par-

201 844 361 900 tium
402 844 523 898 fore
563 840 818 909 debebit,
853 844 920 894 ut
951 842 1157 894 neuter
1186 852 1387 891 eorum
1429 834 1500 888 ad
1533 831 1678 887 alias
1713 834 1868 883 tran-

202 939 335 990 seat
367 931 485 987 ullo
519 932 690 986 modo
725 928 985 1001 nuptias.

200 1042 338 1096 CAP.
395 1039 517 1094 132.
569 1069 635 1077 —
677 1038 752 1091 De
805 1035 1009 1091 eodem.
1065 1034 1401 1103 Augustinus
1454 1029 1519 1084 de
1570 1026 1783 1099 nuptiis
1815 1030 1867 1080 et

584 1107 1051 1178 conscupiscentia
1081 1104 1201 1171 (lib.
1236 1121 1278 1171 ι,
1310 1119 1357 1158 c.
1388 1104 1498 1168 11).

282 1201 505 1267 Quibus
524 1197 809 1271 placuerit
829 1212 897 1250 ex
919 1210 1207 1250 consensu
1234 1193 1303 1246 ab
1330 1208 1439 1246 usu
1456 1186 1710 1243 carnalis
1733 1202 1868 1241 con-

207 1288 589 1361 cupiscentia
623 1287 681 1340 in
716 1289 1064 1358 perpetuum
1100 1282 1418 1346 continere,
1466 1277 1621 1333 absit
1649 1279 1712 1330 ut
1739 1273 1868 1329 vin-

207 1378 414 1435 culum
447 1377 598 1432 inter
627 1392 726 1431 eos
756 1371 1065 1444 conjugale
1102 1372 1451 1439 rumpatur:
1486 1364 1604 1420 imo
1636 1362 1868 1418 firmius

210 1466 346 1536 erit,
382 1482 497 1537 quo
530 1462 720 1535 magis
750 1479 818 1519 ea
847 1465 1017 1534 pacta
1049 1475 1251 1514 secum
1277 1457 1560 1523 inierunt,
1583 1469 1709 1525 quae
1732 1450 1867 1506 cha-

209 1556 339 1612 rius
370 1553 836 1623 concordiusque
866 1550 1153 1606 servanda
1182 1550 1344 1614 sunt,
1378 1562 1491 1601 non
1520 1540 1869 1614 voluptariis

209 1659 525 1716 corporum
555 1641 822 1708 nexibus,
866 1640 963 1695 sed
998 1636 1346 1693 voluntariis
1379 1632 1689 1690 affectibus
1741 1629 1867 1686 ani-

215 1748 477 1788 morum.

210 1844 344 1895 CAP.
384 1838 502 1892 l33.
536 1868 603 1877 —
633 1837 694 1892 Ut
723 1851 821 1890 nec
849 1850 1015 1888 causa
1049 1830 1322 1886 orationis
1356 1828 1596 1883 invicem
1621 1841 1677 1881 se
1706 1827 1869 1895 frau-

287 1910 416 1966 dent
448 1910 707 1980 conjuges
732 1908 917 1980 debito
945 1904 1183 1980 carnali,
1208 1901 1322 1980 nisi
1346 1913 1733 1980 [ea‘consens‘m
1768 1897 1873 1950 Au-

285 1970 641 2052 gustinus'de
671 1976 1007 2032 adulterinis
1033 1976 1313 2046 conjugiis
1341 1972 1466 2043 (lib.
1502 1988 1542 2039 ι,
1572 1986 1619 2025 c.
1648 1970 1732 2035 2.)

290 2072 405 2142 (33,
437 2088 488 2141 q.
524 2070 577 2136 4,
610 2067 941 2137 Apostolus.)
1000 2061 1312 2136 Apostolus
1360 2076 1467 2116 nec
1514 2059 1585 2114 ad
1640 2062 1873 2128 tempus,

217 2165 283 2215 ut
312 2167 530 2214 vocetur
561 2155 801 2211 orationi
833 2157 879 2222 (1
910 2154 1030 2209 Cor.
1072 2152 1215 2223 VIII),
1268 2150 1382 2205 nisi
1436 2166 1503 2203 ex
1561 2162 1874 2214 consensu,

214 2247 403 2303 voluit
450 2246 730 2316 conjuges
782 2243 1004 2298 carnali
1039 2240 1285 2295 invicem
1334 2238 1608 2292 fraudare
1658 2234 1872 2289 debito.

218 2338 354 2392 Item
386 2336 528 2407 (cap.
561 2334 637 2403 3).
671 2333 729 2387 Si
762 2332 920 2386 dicat
948 2328 1331 2385 virzDimitto
1365 2326 1603 2397 quidem
1636 2338 1874 2378 uxorem

223 2442 416 2481 meam
447 2425 576 2479 sine
609 2421 729 2477 ulla
767 2437 945 2476 causa
977 2416 1405 2485 fornicationis,
1440 2414 1538 2470 sed
1569 2412 1877 2468 continens

224 2513 605 2586 permanebo,
637 2512 843 2565 ideone
891 2510 1155 2563 dicemus
1204 2521 1336 2560 eum
1388 2504 1627 2574 impune
1672 2501 1879 2555 fecisse

223 2603 379 2675 quod
412 2600 587 2656 fecit?
618 2598 758 2663 Quis
789 2597 896 2653 hoc
929 2596 1121 2651 dicere
1175 2592 1435 2658 audebit,
1477 2591 1575 2661 qui
1625 2588 1880 2644 volunta-

224 2699 346 2747 tem
378 2688 607 2744 domini
643 2688 776 2742 hzrc
817 2685 1069 2740 dicentis
1117 2681 1413 2750 intelligit,
1447 2678 1725 2750 quoniam
1775 2692 1880 2731 nec

224 2777 600 2835 continentiae
631 2792 810 2830 causa
842 2772 1060 2828 dimitti
1092 2772 1405 2841 conjugem
1431 2766 1636 2834 voluit,
1670 2765 1771 2836 qui
1792 2781 1882 2819 so-

224 2870 342 2925 lam
397 2864 802 2921 fornicationis
852 2877 1092 2917 causam
1138 2857 1403 2930 excepit?
1454 2858 1591 2912 Item
1623 2856 1764 2926 (cap.
1802 2853 1878 2923 4).

223 2960 367 3012 Ecce
400 2953 620 3026 placuit
641 2950 1003 3007 continentia
1025 2946 1282 3014 mulieri,
1316 2946 1440 3000 viro
1470 2962 1588 3000 non
1621 2942 1876 3014 placuit;

228 3043 503 3101 discessit
533 3059 567 3097 a
585 3042 707 3096 viro
740 3039 975 3107 mulier,
1001 3042 1057 3093 et
1078 3036 1254 3108 coepit
1283 3034 1470 3089 vivere
1493 3032 1879 3096 continenter,

1116 267 1431 323 DECRETI
1470 263 1653 319 PARS
1690 257 1839 311 VIII.
1872 282 1941 293 —-
1969 254 2065 307 DE
2103 251 2500 319 CONJUGIIS,
2540 254 2699 309 ETC.

1901 1769 1949 1833 B

3511 265 3616 319 614

2032 391 2219 459 gestia
2246 390 2507 459 consensu
2539 378 2804 459 nouerint,
2827 380 2994 434 aliter
3022 396 3151 437 non.
3185 384 3524 454 Augustinus
3546 390 3619 444 ad

2044 448 2299 502 Editiam
2326 449 2509 517 (epist.
2542 448 2681 515 199).

2045 565 2156 635 (33,
2189 582 2238 635 q.
2270 565 2324 631 5,
2358 582 2402 619 c.
2435 564 2598 636 Quod
2630 565 2777 636 Deo.)
2808 567 2968 629 Quod
3001 568 3116 624 Deo
3160 570 3284 641 pari
3325 588 3616 631 consensu

1977 653 2148 709 ambo
2178 652 2485 720 voveratis,
2520 660 2956 725 perseveranter
2989 674 3172 729 usque
3206 660 3265 713 in
3290 662 3462 718 linem
3486 666 3619 719 red-

1977 743 2112 798 dere
2144 742 2450 798 debuistis.
2486 749 2527 795 Α
2564 759 2677 815 quo
2700 746 2997 815 proposito
3023 748 3069 801 si
3090 747 3293 819 lapsus
3318 756 3406 806 est
3433 752 3617 821 ille,tu

1977 833 2184 887 saltem
2200 831 2680 887 constantissime
2700 850 3024 905 persevera,
3044 839 3197 907 quod
3214 844 3267 894 te
3285 857 3397 895 non
3420 843 3621 897 exhor-

1976 924 2150 988 tarer,
2184 920 2297 974 nisi
2329 920 2467 990 quia
2500 920 2599 974 tibi
2631 922 2700 975 ad
2741 921 2848 976 hoc
2880 922 3007 993 ipse
3038 934 3439 985 consenserat.
3472 934 3617 985 Nam

1978 1009 2024 1063 si
2060 1025 2363 1079 nunquam
2395 1009 2685 1064 tenuisses
2726 1012 2851 1080 ejus
2883 1028 3218 1080 assensum,
3251 1033 3532 1073 numerus
3565 1025 3619 1075 te

1977 1097 2174 1153 nullus
2190 1098 2548 1153 defendisset
2569 1116 2878 1153 annorum.
2906 1101 3057 1168 Item,
3099 1113 3215 1172 post
3244 1121 3438 1175 pauca.
3491 1108 3618 1163 Non

1977 1187 2116 1257 quia
2155 1187 2374 1257 pariter
2402 1188 2817 1257 temperabatis
2867 1207 2899 1243 a
2930 1193 3336 1248 commistione
3375 1196 3620 1265 carnali,

1976 1274 2106 1329 ideo
2136 1279 2279 1330 tuus
2309 1277 2560 1330 maritus
2591 1293 2715 1331 esse
2748 1278 3073 1335 destiterat.
3128 1283 3248 1336 Imo
3281 1299 3415 1339 vero
3460 1288 3623 1340 tanto

1977 1365 2237 1419 sanctius
2271 1365 2423 1418 inter
2449 1381 2550 1419 vos
2575 1366 2853 1438 conjuges
2873 1369 3221 1437 manebatis,
3246 1377 3465 1441 quanto
3487 1390 3622 1429 san-

1978 1453 2161 1508 ctiora
2192 1454 2557 1508 concorditer
2588 1454 2802 1524 placita
2835 1457 3176 1514 servabatis.
3210 1460 3367 1515 Nihil
3401 1478 3537 1535 ergo
3556 1464 3626 1518 de

1976 1546 2077 1596 tua
2110 1546 2287 1609 veste,
2316 1541 2459 1596 nihil
2492 1543 2563 1597 de
2594 1560 2759 1613 auro,
2786 1544 2929 1599 nihil
2956 1547 3026 1601 de
3064 1552 3321 1619 argento,
3358 1551 3445 1605 vel
3479 1567 3623 1623 qua-

1978 1648 2209 1701 cunque
2243 1633 2509 1701 pecunia,
2541 1631 2629 1686 vel
2650 1634 2821 1688 rebus
2846 1633 2963 1689 illis
2986 1637 3229 1692 terrenis
3254 1638 3370 1693 tuis
3392 1641 3624 1696 sinear-

1979 1719 2153 1774 bitrio
2185 1720 2311 1789 ejus
2346 1720 2531 1775 facere
2564 1721 2841 1776 debuisti.
2896 1725 3046 1778 Item.
3093 1726 3192 1780 Est
3239 1728 3478 1797 quidam
3519 1746 3624 1800 pro

1983 1807 2218 1863 modulo
2254 1825 2511 1879 personas
2542 1808 2780 1865 habitus
2815 1813 3208 1869 matronalisa
3230 1815 3446 1871 viduali
3468 1823 3627 1874 veste

1981 1896 2421 1968 distinctus,qui
2450 1898 2927 1970 potestﬁdelibus
2966 1904 3295 1974 conjugatis
3337 1904 3500 1962 salva
3531 1924 3626 1962 re-

1981 1985 2218 2057 ligionis
2251 2002 2429 2040 causa
2457 1987 2547 2041 vel
2578 1988 2943 2043 observantia
2976 1992 3301 2047 convenire.
3356 1994 3522 2049 Hunc
3569 1999 3628 2050 te

1983 2075 2231 2129 maritus
2265 2075 2314 2129 si
2346 2077 2633 2146 deponere
2666 2076 2871 2143 noluit,
2900 2095 2969 2132 ne
3003 2087 3053 2133 te
3083 2080 3240 2135 velut
3267 2083 3503 2138 viduam
3527 2083 3626 2140 illo

1981 2163 2206 2218 vivente
2240 2165 2507 2232 iactares,
2543 2169 2682 2235 puto
2714 2165 2853 2235 quia
2884 2184 2997 2220 non
3033 2169 3220 2223 fuerat
3276 2169 3334 2222 in
3386 2171 3493 2226 hac
3543 2188 3627 2239 re,

1984 2268 2173 2322 usque
2200 2253 2269 2305 ad
2293 2252 2679 2307 dissensionis
2699 2255 3038 2309 scandalum
3067 2258 3627 2327 perducendus,ma-

1986 2340 2075 2411 gis
2094 2341 2474 2395 inobedentize
2502 2341 2652 2395 malo
2674 2358 2847 2412 quam
2868 2343 3045 2398 ullius
3064 2347 3432 2401 abstinentiae
3454 2349 3625 2406 bono.

1987 2428 2133 2494 Quid
2156 2428 2312 2483 enim
2335 2436 2424 2484 est
2450 2430 2766 2484 absurdius
2799 2450 2973 2502 quam
3008 2434 3309 2490 mulierem
3329 2437 3400 2491 de
3417 2436 3628 2491 humili

1986 2522 2142 2571 veste
2171 2517 2291 2571 viro
2308 2517 2630 2588 superbire,
2652 2518 2741 2572 cui
2768 2522 2825 2572 te
2848 2522 3041 2590 potius
3063 2522 3360 2591 expediret
3399 2524 3627 2578 obtem-

1987 2622 2187 2675 perare
2218 2607 2487 2660 candidis
2521 2606 2804 2676 moribus,
2855 2625 3032 2679 quam
3089 2610 3320 2680 nigellis
3361 2611 3626 2666 vestibus

1989 2696 2352 2764 repugnare?
2383 2695 2527 2759 Quia
2574 2700 2630 2750 et
2678 2697 2729 2751 si
2778 2700 2834 2751 te
2882 2698 3297 2752 indumentum
3330 2699 3628 2754 monachus

1990 2782 2330 2849 delectabat,
2364 2784 2537 2838 etiam
2571 2783 2681 2839 hoc
2713 2786 2939 2855 gratius
2958 2790 3158 2856 posset
3190 2787 3399 2842 marito
3429 2788 3628 2843 obser-

1988 2876 2123 2926 vato
2154 2877 2504 2942 exoratoque
2535 2873 2714 2941 sumi,
2758 2890 2935 2944 quam
2981 2874 3078 2929 illo
3112 2874 3447 2931 inconsulto
3496 2893 3631 2931 con-

1988 2964 2328 3031 temptoque
2353 2963 2648 3030 praesumi.
2696 2961 2856 3024 Quod
2899 2962 2947 3017 si
2980 2962 3214 3018 omnino
3248 2981 3361 3020 non
3388 2965 3629 3031 sineret,

1992 3049 2128 3120 quid
2151 3053 2252 3104 tuo
2285 3049 2577 3120 proposito
2601 3050 2927 3121 deperiret?
2957 3052 3123 3107 Absit
3154 3056 3217 3107 ut
3246 3052 3382 3107 hinc
3431 3052 3634 3124 displi-

229 3134 361 3207 ipsa
382 3132 605 3189 scilicet
627 3134 788 3185 casta
811 3143 1112 3191 mansura,
1139 3125 1241 3180 sed
1261 3125 1484 3179 factura
1506 3123 1661 3193 quod
1688 3120 1881 3176 Domi-
1915 3124 1957 3190 ί]
1996 3153 2155 3192 ceres
2190 3143 2319 3205 Deo,
2356 3139 2507 3209 quod
2532 3120 2778 3210 conﬁge
2808 3144 2907 3195 tuo
2941 3142 3199 3195 nondum
3226 3142 3500 3197 defuncto
3518 3120 3634 3198 {mn

234 3240 349 3279 nus
381 3238 497 3277 non
522 3218 647 3275 vult
677 3217 1015 3274 adulterum
1047 3214 1238 3268 virum
1273 3229 1285 3267 :
1322 3213 1423 3282 qui
1469 3228 1603 3266 cum
1654 3226 1715 3264 se
1768 3225 1885 3263 non

239 3308 595 3368 continuerit
647 3308 888 3363 alteram
931 3307 1169 3375 quaeret.
1231 3300 1377 3365 Quid
1425 3316 1634 3355 sumus
1677 3296 1889 3352 dicturi

242 3397 498 3465 mulieri,
533 3412 723 3451 nonne
754 3394 910 3466 quod
943 3392 1084 3447 dicit
1116 3388 1381 3445 Ecclesiae
1414 3404 1559 3443 sana
1586 3385 1885 3443 doctrina:

242 3487 440 3545 Redde
470 3485 731 3541 debitum
762 3484 883 3537 viro
918 3482 963 3552 (I
992 3480 1116 3535 Cor.
1148 3480 1271 3550 vn),
1305 3493 1376 3532 ne
1407 3477 1546 3530 dum
1578 3479 1643 3530 tu
1677 3474 1888 3545 quaeris

238 3577 395 3632 unde
426 3574 678 3645 amplius
710 3569 1036 3639 honoraris,
1070 3568 1167 3623 ille
1199 3566 1354 3622 unde
1384 3565 1699 3620 damnetur
1723 3561 1889 3616 inve-

237 3663 381 3721 niat.

236 3755 373 3810 CAP.
405 3752 530 3807 434.
562 3781 631 3791 -—
663 3748 813 3818 Quod
842 3748 1002 3802 nulla
1048 3744 1290 3801 vovenda
1318 3746 1450 3818 sunt
1485 3758 1523 3796 α
1554 3740 1886 3818 conjugatis,

306 3826 421 3879 nisi
448 3840 520 3877 ex
548 3810 832 3883 consensu,
865 3820 1008 3874 Idem
1032 3818 1101 3872 ad
1132 3816 1568 3880 Armentarium,
1594 3810 1888 3881 Riparium

307 3900 357 3951 et
388 3895 686 3949 Paulinam
715 3891 895 3963 (epist.
922 3889 1035 3958 45).

308 3984 420 4055 (32,
454 3982 585 4053 q.5,
617 3998 663 4036 c.
713 3981 872 4046 Una.)
922 3978 1048 4033 Una
1092 3975 1219 4031 sola
1268 3991 1447 4029 causa
1493 3988 1621 4028 esse
1674 3973 1884 4041 potest,

237 4072 492 4145 quateid
511 4070 665 4142 quod
680 4068 885 4123 vovisti
917 4083 1029 4121 non
1065 4063 1257 4120 solum
1283 4080 1399 4117 non
1424 4062 1883 4122 cohortaremur,

233 4176 439 4217 verum
470 4159 648 4214 etiam
698 4155 1142 4228 prohiberemus
1186 4151 1450 4221 implere,
1482 4149 1531 4203 si
1589 4149 1735 4203 forte
1784 4150 1888 4201 tua

238 4251 451 4321 conjux
478 4249 589 4303 hoc
618 4251 812 4301 tecum
845 4243 1145 4314 suscipere
1197 4238 1382 4295 animi
1432 4254 1534 4293 seu
1575 4236 1769 4291 carnis
1798 4236 1885 4289 in-

236 4338 517 4395 firmitate
543 4337 857 4391 recusaret.
904 4331 1047 4386 Nam
1068 4335 1126 4385 et
1150 4328 1410 4383 vovenda
1434 4326 1572 4380 talia
1593 4341 1705 4379 non
1746 4327 1887 4378 sunt

237 4446 270 4484 a
300 4425 655 4497 conjugatis,
682 4421 795 4477 nisi
820 4436 889 4474 ex
914 4433 1203 4473 consensu
1218 4420 1276 4470 et
1294 4415 1595 4471 voluntate
1617 4428 1885 4467 commu-

1996 3226 2260 3281 indueris
2299 3227 2453 3283 sicut
2481 3229 2666 3293 Anna,
2701 3228 2800 3282 sed
2835 3229 2987 3284 sicut
3014 3233 3301 3285 Susanna.

1998 3350 2129 3406 CAP.
2165 3351 2389 3431 137,-.~
2421 3350 2570 3431 Quod
2600 3354 3035 3431 postootumAsz't
3072 3356 3467 3431 necessarium,
3488 3354 3640 3431 quod

2067 3430 2229 3475 antea
2276 3423 2385 3492 fuit
2454 3423 2855 3478 voluntarium.
2906 3424 3242 3490 Augustinus
3294 3427 3358 3480 in
3406 3423 3641 3493 epistola

2068 3493 2136 3547 ad
2167 3499 2598 3559 Armentarium,
2636 3496 2922 3565 Riparium
2941 3503 2991 3550 et
3010 3496 3308 3550 Paulinam
3339 3497 3640 3568 (epist.45.)

2068 3610 2293 3665 Possim
2327 3626 2430 3679 pro
2451 3609 2683 3664 modulo
2708 3625 2835 3664 meo
2857 3611 3089 3666 eosdem
3104 3612 3264 3683 ipsos
3280 3612 3640 3683 pertinentes

1999 3700 2069 3752 ad
2094 3699 2389 3753 dexteram
2424 3713 2789 3769 regnumque
2812 3699 3088 3753 cmlorum
3123 3700 3181 3753 in
3204 3700 3330 3755 suis
3359 3702 3638 3771 gradibus

2000 3787 2341 3856 meritisque
2362 3785 2723 3857 distinguere
2745 3790 2917 3857 atque
2931 3790 3134 3843 ostend
3146 3804 3385 3860 ere,quo
3412 3789 3641 3846 differat

1996 3874 2634 3946 vitaconjugalis,ﬁlios
2656 3878 3085 3947 procreantium
3111 3884 3342 3948 patrum
3359 3884 3640 3934 matrum-

1996 3981 2108 4035 que
2132 3964 2406 4029 familias,
2431 3966 3282 4037 verumtamen,religiosorum
3298 3984 3363 4021 ac
3386 3967 3636 4037 piorum,

1997 4054 2069 4109 ab
2092 4070 2156 4108 eo
2174 4053 2295 4107 vita
2319 4069 2495 4123 quam
2519 4069 2618 4107 vos
2659 4054 2774 4108 Deo
2811 4054 3070 4120 vovistis,
3097 4054 3145 4108 si
3188 4071 3345 4108 nunc
3387 4056 3458 4108 ad
3508 4071 3636 4109 eam

1996 4142 2311 4196 vovendam
2345 4141 2742 4196 exhortandus
2762 4158 2942 4196 esses.
2969 4142 3076 4196 Sed
3107 4156 3245 4212 quia
3262 4143 3385 4211 jam
3407 4143 3635 4206 vovisti,

1987 4232 2111 4302 jam
2141 4236 2197 4285 te
2218 4229 2769 4299 obstrinxisti,aliud
2792 4229 2895 4284 tibi
2925 4231 3110 4286 facere
3135 4246 3250 4285 non
3277 4230 3428 4285 licet.
3443 4230 3633 4285 Prius-

1996 4336 2170 4391 quam
2194 4335 2355 4374 esses
2377 4318 2491 4372 voti
2514 4333 2669 4383 reus,
2702 4317 2950 4372 liberum
2994 4318 3122 4385 fuit,
3165 4335 3280 4389 quo
3311 4335 3470 4374 esses
3493 4319 3636 4374 infe-

1995 4407 2113 4463 rior
2133 4407 2400 4479 quamvis
2443 4422 2559 4462 non
2606 4407 2681 4460 sit
2717 4406 3067 4478 gratulanda
3105 4406 3365 4478 libertas,
3410 4424 3525 4478 qua
3572 4408 3639 4463 fit

239 4518 317 4571 ni.
342 4486 869 4585 Et'siuprispropere
892 4508 1109 4563 factum
1134 4503 1334 4575 fuerit,
1367 4501 1556 4573 magis
1587 4506 1676 4556 est
1706 4499 1885 4555 corri-
1918 4486 1962 4550 D
1996 4502 2061 4552 ut
2092 4513 2205 4550 non
2239 4496 2520 4551 debeatur
2549 4496 2706 4565 quod
2740 4511 2873 4549 cum
2923 4494 3085 4550 lucro
3137 4496 3418 4552 redditur.
3468 4497 3634 4553 Nunc

238 4604 429 4677 genda
462 4599 762 4658 temeritas
795 4613 971 4669 quam
1007 4592 1390 4667 persolvenda
1422 4588 1755 4661 promissio.
1780 4588 1883 4643 Ne-

239 4709 352 4765 que
382 4690 537 4746 enim
568 4688 722 4743 Deus
754 4685 951 4756 exigit,
985 4683 1033 4739 si
1068 4682 1201 4754 quis
1232 4696 1299 4735 ex
1329 4679 1516 4734 alieno
1545 4677 1764 4749 aliquid
1785 4693 1880 4731 vo-

238 4780 402 4845 verit,
429 4779 526 4834 sed
554 4775 747 4849 potius
771 4788 1058 4844 usurpare
1083 4774 1237 4825 vetat
1263 4768 1542 4823 alienum.

240 4888 370 4943 CAP.
406 4885 525 4939 135.
561 4913 629 4922 —
662 4881 811 4949 Quod
830 4881 1042 4934 vivente
1067 4892 1237 4931 uxore
1254 4891 1352 4946 pro
1383 4887 1704 4949 quacunque
1718 4887 1885 4949 causa

308 4958 557 5019 dimissa,
608 4943 784 5007 altera
825 4950 952 5005 duci
1000 4964 1110 5003 non
1158 4943 1341 5017 possit.
1388 4944 1531 4999 Beda
1558 4959 1725 5013 super
1749 4943 1883 4996 Mar-

313 5045 458 5092 cum,
482 5042 601 5097 cap.
635 5025 722 5078 3l.

308 5120 441 5171 Una
462 5110 833 5169 solummodo
857 5106 1108 5163 carnalis
1148 5109 1237 5159 est
1257 5102 1580 5163 fornicatio,
1615 5118 1731 5155 una
1761 5103 1882 5171 spi-

240 5204 489 5261 ritualis.
522 5201 722 5257 Timor
751 5198 855 5253 Dei
888 5197 1027 5252 facit
1067 5198 1132 5249 ut
1179 5209 1326 5248 uxor
1356 5190 1705 5256 dimittatur,
1736 5190 1886 5244 sicut

242 5293 413 5349 multi
436 5288 738 5363 religionis
772 5302 951 5342 causa
984 5283 1190 5340 fecisse
1240 5281 1537 5351 leguntur.
1572 5278 1745 5333 Nulla
1784 5295 1884 5332 au-

240 5388 359 5439 tem
392 5396 571 5437 causa
601 5380 689 5433 est
721 5375 821 5431 Dei
857 5374 982 5445 lege
1028 5370 1388 5442 praescripta,
1434 5372 1499 5423 ut
1545 5367 1774 5423 vivente
1819 5383 1889 5423 ea

242 5489 371 5545 qua:
403 5468 609 5526 relicta
636 5468 745 5532 est,
780 5463 894 5518 alia
925 5463 1197 5518 ducatur.

242 5583 372 5637 Οιι).
404 5577 523 5631 136.
557 5604 624 5615 -—
657 5570 806 5641 Quod
826 5570 1010 5626 votum
1053 5570 1132 5623 est
1174 5562 1462 5621 tenendum
1514 5563 1654 5635 quod
1699 5563 1887 5635 conju-

1990 4602 2123 4641 vero
2155 4585 2295 4657 quia
2321 4588 2554 4639 tenetur
2583 4584 2737 4654 apud
2770 4584 3083 4639 Dominum
3109 4585 3347 4654 sponsio
3368 4590 3492 4656 tua,
3517 4602 3632 4641 non

1990 4680 2048 4730 te
2080 4675 2149 4728 ad
2182 4689 2450 4744 magnam
2477 4671 2771 4741 justitiam
2796 4673 2993 4737 invito,
3018 4673 3633 4745 sedamagnainiqui-

1990 4767 2110 4818 tate
2140 4762 2420 4817 deterreo.
2470 4761 2592 4815 Non
2641 4760 2797 4815 enim
2848 4760 2981 4815 talis
3029 4763 3165 4826 eris,
3202 4763 3250 4817 si
3279 4779 3394 4816 non
3428 4763 3630 4818 feceris

1994 4853 2147 4923 quod
2160 4848 2570 4920 vovistiqualis
2608 4848 2952 4916 mansisses,
2978 4849 3027 4904 si
3051 4849 3325 4905 nihiltale
3347 4852 3626 4906 vovisses.

1993 4940 2182 4994 Minor
2210 4938 2365 4993 enim
2397 4942 2535 4991 tunc
2566 4934 2749 5001 esses,
2810 4953 2924 4990 non
2971 4937 3151 5007 pejor.
3207 4938 3376 4993 Modo
3432 4944 3628 4993 autem

1991 5031 2153 5081 tanto
2185 5026 2337 5096 quod
2371 5026 2525 5079 absit
2571 5024 2857 5090 miserior,
2904 5024 2953 5077 si
2986 5026 3161 5081 tidem
3217 5029 3323 5081 Deo
3370 5027 3631 5098 fregeris,

1994 5120 2213 5186 quanto
2246 5114 2487 5177 beatior,
2521 5113 2569 5167 si
2621 5112 2988 5183 persolveris.
3022 5114 3138 5169 Nec
3178 5114 3306 5169 ideo
3334 5118 3388 5169 tc
3407 5115 3634 5169 vovisse

1994 5204 2291 5275 pmniteat,
2317 5202 2433 5255 imo
2456 5201 2848 5272 gaudeatjam
2872 5202 2977 5256 tibi
3000 5201 3353 5273 licere,quod
3370 5218 3501 5256 cum
3534 5206 3635 5256 tuo

1996 5293 2348 5348 detrimento
2367 5289 2650 5345 licuisset.
2680 5290 3007 5362 Aggredere
3028 5290 3225 5360 itaque
3240 5289 3565 5359 intrepidus
3578 5291 3635 5343 et

1997 5378 2353 5451 dictaimple
2379 5378 2569 5449 factis,
2601 5377 2727 5448 ipse
2748 5377 3048 5449 adjuvabit
3079 5377 3177 5448 qui
3215 5382 3347 5432 vota
3390 5381 3492 5430 tua
3540 5390 3633 5431 ex-

1997 5470 2180 5542 petit:
2208 5468 2343 5523 felix
2362 5472 2451 5522 est
2482 5467 2822 5533 necessitas,
2865 5484 2993 5538 quae
3016 5466 3073 5519 in
3105 5463 3347 5519 meliora
3375 5463 3631 5535 compel-

1995 5558 2064 5614 lit
2094 5558 2300 5631 (Supra
2329 5573 2447 5629 cap.
2470 5554 2755 5625 l34).Una
2784 5553 2910 5611 sola
2932 5570 3061 5610 esse
3089 5568 3267 5610 causa
3297 5557 3494 5625 posset
3514 5570 3632 5627 qua
