3972 6056
408 237 514 293 615

1365 279 1376 290 .
1486 236 1552 286 D.
1595 230 1833 285 IVONIS
1871 226 2372 284 CARNOTENSIS
2409 227 2732 283 EPISCOPI

3719 223 3846 279 616

409 367 468 419 te
498 363 552 418 id
578 363 731 436 quod
765 360 993 428 vovisti,
1034 376 1150 415 non
1173 357 1364 414 solum
1392 366 1509 412 non
1529 354 1926 419 hortaremur,
1959 368 2052 407 ve-
2082 351 2136 418 Α
2165 351 2299 406 CAP.
2333 351 2454 408 140.
2489 383 2556 392 -—
2588 352 2797 436 Qualis.
2829 366 2972 436 uxor
3013 349 3267 434 legitima
3311 364 3422 405 esse
3464 349 3687 406 debeat.
3750 355 3848 408 8.2:

411 451 733 508 rumetiam
767 449 1209 523 prohiberemus
1239 445 1504 518 implere,
1532 443 1582 499 si
1612 443 1755 499 forte
1785 447 1886 498 tua
1916 457 2053 496 con-

402 543 510 615 jux
538 541 648 597 hoc
676 544 872 596 tecum
904 536 1204 610 suscipere
1233 533 1416 591 animi
1446 551 1548 590 seu
1581 531 1776 589 carnis
1811 530 2059 586 inﬁrmi-

406 635 525 687 tate
556 631 874 687 recusaret.
913 627 1054 681 Nam
1081 628 1138 680 et
1157 624 1418 680 vovenda
1442 622 1581 679 talia
1602 639 1717 678 non
1752 624 1890 678 sunt
1917 636 2056 675 con-

403 720 652 793 jugatis,
684 717 798 774 nisi
830 733 899 772 ex
915 729 1206 770 consensu
1237 716 1294 769 et
1322 711 1621 768 voluntate
1642 709 1964 767 communi.
1987 711 2058 764 Et

412 810 461 866 si
495 822 859 882 praaprOpere
884 805 1102 858 factum
1145 801 1343 870 fuerit,
1378 804 1569 873 magis
1593 803 1682 856 est
1712 800 2057 872 corrigenda

409 897 707 954 temeritas
729 909 906 965 quam
924 891 1308 964 persolvenda
1329 889 1662 963 promissio.
1677 895 1877 961 Neque
1897 889 2055 944 enim

410 987 567 1043 Deus
596 983 794 1054 exigit,
823 982 873 1037 si
899 981 1032 1052 quis
1062 997 1130 1036 ex
1177 979 1368 1036 alieno
1396 978 1617 1050 aliquid
1662 978 1904 1044 voverit,
1953 977 2055 1033 sed

407 1073 604 1147 potius
631 1087 916 1143 usurpare
944 1073 1101 1124 vetat
1123 1068 1408 1124 alienum.
1470 1067 1676 1123 Divina
1725 1067 1945 1139 quippe
1985 1067 2056 1121 de

408 1163 519 1218 hac
549 1177 611 1216 re
641 1177 743 1232 per
773 1158 1117 1230 Apostolum
1159 1162 1244 1212 est
1285 1157 1512 1228 prolata
1549 1155 1841 1211 sententia
1868 1171 1881 1210 :
1911 1155 2056 1211 Uxor

409 1267 517 1308 non
549 1249 710 1305 habet
752 1253 1078 1320 potestatem
1099 1249 1188 1302 sui
1216 1247 1482 1318 corporis.
1515 1245 1610 1300 sed
1639 1245 1748 1311 vir,
1785 1244 2056 1300 Similiter

410 1346 461 1398 et
489 1342 577 1396 vir
604 1355 711 1394 non
743 1337 902 1394 habet
953 1344 1267 1410 potestatem
1295 1336 1387 1392 sui
1413 1333 1684 1407 corporis,
1715 1333 1811 1390 sed
1851 1333 2058 1389 mulier

411 1429 459 1502 (1
486 1431 608 1486 Cor.
642 1431 759 1498 vn).

410 1574 540 1628 CAP.
561 1570 687 1626 138.
717 1600 783 1610 —
809 1570 880 1624 De
908 1567 1184 1622 Demetrio
1212 1567 1450 1638 virgine.
1474 1565 1812 1638 Augustinus
1835 1567 1896 1621 in
1932 1565 2052 1638 epi-

753 1641 891 1695 stola
919 1640 998 1694 ad
1024 1639 1309 1693 lulianum
1339 1637 1521 1708 (epist.
1558 1637 1703 1704 143).

483 1764 791 1824 Ministerii
823 1762 1006 1819 nostri
1023 1763 1333 1833 adjuvante
1356 1763 1545 1834 gratia
1561 1767 1618 1816 et
1649 1761 2050 1817 misericordia

411 1855 748 1921 Salvatoris,
791 1852 848 1907 in
873 1854 1046 1906 domo
1075 1855 1268 1906 vestra
1296 1855 1495 1906 tantus
1545 1851 1771 1906 fructus
1817 1855 2050 1906 exortus

409 1950 519 2011 est,
553 1949 616 2000 ut
647 1943 922 1999 humanis
953 1939 1178 2012 nuptiis
1204 1941 1328 2010 jam
1361 1939 1579 2011 paratis
1609 1945 1813 1995 sancta
1847 1944 2050 1995 Deme-

411 2034 556 2089 trias
581 2031 945 2102 spiritualem
978 2028 1181 2100 sponsi
1203 2028 1359 2084 illius
1381 2028 1676 2099 praeferret
1691 2028 2049 2100 amplexum,

410 2121 503 2178 cui
526 2121 791 2192 specioso
811 2136 923 2191 prae
946 2118 1085 2173 ﬁliis
1107 2118 1414 2172 hominum
1442 2118 1515 2172 ad
1559 2117 1884 2173 habendam
1921 2119 2050 2189 Spi-

409 2211 560 2266 ritus
583 2209 914 2265 uberiorem
947 2207 1498 2272 fecunditatem,nec
1520 2207 1590 2261 ad
1624 2207 2051 2262 admittendam

411 2299 606 2355 carnis
625 2297 1023 2368 integritatem
1037 2295 1293 2366 virgines
1312 2294 1940 2351 nubunt.Nesciremus
1954 2312 2054 2350 au-

412 2393 529 2444 tem
563 2385 1059 2459 quemadmodum
1102 2387 1304 2439 nostra
1335 2382 1435 2438 illa
1465 2387 1607 2438 tunc
1639 2383 1987 2453 exhortatio,
2020 2401 2054 2440 a

410 2476 568 2533 ﬁdeli
597 2481 655 2532 et
672 2473 850 2531 nobili
867 2474 1084 2543 virgine
1107 2472 1316 2528 fuisset
1337 2472 1711 2543 accepta,nisi
1738 2473 1906 2528 nobis
1921 2490 2053 2545 pro-

410 2566 600 2635 fectis,
632 2580 766 2620 cum
790 2567 924 2636 post
953 2561 1257 2634 paululum
1292 2561 1555 2634 professa
1596 2560 1805 2617 fuisset
1834 2561 2050 2617 sancti-

410 2657 668 2713 moniam
700 2654 1066 2726 virginalem,
1102 2653 1211 2707 hoc
1240 2653 1449 2722 ingens
1480 2651 1583 2707 Dei
1614 2653 1857 2717 donum,
1899 2653 2050 2722 quod

409 2763 512 2819 per
541 2762 738 2802 servos
761 2743 1000 2815 quidem
1020 2757 1158 2797 suos
1183 2741 1406 2813 plantat
1435 2745 1493 2796 et
1522 2741 1810 2812 rigat,sed
1839 2757 1939 2812 per
1963 2759 2054 2798 se-

407 2836 604 2905 ipsum
629 2834 1162 2888 datincrementum
1198 2830 1240 2899 (1
1273 2830 1392 2884 Cor.
1415 2831 1524 2900 ιιι),
1565 2829 1733 2885 nobis
1771 2829 2052 2902 operariis

408 2923 766 2996 provenisse,
797 2925 1124 2975 vestrarum
1148 2917 1476 2974 litterarum
1501 2918 1802 2974 laetissimo
1826 2922 2051 2993 nuntio,

407 3018 464 3069 et
493 3010 680 3068 veraci
700 3008 1039 3065 testimonio
1069 3007 1454 3063 disceremus.

405 3159 536 3211 CAP.
572 3153 693 3208 139.
727 3181 796 3191 —-
828 3149 974 3218 Quod
1003 3164 1112 3204 non
1140 3153 1285 3204 erret
1315 3151 1414 3218 qui
1440 3150 1615 3218 ﬁliam
1644 3166 1800 3206 suam
1825 3152 1916 3207 dat
1937 3156 2055 3212 viro

476 3225 699 3281 habenti
743 3222 1122 3296 concubinam.
1181 3221 1265 3274 Ea:
1307 3220 1544 3296 decretis
1594 3221 1782 3277 Leonis
1836 3241 1990 3296 papw
2031 3229 2056 3283 ι

475 3299 656 3369 (epist.
686 3296 777 3365 91,
810 3293 886 3350 ad
916 3294 1197 3348 Rusticum
1223 3292 1390 3362 episc.
1418 3310 1464 3347 c.
1496 3292 1573 3363 4).

475 3423 585 3493 (32,
616 3438 668 3492 q.
699 3421 756 3487 2,
786 3435 834 3474 ε.
894 3419 1011 3474 Non
1041 3416 1265 3487 omnis.)
1297 3417 1424 3472 Non
1456 3418 1648 3472 omnis
1680 3418 1890 3475 mulier
1928 3422 2051 3478 viro

402 3513 606 3583 juncta
628 3525 772 3564 uxor
791 3512 882 3562 est
901 3507 1028 3576 viri,
1053 3505 1190 3576 quia
1217 3522 1321 3561 nec
1350 3507 1541 3561 omnis
1579 3506 1736 3561 filius
1760 3507 1942 3567 haeres
1964 3515 2053 3567 est

406 3597 610 3669 patris.
630 3595 980 3666 Nuptiarum
994 3598 1190 3649 autem
1207 3593 1421 3648 fmdera
1441 3595 1596 3649 inter
1613 3594 1902 3666 ingenuos
1915 3602 2052 3653 sunt

403 3684 686 3755 legitima,
717 3687 774 3738 et
802 3683 954 3737 inter
982 3680 1257 3753 aequales,
1304 3684 1362 3736 et
1393 3681 1573 3736 multo
1629 3683 1791 3754 prius
1829 3685 1938 3740 hoc
1959 3685 2047 3757 ip-

406 3788 574 3844 psum
612 3770 852 3826 Domino
882 3769 1291 3828 conslituente.
1325 3785 1502 3839 quam
1534 3769 1769 3826 initium
1805 3773 2044 3829 Romani

393 3861 550 3931 juris
576 3860 867 3916 existeret.
904 3858 1102 3929 Itaque
1137 3857 1296 3912 aliud
1323 3864 1412 3912 est
1440 3875 1604 3926 uxor,
1637 3858 1796 3915 aliud
1830 3878 2044 3918 concu-

404 3951 570 4016 bina;
595 3949 748 4004 sicut
769 3950 858 4003 est
878 3945 1035 4002 aliud
1062 3944 1290 4011 ancilla,
1317 3944 1479 4000 aliud
1518 3946 1698 4003 libera
1730 3947 1929 4019 (Galat.
1946 3951 2048 4022 IV.)

399 4043 645 4110 Propter
675 4037 831 4108 quod
863 4035 1040 4091 etiam
1079 4033 1397 4105 Apostolus
1445 4035 1516 4090 ad
1548 4037 2046 4095 manifestandam

397 4127 608 4182 harum
623 4140 1006 4199 personarum
1022 4121 1864 4192 discretionem,testimonium
1881 4127 2048 4198 ponit

399 4231 469 4271 ex
497 4214 727 4284 Genesi,
763 4213 869 4268 ubi
919 4212 1135 4267 dicitur
1181 4211 1423 4266 Abrahae
1449 4229 1462 4267 :
1491 4215 1640 4284 Ejice
1679 4216 1949 4271 ancillam
1997 4219 2048 4271 et

399 4304 580 4373 ﬁlium
607 4303 724 4373 ejus
749 4320 768 4358 :
797 4317 909 4356 non
936 4301 1084 4356 enim
1113 4299 1285 4355 heres
1325 4302 1434 4356 erit
1475 4301 1627 4370 ﬁlius
1666 4304 1885 4359 ancillae
1908 4320 2034 4359 cum

399 4391 517 4461 ﬁlio
544 4406 663 4445 meo
692 4393 848 4445 Isaac
873 4389 1023 4458 (Gen.
1058 4387 1216 4458 mi).
1252 4387 1413 4443 Unde
1453 4405 1586 4444 cum
1637 4392 1885 4448 societas
1935 4409 2042 4446 nu-

2662 423 2896 494 epistola
2926 423 3119 478 Leonis
3145 438 3324 494 papa.

2239 520 2349 592 (30,
2383 537 2434 591 q.
2461 521 2516 591 5,
2548 536 2594 576 ο.
2628 520 2864 591 Qualis.)
2899 519 3099 584 Qualis
3123 535 3269 574 uxor
3298 533 3427 574 esse
3451 517 3662 575 debeat
3694 536 3843 592 quas

2166 607 2437 664 habenda
2464 613 2553 664 est
2583 609 2910 664 secundum
2949 606 3160 680 legem.
3212 606 3388 679 Virgo
3436 611 3598 664 casta
3627 612 3686 662 et
3718 607 3841 663 de-

2166 701 2446 766 sponsata
2477 697 2535 752 in
2568 697 2999 768 virginitate,et
3029 698 3228 753 dotata
3260 695 3542 769 legitime,
3576 700 3634 752 et
3655 714 3690 752 a
3717 713 3841 768 pa-

2166 787 2433 842 rentibus
2463 787 2763 855 tradita,et
2782 803 2815 842 a
2831 790 3136 858 sponso,et
3157 803 3191 842 a
3213 785 3641 858 paranymphis
3667 787 3834 842 acci-

2164 874 2464 945 pienda,et
2486 875 2566 930 ita
2586 876 2914 931 secundum
2939 874 3126 947 legem
3151 879 3208 930 et
3230 873 3607 946 Evangelium
3634 873 3842 946 publi-

2163 963 2248 1018 cis
2280 963 2500 1035 nuptiis
2518 963 2766 1020 honeste
2797 964 2856 1019 in
2881 963 3223 1038 conjugium
3255 963 3478 1034 liquide
3509 963 3838 1030 sumenda,

2163 1055 2220 1108 et
2249 1051 2526 1108 omnibus
2556 1052 2765 1108 diebus
2786 1053 2914 1108 vita;
2945 1053 3084 1120 (nisi
3131 1069 3200 1108 ex
3243 1069 3532 1108 consensu
3557 1057 3615 1108 et
3645 1069 3840 1108 causa

2163 1141 2856 1212 vacandiDeo)nunquam
2880 1147 3120 1213 propter
3133 1141 3435 1197 hominem
3459 1141 3826 1212 separanda,

2162 1234 2220 1285 et
2239 1230 2286 1284 si
2311 1229 2595 1286 fornicata
2620 1230 3219 1299 fueritdemittenda;
3265 1231 3390 1298 sed,
3428 1229 3530 1286 illa
3567 1229 3833 1301 vivente,

2163 1318 2344 1374 altera
2374 1335 2488 1375 non
2520 1319 2810 1386 ducenda,
2843 1319 2983 1390 quia
3012 1319 3265 1376 adulteri
3286 1335 3519 1391 regnum
3562 1319 3663 1375 Dei
3710 1335 3834 1375 non

2160 1407 2515 1480 possidebunt
2544 1408 2592 1479 (1
2613 1408 2734 1465 Cor.
2766 1409 2867 1481 γι),
2901 1412 2960 1464 et
2989 1407 3329 1480 poenitentia
3347 1407 3508 1463 illius
3536 1423 3644 1480 per
3665 1409 3829 1464 Scri-

2163 1501 2371 1569 pturas
2405 1497 2754 1568 recipienda.

2161 1613 2295 1669 CAP.
2334 1614 2454 1668 141.
2484 1644 2554 1654 -
2587 1615 2653 1671 Ut
2685 1615 2877 1669 nullus
2921 1615 3106 1670 oculte
3150 1617 3374 1685 nuptias
3422 1613 3682 1671 celebret.
3740 1613 3831 1667 Ea:

2352 1688 2554 1741 decret.
2588 1686 2888 1740 Hormisdae
2911 1700 3096 1756 papae,
3117 1702 3235 1757 cap.
3261 1687 3297 1740 6
3327 1686 3414 1754 (in
3441 1686 3613 1756 frag.)

2231 1783 2341 1853 (30,
2373 1800 2424 1854 q.
2452 1784 2506 1850 5,
2539 1799 2585 1838 τ’.
2618 1783 2858 1854 Nullus.)
2893 1782 2962 1838 Ut
2992 1782 3192 1839 nullus
3223 1783 3437 1853 ﬁdelis,
3494 1783 3826 1854 cujuscun-

2161 1888 2273 1943 que
2302 1871 2652 1928 conditionis
2684 1872 2779 1939 sit,
2812 1873 3038 1927 occulte
3061 1872 3303 1944 nuptias
3331 1872 3507 1928 faciat
3536 1889 3550 1939 ;
3589 1871 3694 1927 sed
3718 1872 3823 1927 be-

2161 1961 2490 2016 nedictione
2520 1977 2552 2016 a
2583 1961 2884 2017 sacerdote
2925 1968 3180 2033 accepta,
3231 1961 3464 2033 publice
3513 1963 3702 2016 nubat
3754 1959 3815 2015 in

2161 2049 2425 2105 Domino.

2160 2169 2293 2220 CAP.
2327 2165 2447 2221 142.
2479 2195 2551 2206 -
2581 2165 2695 2232 Quo
2749 2173 2984 2237 tempore
3022 2168 3242 2236 nuptiae
3287 2165 3630 2221 celebrandae
3672 2167 3817 2222 sint.

2565 2238 2648 2290 Ex
2675 2251 2824 2292 conc.
2864 2237 3154 2306 Ilerdensi,
3186 2255 3305 2308 cap.
3339 2238 3391 2293 3.

2232 2323 2344 2394 (33,
2377 2341 2429 2394 q.
2465 2325 2516 2391 4,
2551 2341 2598 2380 c.
2630 2327 2754 2380 Non
2801 2327 3052 2396 oportet).
3105 2326 3268 2389 Quod
3319 2343 3432 2381 non
3484 2329 3758 2397 oporteat
3787 2342 3824 2381 a

2162 2411 2611 2485 Septuagesima
2645 2428 2832 2485 usque
2863 2414 2922 2469 in
2955 2418 3190 2469 octavas
3224 2414 3482 2479 Paschae,
3523 2419 3583 2469 et
3624 2415 3821 2470 tribus

2164 2501 2629 2557 hebdomadibus
2654 2507 2791 2557 ante
2822 2502 3199 2558 festivitatem
3225 2503 3701 2558 sanctisJoannis
3719 2504 3825 2558 Ba-

2162 2591 2356 2662 ptistae
2385 2591 2543 2646 etab
2572 2592 2832 2646 Adventu
2871 2591 3099 2645 Domini
3153 2608 3341 2662 usque
3381 2595 3515 2662 post
3557 2591 3822 2664 Epipha-

2162 2679 2322 2735 niam
2357 2680 2586 2751 nuptias
2618 2679 2932 2735 celebrare.
2969 2679 3130 2745 Quod
3157 2680 3207 2735 si
3236 2679 3448 2735 factum
3483 2679 3682 2750 fuerit,
3725 2695 3820 2734 se-

2163 2773 2467 2840 parentur.

2159 2887 2292 2939 CAP.
2310 2884 2430 2938 143.
2449 2914 2517 2924 -
2537 2882 2791 2951 Qualiter
2813 2883 3204 2939 henedicantur
3228 2901 3259 2938 a
3281 2883 3561 2939 sacerdote
3581 2883 3814 2938 nuben-

2233 2960 2330 3010 tes.
2382 2957 2464 3010 Ea:
2519 2955 2753 3010 concilio
2805 2956 2950 3025 apud
3010 2958 3316 3022 Valentius,
3365 2972 3484 3026 cap.
3541 2955 3630 3010 101
3690 2955 3815 3025 (sub

2229 3028 2391 3082 Joan.
2423 3030 2476 3094 1,
2503 3027 2564 3081 in
2593 3028 2918 3097 fragmentis
2948 3030 2999 3082 et
3031 3027 3226 3082 σαν-ἰὴ.
3259 3043 3334 3094 1v,
3367 3042 3415 3082 c.
3450 3027 3558 3092 13).

2232 3124 2394 3195 (Dist.
2423 3124 2513 3191 23,
2553 3139 2601 3179 c.
2649 3123 2935 3194 Sponsus.)
2987 3125 3253 3196 Sponsus
3302 3128 3359 3179 et
3405 3140 3624 3194 sponsa
3671 3139 3813 3178 cum

2165 3211 2543 3267 benedicendi
2574 3215 2715 3266 sunt
2737 3229 2771 3266 a
2800 3213 3120 3280 sacerdote,
3153 3229 3188 3268 a
3217 3211 3560 3284 parentibus
3586 3211 3674 3267 vel
3707 3228 3810 3283 pa-

2163 3299 2504 3372 ranymphis
2527 3299 2586 3354 in
2613 3299 2863 3356 ecclesia
2895 3301 3182 3356 sacerdoti
3215 3300 3556 3366 oﬂ‘erentur,
3586 3307 3640 3355 et
3674 3315 3813 3355 cum

2163 3388 2626 3444 benedictionem
2663 3389 3016 3460 acceperint,
3048 3389 3253 3445 eadem
3298 3394 3467 3444 nocte
3499 3405 3602 3461 pro
3651 3403 3811 3444 reve-

2163 3477 2352 3532 rentia
2380 3477 2568 3548 ipsius
2609 3476 3032 3534 benedictionis
3077 3478 3134 3533 in
3190 3477 3528 3550 virginitate
3578 3494 3810 3549 perma-

2162 3571 2356 3622 neant.

2160 3687 2291 3738 CAP.
2328 3684 2450 3738 144.
2483 3713 2552 3724 -
2585 3685 2647 3740 Ut
2675 3683 2893 3738 nullum
2924 3684 3250 3754 conjugium
3272 3685 3397 3738 sine
3424 3683 3552 3738 dote
3580 3682 3694 3752 ﬁat.
3725 3687 3812 3739 Bx

2390 3771 2538 3810 conc.
2572 3757 2883 3810 Arelatensi
2911 3771 2996 3823 ιιι,
3020 3753 3143 3822 cap.
3175 3756 3208 3806 7
3248 3756 3332 3825 (In
3347 3753 3576 3825 fragm.)

2229 3842 2341 3914 (30,
2401 3860 2452 3914 q.
2496 3845 2552 3913 5,
2608 3859 2655 3898 c.
2713 3843 2985 3914 Nullum.)
3042 3842 3281 3898 Nullum
3341 3844 3468 3898 sine
3515 3843 3648 3898 dote
3705 3843 3808 3898 fiat

2155 3932 2528 4002 conjugium;
2554 3933 2725 4002 juxta
2746 3931 3197 4002 possibilitatem
3236 3932 3338 3986 fiat
3363 3931 3490 4001 dos,
3527 3947 3633 3986 nec
3677 3932 3808 3989 sine

2157 4019 2406 4090 publicis
2437 4019 2659 4090 nuptiis
2684 4019 3002 4091 quisquam
3034 4019 3257 4076 nubere
3286 4020 3374 4076 vel
3406 4035 3645 4076 uxorem
3696 4021 3806 4075 du-

2155 4123 2281 4162 cere
2314 4112 2652 4178 praesumat.

2153 4224 2285 4277 CAP.
2319 4222 2439 4296 145.
2463 4254 2530 4296 έ-
2565 4223 2884 4296 Utsponsus
2912 4228 2963 4279 et
2991 4240 3194 4296 sponsa
3223 4229 3355 4296 ante
3395 4224 3622 4296 nuptias
3653 4241 3687 4279 a
3710 4240 3804 4279 sa-

2223 4293 2436 4419 :erdoée
2479 4293 2886 4352 benedicuntur.
2938 4293 3031 4351 E35
3061 4296 3292 4351 decretis
3322 4295 3568 4352 Sotheris
3619 4311 3801 4367 papae,

2255 4381 2342 4419 ao.
2419 4401 2430 4414 .

2255 4381 2342 4435 ap.
2375 4381 2430 4419 ο.

401 4451 654 4550 ptiarum
676 4478 840 4532 itaab
861 4451 1028 4531 initio
1047 4451 1369 4532 constituta
1392 4477 1562 4545 sit,ut
1581 4483 2040 4551 prietersexuum
2073 4466 2120 4531 Ι)
2200 4451 2297 4551 μί
2325 4470 2579 4526 sponsus
2609 4471 2674 4510 ³ο
2706 4471 2925 4526 Sponsa
2951 4469 3085 4511 cum
3135 4455 3406 4528 Precibus
3450 4460 3506 4511 et
3559 4454 3805 4512 οωδίίο·

403 4566 878 4636 conjunctionem
911 4565 1222 4621 haberetin
1243 4582 1305 4621 se
1327 4565 1541 4622 Christi
1577 4572 1634 4622 et
1671 4568 1927 4624 ecclesiae
1951 4586 2044 4624 sa-

403 4658 770 4711 cramentum
814 4655 1032 4725 (Ephes.
1082 4654 1170 4724 v);
1205 4653 1452 4709 dubium
1485 4672 1600 4710 non
1630 4660 1720 4710 est
1749 4673 1877 4710 eam
1912 4673 2044 4711 mu-

403 4743 607 4800 lierem
628 4758 746 4798 non
764 4741 1055 4814 pertinere
1079 4745 1149 4797 ad
1167 4743 1634 4813 matrimonium,
1660 4745 1718 4798 in
1741 4761 1854 4814 qua
1873 4745 2044 4800 doce-

404 4838 503 4889 tur
531 4831 791 4904 nuptiale
821 4849 936 4887 non
964 4831 2046 4903 fuissemysterium.lgiturcujuslibet

404 4922 515 4978 loci
536 4921 723 4977 laicus
772 4920 1066 4991 [clericus,
1124 4920 1288 4991 orig]
1319 4919 1367 4974 si
1393 4919 1571 4973 filiam
1596 4936 1765 4975 suam
1788 4921 1906 4977 viro
1938 4922 2045 4978 ha-

404 5010 564 5066 benti
596 5009 972 5066 concubinam
997 5008 1056 5063 in
1083 5006 1524 5063 matrimonium
1549 5008 1797 5076 dederit,
1829 5027 1942 5066 non
1964 5010 2048 5067 ita

403 5099 808 5170 accipiendum
839 5096 1126 5168 est,quasi
1166 5113 1294 5151 eam
1327 5097 1641 5166 conjugato
1676 5099 2047 5166 dederit,nisi

403 5187 552 5243 forte
575 5185 674 5240 illa
696 5184 908 5241 mulier
925 5189 982 5239 et
1002 5183 1262 5255 ingenua
1284 5183 1519 5252 facta,et
1548 5185 1747 5242 dotata
1763 5187 2042 5259 legitime,

404 5280 462 5331 et
491 5274 744 5347 publicis
775 5271 999 5344 nuptiis
1025 5271 1338 5328 honestata
1357 5272 1645 5342 videatur;
1666 5275 1766 5345 qui
1803 5279 2045 5346 paterno

399 5363 643 5419 arbitrio
665 5361 805 5417 viris
849 5361 1178 5430 conjunctae
1219 5367 1421 5416 carent
1446 5361 1639 5433 culpa,
1662 5361 1712 5418 si
1743 5364 2043 5434 mulieres,

404 5466 532 5521 quas
562 5467 596 5506 a
623 5449 762 5506 viris
796 5447 1186 5517 habebantur,
1208 5447 1267 5503 in
1292 5448 1668 5506 matrimonio
1691 5466 1807 5506 non
1827 5451 2046 5509 fuerint

406 5537 546 5610 quia
572 5537 733 5594 aliud
764 5539 851 5592 est
883 5539 1086 5608 nupta,
1115 5535 1276 5593 aliud
1304 5537 1656 5594 concubina.

2155 4549 2329 4606 nibus
2361 4552 2714 4608 asacerdote
2747 4551 3171 4608 henedicantur
3204 4571 3217 4608 :
3250 4557 3307 4608 et
3353 4553 3582 4624 legibus
3631 4569 3806 4624 spon-

2153 4643 2315 4693 setur
2345 4655 2410 4694 ac
2440 4640 2710 4708 donetur,
2731 4645 2836 4697 eta
2860 4641 3281 4714 paranymphis
3322 4642 3709 4708 custodiatur,
3743 4647 3803 4698 et

2155 4726 2385 4798 publice
2415 4727 2870 4801 solemniterque
2897 4730 3239 4802 accipiatur.
3290 4730 3475 4784 Biduo
3526 4730 3700 4785 etiam
3735 4747 3800 4786 ac

2152 4815 2347 4871 triduo
2381 4832 2443 4870 se
2493 4817 2849 4887 abstineant,
2896 4826 2954 4873 et
3001 4820 3322 4873 doceantur
3354 4823 3417 4873 ut
3467 4819 3798 4875 castitatem

2153 4904 2304 4958 inter
2335 4919 2397 4959 se
2427 4905 2784 4976 custodiant,
2817 4907 3105 4976 certisque
3146 4907 3512 4977 temporibus
3554 4907 3798 4977 nubant,

2154 5002 2215 5048 ut
2247 4994 2396 5050 filios
2428 5011 2542 5050 non
2572 4997 2823 5068 spurios,
2859 4997 2958 5052 sed
2983 4995 3409 5052 hazreditarios.
3449 4997 3572 5054 Deo
3603 5003 3662 5054 et
3698 5015 3802 5054 saa-

2152 5083 2282 5138 culo
2309 5088 2610 5155 generent.

2153 5198 2284 5254 CAP.
2321 5199 2516 5253 146.--
2564 5199 2637 5270 De
2664 5199 3104 5270 primigconjugii
3137 5200 3536 5257 benedictione.
3570 5203 3652 5255 Ex
3673 5216 3804 5255 con-

2577 5268 2710 5324 cilio
2734 5268 3146 5337 Mediolanensi,
3169 5287 3296 5342 cap.
3316 5275 3372 5326 2.

2225 5366 2289 5418 In
2321 5363 2510 5434 primo
2543 5365 2815 5437 conjugio
2836 5367 3007 5422 debet
3037 5367 3340 5438 presbyter
3364 5367 3608 5422 missam
3634 5382 3800 5439 agere

2153 5454 2211 5507 et
2241 5451 2582 5508 benedicere
2612 5454 2842 5523 ambos,
2894 5460 2950 5511 et
2973 5458 3180 5528 postea
3227 5472 3290 5511 se
3339 5455 3679 5511 abstineant
3732 5457 3799 5512 ab

2153 5539 2401 5598 ecclesia
2428 5541 2499 5596 3O
2528 5541 2753 5600 diebus.
