3994 6052
192 308 299 363 617

1111 303 1425 359 DECRETI
1461 300 1647 354 PARS
1684 296 1831 350 VIII.
1865 323 1934 334 —-
1957 295 2054 349 DE
2091 292 2491 366 CONJUGIIS,
2530 299 2690 352 ETC.

3501 299 3610 358 618

257 432 391 488 CAP.
427 428 549 485 147.
580 460 647 470 -
681 427 834 497 Quod
865 427 950 483 vir
978 425 1162 498 ﬁdelis
1192 442 1224 480 a
1253 424 1486 479 muliere
1515 420 1731 492 infideli
1758 435 1843 474 se-
1872 417 1926 487 Α
1956 417 2362 476 fornicationis
2393 437 2573 477 causa
2610 419 2749 476 licet
2781 437 3019 477 uxorem
3055 420 3378 481 adulteram
3411 425 3606 482 dimit-

728 501 931 572 parari
955 514 1067 555 non
1096 498 1307 555 debeat.

258 590 576 665 Apostolus
623 588 769 645 dicit
820 605 832 643 :
885 586 945 643 Si
994 589 1116 659 quis
1170 589 1353 659 frater
1404 599 1634 640 uxorem
1682 580 1846 637 habet

189 683 482 753 inﬁdelem,
509 688 565 735 et
611 679 731 736 haec
780 678 1055 733 consentit
1102 675 1354 731 habitare
1404 689 1529 728 cum
1578 672 1700 739 illo,
1734 686 1843 725 non

190 772 432 828 dimittat
461 770 644 824 illam.
677 769 752 823 Et
781 768 832 823 si
860 783 969 839 qua
998 766 1203 821 mulier
1234 765 1393 820 habet
1422 764 1606 817 virum
1642 759 1842 830 infide-

191 864 313 931 lem,
345 865 399 917 et
431 860 521 915 hic
548 859 819 915 consentit
859 856 1112 912 habitare
1139 870 1266 909 cum
1304 854 1427 921 illa,
1461 868 1570 908 non
1602 850 1848 905 dimittat

188 953 388 1008 virum.
416 947 799 1019 Sanctificatus
831 945 978 1001 enim
1010 944 1101 998 vir
1123 946 1234 999 erit
1262 942 1501 1013 inﬁdelis
1524 943 1584 997 in
1609 940 1845 994 muliere

185 1040 357 1112 ﬁdeli,
385 1042 437 1095 et
486 1036 831 1106 sanctiﬁcata
861 1036 968 1091 erit
1011 1032 1218 1088 mulier
1246 1031 1491 1101 inﬁdelis
1533 1046 1633 1102 per
1658 1031 1843 1085 virum

184 1129 400 1202 ﬁdelem
434 1128 475 1197 (1
508 1125 630 1182 Cor.
664 1124 767 1196 v1).

184 1219 315 1275 CAP.
346 1217 468 1272 148.
484 1246 552 1256 -
577 1216 638 1272 Ut
663 1215 724 1269 in
746 1212 1189 1269 Christianorum
1209 1210 1422 1282 nuptiis
1447 1224 1557 1282 non
1583 1209 1837 1264 saltatur.

510 1290 595 1343 Ea:
623 1285 857 1342 concilio
887 1284 1231 1347 Laodicensi,
1263 1281 1385 1353 cap.
1415 1281 1506 1335 53.

259 1378 419 1441 Quod
454 1393 570 1432 non
603 1378 870 1447 oporteat
890 1372 1255 1428 Christianos
1284 1375 1489 1426 euntes
1511 1369 1580 1424 ad
1607 1369 1843 1440 nuptias

188 1466 466 1539 plaudere
486 1464 574 1520 vel
606 1463 820 1520 saltare
840 1457 1449 1536 [βαλλίζειν,ονί9ἱη.],
1475 1459 1577 1513 sed
1607 1473 1843 1512 venera-

190 1555 387 1612 biliter
411 1569 638 1610 orauere
661 1552 750 1608 vel
771 1552 1079 1622 prandere,
1099 1549 1250 1605 sicut
1269 1547 1632 1603 Christianos
1657 1548 1839 1602 decet.

188 1656 324 1711 CAP.
359 1653 570 1708 149.--
602 1651 665 1708 Ut
713 1649 941 1706 viduam
993 1663 1155 1703 nemo
1204 1649 1425 1717 furetur
1478 1647 1540 1699 in
1588 1661 1838 1701 uxorem.

260 1724 554 1867 Greiq)o)rius
619 1722 762 1777 dicit
820 1724 1007 1792 (conc.
1069 1720 1225 1775 Rom.
1281 1735 1334 1784 1,
1389 1719 1487 1773 sub
1545 1721 1707 1786 Greg.
1768 1717 1840 1784 ll,

260 1804 307 1853 it.
446 1839 459 1852 .

481 1883 537 1952 3,
560 1898 608 1938 c.
632 1882 695 1938 Si
725 1881 894 1953 quis.)
914 1880 974 1936 Si
997 1879 1133 1952 quis
1153 1879 1389 1935 viduam
1415 1878 1644 1933 furatus
1666 1877 1842 1933 fuerit

190 1975 250 2030 in
301 1989 563 2042 uxorem,
598 1971 687 2027 vel
740 1970 1115 2027 consentiens
1163 1968 1238 2033 ei,
1279 1967 1596 2024 anathema
1643 1968 1740 2023 sit.
1774 1966 1842 2021 Et

188 2064 618 2136 responderunt
650 2078 855 2117 omnes
884 2060 1054 2117 tertio
1081 2076 1095 2115 :
1120 2060 1446 2115 Anathema
1475 2060 1550 2115 sit
1574 2059 1586 2113 l

187 2156 321 2212 CAP.
355 2154 479 2209 150.
503 2184 572 2193 -—
603 2153 669 2209 Ut
701 2151 971 2222 virginem
1014 2165 1174 2222 nemo
1214 2150 1441 2221 furetur
1484 2150 1546 2203 in
1586 2163 1838 2204 uxorem.

801 2224 935 2278 Item
964 2221 1231 2292 ejusdem.

265 2314 323 2370 Si
357 2312 493 2384 quis
521 2311 807 2384 virginem
841 2310 956 2366 nisi
982 2310 1447 2382 desponeaverit,
1468 2310 1695 2365 furatus
1726 2310 1846 2363 fue-

193 2403 269 2459 rit
298 2403 357 2458 in
390 2418 653 2465 uxorem,
678 2399 766 2455 vel
798 2400 1178 2456 consentiens
1208 2400 1283 2464 ei,
1308 2398 1625 2454 anathema
1655 2398 1753 2455 sit.
1776 2398 1848 2453 Et

194 2492 627 2564 responderunt
655 2506 863 2545 omnes
901 2489 1070 2544 tertio
1103 2485 1118 2542 ξ
1151 2487 1485 2544 Anathema
1512 2488 1590 2542 sit
1617 2487 1628 2541 l

194 2591 329 2647 CAP.
364 2590 489 2644 151.
513 2619 582 2629 ——
606 2589 679 2643 De
702 2586 922 2656 virgine
950 2588 1035 2643 vel
1062 2586 1231 2641 vidua
1259 2588 1476 2653 furata.
1504 2587 1589 2639 Ea:
1618 2582 1850 2640 decretis

412 2660 634 2716 Eusebii
668 2674 854 2731 papae.
886 2675 1013 2730 cap.
1052 2659 1117 2712 10
1146 2659 1334 2727 (ibid.,
1368 2673 1487 2727 cap.
1524 2656 1632 2726 11).

270 2750 330 2805 Si
378 2748 513 2821 quis
562 2748 850 2820 virginem
881 2747 969 2802 vel
1020 2747 1257 2801 viduam
1309 2747 1538 2800 furatus
1586 2744 1761 2799 fuerit
1790 2742 1850 2796 in

204 2854 470 2904 uxorem,
493 2836 608 2893 nisi
639 2855 673 2892 a
703 2853 766 2892 se
796 2838 1235 2908 desponsatam,
1266 2834 1582 2890 anathema
1612 2832 1708 2888 sit.

196 2938 333 2992 CAP.
372 2934 586 2989 152.—
640 2935 710 2988 De
756 2932 1066 3001 virginibus
1120 2945 1247 3000 quae
1301 2930 1676 3001 virginitatem
1722 2931 1857 2983 ante

270 3007 497 3077 nuptias
527 3021 639 3060 non
686 3005 1068 3077 custodierint.
1101 3007 1188 3059 Ea:
1234 3001 1468 3058 concilio
1516 3001 1854 3056 Eliberitano

271 3076 393 3149 cap.
425 3078 461 3131 5
490 3077 633 3149 (cap.
672 3076 778 3147 14).

1954 511 2105 577 tere;
2139 509 2239 563 sed
2276 508 2376 565 illa
2405 509 2653 581 vivente,
2683 526 2798 565 non
2828 509 2966 565 licet
2992 508 3236 566 alteram
3269 512 3502 571 ducere.

1954 598 2086 654 CAP.
2124 598 2245 651 154.
2278 629 2344 638 -
2397 598 2470 652 De
2517 598 2636 653 illis
2683 600 2779 668 qui
2826 602 2952 653 ante
2996 599 3220 669 nuptias
3267 602 3608 660 concubinas

2022 669 2360 809 gquerunt.
2418 671 2552 724 Item
2616 671 2954 740 Augustinus
3010 670 3195 742 (serm.
3245 672 3310 728 de
3365 676 3609 746 tempore

2025 828 2205 893 Quale
2236 832 2344 898 est,
2374 829 2527 900 quod
2564 827 2732 883 multi
2768 828 3024 884 virorum
3050 833 3183 886 ante
3208 831 3447 906 nuptias
3478 850 3609 890 con-

1953 916 2199 973 cubinas
2232 916 2343 973 sibi
2386 917 2683 974 adhairere
2733 935 2846 973 non
2898 918 3275 989 erubescunt,
3301 939 3445 994 quas
3478 928 3610 994 post

1952 1006 2175 1079 aliquot
2220 1023 2407 1063 annos
2457 1007 2786 1077 dimittunt,
2821 1012 2877 1063 et
2925 1008 3008 1064 sic
3060 1012 3263 1081 postea
3308 1010 3606 1083 legitimas

1952 1113 2161 1152 uxores
2201 1097 2522 1167 accipiunt.
2555 1098 2726 1153 Paulo
2770 1105 2910 1168 post.
2944 1097 3108 1155 Unde
3158 1114 3355 1155 coram
3408 1102 3519 1156 Deo
3551 1106 3608 1157 et

1951 1202 2143 1242 coram
2176 1184 2399 1258 angelis
2422 1187 2551 1258 ejus
2581 1190 2879 1241 contestor
2901 1190 3074 1258 atque
3093 1188 3394 1256 denuntio,
3419 1189 3600 1247 Deum

1951 1280 2008 1330 et
2026 1275 2137 1331 ista
2154 1291 2388 1347 semper
2405 1275 2865 1347 probihuisse,et
2889 1293 3191 1348 nunquam
3215 1278 3266 1333 ei
3287 1277 3603 1352 placuisse,

1953 1364 2091 1436 quia
2121 1365 2409 1436 praecipue
2440 1366 2808 1437 temporibus
2837 1364 3210 1435 Christianis,
3243 1358 3604 1425 concubinae

1952 1453 2165 1509 habere
2196 1470 2498 1525 nunquam
2532 1453 2721 1522 licuit,
2756 1458 2813 1510 et
2845 1470 3152 1527 nunquam
3184 1456 3402 1513 licebit.

1985 1545 2120 1600 CAP.
2157 1544 2278 1598 155.
2313 1574 2381 1584 -—
2408 1548 2548 1601 Item
2578 1543 2645 1599 de
2680 1544 3023 1600 concubinis.
3050 1546 3134 1599 Ea:
3162 1546 3401 1602 concilio
3430 1548 3565 1603 Area-

2517 1617 2742 1683 tatensi,
2783 1632 2905 1688 cap.
2942 1617 3030 1671 15.

2019 1702 2174 1759 Nulli
2206 1702 2381 1760 liceat
2403 1703 2522 1761 ullo
2546 1708 2809 1777 tempore
2832 1707 2979 1761 duae
3001 1722 3210 1762 uxores
3239 1706 3475 1779 habere,
3499 1709 3600 1765 sed

1874 1794 1918 1859 Β
1950 1808 2140 1863 neque
2174 1809 2435 1865 unquam
2470 1794 2882 1850 concubinam.

1951 1882 2083 1954 CAP.
2121 1882 2240 1954 156.
2276 1913 2342 1924 —
2373 1884 2447 1937 De
2475 1882 2714 1948 ancilla,
2748 1887 2936 1937 utrum
2979 1883 3204 1954 proprie
3248 1884 3469 1941 domino
3499 1902 3601 1942 suo

2023 1953 2431 2097 fqgitrimamﬁqri
2452 1955 2644 2026 possit.
2668 1956 2750 2009 Ea:
2779 1953 3018 2011 decretis
3032 1953 3183 2013 Julii
3208 1971 3397 2028 papa,
3417 1974 3537 2029 cap.
3565 1959 3598 2012 4

2070 2042 2107 2078 η
2161 2042 2257 2096 rag
2322 2068 2335 2080 .

2048 2041 2107 2078 in
2134 2041 2335 2096 fragm.

2025 2114 2136 2185 (29,
2158 2131 2211 2185 q.
2234 2115 2288 2184 2,
2310 2114 2371 2169 Si
2399 2116 2524 2186 quis
2550 2116 2864 2187 ancillam.)
2884 2115 2939 2171 Si
2972 2116 3107 2187 quis
3131 2116 3406 2173 ancillam
3432 2134 3603 2174 suam

1954 2202 2223 2259 libertate
2254 2205 2580 2275 donaverit,
2613 2212 2671 2261 et
2701 2205 2761 2261 in
2793 2206 3172 2261 matrimonio
3203 2206 3315 2261 sibi
3348 2207 3606 2262 sociave-

1955 2293 2053 2360 rit,
2087 2293 2474 2349 dubitabatur
2521 2296 2677 2366 apud
2711 2295 2999 2365 quosdam
3032 2304 3228 2350 utrum
3265 2295 3609 2365 hujusmodi

1956 2381 2177 2453 nuptiae
2209 2381 2485 2454 legitime:
2531 2400 2661 2438 esse
2710 2383 3040 2449 videantur,
3072 2400 3143 2437 an
3182 2400 3319 2438 non.
3352 2384 3469 2439 Nos
3500 2384 3611 2438 ita-

1957 2486 2073 2540 que
2100 2474 2395 2526 vetustam
2437 2472 2885 2544 ambiguitatem
2919 2472 3277 2539 decidentes,
3299 2471 3442 2527 talia
3471 2489 3614 2527 con-

1959 2558 2142 2614 nubia
2171 2559 2433 2631 legitima
2464 2576 2593 2616 esse
2626 2561 2990 2616 censuimus.
3023 2560 3078 2614 Si
3112 2561 3269 2615 enim
3304 2576 3373 2615 ex
3404 2560 3614 2616 all‘ectu

1960 2647 2112 2702 ﬁunt
2132 2664 2334 2702 omnes
2358 2650 2596 2720 nuptiae,
2616 2654 2673 2704 et
2695 2649 2842 2704 nihil
2874 2649 3121 2720 impium
3146 2654 3204 2705 et
3223 2648 3454 2720 legibus
3475 2665 3614 2705 con-

1960 2736 2207 2791 trarium
2240 2736 2299 2791 in
2332 2738 2432 2792 tali
2462 2737 2834 2809 copulatione
2862 2737 2983 2792 ﬁeri
3017 2743 3228 2809 potest,
3252 2754 3433 2810 quare
3465 2755 3613 2810 pra:-

1964 2825 2150 2880 dictas
2181 2826 2421 2897 nuptias
2451 2826 2803 2883 inhibendae
2826 2826 3394 2882 existimaverimus?
3415 2827 3617 2882 Omni-
3668 2890 3673 2891 ί

1964 2914 2076 2968 bus
2114 2914 2278 2970 vobis
2329 2930 2483 2971 unus
2530 2921 2619 2971 est
2669 2916 2833 2971 Pater
2882 2914 2941 2970 in
2993 2916 3157 2971 ccelis
3189 2916 3395 2986 (Matth.
3427 2917 3528 2989 γι),
3562 2921 3621 2972 et

1965 3004 2379 3075 unusquisque
2400 3004 2565 3060 dives
2587 3008 2644 3060 et
2666 3020 2909 3075 pauper,
2932 3003 3083 3059 liber
3102 3010 3159 3059 et
3180 3021 3405 3073 servus,
3425 3022 3620 3074 mqua-

1969 3090 2102 3147 liter
2136 3109 2236 3165 pro
2267 3109 2330 3149 se
2358 3097 2416 3149 et
2455 3110 2559 3165 pro
2591 3094 2905 3149 animabus
2935 3109 3139 3149 eorum
3191 3093 3474 3150 rationem
3515 3096 3622 3149 da-

283 3165 551 3238 νῑτείοεε
583 3181 711 3236 qua
742 3162 1138 3254 νῖῗὲίοίίεξίὲω
1192 3179 1362 3254 893m
1407 3178 1525 3254 τιορ
1566 3160 1856 3218 θυδίοάίθ⁶
1889 3161 1933 3229 C
1972 3181 2085 3235 turi
2127 3160 2285 3237 sunt.
2320 3160 2682 3253 Quapropter
2727 3198 2931 3238 omnes
2979 3183 3387 3254 cujuscunque
3418 3183 3621 3237 condi-

216 3255 357 3322 rint,
380 3254 430 3311 si
450 3254 687 3310 eosdem
711 3253 812 3324 qui
848 3270 945 3308 eas
967 3252 1331 3319 violaverint,
1356 3251 1601 3307 maritos
1623 3266 1859 3321 accepe-

212 3345 350 3413 rint,
370 3361 435 3398 eo
454 3344 605 3416 quod
628 3343 785 3399 solas
804 3342 1039 3412 nuptias
1058 3341 1423 3409 violaverint,
1440 3345 1572 3413 post
1588 3340 1866 3412 paeniten-

210 3435 357 3489 tiam
383 3432 565 3487 unius
588 3432 726 3487 anni
753 3429 1219 3487 reconcilientur.
1240 3429 1297 3485 Si
1320 3428 1465 3485 alios
1490 3428 1868 3500 cognoverint

209 3522 388 3591 viros,
414 3536 481 3576 eo
512 3520 663 3592 quod
708 3518 1013 3575 mmchatte
1063 3518 1204 3584 sint,
1239 3517 1644 3589 quinquennio
1680 3516 1863 3588 paeni-

211 3614 397 3679 teant,
432 3612 486 3664 et
518 3607 602 3664 sic
633 3608 705 3663 ad
737 3606 1215 3663 communionem
1249 3607 1547 3662 accedant.

260 3707 399 3763 CAP.
434 3707 556 3762 153.
590 3736 659 3746 ——
689 3705 840 3774 Quod
865 3704 1013 3760 nulli
1043 3704 1210 3760 liceat
1238 3704 1597 3761 concubinam
1626 3704 1826 3760 habere

470 3780 552 3834 Ea:
578 3777 739 3834 dictis
769 3777 1068 3846 Augustini
1095 3777 1214 3848 (lib.
1249 3794 1298 3842 L,
1331 3776 1475 3832 hom.
1507 3776 1617 3847 49).

290 3868 450 3940 (Dist.
484 3868 573 3937 34,
605 3882 652 3922 c.
685 3866 930 3936 Audite.)
959 3865 1192 3933 Audite,
1227 3864 1584 3931 charissimi,
1605 3864 1873 3920 membra

217 3956 437 4014 Christi
467 3960 526 4011 et
557 3956 766 4010 matris
798 3953 1097 4010 catholica:
1121 3954 1388 4010 Ecclesia:
1410 3953 1533 4009 ﬁlii.
1553 3954 1717 4018 Quod
1739 3953 1870 4008 dico

218 4044 977 4118 competentibus,audiant
998 4043 1218 4100 ﬁdeles.
1240 4042 1401 4107 Quod
1426 4043 1553 4099 dico
1577 4041 1869 4111 ﬁdelibus,

218 4135 468 4192 audiant
498 4135 921 4205 competentes.
955 4132 1118 4197 Quod
1149 4132 1277 4188 dico
1318 4131 1591 4187 ﬁdelibus
1621 4136 1678 4187 et
1707 4147 1871 4186 com-

219 4224 556 4299 petentibus
573 4228 629 4277 et
653 4220 1097 4293 paenitentibus,
1112 4221 1356 4277 audiant
1373 4228 1430 4276 et
1445 4220 1869 4287 catechumeni,

219 4312 469 4370 audiant
519 4326 745 4378 omnes,
779 4310 1053 4374 timeant,
1085 4316 1142 4365 et
1173 4325 1344 4364 nemo
1393 4313 1749 4365 contemnat.
1785 4308 1874 4364 Sit

221 4401 375 4457 mihi
407 4400 467 4455 in
498 4397 963 4455 consolationem
993 4401 1183 4453 vester
1213 4396 1467 4467 auditus,
1501 4412 1573 4452 ne
1603 4396 1766 4451 vobis
1797 4397 1875 4451 sit

219 4490 284 4545 in
318 4488 719 4546 testimonium
751 4487 918 4543 dolor
960 4503 1147 4547 meus.
1181 4486 1663 4557 Campetentibue
1693 4485 1822 4542 dico
1854 4502 1870 4543 :

222 4576 524 4634 Fornicari
554 4576 722 4632 vobis
766 4592 881 4631 non
913 4574 1070 4642 licet,
1103 4574 1404 4630 sufﬁciant
1432 4575 1598 4631 vobis
1630 4592 1873 4645 uxores;

218 4666 587 4723 concubinae
610 4666 778 4721 vobis
810 4680 926 4720 non
957 4662 1094 4719 licet
1124 4663 1360 4719 habere.
1393 4664 1609 4719 Audiat
1640 4664 1795 4721 Deus
1826 4666 1876 4720 si

217 4772 326 4812 vos
350 4754 517 4811 surdi
538 4753 683 4810 estis
700 4771 729 4819 ;.
746 4753 988 4808 audiant
1019 4751 1211 4823 angeli
1242 4752 1393 4823 ejus,
1416 4752 1465 4806 si
1489 4770 1589 4807 vos
1613 4758 1877 4809 contem-

222 4846 393 4911 nitis,
423 4840 788 4899 concubinas
822 4859 935 4897 non
969 4840 1105 4897 licet
1129 4840 1296 4896 vobis
1321 4840 1554 4897 habere.
1586 4846 1652 4897 Et
1681 4842 1730 4897 si
1763 4858 1876 4897 non

219 4932 460 4990 habetis
495 4947 723 4997 uxores,
758 4936 956 4985 tamen
990 4946 1106 4985 non
1137 4929 1273 4986 licet
1302 4930 1467 4985 vobis
1499 4931 1711 4986 habere
1743 4948 1880 4986 con-

220 5020 499 5085 cubinas,
528 5036 677 5091 quas
708 5023 912 5090 postea
940 5018 1256 5074 dimittatis
1287 5025 1346 5074 et
1374 5019 1605 5074 ducatis
1636 5036 1881 5086 uxores;

219 5112 418 5166 Tanto
449 5109 641 5180 major
673 5107 972 5163 damnatio
1000 5107 1166 5163 vobis
1197 5107 1326 5171 erit,
1355 5107 1405 5163 si
1436 5107 1736 5163 volueritis
1782 5109 1884 5163 ha-

220 5201 366 5256 bere
388 5203 447 5253 et
467 5196 831 5253 concubinas
850 5203 908 5250 et
930 5212 1159 5250 uxores.
1180 5196 1304 5251 Non
1334 5197 1468 5251 licet
1487 5197 1651 5251 vobis
1674 5198 1886 5251 habere

220 5304 461 5352 uxores,
495 5301 747 5356 quarum
783 5284 1010 5355 priores
1060 5285 1250 5340 mariti
1303 5285 1525 5341 vivunt.
1555 5285 1668 5341 Nec
1699 5286 1883 5357 vobis,

223 5377 486 5439 feminae,
524 5375 737 5429 habere
768 5373 923 5428 viros
958 5372 1113 5441 licet,
1139 5389 1387 5443 quorum
1419 5375 1643 5447 priores
1682 5393 1888 5431 uxores

218 5466 456 5521 vivunt.
480 5461 779 5518 Adulteria
810 5467 951 5516 sunt
983 5462 1097 5516 ista
1128 5463 1423 5536 conjugis,
1450 5481 1565 5520 non
1590 5472 1731 5520 sunt
1751 5467 1887 5536 jure

220 5550 381 5622 coeli,
414 5550 517 5607 sed
542 5551 680 5622 jure
713 5548 930 5606 saeculi.
972 5548 1087 5607 Nec
1117 5547 1276 5607 illam
1311 5550 1588 5608 feminam
1620 5553 1755 5610 licet
1784 5555 1887 5610 ha-

221 5643 395 5711 bere,
436 5657 564 5715 quae
595 5655 700 5713 per
730 5639 1045 5713 repudium
1077 5639 1328 5699 decessit
1360 5658 1393 5698 a
1431 5644 1662 5700 marito.
1694 5643 1889 5702 Solius

560 5769 836 5832 PATROL.
880 5769 1085 5832 CLXI.

1970 3268 2150 3325 tionis
2182 3269 2303 3324 sint
2326 3287 2503 3325 unam
2536 3270 2725 3342 legem
2764 3276 3053 3342 quantum
3087 3271 3158 3325 ad
3191 3271 3376 3327 Deum
3408 3271 3623 3327 habere

1974 3375 2089 3413 non
2120 3359 2486 3416 dubitamus.

1974 3451 2104 3502 CAP.
2142 3448 2265 3502 157.
2289 3477 2358 3487 -—-
2378 3450 2453 3503 De
2484 3448 2582 3503 illo
2610 3447 2710 3518 qui
2737 3463 2957 3504 servum
2987 3463 3147 3502 suum
3176 3452 3230 3502 et
3257 3447 3537 3502 ancillam
3568 3450 3626 3505 in

2044 3521 2465 3644 matrt'irgonium
2511 3521 2889 3587 coniunxerit.
2920 3522 3014 3574 Ea:
3040 3519 3272 3576 concilio
3318 3521 3631 3575 Matiscensi

2046 3606 2165 3644 can.
2276 3632 2289 3644 .

2046 3606 2165 3661 cap.
2202 3606 2289 3646 ιο.

2048 3680 2108 3735 Si
2168 3695 2397 3734 servum
2447 3683 2504 3735 et
2552 3678 2828 3735 ancillam
2879 3679 3158 3735 dominus
3209 3681 3520 3736 amborum
3570 3681 3631 3736 in

1980 3766 2421 3823 matrimonium
2450 3769 2841 3839 eonjunxerit,
2873 3772 2930 3824 et
2960 3773 3162 3840 postea
3190 3767 3436 3824 liberato
3467 3786 3631 3825 servo

1975 3855 2065 3912 vel
2097 3855 2311 3912 ancilla
2340 3873 2455 3912 non
2496 3861 2686 3928 potest
2733 3858 2943 3914 redimi
2992 3856 3093 3930 qui
3140 3858 3197 3913 in
3254 3858 3487 3915 servitio
3519 3864 3628 3927 est,

1976 3946 2108 4002 ideo
2141 3946 2519 4002 matrimonia
2550 3963 2665 4003 non
2692 3947 3022 4004 solvuntur.

1979 4036 2112 4092 CAP.
2150 4035 2270 4090 158.
2293 4066 2362 4077 -
2393 4037 2468 4091 De
2495 4037 2845 4093 multinubis.
2891 4041 2974 4093 Ea:
3008 4038 3243 4093 concilio
3282 4036 3630 4103 Bracarensi,

2050 4124 2168 4180 cap.
2201 4108 2289 4162 81.
2322 4108 2611 4175 (Martinus
2656 4110 2839 4177 Brac.,
2872 4110 2931 4164 in
2981 4108 3245 4180 capitulis
3292 4108 3634 4180 synodorum

2053 4178 2254 4244 Graec,
2285 4194 2333 4233 c.
2364 4180 2453 4246 80,
2484 4183 2646 4251 epist.
2677 4181 2759 4251 9.)

2053 4266 2112 4322 Si
2143 4267 2276 4338 quis
2309 4267 2509 4322 multis
2540 4268 2763 4339 nuptiis
2795 4267 2971 4325 fuerit
2993 4267 3327 4340 copulatus,
3351 4267 3633 4339 poeniten-

1981 4355 2124 4410 tiam
2173 4358 2327 4426 agat.
2360 4356 2735 4412 Conversatio
2785 4361 2981 4413 autem
3014 4361 3072 4413 et
3105 4357 3250 4413 ﬁdes
3300 4358 3639 4430 paenitentis

1985 4444 2359 4516 compendiat
2386 4449 2643 4516 tempus.

1890 4526 1951 4598 ,D
1982 4539 2116 4593 CAP.
2154 4534 2275 4588 159.
2300 4564 2368 4573 -—
2401 4534 2549 4608 0⁸1οά
2576 4534 2817 4590 secunda
2845 4537 3109 4608 conjugia‘
3135 4538 3502 4593 saecularibus
3529 4553 3641 4593 non

2055 4614 2343 4679 negentur,
2374 4605 2573 4679 quibus
2619 4609 2904 4679 tamenrad
2933 4605 3141 4663 clerum
3170 4609 3404 4677 minime
3450 4612 3641 4665 venire

2056 4677 2395 4734 conceditur.
2422 4679 2507 4733 Ea:
2536 4678 2768 4733 decretis
2800 4678 3007 4734 Gelasii
3029 4694 3212 4752 papae,
3243 4698 3361 4752 cap.
3395 4682 3486 4736 24.

2055 4767 2356 4822 Secundae
2388 4767 2627 4838 nuptias
2659 4768 2813 4823 sicut
2844 4768 3231 4825 saecularibus
3261 4770 3396 4825 iniri
3430 4787 3639 4827 conce-

1986 4856 2168 4919 ditur,
2190 4857 2267 4911 ita
2293 4866 2423 4928 post
2451 4873 2551 4912 eas
2582 4857 2652 4911 ad
2686 4856 2952 4913 clericale
2982 4857 3180 4914 nullus
3201 4859 3419 4914 sinitur
3451 4860 3642 4914 venire

1988 4945 2317 5016 collegium.
2352 4945 2478 5001 Alia
2506 4951 2597 5001 est
2627 4948 2782 5002 enim
2816 4948 3090 5002 humanas
3134 4948 3432 5019 lragilitati
3466 4964 3642 5020 gene—

1991 5032 2192 5089 raliter
2222 5050 2497 5089 concessa
2534 5033 2791 5105 licentia,
2825 5035 2939 5091 alia
2983 5036 3156 5092 debet
3186 5053 3316 5092 esse
3348 5037 3466 5091 vita
3497 5037 3645 5090 divi-

1992 5138 2198 5177 narum
2229 5139 2425 5179 rerum
2460 5123 2699 5180 servitio
2733 5125 3019 5181 dedicata.

1993 5212 2127 5267 CAP.
2166 5213 2284 5266 160.
2309 5244 2379 5254 -—-
2414 5215 2483 5269 De
2512 5215 2629 5268 illis
2660 5216 2757 5283 qui
2786 5216 2846 5269 in
2873 5215 3150 5285 plurimas
3178 5215 3403 5287 nuptias
3436 5214 3648 5269 incide-

2208 5287 2338 5339 rint.
2379 5290 2462 5341 Ex
2490 5287 2722 5341 concilio
2754 5289 3203 5355 Neocasarirnsi,
3233 5303 3352 5357 cap.
3378 5287 3433 5340 3.

2066 5376 2178 5447 (31,
2212 5394 2262 5447 q.
2300 5377 2350 5442 1,
2382 5392 2430 5430 c.
2466 5377 2539 5432 De
2569 5376 2654 5431 his
2691 5376 2833 5447 qui.)
2877 5374 2957 5430 De
3008 5375 3057 5429 is
3105 5375 3206 5445 qui
3256 5376 3315 5430 in
3362 5372 3651 5446 plurimas

1998 5466 2238 5537 nuptiae
2294 5465 2652 5533 inciderunt,
2713 5470 2948 5535 tempus
2996 5462 3231 5533 quidem
3291 5463 3649 5535 preﬁnitum

1998 5554 2377 5612 manifestum
2427 5560 2535 5621 est,
2579 5554 2680 5611 sed
2731 5553 3096 5611 conversatio
3145 5567 3347 5610 eorum
3401 5557 3459 5612 et
3511 5553 3654 5612 ﬁdes

2001 5652 2238 5719 tempus
2268 5644 2587 5703 abhreviat.

3251 5772 3333 5832 20
