3994 6052
337 254 444 308 619

1433 246 1496 295 D.
1541 239 1778 294 IVONIS
1813 233 2312 291 CARNOTENSIS
2347 231 2668 285 EPISCOPI

3643 230 3758 285 620

332 378 469 433 CAP.
502 373 705 430 161.—
729 376 806 427 De
835 370 953 426 illis
978 369 1074 441 qui
1103 367 1266 425 tertio
1293 363 1519 434 nuptias
1547 358 1978 441 celebraverint.
2013 358 2066 423 Α
2166 357 2227 441 in
2254 352 2955 441 matrimoniumaccipere
2982 354 3171 424 possit.
3198 354 3280 408 Ex
3309 354 3538 424 epistola
3566 356 3756 425 prima

589 449 676 502 Ea:
703 442 943 500 decretis
969 434 1280 498 Hormisdze
1302 452 1478 509 papae,
1513 451 1632 506 cap.
1663 434 1718 487 2.

402 536 484 592 Ne
514 535 832 606 quisquam
867 530 1122 602 amplius
1153 543 1330 599 quam
1372 525 1518 579 duas
1558 521 1806 593 accipiat
1837 535 1981 575 uxo-

332 642 445 693 res,
470 625 607 694 quia
630 623 757 694 jam
789 620 960 676 tertia
990 622 1287 690 superﬂua
1317 617 1423 669 est.

384 719 521 772 CAP.
556 713 678 768 162.
703 741 770 751 —-
800 712 871 764 De
904 708 1169 778 Bigamis.
1207 709 1290 830 (is:
1319 703 1553 760 concilio
1585 699 1926 766 Laodicensi,

1054 795 1174 830 can.
1246 818 1258 830 .

1054 795 1174 848 cap.
1208 795 1258 830 1.

403 875 484 930 De
513 873 606 928 his
636 870 736 943 qui
768 868 1096 924 secundum
1127 863 1586 921 ecclesiasticam
1622 859 1884 932 regulam
1911 858 1980 914 li-

330 965 465 1019 bere
495 977 560 1016 ae
593 958 852 1031 legitime
884 955 1163 1012 secundis
1209 952 1431 1024 nuptiis
1454 951 1646 1022 juncti
1681 953 1840 1013 sunt,
1877 965 1982 1005 nec

327 1049 553 1108 occulte
571 1047 915 1120 nuptiarum
931 1043 1200 1117 copulam
1219 1043 1483 1097 fecerunt
1499 1035 1977 1112 [μήλαθρογαμίαν

325 1137 702 1209 ποιησαντας],
738 1140 967 1208 oportet
1014 1139 1078 1189 ut
1125 1148 1300 1204 parvo
1349 1137 1613 1201 tempore
1660 1133 1978 1196 transacto,

322 1232 532 1285 vacent
562 1226 929 1283 orationibus
959 1227 1015 1279 et
1051 1221 1320 1294 jeiuniis.
1355 1219 1578 1286 Quibus
1609 1217 1783 1272 etiam
1811 1217 1980 1286 juxta

326 1315 781 1388 indulgentiam,
813 1311 1292 1369 communionem
1325 1309 1488 1365 reddi
1515 1305 1902 1361 decrevimus.

322 1409 456 1464 CAP.
493 1405 618 1460 163.
641 1432 711 1445 -
740 1404 815 1458 De
841 1416 1071 1457 numero
1103 1401 1451 1454 maritorum.
1485 1397 1564 1450 Ex
1593 1394 1757 1449 dictis
1790 1395 1976 1448 Hiero-

487 1478 647 1548 nymi
676 1475 844 1547 (tomo
878 1473 976 1541 IIl,
1006 1476 1196 1526 contra
1224 1469 1582 1526 Iovinianum
1616 1466 1712 1520 lib.
1742 1469 1804 1533 ι).

394 1565 502 1622 Ubi
535 1565 713 1621 fuerit
759 1578 1039 1618 numerus
1073 1559 1440 1624 maritorum,
1477 1555 1554 1610 ibi
1588 1554 1674 1609 vir
1705 1552 1978 1626 proprius

327 1673 482 1712 unus
515 1669 645 1710 esse
675 1652 928 1709 desistit.

2164 425 2358 480 Siricii
2386 441 2562 496 papae,
2597 440 2717 495 cap.
2752 425 2804 480 4.

2163 515 2275 586 (27,
2307 531 2357 584 q.
2387 518 2441 584 2,
2471 531 2517 568 (ε.
2567 514 2641 568 De
2687 511 3016 583 coniugali.)
3069 517 3145 567 De
3195 513 3490 584 conjugali
3547 519 3751 570 autem

2091 602 2405 658 violatione
2453 601 2777 672 requisisti,
2811 601 2858 656 si
2904 601 3320 671 desponsatam
3357 602 3454 655 alii
3491 601 3753 674 puellam

2094 690 2242 746 alter
2272 691 2331 746 in
2366 690 2810 746 matrimonium
2865 690 3052 761 possit
3081 690 3363 761 accipere.
3400 691 3514 746 Hoc
3544 708 3614 746 ne
3646 692 3756 756 ﬁat,

2094 779 2283 836 modis
2325 780 2602 835 omnibus
2653 778 3024 846 inhibemus;
3074 779 3214 849 quia
3264 779 3754 850 illa'benedictio,

2093 886 2268 942 quam
2293 874 2562 940 nupturae
2579 868 2852 924 sacerdos
2874 867 3144 938 imponit,
3162 869 3315 940 apud
3339 869 3539 923 ﬁdeles
3555 871 3756 940 cujus-

2092 960 2226 1013 dam
2252 958 2542 1029 sacrilegii
2568 958 2754 1012 instar
2771 962 2880 1023 est,
2898 956 2946 1010 si
2971 956 3086 1011 ulla
3113 957 3456 1012 transitione
3481 957 3752 1014 violetur.

2090 1065 2448 1147 CAP..1.70.—
2472 1065 2543 1118 De
2565 1063 2651 1147 his
2669 1066 2762 1134 qui
2785 1079 3010 1189 sgonsas
3031 1063 3245 1145 alienas
3268 1064 3516 1134 rapiunt.
3533 1066 3615 1119 Et
3629 1079 3756 1120 con-

2182 1137 2311 1189 cilio
2345 1135 2624 1189 Meldensi.
2656 1152 2774 1189 can.
2876 1136 2995 1189 (sub
3020 1134 3212 1189 Sermo
3242 1135 3310 1189 11.
3341 1152 3467 1189 cap.
3499 1136 3613 1189 68).

2182 1136 2311 1190 cilia
2345 1135 2624 1201 Meldensi,
2656 1152 2774 1206 cap.
2809 1134 2844 1189 5
2876 1136 2995 1205 (sub
3020 1134 3212 1206 Sergio
3242 1135 3310 1201 11,
3341 1152 3467 1206 cap.
3499 1136 3613 1205 68).

2161 1225 2240 1279 De
2279 1224 2372 1280 his
2413 1224 2514 1296 qui
2561 1241 2781 1295 sponsa
2831 1223 3052 1278 alienas
3104 1223 3361 1295 rapiunt,
3394 1224 3640 1295 antiqua
3689 1230 3752 1280 et

2090 1313 2386 1385 synodalis
2415 1314 2709 1369 sententia
2748 1313 3109 1368 observetur.
3145 1313 3305 1378 Quod
3338 1319 3396 1367 et
3426 1313 3476 1368 si
3509 1315 3652 1368 forte
3683 1315 3746 1368 in

2088 1401 2334 1456 ecclesia
2357 1408 2598 1457 eventus
2622 1400 2754 1456 talis
2780 1400 3018 1472 reperiri
3045 1401 3512 1472 dignoscitur,ut
3534 1419 3636 1474 pro
3658 1419 3753 1458 sa-

2089 1488 2231 1544 lutis
2256 1495 2313 1545 et
2345 1489 2646 1561 religionis
2680 1489 3090 1560 competentiis
3122 1489 3443 1545 humanius
3464 1490 3748 1560 quiddam

2088 1577 2337 1632 debeant
2353 1582 2602 1633 tractare
2623 1577 3112 1648 pentiﬁces,sicut
3131 1579 3506 1644 canonica,ut
3521 1580 3745 1636 eisdem

2086 1666 2278 1721 verbis
2296 1667 2724 1736 utamur,docet
2739 1667 3077 1735 auctoritas;
3096 1667 3234 1737 quia
3251 1667 3742 1740 prior,inquiens,

324 1745 459 1828 CAP-
498 1743 619 1798 164·
644 1773 714 1782 ⁵-
741 1742 814 1796 De
859 1739 1136 1828 ίηρθπειοε,
2011 1727 2056 1792 Β
2086 1755 2350 1811 deﬁnitio
2379 1756 2914 1828 durius,posterior
2943 1727 3134 1811 autem
3161 1727 3439 1826 quiddam
3473 1727 3745 1814 tractavit

393 1819 634 1887 ingenua
679 1804 968 1883 acceperit,
1001 1819 1056 1866 et
1103 1804 1287 1887 postea
1337 1807 1604 1887 ancillam
1651 1819 1762 1887 esse
1792 1804 1975 1887 inteb-

395 1877 615 1941 Ieierit.
650 1887 736 1939 Ea:
781 1877 1122 1953 conc.’apud
1175 1881 1527 1948 Vermeriam,
1579 1880 1671 1932 cui
1718 1877 1978 1946 interfuit

393 1975 490 2014 rex
519 1957 779 2028 Pipinus,
813 1971 935 2025 cap.
969 1955 1024 2007 7.

391 2047 502 2116 (29,
535 2063 586 2116 q.
617 2046 677 2111 2,
708 2062 756 2100 c.
791 2044 850 2099 Si
894 2043 1016 2115 quis
1047 2039 1388 2111 ingenuus).)
1416 2037 1475 2094 Si
1509 2037 1642 2109 quis
1686 2035 1982 2105 ingenuus

319 2137 497 2192 homo
531 2132 808 2189 ancillam
844 2131 1088 2186 alterius
1117 2130 1428 2200 acceperit,
1452 2131 1509 2182 et
1532 2125 1788 2181 aestimat
1821 2124 1977 2195 quod

317 2225 573 2295 ingenua
603 2223 700 2288 sil,
737 2222 787 2277 si
819 2220 948 2290 ipsa
994 2218 1208 2274 femina
1240 2222 1441 2288 postea
1491 2213 1667 2269 fuerit
1708 2215 1765 2267 in
1800 2212 1983 2267 servi-

317 2314 502 2368 vitute
533 2313 784 2380 detecta,
819 2309 868 2364 si
901 2325 1029 2365 eam
1063 2325 1096 2362 a
1129 2305 1415 2362 servitute
1451 2303 1741 2358 redimere
1772 2304 1984 2373 potest,

319 2405 522 2468 faciat;
559 2400 610 2456 si
663 2417 778 2455 non
830 2401 1042 2470 potest,
1088 2395 1138 2451 si
1169 2392 1439 2458 voluerit,
1481 2390 1660 2447 aliam
1711 2389 1980 2462 accipiat.

317 2492 375 2546 Si
409 2495 606 2546 autem
632 2504 860 2544 servam
890 2502 1018 2541 eam
1051 2483 1263 2540 scierat
1286 2487 1342 2537 et
1363 2480 1822 2544 collaudaverat,
1849 2495 1987 2550 post

320 2584 386 2635 ut
415 2578 743 2651 legitimam
794 2575 1029 2630 habeat.
1060 2571 1346 2627 Similiter
1374 2575 1431 2626 et
1461 2568 1676 2624 mulier
1728 2567 1986 2638 ingenua

319 2671 391 2724 de
423 2684 588 2724 servo
621 2665 869 2722 alterius
902 2663 1092 2718 facere
1121 2661 1314 2716 debet.

319 2760 456 2813 Cap.
492 2756 618 2812 165.
642 2783 711 2794 ——
741 2754 816 2808 De
843 2750 1057 2821 femina
1092 2749 1360 2821 ingenua,
1392 2746 1442 2800 si
1469 2762 1688 2821 servum
1719 2745 1983 2798 maritum

616 2818 905 2895 acceperit.
941 2822 1024 2876 Ea:
1057 2819 1244 2876 eodem
1271 2835 1446 2886 conc.,
1477 2833 1598 2889 cap.
1631 2818 1686 2871 8.

387 2913 499 2986 (29,
533 2931 582 2984 q.
615 2915 670 2981 2,
704 2929 751 2966 c.
783 2914 847 2965 Si
880 2910 1144 2980 femina.)
1177 2908 1232 2962 Si
1280 2907 1499 2963 femina
1529 2907 1789 2977 ingenua
1820 2920 1984 2960 acce-

329 3003 481 3075 perit
509 3016 764 3066 servum,
784 2998 976 3055 sciens
999 2997 1141 3068 quia
1163 3012 1365 3052 servus
1385 2999 1561 3065 esset,
1591 2994 1802 3048 habeat
1823 3010 1956 3048 eum

2089 1844 2431 1913 humanius,
2464 1843 2625 1900 nullo
2661 1845 2854 1915 modo,
2880 1850 2945 1899 ut
2976 1845 3047 1899 ad
3084 1844 3398 1900 maximam
3431 1845 3743 1918 indulgen-

2086 1933 2228 1988 tiam
2263 1933 2714 2000 descendemus,
2740 1931 2982 1988 alterius
3032 1950 3255 2004 sponsae
3307 1938 3574 2006 acceptor
3611 1937 3743 1991 sine

2089 2022 2325 2093 publica
2344 2027 2606 2078 transeat
2630 2024 2989 2094 poenitentia.
3007 2023 3168 2087 Quod
3194 2023 3240 2076 si
3266 2023 3388 2078 haec
3412 2023 3547 2093 [his,
3571 2026 3740 2095 orig.]

2089 2111 2326 2167 obedire
2358 2111 2637 2176 renuerit,
2664 2112 2791 2166 sine
2815 2111 2935 2165 ulla
2957 2111 3341 2182 ret'ragatione
3361 2113 3749 2169 anathemati-

2088 2203 2270 2254 zetur.
2303 2199 2576 2254 Fautores
2601 2215 2732 2254 vero
2764 2199 2924 2254 illius
2947 2201 3117 2270 juxta
3153 2201 3389 2255 modum
3417 2201 3602 2274 culpa:
3622 2205 3746 2275 epi-

2092 2287 2250 2356 scOpi
2271 2287 2502 2342 decreto
2528 2288 2938 2358 pmniteant.Si
2962 2304 3114 2352 vero,
3132 2290 3286 2359 quod
3311 2307 3422 2345 non
3447 2296 3748 2362 Optamus,

2093 2377 2166 2431 de
2195 2377 2377 2447 gradu
2411 2375 2810 2431 ecclesiastico
2842 2376 3059 2431 talibus
3093 2378 3316 2448 nuptiis
3344 2393 3404 2432 se
3436 2395 3752 2434 consense-

2093 2481 2214 2519 rem
2236 2464 2324 2519 vel
2348 2465 2795 2520 interventorcm
2820 2466 3128 2520 manifeste
3152 2467 3494 2537 prodiderit,
3511 2485 3539 2522 a
3560 2469 3748 2539 gradu

2095 2552 2328 2624 proprio
2361 2553 2705 2624 repellatur;
2731 2559 2788 2608 et
2809 2554 2857 2608 si
2887 2553 3305 2609 verisimilibus
3329 2555 3534 2610 exinde
3557 2557 3750 2627 suspi-

2091 2642 2360 2696 cionibus
2393 2641 2568 2696 fuerit
2609 2641 3010 2713 propulsatus,
3036 2643 3312 2698 canonice
3344 2660 3406 2698 se
3440 2651 3670 2717 purget.

2227 2729 2361 2786 CAP.
2399 2731 2519 2786 171.
2544 2762 2611 2770 —
2641 2731 2714 2784 De
2741 2732 2943 2784 eadem
2969 2746 3046 2785 re.
3084 2735 3167 2786 Ex
3195 2732 3433 2788 concilio
3462 2733 3607 2804 apud

2579 2803 3008 2872 Aqutsgranum,
3040 2819 3161 2873 cap.
3190 2805 3246 2857 3.

2165 2889 2489 2960 Placuit,ut
2509 2890 2566 2945 hi
2588 2891 2684 2961 qui
2711 2890 3212 2962 rapiuntfeminas
3236 2892 3323 2948 vel
3349 2893 3616 2950 furantur
3641 2902 3747 2952 aut

2093 2979 2405 3048 seducunt,
2429 2996 2528 3036 eas
2559 2978 2898 3036 nullatenus
2928 2980 3181 3036 habeant
3217 2999 3444 3050 uxores,
3472 2986 3743 3052 quamvis

321 3052 462 3164 (ἔαξε
492 3052 905 3146 ξιξίῇξεᾞτίᾲώ
930 3052 1155 3158 ρείι-θω
1179 3084 1470 3140 habemus
1501 3052 1561 3138 in,
1582 3082 1740 3138 omne
1763 3052 1980 3153 (Matth:
2007 3095 2052 3165 α
2092 3069 2177 3123 eis
2224 3070 2599 3165 postmodum
2652 3068 2980 3137 conveniat,
3005 3074 3106 3125 aut
3138 3086 3233 3126 eas
3271 3072 3620 3139 dotaverint,
3651 3075 3740 3129 vel

321 3180 421 3250 γι).
455 3178 582 3234 Una
611 3177 704 3232 lex
734 3176 845 3232 erit
869 3181 927 3230 et
956 3174 1077 3228 viro
1109 3177 1166 3228 et
1200 3173 1449 3227 feminae.

326 3270 462 3325 CAP.
498 3268 619 3322 166.
651 3297 721 3307 —-
749 3266 824 3320 De
853 3263 1098 3335 legitime
1137 3261 1462 3335 coniunctis,
1494 3259 1546 3314 si
1575 3261 1718 3335 alter
1739 3260 1975 3335 illorum

393 3342 452 3396 in
485 3339 789 3394 amentiam
821 3331 1125 3392 deuenerit.
1153 3335 1234 3388 Ea:
1264 3333 1496 3404 epistola
1527 3331 1748 3404 Νίσοιαὶ
1777 3331 1850 3386 ad
1878 3331 1974 3404 Ca-

391 3413 573 3468 rolum
604 3408 1039 3478 Maguntiensem
1068 3403 1384 3478 episcOpum
1411 3403 1588 3459 missa
1612 3403 1696 3475 (in
1723 3403 1972 3473 rescript.

389 3486 479 3538 tit.
514 3498 676 3549 xvul,
707 3498 756 3534 c.
787 3483 866 3550 7).

394 3573 510 3642 (32,
542 3587 595 3642 q.
627 3571 686 3639 7,
718 3586 764 3625 c.
799 3569 859 3624 Si
887 3571 986 3641 qui
1012 3564 1480 3636 matrimonium.)
1505 3564 1560 3618 Si
1614 3563 1713 3635 qui
1769 3563 1973 3618 matri-

326 3659 591 3716 monium
611 3658 738 3715 sani
755 3657 1236 3722 contraxerint,et
1258 3655 1359 3710 uni
1383 3671 1449 3710 ex
1467 3653 1698 3708 duobus
1722 3653 1974 3708 amentia

321 3754 425 3803 aut
457 3749 636 3815 furor,
663 3752 764 3803 aut
793 3747 994 3818 aliqua
1023 3743 1337 3800 infirmitas
1371 3743 1702 3811 accesserit,
1727 3743 1799 3796 ob
1824 3741 1971 3797 hanc

321 3837 724 3892 infirmitatem
755 3835 1034 3906 conjugis.
1082 3833 1290 3888 talium
1338 3831 1485 3887 solvi
1537 3848 1650 3885 non
1703 3835 1968 3901 possunt.

318 3925 601 3982 Similiter
631 3925 1003 3981 sentiendum
1037 3923 1108 3977 de
1141 3921 1233 3976 his
1257 3921 1357 3991 qui
1387 3920 1460 3974 ab
1492 3919 1842 3974 adversariis
1873 3936 1968 3974 ex-

313 4019 626 4082 erceantur,
661 4018 763 4070 aut
796 4011 1079 4068 membris
1110 4011 1558 4066 detruncantur.
1617 4057 1620 4060 .

312 4105 447 4161 CAP.
485 4105 608 4160 167.
633 4134 701 4144 --
730 4104 802 4158 De
835 4101 1099 4171 legitimis
1143 4099 1520 4154 matrimoniis
1551 4113 1853 4152 servorum.
1889 4099 1970 4152 Ex

663 4191 812 4230 conc.
849 4171 1243 4230 Cabillonensi
1277 4188 1337 4236 ιι,
1372 4186 1491 4240 cap.
1517 4171 1606 4222 30.

381 4265 492 4333 (29,
523 4281 575 4335 q.
607 4265 663 4330 7,
694 4282 740 4320 c.
776 4263 991 4318 Dictum
1021 4262 1150 4332 est.)
1182 4259 1417 4314 Dictum
1472 4263 1561 4312 est
1610 4258 1776 4312 nobis
1810 4259 1961 4328 quod

311 4353 550 4424 quidam
577 4352 843 4425 legitima
865 4367 1167 4406 servorum
1195 4347 1592 4412 matrimonia,
1619 4349 1967 4418 potestativa

309 4444 564 4514 quadam
597 4442 1075 4515 praesumptione,
1107 4440 1407 4506 dirimant,
1446 4456 1560 4494 non
1595 4440 1964 4494 attendentes
1999 4461 2040 4524 υ

309 4533 450 4589 illud
483 4531 882 4603 evangelicum
917 4547 930 4584 :
967 4529 1115 4597 Quod
1156 4531 1294 4584 Deus
1331 4529 1631 4598 conjunait
1665 4529 1821 4583 homo
1850 4546 1957 4583 non

305 4623 522 4692 separet
553 4620 762 4693 (Matth.
795 4621 932 4690 xxx).
968 4618 1131 4673 Unde
1171 4619 1338 4672 nobis
1379 4618 1568 4671 visum
1605 4623 1693 4671 est
1726 4623 1789 4670 ut
1818 4634 1958 4672 con-

297 4710 466 4780 jugia
497 4726 799 4765 servorum
847 4716 961 4762 'non
1005 4708 1378 4766 dirimentur,
1413 4705 1643 4759 etiamsi
1696 4706 1958 4759 diversos

301 4799 572 4854 dominos
603 4798 886 4864 habeant;
921 4797 1020 4851 sed
1056 4796 1112 4850 in
1149 4813 1262 4849 uno
1295 4795 1568 4864 conjugis
1604 4810 1957 4863 permanen-

304 4894 410 4954 tes,
443 4885 699 4944 dominis
731 4886 985 4941 serviant
1027 4885 1172 4940 suis.
1211 4885 1276 4938 Et
1326 4883 1434 4938 hoc
1486 4883 1543 4936 in
1600 4882 1714 4935 illis
1750 4882 1953 4936 obser—

300 4977 556 5032 vandum
591 4981 702 5040 est,
733 4976 828 5030 ubi
867 4974 1072 5046 legalis
1104 4973 1440 5044 conjunctio
1476 4972 1605 5036 fuit,
1639 4977 1694 5024 et
1728 4988 1829 5042 per
1859 4989 1956 5026 vo-

299 5067 592 5122 lunt-atem
631 5065 1028 5120 dominorum.

296 5163 427 5213 Car.
463 5157 584 5211 168.
609 5185 676 5195 —-
699 5156 770 5209 De
796 5154 1136 5224 furiosorum
1165 5150 1573 5224 matrimoniis.
1611 5152 1690 5204 Ex
1721 5149 1952 5204 decretis

402 5227 639 5283 Fabiani
665 5241 848 5297 papae,
880 5241 1000 5295 cap.
1033 5227 1067 5276 5
1101 5223 1190 5294 (ad
1231 5224 1434 5277 calcem
1479 5223 1843 5275 decretorum.

364 5319 476 5386 (3‘3,
511 5335 563 5388 q.
595 5319 650 5371 7.
683 5332 728 5370 c.
765 5317 943 5386 Neque
971 5313 1259 5382 furiosus.)
1297 5311 1492 5378 Neque
1535 5311 1796 5364 furiosus
1847 5325 1948 5362 ne-

296 5423 409 5474 que
441 5405 660 5461 furiosa
691 5402 1129 5458 matrimonium
1157 5399 1498 5453 contrahere
1533 5403 1809 5467 possunt;
1846 5397 1946 5453 sed

296 5497 343 5546 si
377 5499 745 5550 contractum
780 5492 973 5557 fuerit,
1004 5507 1116 5546 non
1153 5491 1517 5559 separentur.

299 5585 432 5638 CAP.
471 5584 589 5636 169.
615 5612 683 5624 -
714 5583 788 5637 De
816 5582 1136 5653 desponsata
1177 5577 1392 5650 puella,
1428 5582 1609 5631 utrum
1656 5577 1796 5632 alter
1824 5594 1946 5632 eam

2089 3155 2433 3228 nuptialiter
2462 3173 2596 3212 cum
2627 3173 2917 3213 consensu
2951 3164 3259 3230 parentum
3295 3177 3538 3216 suorum
3571 3179 3740 3219 acce-

2087 3246 2296 3317 perint.
2326 3245 2381 3300 Si
2416 3248 2548 3317 quis
2580 3251 2774 3302 autem
2819 3264 3056 3302 uxorem
3104 3248 3313 3304 habere
3343 3250 3608 3322 voluerit,
3639 3268 3735 3307 ca-

2086 3335 2293 3390 nonice
2323 3340 2378 3390 et
2411 3335 2677 3406 legaliter
2708 3352 2836 3392 eam
2867 3337 3136 3407 accipiat,
3162 3342 3220 3392 et
3253 3355 3364 3392 non
3399 3341 3737 3411 rapiat.Qui

2084 3440 2216 3478 vero
2249 3440 2375 3478 eam
2405 3424 2685 3496 rapuerit,
2708 3423 2796 3480 vel
2823 3425 3050 3481 foratus
3076 3426 3271 3491 fuerit,
3295 3435 3392 3482 aut
3415 3431 3734 3497 seduxerit,

2084 3529 2386 3583 nunquam
2421 3530 2549 3568 eam
2590 3531 2827 3569 uxorem
2861 3514 3089 3570 habeat.

2082 3619 2218 3673 CAP.
2253 3620 2375 3675 172.
2399 3651 2467 3660 -
2488 3622 2621 3674 Item
2655 3621 2719 3674 de
2748 3620 2936 3676 eadem
2967 3637 3043 3676 re.
3075 3622 3156 3676 Ea:
3183 3621 3422 3678 concilio
3454 3625 3735 3689 Meldensi,

2149 3707 2268 3763 cap.
2325 3694 2391 3744 10
2441 3693 2562 3761 (sub
2621 3691 2776 3762 Serg.
2825 3693 2893 3759 II,
2945 3709 2990 3747 c.
3041 3696 3143 3761 66;
3195 3710 3342 3748 conc.
3397 3697 3571 3763 Rom,
3628 3699 3734 3752 sub

2153 3761 2306 3832 Greg.
2339 3767 2412 3827 ΙΙ,
2446 3779 2491 3816 c.
2531 3763 2638 3832 10).

2152 3851 2258 3926 Qui
2274 3868 2412 3926 vero
2437 3851 2714 3926 deinceps
2748 3867 2946 3922 rapere
2968 3851 3224 3926 virgines
3249 3857 3735 3926 praesumpserint

2080 3922 2163 3976 vel
2197 3923 2420 3990 viduas,
2446 3925 2773 3978 secundum
2802 3922 3139 3995 synodalem
3165 3922 3320 3980 beati
3341 3922 3598 3998 Gregorii
3634 3931 3732 3984 de-

2080 4011 2428 4077 finitionem,
2454 4011 2565 4082 ipsi
2591 4017 2645 4066 et
2667 4011 2983 4081 complices
3006 4028 3206 4068 eorum
3232 4015 3732 4072 anathematizen-

2077 4104 2192 4166 tur,
2210 4105 2265 4155 et
2285 4107 2546 4171 raptores
2570 4103 2695 4156 sine
2718 4117 2822 4172 spe
2843 4101 3095 4172 conjugii
3122 4108 3401 4173 perpetuo
3426 4113 3730 4162 maneant.

2077 4207 2211 4261 CAP.
2250 4208 2369 4260 173.
2395 4238 2465 4278 -ί
2491 4207 2563 4261 De
2592 4206 2678 4260 his
2707 4207 2804 4278 qui
2835 4208 3062 4278 rapiunt
3091 4210 3307 4277 puellas
3355 4213 3454 4266 sub
3504 4219 3734 4270 nomine

2145 4279 2311 4420 ,ξὺγὶᾳί
2335 4277 2648 4421 liriliiésindi.
2673 4277 2764 4333 13.2:
2785 4277 3022 4336 concilio
3047 4280 3485 4348 Chateedonensi,
3511 4302 3631 4356 cap.
3658 4289 3725 4339 27

2173 4366 2386 4405 ηειοηε
2516 4393 2527 4404 .

2173 4366 2386 4405 acuone
2418 4366 2527 4405 10).

2147 4441 2257 4508 (36,
2283 4456 2332 4510 q.
2355 4444 2408 4506 2,
2436 4456 2482 4493 c.
2509 4441 2609 4493 Eos
2640 4440 3034 4511 quirapiunt.)
3062 4441 3168 4497 Eos
3194 4443 3295 4514 qui
3328 4444 3565 4515 rapiunt
3592 4462 3727 4500 mu-

2071 4526 2240 4582 lieres
2263 4531 2371 4582 sub
2399 4529 2633 4582 nomine
2656 4527 2833 4582 simul
2864 4527 3191 4597 habitandi,
3210 4539 3586 4603 cooperantes
3620 4551 3727 4588 au-

2065 4622 2180 4670 tem
2215 4623 2270 4671 et
2300 4617 2677 4671 conniventes
2725 4618 3082 4688 raptoribus,
3108 4620 3366 4674 decrevit
3397 4628 3593 4676 sancta
3628 4640 3726 4694 sy-

2071 4707 2276 4771 nodus,
2301 4712 2363 4759 ut
2394 4707 2439 4759 si
2477 4706 2714 4776 quidem
2740 4705 2934 4760 clerici
2969 4707 3109 4772 sint,
3133 4709 3405 4764 decidant
3435 4711 3503 4764 de
3533 4713 3720 4781 gradu

2068 4795 2332 4864 proprio;
2369 4795 2414 4848 si
2449 4811 2580 4850 vero
2615 4793 2769 4856 laici,
2800 4796 3390 4854 anathematizentur.

2066 4883 2198 4938 CAP.
2236 4884 2353 4937 17-1.
2386 4915 2451 4922 -—
2482 4885 2554 4938 De
2599 4883 2803 4958 puellis
2853 4884 3030 4958 raptis
3075 4887 3319 4941 nondum
3366 4888 3724 4958 (lesponsntis.

2457 4958 2538 5009 Ex
2568 4972 2717 5010 conc.
2759 4956 3060 5022 Cabillon.,
3089 4973 3209 5028 cap.
3237 4960 3326 5014 27.

2135 5044 2247 5114 (36,
2281 5059 2332 5113 q.
2357 5046 2411 5100 2.
2443 5061 2491 5098 c.
2527 5045 2598 5097 De
2628 5043 2873 5115 puellis.)
2901 5049 2975 5098 De
3009 5045 3220 5115 puellis
3255 5049 3438 5119 raptis
3468 5051 3722 5105 necdum

2062 5131 2433 5202 desponsatis
2457 5131 2514 5185 in
2533 5131 2989 5187 Chalcedonensi
3015 5135 3262 5190 concilio
3288 5139 3574 5210 scriptum
3597 5146 3718 5198 est:

2063 5221 2171 5274 Eos
2203 5219 2302 5291 qui
2355 5219 2591 5288 rapiunt
2621 5219 2870 5291 puellas,
2895 5222 3004 5276 sub
3054 5223 3290 5280 nomine
3323 5226 3498 5281 simul
3550 5227 3719 5282 habi-

2060 5309 2244 5378 tandi,
2265 5314 2644 5380 cooperantes
2668 5315 2724 5363 et
2755 5311 3134 5367 conniventes
3163 5316 3720 5384 raptoribus,deere-

2059 5397 2136 5452 vit
2167 5402 2370 5452 sancta
2401 5398 2682 5468 synodus,
2712 5404 2774 5454 ut
2805 5398 2853 5455 si
2879 5399 3117 5472 quidem
3144 5403 3338 5459 clerici
3371 5412 3531 5472 sunt,
3555 5407 3718 5461 deci-

2056 5488 2197 5542 dant
2219 5487 2288 5539 de
2310 5490 2490 5557 gradu
2519 5489 2779 5560 proprio;
2810 5490 2854 5544 si
2880 5508 3013 5546 vero
3042 5491 3194 5559 laici,
3220 5495 3715 5551 anathematizen-

2056 5583 2169 5632 tur.
2206 5577 2432 5643 Quibus
2468 5577 2656 5633 verbis
2702 5579 2874 5634 datur
2923 5580 3194 5654 intelligi,
3233 5583 3484 5655 qualiter
3532 5584 3715 5656 hujus
