3994 6052
254 298 363 352 625

1176 308 1489 361 DECRETI
1531 309 1715 364 PARS
1754 312 1901 363 VIIl.
1938 341 2001 350 —
2040 314 2134 365 DE
2173 313 2564 381 CONJUGIIS,
2606 316 2760 369 ETC.

3565 321 3669 373 0'26

244 424 596 515 concubitus
627 439 741 477 non
772 424 1345 515 sequitur,hortandi
1380 433 1519 485 sunt
1550 430 1765 502 quibus
1794 433 1906 487 ista
1934 439 1988 504 Α
2086 436 2877 515 sumpsisse_d_ignoscitur,E1:
2903 440 3138 495 concilio
3168 440 3444 507 Meldensi,
3475 445 3671 515 cap.69

240 513 521 568 eveniunt
555 517 619 567 ut
650 514 822 568 corde
840 516 1090 571 contrito
1120 521 1176 572 et
1207 518 1417 590 spiritu
1452 519 1759 577 bumiliato
1793 522 1908 579 Deo

241 609 301 659 et
333 602 624 657 sacerdoti
658 604 728 657 de
761 605 1039 660 omnibus
1072 609 1327 677 peccatis
1360 609 1483 663 suis
1518 627 1723 680 puram
1767 628 1907 666 con-

241 693 556 747 fessionem
594 693 826 763 faciant,
862 698 917 748 et
947 696 1205 765 profusis
1236 697 1511 769 lacrymis
1545 716 1609 753 ac
1643 699 1909 771 largiori-

240 781 353 835 bus
375 780 763 853 elecmosynis
784 788 837 838 et
858 784 1226 840 orationibus
1249 792 1423 857 atque
1445 788 1686 859 jejuniis
1714 790 1909 844 Domi-

240 887 316 924 no
350 872 739 939 satisfaciant,
773 878 828 927 et
861 889 964 945 per
995 858 1351 931 exorcismos
1383 895 1448 931 ac
1480 884 1686 933 caetera
1726 880 1909 935 medi-

240 959 384 1015 cinae
428 960 837 1016 ecclesiasticae
887 965 1111 1029 munia,
1146 966 1402 1020 ministri
1455 966 1711 1022 ecclesiae
1763 968 1911 1025 tales

245 1054 537 1119 quantum
573 1052 843 1105 annuerit
878 1053 1182 1119 Dominus,
1208 1054 1309 1125 qui
1336 1056 1774 1123 Abimelech,ac
1806 1060 1908 1113 do-

234 1154 401 1191 mum
430 1140 579 1208 ejus,
608 1140 852 1193 Abrahze
898 1142 1264 1197 orationibus
1315 1145 1543 1199 sanavit
1592 1145 1740 1215 (Gen.
1778 1148 1891 1219 xx),

237 1243 448 1281 sanare
478 1232 808 1298 procurent.
834 1229 939 1291 Qui
968 1230 1112 1285 forte
1131 1231 1391 1286 sisanari
1426 1250 1536 1288 non
1573 1236 1886 1305 potuerint,

232 1316 493 1387 separari
512 1316 930 1373 valcbunt.Sed
952 1324 1263 1391 postquam
1298 1321 1443 1377 alias
1476 1324 1710 1394 nuptias
1728 1340 1894 1395 expe-

234 1404 457 1469 tierint,
482 1405 599 1461 illis
632 1407 688 1460 in
718 1424 892 1463 carne
923 1408 1251 1464 viventibus
1284 1411 1498 1481 quibus
1523 1412 1741 1481 junctae
1774 1415 1893 1468 fue-

235 1492 357 1547 rint
389 1494 683 1564 prioribus
702 1512 848 1567 quos
868 1497 1435 1568 reliquerant,etiam
1461 1501 1506 1555 si
1536 1502 1895 1572 possibilitas

237 1583 667 1638 concumbendi
700 1584 782 1640 eis
814 1586 1043 1641 reddita
1074 1587 1263 1654 fuerit,
1299 1590 1663 1645 reconciliari
1698 1593 1898 1661 nequi-

237 1671 409 1727 bunt

232 1769 371 1845 CAP.
408 1771 529 1845 195.
572 1803 632 1813 —
668 1774 739 1827 De
768 1773 866 1827 illo
895 1775 993 1843 qui
1022 1774 1075 1827 in
1108 1778 1428 1845 paganismo
1462 1794 1696 1833 uxorem
1740 1796 1895 1836 suam

301 1842 595 1983 iimisegy‘t.
632 1847 712 1899 Ea:
739 1842 977 1900 decretis
1009 1842 1354 1917 Eutychiani
1400 1866 1569 1921 papae
1617 1852 1700 1921 (in
1720 1854 1892 1923 frag.,

372 1929 454 1969 cr.
550 1957 563 1969 .

305 2012 415 2079 (28,
450 2029 506 2084 q.
542 2014 593 2079 1,
614 2030 663 2069 c.
700 2013 759 2067 Si
783 2016 908 2084 quis
935 2016 1208 2086 gentilis.)
1239 2017 1294 2071 Si
1329 2019 1462 2090 quis
1492 2021 1729 2089 gentilis
1760 2038 1895 2090 gen-

230 2099 397 2155 tilem
428 2102 716 2157 dimiserit
747 2118 987 2158 uxorem
1020 2110 1155 2159 ante
1189 2107 1498 2177 baptisma,
1516 2115 1649 2179 post
1671 2110 1894 2182 baptis-

231 2205 399 2244 mum
434 2189 491 2244 in
525 2196 806 2262 potestate
839 2193 967 2262 ejus
996 2194 1105 2248 erit
1136 2211 1265 2249 earn
1298 2195 1535 2268 habere,
1553 2198 1639 2253 vel
1663 2216 1776 2255 non
1796 2200 1896 2256 ba-

232 2277 393 2333 bere.

231 2377 365 2429 CAP.
400 2374 521 2430 196.
568 2406 635 2455 -_—_-
694 2378 768 2455 De
825 2378 1125 2455 baptizata,
1170 2381 1223 2435 si
1252 2398 1420 2455 (uxor
1474 2386 1593 2454 ejus
1652 2386 1897 2455 inﬁdelis

376 2450 623 2501 converti
654 2448 921 2505 noluerit.
953 2453 1035 2505 Ea:
1060 2452 1174 2507 dcc.
1207 2454 1456 2523 ejusdem
1496 2448 1642 2527 (cap.
1674 2448 1751 2529 6).

306 2545 419 2613 (28,
452 2561 507 2615 q.
537 2546 587 2611 1,
609 2562 658 2599 c.
680 2546 871 2602 Simili
898 2548 1099 2620 modo.)
1133 2550 1322 2605 Simili
1357 2553 1529 2607 modo
1562 2554 1611 2608 si
1645 2572 1799 2610 unus
1831 2572 1900 2610 ex

231 2632 361 2703 conj
377 2633 566 2705 agatis
600 2634 929 2705 baptizatus
961 2642 1068 2704 est,
1102 2644 1157 2693 et
1191 2641 1336 2694 alter
1362 2642 1696 2712 gentilis,et
1722 2644 1887 2714 sequi

231 2739 348 2776 non
382 2721 527 2785 vult,
563 2722 715 2777 sicut
744 2724 887 2780 dicit
917 2727 1249 2799 Apostolus,
1284 2730 1545 2799 inﬁdelis,
1565 2731 1615 2785 si
1639 2732 1888 2802 discedit,

229 2810 471 2867 discedat
504 2812 548 2881 (Ι
577 2815 703 2868 Cor.
736 2814 858 2885 vn).

231 2909 369 2963 CAP.
389 2908 530 2987 _197.
550 2938 613 2950 -—-
640 2911 711 2967 De
736 2911 839 2966 illo
860 2913 1102 2987 quiante
1127 2915 1455 2987 baptismum
1476 2921 1768 2976 mulierem
1784 2924 1893 2975 vir-

332 2982 524 3052 ginem
551 2988 847 3050 acceperat.
870 2982 965 3039 ’Ex
993 2982 1227 3042 concilio
1261 2990 1543 3057 Meldensi,
1577 3008 1706 3062 cap.
1732 2996 1783 3045 2.

301 3077 413 3144 (28,
475 3094 531 3148 q.
590 3079 647 3146 2,
678 3095 728 3134 c.
762 3081 824 3135 Si
852 3084 973 3151 quis
1005 3087 1250 3156 uxorem)
1308 3087 1363 3142 Si
1429 3089 1559 3160 quis
1618 3090 1893 3144 habuerit

236 3180 476 3219 uxorem
500 3166 784 3237 virginem
818 3176 951 3225 ante
983 3173 1607 3244 baptismum,vivente
1630 3170 1895 3250 illa,post
1928 3171 1970 3237 C

233 3252 534 3323 baptisma
564 3255 808 3312 alteram
828 3258 1041 3315 habere
1075 3279 1189 3317 non
1220 3265 1696 3334 potest.Crlmina
1721 3268 1779 3321 in
1808 3269 1901 3323 ba-

236 3342 454 3413 ptismo
486 3344 946 3415 solvuntur,non
983 3352 1278 3423 conjugia.

242 3448 379 3503 CAP.
416 3450 535 3529 198.
570 3483 637 3491 —
668 3454 740 3529 De
766 3453 887 3509 illis
917 3458 1494 3529 feminisquaemulla
1528 3478 1692 3516 causa
1726 3464 1899 3517 inter-

312 3523 584 3646 vetniente,
618 3523 970 3651 rclé'querunt
1003 3531 1149 3585 viros
1176 3523 1319 3587 suos.
1354 3534 1435 3586 Ex
1463 3536 1697 3589 concilio
1726 3536 1903 3590 Elibe—

315 3609 367 3646 ri
394 3610 522 3651 ano.
549 3612 666 3651 cap.
740 3639 751 3651 .

315 3609 522 3663 ritano,
549 3612 666 3666 cap.
700 3609 751 3651 δ.

322 3684 462 3735 Item
496 3684 723 3740 feminae
756 3702 905 3757 quea,
940 3688 1100 3759 nulla
1141 3692 1499 3760 praecedente
1545 3710 1722 3748 causa
1775 3694 1904 3750 reli-

241 3775 501 3839 querunt
530 3772 686 3828 viros
719 3792 878 3843 suos,
914 3781 969 3831 et
996 3776 1159 3833 alteri
1192 3796 1250 3834 se
1280 3781 1715 3852 00pulaverunt,
1751 3788 1807 3838 et
1835 3784 1895 3839 in

240 3858 348 3913 hoc
379 3876 725 3930 permanere
758 3864 1397 3934 voluerint,necinfine
1430 3870 1899 3943 accipiantcorn-

244 3965 606 4005 muaionem.

242 4047 377 4103 CAP.
407 4046 529 4103 199.
563 4050 736 4130 _—-._De
762 4053 975 4121 femina
1003 4069 1128 4130 quae
1157 4056 1467 4130 adulterum
1500 4060 1812 4130 reliquerit,
1847 4068 1897 4115 et

502 4119 821 4177 adulterum
852 4119 1135 4195 acceperit.
1172 4128 1392 4198 Ibidem,
1423 4146 1541 4201 cap.
1574 4119 1626 4185 9..

306 4217 415 4286 (32,
450 4234 506 4288 q.
542 4221 590 4284 7,
628 4221 951 4291 c.l"lidelis.)
985 4225 1129 4280 Item
1163 4226 1384 4282 femina
1419 4228 1609 4285 ﬁdelis
1643 4247 1767 4301 quae
1794 4232 1893 4285 ad-

243 4305 496 4361 ulterum
532 4308 807 4364 maritum
844 4310 1147 4383 reliquerit
1176 4314 1429 4383 ﬁdelem,
1464 4322 1520 4371 et
1563 4318 1894 4374 adulterum

240 4393 536 4465 [alterum,
560 4398 724 4469 orig.)
758 4399 941 4468 ducit,
976 4402 1353 4471 prohibeatur
1383 4423 1451 4461 ne
1486 4407 1682 4462 ducat.
1702 4408 1758 4461 Si
1792 4426 1895 4462 au-

242 4488 358 4536 tem
420 4484 672 4551 duxerit,
706 4504 821 4543 non
873 4489 1038 4559 prius
1097 4492 1343 4563 accipiat
1396 4496 1893 4562 communionem,

242 4586 417 4641 quam
454 4572 503 4627 is
536 4589 706 4643 quem
738 4575 975 4649 reliquit
1007 4579 1076 4635 de
1106 4581 1319 4637 saeculo
1349 4583 1570 4651 exierit,
1605 4585 1713 4640 nisi
1754 4586 1896 4641 forte
1932 4546 1973 4609 D

243 4659 561 4716 necessitas
594 4662 955 4723 inﬁrmitatis
988 4669 1127 4724 dare
1155 4670 1521 4741 compulerit.

244 4762 373 4850 CAg.
405 4766 531 4849 200.
562 4797 633 4809 —
665 4770 815 4850 Quod
853 4789 1046 4850 neque,
1078 4775 1344 4850 dimissus
1387 4777 1454 4831 ab
1502 4794 1696 4845 uxore,
1727 4796 1900 4850 neque

310 4836 549 4917 dimissa
578 4856 618 4895 α
648 4836 847 4917 marito
878 4836 1047 4900 alteri
1076 4849 1503 4917 coniungantur.
1538 4852 1619 4904 Ex
1661 4836 1897 4908 concilio

310 4909 594 4978 Africano,
626 4928 744 4984 cap.
777 4916 846 4968 69
878 4917 949 4986 (et
978 4934 1126 4973 conc.
1161 4909 1387 4987 Mt'le'vit,
1418 4937 1463 4975 c.
1498 4922 1604 4992 17).

311 5005 421 5075 (32,
456 5024 513 5077 q.
540 5010 594 5075 7,
632 5028 681 5065 c.
716 5014 985 5086 Placuit.)
1018 5016 1238 5071 Placuit
1269 5023 1333 5072 ut
1366 5021 1693 5075 secundum
1724 5038 1895 5077 evan-

241 5093 488 5164 gelicum
512 5104 565 5152 et
589 5102 965 5170 apostolicam
998 5104 1396 5176 disciplinam,
1415 5125 1600 5180 neque
1619 5110 1897 5166 dimissus

241 5183 311 5237 ab
345 5200 540 5253 uxore,
568 5204 757 5259 neque
784 5192 1033 5248 dimissa
1057 5211 1089 5249 a
1114 5196 1319 5249 marito
1341 5196 1505 5252 alteri
1540 5198 1899 5270 conjungan-

241 5275 373 5339 tur;
407 5275 507 5329 sed
540 5276 622 5331 ita
656 5286 951 5348 maneant,
997 5287 1098 5337 aut
1147 5283 1383 5339 sibimet
1427 5287 1892 5363 reconcilientur.

241 5362 402 5426 Quod
452 5364 500 5418 si
551 5371 1037 5442 contempserint,
1071 5373 1141 5427 ad
1175 5374 1573 5443 paenitentiam
1624 5362 1897 5452 redigan-F

241 5456 355 5507 tur.

245 5549 378 5635 ΟΑε.
410 5550 547 5635 201..
572 5585 642 5635 τέ
672 5557 745 5612 De
774 5559 874 5614 illo
904 5560 1003 5631 qui
1030 5559 1242 5635 vivente
1284 5564 1483 5618 marito
1511 5568 1801 5635 conjugem
1828 5571 1899 5622 il-

316 5619 426 5676 lius
477 5622 818 5685 adulterasse
875 5619 1185 5699 accusalur,
1226 5636 1277 5687 et
1323 5649 1443 5688 eam
1492 5619 1899 5707 postrmorte—in

2093 507 2165 577 (et
2195 523 2343 561 conc.
2380 509 2615 573 Tribur.,
2644 526 2690 563 e.
2722 510 2834 577 51).

2092 598 2197 667 (“1,
2226 612 2282 667 q.
2312 599 2360 666 1,
2386 614 2435 652 c.
2460 598 2655 669 Siquis
2684 600 3011 670 vivente.)ls
3033 600 3157 671 qui,
3189 601 3414 656 vivente
3441 604 3672 670 marito,

2020 688 2329 758 conjugem
2348 687 2506 741 illius
2530 688 2893 743 adulterasse
2917 694 3387 754 accusatur,eteo
3408 691 3463 744 in
3488 694 3676 762 proxi-

2021 792 2115 829 mo
2148 775 2418 830 defuncto
2450 778 2714 832 eamdem
2751 779 3076 849 sumpsisse
3094 779 3676 849 dignoscitur,omni-

2021 865 2214 919 modis
2248 864 2489 935 publicae
2525 868 2879 938 pmnitentite
2909 867 3231 936 subigatur.
3258 868 3337 923 De
3361 886 3475 939 quo
3499 869 3673 925 etiam

2020 959 2151 1024 post
2174 956 2571 1025 pmnitentiam
2599 957 2974 1027 praefatam,si
2997 948 3677 1027 expedierit,scrvabitur
3740 986 3745 999 ι

2021 1044 2241 1115 regula,
2278 1045 2390 1100 nisi
2424 1046 2569 1101 forte
2602 1046 2753 1101 idem
2788 1050 2888 1101 aut
2917 1045 3129 1100 mulier
3158 1046 3347 1100 virum
3382 1047 3480 1117 qui
3519 1064 3674 1101 mor-

2020 1138 2157 1188 tuus
2210 1136 2418 1201 fuerat,
2451 1137 2731 1192 occidisse
2783 1140 3079 1205 notentur,
3111 1140 3213 1193 aut
3244 1137 3673 1208 propinquitas,

2015 1222 2100 1277 vel
2133 1222 2247 1278 alia
2277 1224 2545 1295 quaelibet
2578 1226 2728 1281 actio
2752 1225 3078 1281 criminalis
3114 1226 3415 1297 impediat.
3439 1227 3602 1290 Quod
3624 1227 3675 1281 si

2016 1312 2327 1383 probatum
2360 1314 2550 1380 fuerit,
2585 1316 2711 1370 sine
2743 1314 2863 1370 ulla
2895 1333 2997 1387 spe
3028 1315 3287 1387 conjugii
3320 1331 3455 1370 cum
3488 1316 3672 1386 poeni-

2012 1401 2195 1456 tentia
2247 1409 2523 1474 perpetuo
2576 1409 2869 1459 maneant.
2923 1404 2981 1459 Si
3034 1409 3226 1459 autem
3281 1406 3578 1476 negaverit
3609 1421 3670 1460 se

2010 1490 2276 1545 eamdem
2312 1492 2607 1558 feminam,
2624 1495 2849 1548 vivente
2868 1493 3014 1563 viro,
3033 1510 3406 1564 nequaquam
3440 1494 3509 1547 ad
3522 1494 3672 1548 ulte-

2010 1596 2191 1648 rasse,
2222 1585 2277 1635 et
2309 1582 2531 1652 praelati
2569 1582 2865 1637 homicidii
2900 1588 3105 1637 neuter
3146 1599 3349 1637 eorum
3400 1584 3668 1643 convinci

2009 1670 2283 1739 potuerit,
2306 1676 2556 1742 purgent
2588 1670 2851 1741 legaliter
2882 1673 3097 1727 famam
3133 1690 3251 1727 suta
3284 1672 3671 1743 opinionis,et

2007 1767 2241 1830 sumpto
2277 1765 2515 1813 utantur
2546 1761 2838 1831 conjugio,
2872 1761 2920 1816 si
2968 1762 3100 1827 alia,
3136 1766 3199 1816 ut
3233 1761 3512 1829 diximus,
3550 1778 3666 1817 non

2007 1848 2341 1919 impedierit
2373 1849 2537 1904 ratio.

2005 1940 2141 1993 CAP.
2172 1938 2297 1992 202.
2330 1968 2398 1979 -—-
2430 1943 2510 1993 De
2538 1938 2728 1994 eadem
2772 1955 2849 1994 re.
2870 1940 2978 2064 [lgna
3022 1939 3255 1994 concilio
3307 1941 3663 2004 Triburiensi,

2708 2026 2826 2064 can.
2945 2051 2956 2063 .

2708 2026 2826 2081 cap.
2870 2026 2956 2064 ιιυ.

2077 2099 2190 2165 (31,
2223 2115 2277 2169 q.
2310 2100 2359 2168 1,
2394 2116 2441 2155 c.
2478 2099 2772 2171 Relatum.)
2805 2099 3074 2155 Relatum
3108 2104 3197 2155 est
3229 2101 3472 2156 auribus
3524 2118 3666 2155 san-

2008 2191 2236 2242 ctorum
2270 2189 2639 2244 sacerdotum
2673 2190 2989 2260 quemdam
3022 2188 3266 2245 alterius
3286 2206 3523 2245 uxorem
3544 2195 3666 2245 stu-

2010 2292 2111 2345 pro
2132 2276 2650 2350 violasse,insuper
2670 2283 2727 2333 et
2749 2277 3011 2345 mmchae,
3032 2278 3261 2333 vivente
3278 2279 3399 2333 viro
3422 2280 3667 2348 suo,ju-

2007 2371 2339 2420 ramentum
2373 2367 2604 2421 dedisse
2637 2371 2718 2433 ut,
2752 2373 2882 2437 post
2911 2366 3157 2439 legitimi
3190 2367 3386 2422 mariti
3418 2374 3665 2422 mortem

2008 2453 2057 2508 si
2105 2454 2547 2525 supervixisset,
2577 2456 2816 2510 duceret
2848 2473 3108 2511 uxorem.
3138 2458 3301 2521 Quod
3347 2462 3403 2511 et
3446 2458 3665 2510 factum

2008 2548 2117 2597 est.
2153 2543 2287 2597 Tale
2319 2543 2500 2614 igitur
2530 2543 2892 2599 connubium
2927 2544 3312 2615 prohibemus
3343 2549 3399 2601 et
3428 2546 3666 2600 anathe-

2009 2632 2379 2686 matizamus.

2008 2725 2138 2774 CAP.
2170 2721 2293 2773 203.
2322 2752 2386 2759 —
2413 2721 2485 2774 De
2505 2722 2601 2776 illo
2635 2724 2731 2791 qui
2761 2738 2987 2777 uxorem
3019 2722 3196 2787 habet,
3216 2727 3264 2777 et
3295 2724 3499 2793 swpius
3528 2740 3662 2777 nite-

2140 2796 2333 2846 chatus
2361 2794 2553 2860 fuerit.
2588 2795 2669 2847 Ex
2698 2795 2935 2849 concilio
2967 2795 3289 2859 Elibertino,
3320 2811 3439 2865 cap.
3470 2796 3526 2847 7.

2079 2880 2135 2934 Si
2168 2880 2300 2950 quis
2334 2881 2521 2935 fidelis
2554 2882 2776 2936 habens
2808 2899 3069 2952 uxorem,
3095 2901 3208 2937 non
3230 2882 3409 2938 semel
3435 2884 3533 2937 scd
3562 2900 3659 2937 sa:-

2009 2969 2141 3040 pius
2174 2969 2347 3023 fuerit
2373 2970 2719 3037 moechatus,
2744 2970 2799 3024 in
2824 2972 2936 3026 ﬁne
2962 2973 3164 3027 mortis
3197 2976 3284 3027 est
3315 2972 3663 3027 convenien-

2008 3059 2138 3112 dus.
2186 3058 2347 3120 Quod
2400 3058 2448 3113 si
2498 3076 2559 3114 se
2604 3060 2938 3131 promiserit
2987 3066 3377 3127 cessaturum,
3410 3061 3582 3115 detur
3612 3061 3664 3115 ei

2010 3147 2368 3201 communio.

2011 3236 2143 3290 CAP.
2176 3237 2300 3289 204.
2327 3267 2392 3277 —-
2417 3238 2567 3304 Quod
2599 3254 2708 3292 non
2736 3241 3024 3294 conveniat
3054 3256 3178 3293 cum
3209 3239 3478 3293 haereticis
3504 3238 3661 3292 Chri-

2080 3310 2289 3381 stianos
2320 3309 2601 3379 nuptialia
2624 3313 2758 3381 jura
2786 3312 3124 3366 contrahere.
3151 3312 3230 3366 Ex
3265 3311 3498 3365 concilio
3530 3313 3665 3364 Lao-

2080 3378 2308 3448 dicensi,
2341 3396 2458 3450 cap.
2489 3382 2549 3433 31
2588 3378 2659 3451 (et
2690 3398 2839 3437 conc.
2873 3384 3159 3452 Agathen.,
3181 3399 3227 3435 c.
3258 3382 3375 3451 67).

2080 3468 2191 3537 (28,
2218 3485 2274 3538 q.
2310 3468 2361 3531 4,
2394 3485 2443 3523 c.
2479 3474 2599 3525 Non
2631 3471 2883 3540 oportet.)
2915 3470 3075 3532 Quod
3107 3488 3220 3525 non
3244 3474 3508 3540 oporteat
3529 3486 3663 3523 cum

2016 3556 2300 3611 haereticis
2325 3558 2611 3613 universis
2636 3560 2976 3629 nuptiarum
3003 3560 3217 3613 fmdera
3239 3558 3664 3626 celebrare,ncc

2013 3646 2097 3700 eis
2132 3646 2280 3701 filios
2314 3647 2451 3701 dare
2480 3646 2565 3700 vel
2602 3646 2789 3715 ﬁlias;
2825 3649 2925 3701 sed
2960 3647 3150 3718 magis
3180 3648 3462 3719 accipere,
3496 3648 3544 3701 si
3577 3652 3664 3701 ta-

2014 3751 2144 3789 men
2179 3734 2540 3789 Christianos
2572 3752 2632 3790 se
2664 3736 2788 3789 ﬁeri
2820 3736 3189 3807 promittant.

2006 3832 2139 3888 CAP.
2173 3833 2297 3886 205.
2323 3863 2391 3871 —
2421 3832 2481 3885 Si
2513 3833 2684 3887 laicus
2724 3833 3010 3888 absolutus
3058 3850 3181 3888 cum
3228 3834 3369 3887 laica
3419 3832 3664 3889 absoluta

2238 3906 2569 3974 peccaverit.
2606 3906 2690 3959 Ex
2716 3922 2867 3961 conc.
2903 3905 3178 3974 Meldensi,
3211 3922 3331 3975 cap.
3363 3906 3417 3957 7.

2078 3992 2136 4046 Si
2162 3991 2348 4047 laicus
2379 4010 2511 4047 cum
2544 3993 2692 4049 laica
2725 3994 2962 4059 femina,
2987 3994 3041 4047 id
3064 3999 3152 4049 est
3170 4000 3414 4064 uterque
3432 3992 3664 4048 absolu-

2006 4085 2103 4135 tus
2126 4100 2157 4136 a
2181 4080 2306 4151 lege
2328 4083 2584 4153 conjugii
2607 4082 3136 4149 concubuerit,tres
3151 4098 3336 4137 annos
3361 4082 3659 4151 pceniteat.

2005 4170 2071 4223 Et
2122 4176 2340 4240 quanto
2391 4172 2603 4241 saepius
2634 4175 2691 4226 et
2720 4170 3113 4243 negligentiae
3143 4187 3209 4224 ea
3243 4175 3478 4241 peccata
3508 4186 3663 4224 com-

2007 4259 2254 4326 miserit,
2290 4264 2452 4315 tanto
2505 4259 2693 4331 magis
2725 4265 2781 4314 et
2813 4266 3047 4330 tempus
3092 4260 3341 4314 addatur
3365 4264 3420 4314 et
3450 4260 3662 4313 modus

2006 4347 2381 4417 paenitentiae.

2005 4439 2139 4492 CAP.
2174 4438 2297 4491 206.
2321 4468 2390 4477 —
2429 4439 2503 4491 De
2534 4454 2706 4492 uxore
2732 4454 2869 4508 qum,
2893 4438 3105 4493 conscio
3137 4438 3367 4505 marito,
3391 4439 3662 4495 maechala

2200 4508 2398 4579 fuerit.
2432 4510 2513 4563 Ex
2540 4511 2770 4564 concilio
2800 4509 3222 4578 Muguntinensi,
3255 4526 3374 4580 cap.
3406 4512 3461 4563 9.

2078 4596 2158 4665 Si,
2183 4598 2414 4652 conscio
2440 4599 2650 4652 marito
2672 4602 2726 4653 et
2748 4598 2875 4669 ipso
2894 4599 3471 4663 consentiente,uxor
3490 4598 3663 4653 fuerit

2008 4686 2315 4755 moechata,
2351 4685 2571 4757 placuit
2602 4702 2706 4740 nec
2738 4686 2793 4739 in
2828 4687 2940 4740 ﬁne
2971 4686 3221 4740 dandam
3267 4688 3350 4742 eis
3396 4704 3659 4741 commu-

2009 4775 2264 4831 nionem.
2298 4777 2355 4830 Si
2389 4794 2521 4832 vero
2543 4793 2669 4831 eam
2704 4775 3021 4846 reliquerit,
3057 4781 3112 4830 et
3159 4776 3412 4847 separati
3446 4775 3661 4830 fuerint

2008 4870 2064 4920 et
2093 4865 2266 4936 digne
2299 4865 2691 4937 poenituerint,
2721 4869 2853 4936 post
2878 4865 2945 4919 10
2976 4882 3161 4920 annos
3192 4864 3659 4936 accipiautcom-

2008 4954 2367 5010 muaionem.

2006 5053 2141 5107 CAP.
2164 5052 2287 5107 207.
2317 5084 2383 5093 —
2416 5054 2489 5107 De
2518 5056 2635 5108 viro
2667 5069 2897 5107 uxorem
2917 5068 3025 5107 non
3048 5051 3361 5119 hubenle,si
3380 5069 3505 5106 cum
3528 5052 3662 5105 alte~

2077 5125 2197 5177 rius
2247 5140 2419 5179 uxore
2470 5124 2810 5179 adulterium
2854 5126 3277 5195 perpetraverit.
3312 5126 3393 5177 Ex
3430 5124 3664 5178 concilio

2077 5196 2437 5261 Nannetensi,
2471 5213 2588 5267 cap.
2621 5198 2655 5249 6
2685 5197 2804 5267 (sub
2836 5201 3110 5261 Formoso,
3142 5211 3191 5250 c.
3230 5196 3338 5263 1-1).

2079 5285 2239 5349 Quod
2291 5284 2337 5338 si
2387 5284 2472 5338 vir
2522 5302 2637 5340 non
2685 5286 2907 5340 habens
2956 5300 3191 5339 uxorem
3246 5299 3378 5336 cum
3422 5280 3661 5335 alterius

2008 5390 2185 5429 uxore
2217 5374 2569 5429 adulterium
2605 5374 3060 5446 perpetraverit;
3094 5376 3194 5426 aut
3223 5371 3268 5425 si
3305 5387 3421 5440 qua
3453 5368 3665 5423 mulier

2009 5478 2123 5516 non
2158 5462 2380 5518 habens
2412 5462 2598 5518 virum
2633 5480 2765 5517 cum
2801 5461 3043 5517 alterius
3060 5460 3202 5525 viro,
3232 5458 3325 5513 ille
3344 5458 3443 5528 qui
3473 5458 3661 5513 foedus

2008 5549 2244 5607 violavit
2265 5552 2543 5625 conjugii,
2561 5554 2594 5603 7
2619 5568 2825 5617 annos,
2850 5555 2912 5605 ut
2932 5548 3333 5620 supradictum
3360 5548 3660 5617 θείη)φηί-

2010 5642 2149 5696 teat.
2184 5637 2283 5695 Ille
2332 5638 2431 5711 qui
2478 5639 2605 5711 lege
2651 5637 2912 5710 conjugii
2965 5654 3079 5692 non
3129 5640 3379 5704 tenetur,
3409 5637 3443 5689 5
3474 5653 3660 5691 annos
