3994 6052
308 227 432 285 ’627
538 242 543 247 '

1422 229 1492 281 D.
1530 223 1775 282 NONIS
1809 223 2305 282 CARNOTENBIS
2340 226 2663 317 EPISCQPI
2750 226 2775 239 ‘

3641 229 3752 286 628

323 351 618 423 poeniteat.
643 350 845 423 Neque
873 349 1032 407 enim
1054 348 1296 423 aequalis
1321 348 1664 421 poenitentia
1679 350 1875 407 danda
1891 352 1981 406 est
2008 351 2063 419 Α
2094 349 2500 422 unusquisque
2532 366 2770 407 uxorem
2791 366 2964 408 suam
2984 364 3115 408 esse
3134 351 3597 423 viclricem,cum
3625 354 3640 410 i
3650 370 3753 427 pse

323 440 661 514 his,quibus
678 441 950 498 sufﬁcere
974 444 1201 513 poterat
1219 440 1288 495 ad
1308 437 1654 511 explendam
1674 439 1982 496 libidinem

324 547 492 586 suam
555 531 873 604 conjugum
929 529 1258 600 amplexus,
1309 532 1365 583 et
1411 527 1530 584 illis
1580 530 1677 599 qui
1735 530 1984 600 conjuge

323 621 823 687 carentes,ardore
838 616 1527 688 libidinisimpellonte,in
1547 618 1983 673 fornicationem

324 710 683 767 ceciderunt.

323 821 457 872 CAP.
487 819 612 871 208.
643 847 713 858 —-
745 822 820 871 De
847 812 1161 885 coniugatis
1199 814 1298 885 qui
1341 814 1532 884 aliqua
1559 818 1711 869 certa
1759 829 1819 868 re
1866 812 1980 867 dis-

392 888 610 944 cidium
662 886 914 958 fecerint,
961 889 1023 939 ut
1079 884 1307 957 innupti
1360 889 1643 958 maneant.
1682 888 1773 958 Ex
1817 886 1981 939 dictis

390 956 686 1102 Auggjstini
733 958 855 1029 (lib.
907 974 924 1011 ι
977 962 1055 1012 De
1103 972 1354 1013 sermone
1400 956 1623 1013 Domini
1667 956 1727 1011 in
1773 965 1976 1023 monte,

390 1048 437 1086 ο.
469 1033 487 1053 ‘
570 1071 582 1083 .

389 1048 437 1086 ο.
469 1033 582 1086 28).

385 1126 497 1197 (32,
531 1144 588 1199 q.
620 1129 655 1181 7
686 1143 736 1183 c.
768 1126 1102 1199 Apostolus.)
1154 1127 1470 1199 Apostolus
1526 1126 1742 1182 Paulus
1792 1127 1933 1181 dicit
1965 1144 1978 1182 :

316 1215 419 1272 His
450 1214 547 1287 qui
574 1218 701 1270 sunt
731 1217 793 1271 in
822 1217 1076 1289 conjugio
1102 1218 1372 1288 praecipio
1402 1232 1512 1272 non
1541 1217 1757 1288 ego,sed
1798 1216 1977 1271 Domi-

314 1321 442 1373 nus,
463 1320 700 1361 uxorem
718 1323 753 1360 a
772 1307 894 1361 viro
913 1321 1022 1362 non
1046 1306 1325 1362 discedere
1345 1324 1363 1361 :
1397 1305 1541 1379 quod
1571 1307 1621 1361 si
1648 1306 1976 1373 discesserit,

315 1410 542 1451 manere
560 1394 977 1467 innuptam,aut
998 1397 1115 1451 viro
1140 1412 1236 1451 suo
1259 1395 1611 1452 reconciliari
1640 1396 1684 1468 (Ι
1703 1397 1826 1452 Cor.
1850 1395 1973 1466 vn).

320 1484 518 1540 Potest
547 1485 704 1541 enim
734 1485 857 1541 fieri
892 1489 955 1540 ut
982 1485 1331 1540 discedatea
1349 1502 1528 1541 causa
1553 1502 1668 1556 qua
1690 1485 1976 1540 Dominus

319 1574 607 1646 permisit.
632 1574 810 1630 Autsi
834 1574 1062 1630 feminae
1096 1574 1230 1629 licet
1258 1575 1449 1629 virum
1481 1574 1776 1629 dimittere
1798 1574 1978 1630 etiam

318 1668 560 1735 propter
588 1680 828 1720 causam
862 1663 1292 1733 fornicationis,
1316 1663 1455 1735 quid
1492 1664 1979 1735 respondebimus

318 1753 390 1809 de
421 1753 528 1809 hoc
555 1754 708 1825 quod
761 1752 900 1809 dicit
948 1752 1280 1824 posterius:
1337 1755 1400 1808 Et
1446 1754 1538 1809 vir
1585 1769 1820 1809 uxorem
1866 1768 1977 1808 non

240 1854 245 1865 ‘
317 1842 611 1898 dimittat?
653 1841 847 1913 (ibid.)
880 1842 1069 1906 Quare
1113 1858 1228 1897 non
1279 1843 1509 1897 addidit
1533 1846 1771 1913 excepta
1797 1857 1977 1897 causa

2090 439 2165 494 ad
2196 438 2453 511 primum
2482 439 2745 495 libidinis
2777 439 2960 495 ictum
2991 439 3180 497 victus
3213 442 3426 497 cadat?
3456 443 3751 515 Aliquanto

2091 533 2228 599 post.
2265 528 2408 587 Nam
2441 529 2729 601 quidquid
2760 533 2961 586 contra
3008 530 3181 586 ﬁdem
3234 530 3579 587 catholicam
3632 550 3748 589 non

2093 615 2229 672 licet
2257 615 2626 687 mulieribus,
2653 632 2756 672 nec
2783 616 2925 672 viris
2956 616 3173 673 licebit.
3217 620 3487 675 Hactenus
3524 620 3748 690 August.

2092 705 2150 760 Si
2184 710 2379 761 autem
2421 706 2625 761 eadem
2678 704 2890 761 mulier
2936 705 3139 762 timore
3191 707 3516 778 perterrita,
3549 724 3582 762 a
3626 708 3752 765 loco

2092 795 2191 851 ubi
2218 812 2346 851 eam
2372 796 2682 867 episcopus
2704 794 3023 850 destinavit
3044 795 3422 868 aufugerit,et
3439 796 3521 851 vir
3538 799 3666 867 ejus
3683 798 3753 853 ab

2090 884 2365 956 episcopo
2387 884 2567 940 semel
2593 888 2694 940 aut
2718 884 2809 940 bis
2832 884 2921 940 vel
2944 884 3159 957 saepius
3182 886 3557 956 repetierit,si
3576 886 3754 943 vitam

2089 973 2140 1029 ei
2172 973 2443 1030 obtinere
2475 974 2682 1044 possit,
2715 973 3022 1045 perquirat
3050 978 3109 1029 et
3138 974 3367 1029 reddat.
3390 975 3488 1029 Sin
3533 981 3751 1040 autem,

2091 1049 2331 1117 omnino
2354 1078 2468 1117 non
2494 1061 2971 1118 reddat.Maritus
2992 1078 3127 1119 vero
3149 1062 3408 1134 quandiu
3429 1063 3556 1135 ipsa
3575 1064 3752 1120 vivat.

2091 1150 2253 1206 nullo
2282 1151 2455 1207 modo
2486 1150 2732 1207 alteram
2765 1151 2960 1207 ducat.

2089 1257 2223 1313 CAP.
2253 1258 2380 1314 211.
2411 1287 2480 1298 --
2512 1258 2585 1312 De
2614 1273 2695 1328 eo,
2729 1259 2780 1313 si
2812 1259 2935 1329 quis
2982 1274 3110 1313 cum
3154 1274 3331 1314 uxore
3374 1260 3627 1329 alterius,
3662 1264 3747 1317 ri-

2159 1338 2317 1404 pente
2334 1345 2415 1398 eo,
2437 1330 2741 1404 fornicatus
2758 1331 2955 1404 fuerit.
2979 1332 3063 1386 Ex
3080 1331 3314 1388 concilio
3334 1333 3479 1404 apud
3498 1335 3755 1390 Altheum

2162 1400 2365 1471 habito,
2398 1409 2670 1472 praesente
2702 1399 2954 1458 Conrado
2983 1418 3130 1472 rege,
3162 1418 3282 1476 cap.
3315 1399 3370 1459 5.

2161 1499 2272 1570 (31,
2306 1501 2438 1570 q.2,
2471 1515 2520 1555 c.
2557 1498 2699 1554 Illud
2731 1500 2901 1569 vero.)
2936 1498 3083 1556 lllud
3129 1517 3265 1557 vero
3315 1502 3616 1558 communi
3649 1503 3750 1559 de—

2088 1591 2244 1643 creto
2293 1589 2619 1643 secundum
2653 1603 2945 1644 canonum
2994 1589 3271 1645 instituta
3319 1590 3660 1657 definimus,
3692 1596 3751 1648 et

2088 1676 2542 1748 praejudioamus
2562 1680 2646 1747 ut,
2661 1678 2710 1733 si
2732 1678 2863 1748 quis
2885 1694 3019 1734 cum
3045 1695 3222 1735 uxore
3246 1679 3753 1747 alterius,vivente

2086 1783 2173 1837 eo,
2190 1768 2510 1823 fornicatus
2533 1767 2729 1835 fuerit,
2745 1768 3030 1824 moriente
3054 1770 3288 1840 marito,
3304 1770 3568 1842 synodali
3582 1771 3750 1843 judi-

2087 1857 2176 1912 cio
2206 1857 2402 1913 aditus
2433 1858 2484 1913 ei
2514 1856 2829 1912 claudatur
2858 1857 3123 1926 illicitus,
3149 1875 3221 1914 ne
3251 1859 3499 1916 ulterius
3529 1861 3580 1915 ei
3616 1878 3751 1917 con-

316 1930 719 2021 fornicationis
769 1931 926 2002 (1⁸οά
973 1930 1625 2021 θφωῗηυξηρθτωίῐίίῖτ
1670 1930 1785 1986 Πίεί
1838 1931 1978 2002 (lilia
2078 1946 2366 2018 jungatur
2395 1947 2986 2019 matrimonio,quam
3008 1948 3173 2020 prius
3192 1947 3402 2021 polluit
3434 1951 3747 2009 adulterio.

319 2018 572 2076 similem
633 2021 882 2076 formam
941 2019 1067 2075 vult
1126 2019 1403 2092 intelligi,
1466 2025 1531 2076 ut
1582 2020 1633 2076 si
1685 2021 1979 2077 dimiserit

320 2109 496 2180 (quod
528 2126 708 2165 causa
737 2108 1142 2165 fornicationis
1172 2109 1552 2181 permittitur)
1582 2114 1816 2165 maneat
1854 2111 1978 2166 sine

319 2214 499 2254 uxore
530 2203 632 2254 aut
659 2198 1069 2255 reconcilietur
1098 2197 1303 2253 uxori?
1330 2200 1394 2253 Et
1422 2200 1539 2269 post
1568 2214 1764 2269 pauca.
1782 2199 1978 2254 Domi-

320 2304 435 2343 nus
466 2290 660 2343 autem
693 2286 960 2358 permisit
990 2302 1171 2342 causa
1202 2286 1608 2342 fornicationis
1630 2303 1867 2343 uxorem
1892 2288 1980 2343 di-

322 2376 516 2446 mitti;
550 2378 651 2433 sed
680 2377 821 2449 quia
843 2376 1137 2449 permisit,
1171 2393 1286 2431 non
1309 2375 1515 2447 jussit.

319 2495 450 2548 CAP.
478 2493 603 2548 209.
638 2524 706 2533 —
729 2496 805 2547 De
834 2491 958 2547 illis
987 2494 1104 2563 qui,
1131 2491 1533 2548 interveniente
1565 2494 1810 2563 repudio,
1846 2495 1979 2550 aliis

388 2580 446 2620 se
484 2564 545 2619 in
591 2566 943 2619 matrimonio
974 2565 1373 2634 copulaverint.
1409 2567 1501 2619 Ea:
1541 2565 1767 2621 decretis
1812 2567 1977 2621 Inno-

387 2638 557 2692 centii
578 2651 761 2708 papae,
793 2652 913 2707 cap.
946 2637 1018 2690 26
1046 2638 1230 2707 (epist.
1263 2638 1316 2703 3,
1349 2653 1400 2690 c.
1435 2638 1512 2709 6).

390 2733 472 2790 De
501 2734 594 2789 his
621 2733 796 2790 etiam
830 2733 1136 2805 requisivit
1178 2733 1410 2789 dilectio
1442 2739 1543 2789 tua
1574 2734 1695 2805 qui,
1730 2736 1979 2791 interve-

330 2823 525 2878 niente
556 2822 821 2894 repudio,
855 2821 987 2877 aliis
1019 2838 1081 2877 se
1113 2822 1491 2878 matrimonio
1517 2824 1976 2896 copulaverunt:

323 2927 472 2982 quos
502 2910 563 2964 in
596 2916 845 2981 utraque
877 2913 1043 2981 parte
1074 2911 1371 2967 adulteros
1420 2928 1548 2967 esse
1597 2913 1976 2969 manifestum

318 3003 425 3055 est.
444 2998 552 3065 Qui
574 3014 708 3054 vero
728 2998 818 3053 vel
841 3015 1021 3054 uxore
1040 2999 1286 3067 vivente,
1304 3000 1573 3070 quamvis
1594 3001 1977 3058 dissociatum

2086 2034 2375 2091 Nolumus
2404 2036 2584 2105 enim,
2617 2052 2723 2091 nec
2757 2036 3098 2092 Christianae
3131 2036 3397 2111 religioni
3454 2040 3746 2108 convenit,

2089 2130 2154 2180 ut
2184 2124 2341 2180 ullus
2371 2125 2623 2181 ducatin
2641 2126 2978 2198 conjugium
3015 2143 3193 2199 quam
3226 2128 3393 2200 prius
3424 2127 3754 2202 polluitper

2091 2214 2472 2270 adulterium.

2090 2314 2223 2368 CAP.
2255 2313 2379 2366 212.
2409 2342 2480 2353 -
2511 2312 2586 2367 De
2615 2314 2876 2381 ingenuo,
2909 2313 2960 2368 si
2988 2316 3284 2385 ingenuam
3313 2315 3584 2387 acceperit
3608 2333 3752 2373 uxo-

2163 2400 2298 2458 rem,
2319 2393 2377 2458 et
2401 2392 2583 2458 postea
2611 2400 2668 2440 se
2695 2400 2914 2458 servum
2942 2402 3056 2442 esse
3076 2387 3490 2458 proﬁtetur.E.r
3514 2389 3754 2444 concilio

2162 2454 2520 2525 Triburiensi,
2550 2471 2672 2527 cap.
2705 2457 2760 2510 8.

2158 2544 2269 2614 (29,
2303 2560 2359 2614 q.
2395 2544 2449 2613 2,
2482 2560 2530 2598 c.
2561 2545 2850 2600 Perlalum
2892 2546 3016 2616 est.)
3062 2545 3355 2603 Perlatum
3388 2553 3478 2604 est
3501 2549 3573 2604 ad
3605 2565 3750 2605 san-

2089 2636 2237 2687 ctam
2265 2632 2740 2704 synodum,quod
2763 2634 3002 2704 quidam
3020 2634 3311 2706 ingenuus
3326 2637 3639 2707 ingenuam
3656 2655 3753 2694 ac-

2087 2720 2304 2792 ceperit
2334 2737 2593 2788 uxorem,
2618 2726 2676 2777 et
2696 2730 2830 2793 post
2861 2720 3113 2779 ﬁliorum
3147 2726 3609 2796 procreationem
3648 2744 3749 2783 oc-

2089 2809 2323 2865 casione
2353 2809 2585 2865 divortii
2617 2810 2927 2881 cujusdam
2962 2828 3191 2869 servum
3224 2831 3286 2869 se
3318 2815 3746 2881 fecerit,utrum

2090 2899 2421 2954 necessario
2473 2898 2780 2954 mulierem
2814 2905 3012 2956 tenere
3043 2902 3272 2969 debeat,
3305 2907 3360 2959 et
3386 2904 3435 2959 si
3468 2904 3745 2972 tenuerit,

2090 2992 2287 3042 utrum
2322 2987 2423 3043 illa
2454 3005 2687 3060 quoque
2709 2990 3033 3045 secundum
3054 2990 3392 3048 sacularem
3413 2992 3601 3063 legem
3621 3009 3748 3048 ser-

317 3103 448 3143 esse
474 3087 740 3142 videatur
764 3087 1127 3159 conjugium,
1148 3089 1218 3142 ad
1238 3087 1414 3143 aliam
1434 3087 1702 3161 copulam
1734 3090 1973 3147 festina-
2006 3079 2049 3147 C
2086 3075 2258 3131 vituti
2277 3075 2487 3147 subjici
2509 3077 3088 3135 debeat..ludicatum
3111 3084 3476 3147 est,uxorem
3502 3080 3747 3136 minime

320 3184 675 3248 runt,neque
696 3180 945 3248 possunt
971 3175 1223 3231 adulteri
1249 3194 1362 3232 non
1384 3176 1897 3248 videri,intantum
1923 3185 1989 3237 ut

322 3266 446 3323 haec
489 3265 664 3321 etiam
714 3281 980 3338 persona:
1028 3263 1247 3336 quibus
1299 3264 1446 3322 tales
1491 3268 1789 3338 conjuncti
1821 3274 1986 3326 sunt,

325 3355 503 3411 etiam
527 3354 854 3427 illud,quod
877 3353 1130 3427 legimus
1154 3354 1211 3410 in
1231 3354 1568 3427 Evangelio:
1591 3358 1698 3425 Qui
1714 3339 1988 3436 dimiserif

330 3460 565 3501 uxorem
590 3461 768 3510 suam,
793 3451 844 3499 et
871 3442 1093 3499 duxerit
1123 3443 1319 3509 aliam,
1344 3445 1660 3502 niese/tatur
1688 3446 1898 3518 (Matth.
1923 3446 1982 3506 v’

328 3536 469 3605 xm).
491 3534 558 3588 Et
591 3533 721 3589 ideo
753 3549 957 3588 omnes
990 3550 1023 3588 a
1054 3534 1463 3590 communione
1491 3534 1756 3592 fidelium
1787 3537 1984 3595 decre-

325 3623 522 3679 vimus
551 3621 952 3677 abstinendos.
989 3622 1069 3677 De
1112 3623 1454 3694 parentibus
1487 3628 1684 3681 autem
1718 3630 1819 3681 aut
1847 3644 1984 3698 pro-

326 3710 569 3784 pinquis
620 3726 845 3781 eorum,
904 3710 1051 3765 nihil
1108 3711 1225 3766 tale
1278 3711 1458 3767 statui
1506 3717 1721 3785 potest,
1768 3715 1883 3771 nisi
1931 3717 1981 3772 si

324 3801 656 3857 incentores
706 3799 895 3855 illiciti
940 3799 1219 3856 consortii
1260 3801 1441 3858 fuisse
1471 3802 1781 3860 videantur
1811 3808 1986 3875 [dete-

323 3894 498 3962 gantu
509 3908 557 3961 r,
589 3888 781 3960 orig.].

322 4002 455 4054 CAP.
487 3998 616 4053 210.
646 4027 717 4038 -
773 3995 833 4052 Si
886 3997 1042 4067 cujus
1100 4011 1273 4069 uxor,
1302 4003 1652 4067 constuprata
1708 4001 1884 4069 fuerit
1931 3996 1984 4058 et

393 4066 958 4142 proptereagmaritus’
985 4066 1209 4142 perdere
1250 4067 1411 4122 illam
1438 4066 1865 4129 machinanerit.
1899 4075 1985 4128 Ex

394 4138 1110 4268 conc.4g‘riburieizsi,cui
1165 4138 1427 4211 interfuit
1484 4142 1805 4214 Arnutphus
1860 4161 1981 4212 rex,

394 4230 514 4268 can.
624 4254 636 4268 .

394 4230 514 4284 cap.
549 4230 636 4269 ao.

394 4301 452 4355 Si
501 4302 671 4371 cujus
719 4316 867 4356 uxor
913 4303 1295 4371 constuprata
1344 4299 1538 4369 fuerit,
1570 4304 1628 4355 et
1676 4306 1980 4374 propterea

324 4388 575 4443 maritus
588 4385 823 4458 capitali
837 4387 1127 4442 sententia
1143 4385 1336 4442 delere
1354 4386 1515 4442 illam
1536 4388 1727 4444 macbi
1738 4390 1978 4459 naverit;

322 4476 451 4546 ipsa
477 4491 635 4543 vero,
670 4477 916 4546 urgente
963 4475 1170 4532 mortis
1220 4475 1500 4548 periculo,
1535 4477 1606 4532 ad
1640 4477 1981 4550 episcopum

323 4563 674 4635 confugerit,
697 4567 757 4618 et
786 4561 1067 4617 auxilium
1101 4565 1419 4634 quaesierit,
1440 4566 1763 4637 operosiori
1786 4571 1984 4624 tamen

325 4652 374 4708 si
410 4656 598 4725 potest
627 4642 938 4723 episcopus
967 4650 1166 4708 labore
1196 4653 1462 4721 desudet,
1487 4671 1557 4709 ne
1588 4656 1908 4725 occidatur;
1933 4658 1981 4715 si

322 4757 458 4797 vero
491 4758 607 4797 non
638 4744 847 4813 potest,
867 4740 1029 4796 n-ullo
1053 4742 1225 4797 modo
1255 4741 1427 4797 liceat
1444 4741 1495 4797 ei
1515 4745 1833 4814 requirenti
1853 4763 1980 4802 eam

326 4830 572 4886 reddere
595 4830 663 4885 ad
691 4829 1096 4897 occidendum,
1123 4846 1250 4900 quas
1272 4846 1334 4885 se
1358 4830 1408 4885 ei
1432 4831 1643 4886 obtulit
1683 4834 1754 4889 ad
1786 4836 1980 4890 delen-

326 4919 476 4974 dend
488 4936 609 4975 um.
626 4919 737 4974 Sed
758 4918 955 4974 solerti
987 4935 1130 4974 cura
1160 4918 1526 4975 transmittat
1543 4937 1669 4976 eam
1691 4923 1761 4977 ad
1786 4922 1980 4980 locum

326 5024 500 5079 quem
525 5008 655 5080 ipsa
675 5005 981 5079 delegerit,
1008 5011 1070 5062 ut
1095 5023 1301 5063 secura
1330 5009 1517 5078 possit
1535 5009 1741 5066 vivere.
1769 5011 1827 5067 Si
1851 5030 1980 5068 vero

322 5096 621 5153 interdum
652 5096 900 5153 maritus
916 5112 1043 5152 eam
1065 5095 1349 5152 invenerit
1373 5105 1428 5151 et
1450 5100 1979 5170 repetierit,secun-

323 5188 465 5242 dum
518 5186 801 5243 saeculum
849 5189 1196 5258 potestatem
1247 5186 1485 5241 habebit
1535 5188 1677 5259 quid
1729 5189 1780 5244 ei
1811 5207 1980 5262 agere

323 5275 482 5333 velit.
522 5276 633 5331 Sed
677 5275 880 5332 audiat
922 5279 1194 5329 sanctum
1242 5274 1639 5346 Augustinum
1686 5278 1975 5334 dicentem

323 5364 597 5436 (sermone
622 5365 688 5422 de
717 5367 959 5435 tempore
976 5363 1101 5431 243)
1130 5380 1143 5421 :
1177 5363 1319 5417 Cum
1351 5362 1507 5418 enim
1558 5365 1645 5418 vir
1690 5382 1721 5419 a
1767 5364 1980 5422 virtute

327 5470 538 5510 nomen
563 5452 797 5524 accipit,
815 5457 872 5509 et
893 5449 1106 5506 mulier
1127 5466 1159 5504 α
1181 5448 1505 5516 mollitie,id
1527 5455 1619 5505 est
1638 5451 1974 5523 fragilitate,

329 5556 512 5614 quare
541 5545 745 5599 contra
774 5537 1247 5597 crudelissimam
1278 5536 1545 5596 libidinis
1572 5538 1822 5597 bestiam
1855 5542 1979 5601 vult

2095 3162 2305 3218 debere
2322 3162 2572 3228 dimitti;
2606 3180 2719 3219 non
2755 3169 2947 3221 tamen
2977 3167 3050 3221 ob
3081 3167 3294 3223 Christi
3323 3168 3506 3238 legem
3535 3168 3749 3223 mulie-

2094 3267 2217 3308 rem
2236 3250 2296 3307 in
2314 3254 2653 3308 servitutem
2685 3254 2890 3326 redigi,
2915 3257 3056 3310 dum
3088 3255 3185 3312 ille
3215 3274 3327 3313 non
3359 3274 3425 3312 ex
3456 3275 3747 3314 consensu

2094 3340 2362 3413 conjugis
2392 3357 2451 3396 se
2480 3357 2713 3397 servum
2746 3343 3154 3416 fecerit,quem
3187 3345 3437 3403 liberum
3470 3348 3599 3419 ipsa
3617 3363 3749 3401 ma-

2096 3429 2276 3486 ritum
2306 3431 2549 3503 accepit.

2093 3529 2229 3585 CAP.
2261 3529 2389 3584 213.
2420 3560 2491 3569 -
2516 3529 2739 3612 _De_illis
2766 3531 3080 3612 conjugatis
3094 3548 3326 3612 quorum
3342 3534 3494 3612 leges
3514 3535 3750 3595 diversae

2399 3610 2542 3656 sunt.
2578 3602 2659 3655 Ex
2682 3600 2872 3657 eodem
2905 3600 3157 3673 concilio,
3188 3621 3309 3676 cap.
3339 3600 3428 3661 39—.

2163 3688 2244 3744 De
2276 3689 2518 3745 Francia
2546 3689 2761 3746 nobilis
2792 3689 3029 3760 quidam
3053 3692 3248 3762 homo,
3267 3695 3523 3752 nobilem
3546 3697 3619 3752 de
3639 3697 3745 3753 Sa-

2093 3779 2267 3833 xonia
2295 3782 2587 3835 Saxonum
2620 3778 2747 3851 lege
2780 3779 2946 3835 duxit
2992 3797 3253 3839 uxorem.
3288 3784 3501 3841 Tenuit
3543 3785 3747 3842 multis

2094 3867 2288 3933 annis,
2320 3872 2377 3922 et
2405 3883 2473 3922 ex
2502 3884 2568 3923 ea
2596 3867 2747 3925 ﬁlios
2795 3871 3137 3940 procreavit.
3169 3871 3410 3943 Verum,
3446 3875 3582 3946 quia
3625 3892 3742 3931 non

2093 3954 2302 4010 iisdem
2338 3960 2586 4011 utuntur
2615 3955 2844 4028 legibus
2875 3960 3130 4015 Saxones
3154 3965 3211 4016 et
3225 3962 3744 4031 Franci,causatus

2092 4049 2180 4100 est
2209 4045 2363 4117 quod
2396 4062 2526 4101 eam
2557 4062 2667 4102 non
2700 4063 2829 4111 sua,
2863 4047 2919 4102 id
2953 4054 3063 4116 est,
3095 4049 3451 4107 Francorum
3484 4053 3611 4126 lege
3640 4055 3744 4111 de-

2092 4133 2481 4204 sponsaverit,
2502 4132 2590 4190 vel
2612 4135 2918 4206 acceperit,
2941 4141 3044 4192 aut
3072 4137 3747 4215 dotaverit,dimissaque

2092 4220 2193 4277 illa
2225 4221 2392 4276 duxit
2420 4223 2684 4279 alteram.
2721 4223 2987 4279 Definivit
3016 4242 3194 4298 super
3222 4227 3331 4285 hoc
3361 4234 3570 4286 sancta
3600 4248 3743 4304 syn-

2090 4311 2238 4366 odus
2257 4310 2433 4365 ulille
2453 4316 2854 4384 transgressor
2882 4314 3224 4387 evangelicae
3256 4317 3401 4389 legis
3432 4318 3747 4392 subigatur

2091 4399 2468 4471 pcenitentise;
2505 4417 2539 4456 a
2567 4402 2827 4458 secunda
2855 4403 3103 4476 conjuge
3131 4411 3452 4479 separetur,
3484 4408 3741 4481 priorem

2092 4504 2391 4545 resumere
2421 4499 2681 4562 cogatur.

2091 4596 2230 4674 CAP.
2256 4597 2481 4674 214._—
2510 4596 3125 4674 Curqcommunirentur
3165 4600 3280 4656 viri
3323 4602 3583 4674 adulteri,
3614 4621 3744 4660 cum

2158 4667 2430 4722 adulteris
2459 4668 2732 4723 uxoribus
2768 4685 2878 4725 non
2918 4674 3373 4729 communicatur.
3406 4676 3489 4731 Ea:
3511 4667 3746 4733 decretis

2160 4738 2469 4794 Innocentii
2489 4754 2672 4811 papae,
2704 4756 2824 4812 cap.
2854 4742 2923 4795 24
2955 4742 3135 4814 (epist.
3167 4745 3221 4813 3,
3252 4761 3299 4800 c.
3333 4746 3408 4817 4).

2161 4836 2271 4907 (32,
2306 4853 2361 4909 q.
2393 4837 2448 4905 5,
2487 4853 2536 4893 c.
2561 4836 2922 4910 Christiana.)
2954 4839 3019 4896 Et
3046 4839 3192 4896 illud
3223 4843 3617 4900 desideratum
3652 4851 3747 4903 est

2090 4924 2247 4993 sciri,
2272 4926 2892 4982 curcommunicantes
2925 4927 3032 4983 viri
3063 4944 3197 4986 cum
3230 4932 3510 4990 adulteris
3542 4936 3746 4991 uxori-

2090 5013 2203 5068 bus
2235 5031 2348 5069 non
2371 5015 2739 5081 conveniant,
2759 5032 2891 5071 cum
2913 5022 3116 5074 contra
3138 5036 3345 5076 uxores
3368 5022 3424 5077 in
3449 5025 3745 5081 consortio

2073 5102 2489 5173 adulterorum
2512 5104 2769 5159 virorum
2791 5121 3028 5162 manere
3046 5107 3373 5181 videantur,
3398 5112 3536 5167 dum
3563 5129 3748 5185 super

2088 5191 2198 5248 hoc
2220 5191 2552 5247 Christiana
2583 5191 2785 5264 religio
2816 5194 3173 5251 adulterium
3214 5199 3270 5253 in
3323 5208 3569 5272 utroque
3598 5219 3742 5258 sexu

2088 5280 2210 5350 pari
2242 5280 2464 5336 ratione
2487 5280 2855 5337 condemnet.
2871 5284 2977 5338 Sed
2998 5285 3154 5341 viros
3172 5304 3312 5343 suos
3330 5290 3606 5346 mulieres
3621 5307 3739 5347 non

2022 5414 2045 5432 ,
2086 5367 2253 5424 facile
2279 5369 2350 5424 de
2379 5368 2665 5425 adulterio
2694 5376 2994 5441 accusant,
3024 5378 3081 5429 et
3111 5391 3225 5431 non
3257 5376 3475 5433 habent
3496 5378 3742 5435 latentia

2085 5460 2323 5527 peccata
2348 5457 2822 5514 vindictam.Viri
2842 5465 3036 5517 autem
3066 5461 3311 5520 liberius
3340 5482 3551 5524 uxores
3566 5468 3738 5524 adul-

2084 5555 2237 5601 teras
2266 5543 2423 5617 apud
2457 5546 2788 5605 sacerdotes
2806 5546 3031 5606 deferre
3050 5558 3503 5623 consueverunt;
3526 5558 3580 5611 et
3603 5554 3738 5612 ideo
