3994 6052
242 276 347 329 629

1170 271 1479 323 DECRETI
1517 266 1703 318 PARS
1740 259 1977 314 VIIl.-r--
2002 258 2098 309 DE
2136 256 2529 317 CONJUGIIS,
2572 255 2729 307 ETC.

3552 240 3660 294 630

238 397 587 453 mulieribus
620 394 849 468 prodito
882 408 1083 448 earum
1117 389 1383 455 crimine,
1417 383 1753 443 communio
1786 382 1886 435 de-
1920 380 1971 444 Α
2003 392 2109 431 sua
2141 378 2211 430 ad
2246 392 2378 431 eum
2414 379 2623 447 sponte
2657 389 2889 429 reversa
2908 374 3019 436 est,
3044 372 3100 424 et
3130 367 3186 423 in
3221 383 3287 423 ea
3321 380 3557 439 quoque
3581 365 3662 419 ita

236 492 521 559 negatur;
575 485 834 539 virorum
885 487 1077 536 autem
1128 479 1344 533 latente
1392 475 1730 538 commisso,
1778 485 1892 525 non

234 576 403 631 facile
437 576 753 647 quisquam
787 590 854 627 ex
896 569 1332 641 suspicionibus
1383 566 1710 621 abstinetur
1744 578 1756 617 :
1791 558 1889 629 qui

235 668 440 735 utique
473 662 942 727 submovebitur,
972 660 1020 714 si
1053 660 1181 729 ejus
1232 655 1513 726 flagitium
1567 654 1888 720 detegatur.

236 754 381 809 Cum
417 770 553 825 ergo
588 770 691 823 par
721 769 897 805 causa
928 751 1025 818 sit,
1059 748 1353 801 interdum
1398 742 1739 815 probatione
1771 754 1890 792 ces-

234 850 425 911 sante,
459 843 726 896 vindictae
760 840 905 895 ratio
938 838 1319 908 conquiescit.

556 943 692 995 CAP.
724 940 849 992 2l5.
883 968 950 977 ——
979 934 1186 992 Jndicii
1214 932 1577 988 examinatio.

305 1041 383 1094 De
420 1039 524 1094 hoc
560 1038 713 1109 quod
748 1036 885 1090 mihi
922 1038 1260 1105 reputatum
1289 1035 1377 1085 est
1408 1030 1463 1083 in
1507 1027 1615 1081 hac
1649 1024 1889 1096 synodo,

226 1130 384 1201 quod
419 1128 597 1183 simul
632 1143 763 1181 cum
797 1125 911 1179 ista
946 1124 1162 1178 femina
1203 1119 1554 1175 adulterium
1588 1113 1675 1169 vel
1711 1111 1889 1167 forni-

229 1217 520 1272 cationem
559 1214 850 1277 fecissem,
884 1213 1035 1283 quod
1070 1228 1175 1282 ego
1204 1228 1318 1264 non
1348 1209 1426 1262 ita
1458 1206 1588 1271 feci,
1622 1219 1724 1257 nec
1756 1202 1889 1255 inde

233 1322 329 1361 me
362 1304 714 1376 culpabilem
762 1318 1111 1373 recognosco
1145 1317 1157 1354 :
1193 1299 1276 1355 sic
1328 1313 1419 1351 me
1452 1295 1604 1349 Deus
1635 1292 1889 1361 adjuvet,

232 1403 287 1451 el
318 1395 479 1449 istud
505 1393 818 1464 judicium.

370 1492 506 1546 CAP.
536 1492 662 1544 216.
698 1522 760 1530 -—
791 1488 1084 1559 Separalio
1117 1488 1341 1540 incestae
1368 1479 1752 1553 capulalionis.

303 1591 415 1662 (35,
448 1607 498 1661 q.
531 1590 584 1657 6,
619 1605 665 1644 ο.
702 1590 775 1642 Ab
802 1589 900 1642 isto
922 1586 1051 1656 die).
1079 1586 1162 1639 Ab
1186 1584 1297 1637 isto
1331 1581 1422 1635 die
1455 1580 1511 1634 in
1538 1584 1727 1641 antea,
1754 1592 1887 1630 cum

227 1680 345 1736 ista
381 1680 597 1733 femina
628 1695 761 1733 cum
796 1694 910 1747 qua
934 1674 1292 1729 adulterium
1328 1669 1410 1725 vel
1445 1668 1885 1723 fornicationem

231 1767 443 1838 fecisti,
470 1768 622 1822 unde
664 1764 1036 1836 disciplinam
1067 1762 1153 1817 vel
1188 1759 1590 1833 pcenitentiam
1618 1755 1879 1826 suscepi-
1916 1759 1959 1821 Β

228 1860 331 1927 sti,
368 1857 621 1929 amplius
656 1872 769 1909 non
806 1852 1184 1919 adulterabis,
1211 1868 1313 1906 nec
1346 1846 1724 1904 fornicaberis
1746 1862 1877 1899 cum

228 1965 316 2015 ea,
351 1964 455 2002 nec
488 1946 661 2001 aliam
699 1960 936 1999 uxorem
970 1942 1241 2013 accipies,
1275 1941 1387 1994 nisi
1422 1945 1551 2011 post
1585 1941 1877 2009 peractam

226 2036 631 2109 paenitentiam
668 2035 769 2089 tibi
814 2031 1050 2087 licentia
1100 2032 1236 2085 data
1287 2028 1455 2083 fuerit
1506 2029 1576 2082 ab
1607 2026 1879 2097 episcopo

222 2131 327 2181 aut
360 2126 431 2180 ab
464 2126 592 2195 ejus
626 2123 825 2178 misso.
860 2122 954 2176 Sic
985 2126 1041 2176 te
1073 2121 1227 2174 Deus
1260 2120 1513 2189 adjuvet.

428 2222 557 2277 Οιρ.
591 2222 716 2276 217.
751 2251 820 2261 —--
851 2219 1220 2274 Reconciliato
1249 2218 1681 2287 conjugalorum.

303 2322 413 2392 (35,
445 2340 497 2393 q.
528 2323 581 2387 6,
617 2336 663 2375 c.
696 2322 773 2374 Ab
805 2321 950 2386 isto).
988 2319 1065 2372 Ab
1116 2317 1228 2373 isto
1262 2317 1352 2371 die
1400 2315 1455 2368 in
1492 2318 1682 2377 antea,
1706 2312 1880 2365 istam

230 2414 394 2465 tuam
428 2411 739 2481 conjugem
762 2407 995 2463 nomine
1025 2408 1092 2461 N.
1114 2422 1291 2476 quam
1318 2405 1533 2475 injuste
1554 2401 1881 2464 dimiseras,

235 2500 318 2554 ita
349 2501 597 2566 tenebis,
632 2498 783 2553 sicut
816 2513 917 2568 per
966 2501 1188 2551 rectum
1240 2496 1483 2549 maritus
1514 2507 1682 2547 suam
1715 2490 1887 2543 debet

234 2589 449 2643 habere
481 2589 788 2659 coniugem
814 2587 872 2641 in
907 2585 1235 2651 dilectione,
1257 2588 1311 2638 et
1336 2583 1530 2637 debita
1550 2578 1883 2650 disciplina.

234 2678 350 2733 Nec
367 2695 492 2733 eam
527 2694 626 2747 per
657 2676 844 2730 ullum
867 2674 1086 2729 malum
1108 2672 1406 2744 ingenium
1431 2675 1533 2724 ate
1565 2666 1886 2740 separabis,

238 2783 341 2822 nec
376 2784 442 2822 ea
473 2766 697 2821 vivente
725 2765 901 2819 aliam
934 2763 1203 2834 accipies.
1238 2762 1331 2817 Sic
1357 2766 1413 2815 te
1443 2760 1596 2815 Deus
1630 2758 1887 2827 adjuvet.

660 2868 795 2920 CAP.
829 2863 951 2918 218.
988 2893 1056 2902 '—
1088 2864 1158 2917 De
1188 2860 1376 2916 eadem
1404 2875 1481 2913 re.

314 2962 535 3017 Amodo
568 2961 625 3015 in
659 2966 828 3015 antea
859 2960 1035 3014 istum
1068 2962 1237 3013 tuum
1272 2958 1569 3023 maritum,
1605 2970 1777 3026 quem
1810 2952 1893 3007 in-

230 3053 391 3122 juste
426 3051 756 3115 dimiseras,
775 3052 854 3103 ita
873 3048 1118 3114 tenebis,
1138 3052 1194 3102 et
1224 3045 1666 3118 amplexaberis,
1687 3047 1743 3097 et
1765 3042 1813 3097 ei
1835 3042 1892 3095 in

2002 466 2389 537 temperanda
2420 467 2511 519 est
2539 480 2787 519 censura
2810 459 3038 531 judicii,
3072 463 3136 513 ut
3162 456 3473 527 longojam
3507 460 3657 510 tem-

2003 570 2138 625 pore
2173 553 2589 609 communione
2623 553 2866 607 minime
2898 550 3177 622 privetur.

2002 674 2131 728 CAP.
2164 672 2289 725 220.
2328 703 2391 711 —
2421 672 2497 726 Ne
2526 687 2668 725 uxor
2696 670 2817 724 sine
2864 668 3143 723 voluntate
3175 665 3290 718 uiri
3319 662 3386 717 ab
3415 677 3474 717 eo
3504 678 3658 730 sepa-

2074 748 2246 797 retur.
2302 742 2610 799 Alexander
2656 758 2801 813 papa
2846 741 2912 808 II,
2952 737 3274 808 Landulpho
3328 736 3387 789 in
3444 735 3664 789 Corsica

2076 814 2257 884 (epist.
2298 815 2402 884 ll).

2072 903 2184 972 (33,
2218 920 2267 972 q.
2301 904 2357 970 5,
2386 919 2430 957 ε.
2463 902 2797 971 Notiﬁcati).
2852 896 3179 953 Notificasti
3228 900 3283 948 te
3334 896 3520 949 morte
3574 895 3663 945 te-

2002 1009 2034 1045 n
2048 1009 2115 1047 us
2129 992 2425 1046 infirmata
2438 996 2578 1059 m,et
2604 995 2909 1061 peccatoru
2922 1004 2975 1042 m
2999 991 3234 1041 tuorum
3259 981 3663 1037 recordatione

1999 1087 2055 1135 et
2088 1084 2306 1135 terrore
2332 1079 2499 1135 valde
2531 1080 2921 1150 pavefactum,
2946 1073 3114 1131 anxie
3142 1070 3426 1145 quaesisse
3457 1085 3659 1124 mona-

2000 1169 2176 1223 chum
2212 1169 2358 1237 fieri,
2392 1172 2447 1223 et
2479 1185 2511 1222 a
2541 1172 2645 1222 tua
2678 1182 2854 1221 uxore
2879 1164 3056 1220 minis
3088 1166 3144 1216 et
3173 1159 3499 1215 terroribus
3530 1173 3658 1211 eam

1998 1257 2321 1323 occidendi,
2343 1258 2414 1311 ad
2448 1256 2556 1312 hoc
2589 1255 2890 1311 licentiam
2914 1251 3251 1316 extorsisse,
3277 1251 3333 1303 et
3356 1246 3439 1302 sic
3461 1250 3517 1300 te
3537 1262 3660 1299 mo-

2000 1346 2303 1401 nachicam
2341 1350 2559 1401 vestem
2594 1346 2722 1400 sine
2753 1344 2964 1399 abbate
2995 1339 3344 1411 sumpsisse,
3380 1340 3435 1390 et
3464 1351 3662 1389 mona-

2000 1436 2243 1491 sterium
2278 1435 2538 1506 petiisse.
2571 1435 2777 1489 Postea
2801 1449 2936 1487 vero
2970 1446 3102 1486 cum
3130 1444 3312 1483 sanus
3345 1426 3534 1479 factus
3565 1440 3655 1478 es-

1998 1541 2115 1590 ses,
2146 1530 2257 1578 ture
2305 1524 2501 1578 uxoris
2553 1521 3095 1587 reclamationibus,
3130 1513 3572 1587 ejulationibus,
3606 1517 3663 1567 et

1997 1613 2355 1683 planctibus,
2389 1616 2620 1682 tumque
2656 1609 2891 1665 familia:
2919 1605 3412 1679 dispersionibus,
3451 1606 3656 1674 utpote

1996 1701 2284 1774 paenitens
2320 1700 2576 1755 devictus
2600 1698 2856 1771 (penitus
2888 1699 3040 1763 dev.,
3066 1697 3204 1764 orig.
3245 1699 3293 1747 et
3324 1691 3520 1762 pann.)
3547 1691 3653 1744 do-

1994 1808 2152 1847 mum
2186 1807 2497 1857 remeasse,
2522 1794 2580 1843 et
2603 1793 2732 1859 post
2754 1788 2974 1842 multos
2994 1785 3118 1840 dies
3143 1781 3526 1852 quorumdam
3553 1797 3649 1834 sa-

1993 1881 2257 1952 pientum
2292 1878 2535 1934 consilio
2561 1879 2630 1933 ad
2656 1878 2779 1947 jam
2816 1876 2981 1930 dictae
3004 1873 3196 1929 cubile
3228 1869 3493 1925 mulieris
3518 1869 3647 1924 red-

1991 1970 2149 2023 iisse.
2185 1972 2349 2021 Nunc
2382 1972 2575 2021 autem
2609 1967 2655 2021 si
2689 1966 2793 2020 tibi
2828 1970 2927 2019 tua
2958 1979 3132 2018 uxore
3166 1961 3249 2015 uti
3282 1958 3473 2027 liceat,
3508 1973 3646 2012 nos-

1990 2062 2144 2112 trum
2175 2056 2423 2128 requiris
2453 2056 2787 2111 consilium.
2812 2054 2865 2107 Si
2900 2053 2984 2122 ita
3007 2051 3257 2121 denique
3287 2052 3396 2117 est,
3423 2052 3487 2100 ut
3510 2050 3650 2100 tuus

1991 2147 2235 2202 nuntius
2270 2151 2487 2211 narrat,
2504 2162 2619 2200 non
2644 2145 2874 2199 videtur
2898 2141 3064 2196 nobis
3089 2136 3539 2200 rationabiliter,
3557 2150 3654 2188 ne-

1990 2254 2101 2306 que
2131 2253 2277 2290 sana
2300 2239 2495 2289 mente
2522 2235 2579 2289 id
2605 2234 2823 2289 factum
2848 2252 2861 2300 ;
2883 2229 3162 2303 quoniam
3188 2244 3321 2282 cum
3346 2225 3506 2281 omni
3545 2223 3649 2277 ho-

1992 2323 2137 2379 mini
2151 2325 2220 2379 ad
2240 2323 2646 2379 monachicam
2661 2322 2839 2377 vitam
2856 2317 3121 2375 tendenti
3136 2315 3653 2383 1egaliter,sanctc,

1993 2417 2049 2468 et
2073 2415 2235 2483 juste
2266 2412 2341 2467 sit
2373 2411 2795 2484 peragendum,
2830 2413 2889 2463 tu
2922 2411 3123 2463 contra
3155 2403 3312 2475 leges
3348 2400 3658 2457 minaciter

1995 2506 2051 2557 et
2081 2500 2365 2555 violenter
2395 2517 2427 2555 a
2458 2504 2561 2554 tua
2582 2515 2780 2563 uxore,
2803 2496 3019 2568 partim
3044 2499 3261 2549 terrore
3292 2491 3497 2545 mortis
3525 2505 3653 2559 par-

1996 2590 2102 2645 tim
2122 2594 2231 2644 tuze
2260 2588 2621 2643 infirmitatis
2638 2585 2939 2642 doloribus
2960 2581 3350 2647 examinatus,
3377 2577 3543 2633 devia
3566 2592 3655 2630 se-

1998 2684 2192 2745 cutus,
2227 2678 2409 2744 nulla,
2448 2682 2510 2732 ut
2541 2676 2775 2742 dicitur,
2800 2673 3038 2729 licentia
3069 2675 3327 2741 accepta,
3358 2663 3659 2722 recessisti

2000 2773 2055 2823 et
2089 2767 2512 2822 monasterium
2546 2764 2767 2837 petisti.
2800 2764 2923 2817 Non
2954 2761 3111 2817 enim
3143 2756 3439 2821 violentia,
3465 2755 3563 2809 sed
3591 2769 3659 2807 ex

2004 2856 2127 2928 pari
2159 2855 2455 2910 voluntate
2486 2860 2542 2909 et
2572 2869 2886 2918 consensu,
2921 2851 3074 2906 sicut
3122 2846 3309 2903 sancti
3340 2846 3540 2901 Patres
3571 2840 3656 2895 di-

2005 2950 2167 3011 cunt,
2188 2944 2297 2999 hoc
2329 2945 2453 2998 ﬁeri
2477 2944 2683 3010 debet;
2718 2957 2906 3012 neque
2936 2938 3099 2994 virin
3123 2931 3545 2990 monasterium
3570 2946 3657 2985 re-

2007 3034 2314 3105 cipiendus
2346 3037 2450 3101 est,
2488 3032 2601 3087 nisi
2635 3048 2775 3087 uxor
2804 3029 2966 3085 illius
3012 3026 3331 3082 femineum
3364 3024 3660 3076 monaste-

239 3140 499 3203 servitio,
533 3144 588 3193 et
619 3139 677 3193 in
709 3155 924 3206 amore,
958 3142 1014 3192 et
1042 3137 1101 3191 in
1134 3137 1365 3197 timore,
1389 3135 1470 3190 ita
1493 3134 1607 3189 eris
1630 3133 1893 3203 subjecta
1923 3119 1965 3184 C
2007 3123 2157 3179 rium
2189 3122 2446 3193 elegerit,
2480 3127 2580 3176 aut
2613 3120 2878 3191 professa
2908 3114 3353 3182 continentiam,
3390 3109 3661 3165 habitum

241 3236 297 3287 et
327 3230 628 3298 obediens,
664 3229 817 3282 sicut
850 3244 949 3298 per
982 3231 1202 3280 rectum
1237 3242 1378 3280 uxor
1409 3241 1514 3278 suo
1546 3224 1717 3277 debet
1747 3221 1892 3275 sub-

233 3322 393 3391 jecta
425 3335 553 3373 esse
588 3317 816 3372 marito.
844 3322 954 3370 Nec
989 3332 1249 3385 unquam
1285 3315 1354 3369 ab
1383 3330 1447 3368 eo
1483 3319 1537 3367 te
1569 3310 1891 3382 separabis,

242 3425 349 3463 nec
379 3407 479 3461 illo
509 3407 762 3471 vivente,
797 3405 963 3459 alteri
994 3404 1117 3458 viro
1151 3409 1203 3458 te
1249 3403 1520 3468 sociabis,
1558 3418 1661 3456 nec
1691 3401 1893 3469 conju-

242 3499 335 3569 gio
368 3501 471 3551 aut
502 3494 809 3549 adulterio.
846 3493 939 3547 Sic
973 3499 1025 3547 te
1061 3494 1206 3547 Deus
1240 3492 1493 3561 adjuvet.

245 3598 378 3652 CAP.
411 3593 535 3647 219.
569 3624 635 3630 ——
670 3593 740 3645 De
771 3607 940 3646 uxore
965 3591 1281 3660 cujusdam,
1316 3606 1434 3658 quae
1477 3592 1695 3658 propter
1722 3586 1900 3657 suspi-

323 3666 533 3719 cionem
561 3664 946 3733 fornicationis
976 3679 1035 3716 eo
1086 3664 1297 3728 relicto,
1347 3672 1529 3729 postea
1560 3660 1782 3733 adieum
1813 3674 1901 3712 re-

327 3752 479 3791 versa
523 3731 619 3790 est.
656 3735 946 3803 Gregorius
994 3734 1300 3789 Secundino
1345 3734 1591 3801 episcopo
1622 3731 1902 3784 Tauromi-

322 3810 513 3862 nilano
548 3807 666 3877 (lib.
701 3823 802 3860 vni
830 3808 1042 3875 καίει,
1074 3807 1305 3877 epistola
1334 3805 1443 3873 32).

324 3905 704 3959 Praesentium
736 3903 980 3974 portitor
1006 3904 1108 3959 Leo
1140 3902 1531 3958 chartularius
1565 3901 1632 3955 ad
1670 3915 1773 3953 nos
1804 3914 1901 3952 ve-

253 3993 446 4061 niens,
480 3992 762 4048 indicavit
792 4010 1032 4047 uxorem
1078 4009 1268 4062 suam,
1302 4009 1423 4061 qua;
1475 3990 1672 4046 relicto
1704 4005 1769 4043 eo
1802 4004 1902 4058 pro

248 4081 653 4138 fornicationis
688 4081 948 4148 crimine,
970 4098 1083 4152 quo
1109 4080 1515 4136 vehementius
1537 4076 1902 4134 stimulatam

252 4171 463 4235 aiebat,
499 4176 674 4241 atque
705 4170 776 4225 ob
822 4171 930 4226 hoc
980 4170 1312 4241 religiosam
1360 4173 1576 4224 vestem
1611 4167 1902 4230 induerat,

252 4258 606 4330 culpabilem
638 4259 977 4315 nullatenus
994 4260 1308 4329 exstitisse,
1325 4275 1512 4330 neque
1535 4262 1667 4330 post
1689 4256 1902 4311 initum

254 4348 592 4418 conjugium
624 4349 683 4403 in
704 4348 1106 4405 fornicationis
1125 4349 1357 4421 culpam
1382 4348 1729 4419 collapsum.
1756 4347 1905 4416 Adji-

252 4437 414 4492 ciens
445 4454 677 4508 quoque
708 4438 862 4507 quod
894 4438 1081 4493 eidem
1115 4438 1278 4493 uxori
1310 4455 1425 4492 suae
1466 4436 1907 4491 districtissima

2003 3230 2136 3269 cum
2173 3212 2549 3267 festinatione
2583 3208 2917 3264 mutaverit.
2942 3208 3195 3261 Sanctus
3226 3202 3384 3257 enim
3418 3197 3664 3254 Basilius

2004 3303 2073 3357 de
2106 3301 2212 3356 bac
2247 3317 2306 3355 re
2339 3299 2534 3354 taliter
2564 3297 2728 3369 {dicit
2758 3298 2869 3367 (27,
2901 3313 2949 3366 q.
2985 3298 3041 3361 2,
3075 3311 3122 3349 ο.
3153 3294 3217 3349 Si
3245 3293 3368 3363 quis
3398 3288 3663 3357 conjuga-

2004 3393 2111 3460 tus)
2148 3406 2159 3443 :
2197 3390 2254 3444 Si
2289 3389 2418 3459 quis
2448 3387 2800 3459 conjugatus
2832 3384 2957 3439 vult
2984 3379 3239 3438 converti
3274 3380 3343 3433 ad
3378 3380 3666 3432 monaste-

2006 3481 2305 3545 rium,non
2328 3482 2417 3532 est
2439 3473 2955 3546 recipiendus,nisi
2980 3472 3144 3541 prius
3167 3487 3199 3524 a
3222 3467 3470 3538 conjuge
3495 3461 3665 3520 casti-

2010 3567 2264 3623 moniam
2300 3566 2608 3637 profitente
2632 3563 2805 3619 fuerit
2836 3560 3170 3617 absolutus.
3199 3558 3346 3613 Nam
3371 3555 3421 3611 si
3447 3552 3567 3623 illa,
3591 3551 3668 3606 vi-

2008 3662 2176 3712 vente
2194 3655 2427 3725 illo,per
2452 3650 2937 3709 incontinentiam
2962 3648 3128 3704 alteri
3154 3644 3440 3717 nupserit,
3460 3639 3664 3714 procul

2012 3745 2192 3801 dubio
2223 3743 2490 3798 adultera
2519 3741 2646 3807 erit,
2672 3757 2778 3796 nec
2809 3738 3090 3810 recipitur
3121 3737 3271 3807 apud
3300 3734 3485 3789 Deum
3516 3732 3666 3801 ejus-

2014 3834 2171 3889 modi
2196 3833 2299 3887 viri
2324 3832 2647 3897 conversio,
2663 3832 2831 3900 cujus
2855 3826 3121 3899 sequitur
3142 3821 3470 3895 conjugalis
3496 3820 3665 3875 fccde-

2014 3924 2096 3979 ris
2126 3921 2484 3994 prostitutio.
2516 3919 2689 3975 Tales
2720 3917 2900 3990 igitur
2930 3922 3070 3971 tunc
3103 3914 3230 3970 sine
3262 3911 3436 3982 culpa
3468 3907 3667 3964 relicto

2014 4011 2224 4068 saeculo
2249 4013 2583 4082 sequuntur
2615 4008 2936 4072 Christum,
2963 4006 3009 4061 si
3036 4004 3292 4058 habeant
3322 4017 3387 4055 ex
3414 3998 3539 4069 pari
3569 4012 3667 4050 vo-

2015 4102 2237 4156 luntate
2259 4098 2548 4154 castitatis
2571 4112 2946 4152 consensum.
2966 4090 3275 4163 Itaque,fili
3299 4085 3669 4153 cbarissime,

2015 4191 2327 4263 perpende,
2361 4192 2418 4242 et
2442 4187 2571 4241 vide
2594 4186 2642 4240 si
2668 4185 2751 4240 sic
2776 4182 3050 4238 canonice
3078 4198 3110 4235 a
3138 4184 3240 4233 tua
3270 4194 3331 4232 es
3364 4173 3670 4231 absolutus

2015 4262 2214 4343 uxore,
2246 4282 2303 4332 et
2331 4281 2434 4331 tua
2466 4292 2610 4330 uxor
2638 4274 2723 4328 ita
2754 4271 3015 4344 pollicita
3044 4272 3133 4324 est
3157 4285 3169 4324 :
3190 4272 3246 4322 et
3275 4270 3335 4320 tu
3368 4269 3425 4319 et
3454 4262 3555 4317 illa
3576 4262 3672 4316 ad-

2013 4367 2258 4438 implere
2290 4367 2511 4421 honum
2543 4364 2867 4433 inemptum
2899 4363 2955 4415 et
3000 4363 3203 4414 votum
3232 4358 3532 4421 vestrum;
3566 4350 3671 4407 ali-

2015 4461 2101 4511 ter
2132 4462 2328 4511 autem
2360 4470 2475 4507 non
2507 4452 2792 4507 debemus
2843 4447 3007 4504 vobis
3038 4446 3447 4502 necessitatem
3480 4442 3671 4512 impo-

257 4534 627 4614 sacramenla
658 4527 990 4597 praebuerit,
1024 4527 1318 4581 insontem
1352 4542 1412 4580 se
1444 4527 1515 4581 de
1545 4541 1612 4580 ea
1642 4542 1722 4590 re,
1753 4525 1908 4579 unde
1938 4502 1985 4564 D
2018 4502 2598 4614 ξένξξξρξτξξίξηξέξ

256 4613 417 4668 illam
455 4615 759 4669 mordebat
806 4616 1084 4688 suspicio,
1136 4615 1550 4687 permansisse,
1599 4618 1653 4669 et
1694 4614 1908 4668 idcirco

257 4704 496 4775 propria
523 4719 653 4758 eam
674 4704 976 4759 voluntate
998 4721 1313 4760 reversam.
1334 4705 1445 4759 Sed
1480 4706 1617 4775 quia
1649 4720 1911 4758 commu-

254 4792 428 4847 nione
462 4792 625 4846 illam
662 4809 795 4848 cum
832 4793 1054 4849 familia
1085 4811 1193 4849 sua
1220 4810 1321 4865 pro
1355 4793 1462 4847 hoc
1490 4793 1611 4848 solo
1645 4810 1676 4846 a
1711 4792 1907 4847 frater.

256 4881 438 4936 nitate
469 4885 662 4936 vestra
696 4884 983 4953 privatam
1017 4882 1244 4951 asserit,
1287 4883 1439 4950 quod
1474 4883 1544 4936 ad
1596 4898 1729 4936 eum
1763 4881 1910 4935 clam

257 4969 607 5039 postpositis
622 4971 785 5026 vobis
802 4973 895 5027 red
908 4972 1338 5035 ierit,volumus
1353 4977 1415 5024 ut
1431 4970 1651 5025 familia
1673 4971 1909 5040 quidem

256 5058 448 5127 ipsius
480 5074 705 5113 sacram
757 5062 1229 5117 communionem
1280 5060 1543 5131 recipiat,
1578 5064 1634 5115 et
1664 5060 1912 5114 domina:

259 5162 389 5201 eam
410 5146 581 5218 culpa
601 5148 657 5202 in
680 5149 857 5220 hujus
880 5150 1211 5206 afﬂictionis
1237 5168 1404 5222 pcena
1430 5149 1730 5216 [familiam
1749 5150 1914 5219 orig.]

260 5235 361 5290 diu
398 5252 512 5291 non
548 5241 765 5294 teneat.
801 5245 877 5295 De
908 5242 1036 5311 ipsa
1065 5257 1197 5295 vero
1230 5257 1406 5294 uxore
1439 5239 1695 5311 praedicti
1730 5238 1915 5310 porti—

256 5324 406 5379 toris
436 5324 545 5380 hoc
576 5343 674 5382 vos
705 5328 1011 5384 observare
1043 5345 1280 5384 necesse
1310 5333 1399 5384 est
1430 5333 1511 5394 ut,
1538 5329 1586 5383 si
1613 5328 1919 5382 manifeste

261 5418 495 5469 constat
527 5416 882 5487 quiacontra
912 5419 1219 5489 conjugem
1240 5434 1410 5473 suum
1439 5419 1629 5474 dicere
1652 5416 1796 5472 nihil
1821 5435 1914 5489 po-

263 5503 401 5570 tuit,
435 5505 538 5559 sed
571 5506 813 5577 insuper
842 5506 1099 5580 suspicio
1132 5507 1318 5578 ipsius
1342 5508 1618 5577 prmstito,
1643 5512 1709 5563 ut
1730 5506 1918 5563 edocti

266 5608 499 5659 sumus,
536 5600 901 5652 sacramento
948 5600 1251 5668 amputata
1281 5601 1388 5664 est,
1421 5602 1595 5668 atque
1627 5602 1755 5668 post
1785 5596 1916 5664 lioc,

2017 4664 2152 4717 CAP.
2184 4659 2311 4712 221.
2345 4688 2411 4698 —-
2453 4662 2528 4712 De
2560 4655 2677 4712 illis
2706 4656 2821 4724 qui,
2855 4654 3123 4724 uxoribus
3165 4649 3280 4703 suis
3310 4646 3571 4724 dimissis,
3603 4645 3673 4699 ad

2091 4732 2234 4856 (Illius
2282 4728 2510 4800 nuplias
2569 4718 2917 4783 transierint.
2966 4723 3223 4779 Nicotaus
3270 4718 3675 4791 archiepiscopo

2118 4808 2383 4857 tavennae.

2136 4818 2383 4857 αυθηηίε.

2097 4889 2170 4942 De
2202 4886 2490 4941 senatoris
2523 4884 2791 4955 conjuge,
2814 4895 2990 4953 quam
3024 4878 3349 4933 adulteram
3382 4891 3510 4930 esse
3541 4872 3679 4926 dici~

2022 4977 2120 5045 tis,
2154 4979 2211 5030 et
2245 4979 2479 5046 propter
2527 4971 2799 5029 adulterii
2834 4974 3057 5025 reatum
3093 4968 3451 5037 disjunctam
3495 4980 3527 5016 a
3555 4961 3677 5015 viro

2023 5082 2129 5119 suo
2153 5080 2282 5118 esse
2300 5063 2710 5133 judicatam,et
2734 5057 3142 5114 monachicam
3165 5060 3385 5111 vestem
3413 5052 3679 5107 indutam

2024 5159 2199 5224 atque
2228 5151 2505 5222 velatam,
2528 5149 2829 5205 nescimus
2860 5151 3056 5201 utrum
3078 5146 3261 5215 juste,
3291 5161 3360 5197 an
3387 5142 3555 5197 aliter
3576 5138 3684 5191 hoc

2025 5243 2101 5299 sit
2131 5242 2511 5297 terminatum
2538 5238 2836 5311 judicium
2874 5252 2885 5291 :
2921 5240 2978 5290 et
3012 5235 3061 5289 si
3094 5232 3356 5288 adultera
3389 5226 3684 5301 apparuit,

2026 5332 2136 5386 hoc
2172 5330 2359 5402 magis
2392 5347 2423 5385 a
2450 5329 2572 5385 viro
2606 5344 2713 5383 suo
2741 5323 2945 5379 debuit
2975 5337 3105 5377 esse
3136 5319 3484 5391 inquisitum
3509 5334 3523 5383 ;
3548 5318 3605 5369 et
3634 5312 3685 5367 si

2028 5438 2061 5475 a
2090 5420 2210 5474 viro
2244 5437 2349 5475 suo
2372 5418 2719 5490 requisitum
2755 5412 2883 5481 fuit,
2911 5410 3376 5480 indagativorum
3403 5404 3491 5457 vel
3515 5401 3683 5472 judi-

2028 5525 2157 5563 cum
2193 5508 2503 5579 praesentia
2545 5506 2828 5561 debuerat
2875 5496 3273 5554 examinatum
3324 5508 3474 5562 esse,
3509 5495 3683 5561 atque

2027 5596 2414 5653 terminatum
2449 5613 2462 5653 :
2498 5599 2553 5650 et
2575 5596 2707 5665 post
2730 5584 3201 5646 terminationem
3227 5586 3283 5639 et
3308 5580 3684 5655 approbatio-
