3972 6056
327 183 429 239 631

1407 187 1475 236 D.
1514 182 1757 236 1V0le
1793 180 2294 236 CARNOTENSIS
2332 183 2658 237 EPISCOPI

3638 183 3772 238 632

329 321 458 362 nem
491 307 663 376 atque
683 303 1236 372 manifestationem,
1257 307 1395 359 tunc
1428 302 1719 376 autlegali
1751 301 1974 358 calculo
2004 303 2058 371 Α
2087 301 2217 358 CAP.
2251 303 2378 359 225.
2410 333 2476 344 —
2506 306 2581 360 De
2609 304 2866 360 Lothario
2896 319 3029 377 rege
3058 303 3156 376 qui
3186 304 3434 375 legitima
3462 323 3573 362 sua
3606 308 3769 363 reli-

325 399 428 449 aut
446 395 961 466 canonicojudicio
982 393 1166 466 ipsius
1189 411 1376 449 causae
1392 394 1694 448 sententiae
1712 393 1829 447 diffi
1843 392 1970 448 niri.

323 485 448 540 Etsi
482 502 586 540 nec
615 485 746 554 hoc,
780 501 885 540 nec
911 485 1054 539 illud
1093 485 1305 538 factum
1338 487 1445 550 est,
1473 483 1606 554 quis
1632 499 1760 539 eam
1793 501 1976 539 ausus

324 578 413 629 est
445 574 717 645 religiosa
750 575 987 629 induere
1018 578 1194 641 veste,
1218 577 1276 626 et
1309 590 1475 628 sacro
1497 574 1792 643 cooperire
1821 572 1974 627 vela-

325 662 530 717 mine?
563 665 780 718 Tamen
816 663 869 716 id
903 661 1181 716 subtilius
1209 662 1300 715 Dei
1337 679 1450 731 prae
1485 662 1668 716 oculis
1693 661 1974 717 habentes

323 751 617 819 timorem,
645 751 1016 823 praecipimus
1043 754 1123 815 ut,
1150 751 1456 821 praesentia
1481 751 1643 806 missi
1668 750 1754 804 vel
1778 751 1974 805 vicarii

324 844 498 896 vestri
524 841 580 895 in
603 857 734 895 vero
757 839 1040 906 examine,
1067 842 1352 909 praesente
1377 840 1501 894 viro
1525 857 1653 909 suo,
1678 841 1975 896 examina-

325 930 406 985 tio
438 931 556 984 ﬁat.
588 930 654 983 Et
686 929 730 983 si
757 929 922 997 justa
953 933 1010 982 et
1042 929 1406 984 rationabilis
1429 946 1628 984 eorum
1663 947 1840 984 causa
1871 946 1976 1000 ap-

325 1019 605 1090 paruerit,
632 1022 884 1072 maneat.
914 1017 1049 1071 Etsi
1083 1017 1255 1073 aliter
1283 1019 1641 1090 apparuerit,
1664 1023 1731 1073 ut
1761 1023 1979 1090 praetu-

325 1109 527 1176 limus,
551 1109 877 1164 secundum
911 1109 1012 1164 Dei
1046 1109 1464 1180 omnipotentis
1497 1110 1858 1166 voluntatem
1893 1114 1978 1165 at-

327 1215 440 1270 que
469 1197 761 1266 timorem,
793 1215 995 1254 eorum
1031 1199 1344 1254 deﬁniatur
1373 1217 1572 1256 causa.

360 1325 494 1379 CAP.
527 1325 651 1378 222.
688 1354 753 1367 —
788 1326 858 1380 De
887 1325 1073 1380 eodem
1102 1327 1335 1380 Joannes
1366 1327 1483 1381 VIII
1514 1326 1705 1381 Totzili
1736 1326 1942 1380 comiti.

395 1442 574 1496 Porro
595 1457 693 1497 eos
715 1442 816 1512 qui
840 1458 1048 1496 uxores
1072 1458 1210 1496 suas
1232 1441 1606 1512 dimiserunt,
1631 1440 1713 1496 vel
1739 1442 1810 1496 ad
1837 1441 1982 1497 alias

327 1529 446 1585 illis
463 1529 1036 1601 viventibusnuptias
1055 1530 1474 1601 migraverunt,
1498 1531 1704 1586 tandiu
1729 1547 1826 1586 eos
1848 1548 1982 1586 cum

331 1619 740 1674 consentaneis
771 1635 974 1674 eorum
1024 1620 1626 1689 excommunicamus,
1675 1635 1984 1692 quousque

332 1707 754 1777 posterioribus
773 1708 1032 1773 remotis,
1052 1708 1276 1779 priores
1295 1709 1443 1780 poeni
1457 1710 1628 1763 tendo
1643 1710 1985 1781 receperint-

330 1795 494 1850 Sicut
519 1797 675 1851 enim
707 1798 923 1867 nuptiae
955 1814 989 1851 a
1021 1801 1157 1864 Deo,
1202 1798 1281 1851 ita
1331 1797 1648 1852 divortium
1681 1814 1712 1851 a
1743 1797 1976 1852 diabolo

328 1889 436 1954 est,
466 1890 614 1940 teste
644 1892 844 1941 sancto
896 1886 1245 1957 Augustino,
1277 1890 1596 1957 repertum.
1646 1887 1801 1956 Quod
1828 1903 1977 1941 enim

325 1974 470 2028 Deus
495 1975 784 2044 conjunxit
812 1976 968 2030 homo
991 1991 1101 2030 non
1131 1985 1345 2047 separet
1379 1975 1594 2045 (Matth.
1627 1976 1745 2046 xxx)
1782 1991 1793 2028 :
1829 1993 1973 2046 prte-

323 2062 491 2134 cipue
520 2080 652 2118 cum
687 2063 806 2118 haec
836 2065 1093 2135 pessima
1115 2065 1479 2120 consuetudo
1511 2081 1576 2119 ex
1611 2081 1968 2136 paganorum

318 2168 478 2208 more
509 2153 875 2219 remanserit,
902 2171 1151 2224 quorum
1184 2154 1242 2207 in
1277 2153 1492 2209 talibus
1525 2171 1638 2208 non
1673 2153 1824 2209 alius
1856 2153 1969 2208 nisi

315 2242 442 2312 ipse
472 2241 744 2298 diabolus
775 2247 899 2298 erat
932 2243 1210 2315 magister
1241 2247 1298 2298 et
1328 2247 1549 2298 auctor.

569 2369 705 2424 CAP.
737 2370 864 2424 223.
900 2401 966 2410 -—
997 2371 1070 2425 De
1099 2369 1307 2434 eodem,
1344 2369 1485 2424 idem
1515 2369 1712 2423 eidem.

380 2475 847 2531 Prudentissime
863 2475 969 2545 vir,
992 2477 1164 2531 stude
1185 2480 1242 2530 et
1261 2475 1508 2547 przevide
1532 2480 1594 2529 ut
1617 2475 1732 2528 duo
1756 2473 1859 2529 viri
1880 2473 1965 2528 illi

312 2564 410 2634 qui
443 2581 654 2620 uxores
687 2581 848 2631 suas,
879 2581 1026 2636 quas
1058 2565 1213 2620 Deus
1244 2563 1361 2618 illis
1386 2564 1734 2635 praeparavit
1759 2564 1967 2631 etjun-

305 2653 408 2722 xit,
435 2655 795 2724 abjecerunt,
823 2671 921 2710 eas
944 2653 1219 2724 repellere
1242 2653 1486 2708 minime
1511 2652 1963 2724 permittantur;

309 2743 449 2813 quia
478 2743 727 2815 impium
754 2749 842 2798 est
873 2748 937 2798 ut
968 2743 1091 2814 qui,
1125 2747 1359 2798 auctore
1389 2747 1522 2811 Deo,
1546 2741 1716 2812 legali
1756 2742 1967 2795 foedere

311 2831 565 2901 copulati
599 2837 758 2898 sunt,
793 2849 896 2903 pro
927 2833 1188 2887 humano
1220 2831 1414 2900 libitu,
1447 2831 1566 2886 imo
1597 2830 1806 2884 fraude
1838 2829 1966 2884 dia-

307 2920 498 2975 bolica
528 2925 890 2991 separentur.
925 2921 1088 2976 Idem.
1121 2920 1610 2976 Commonitorium
1638 2918 1818 2973 Paulo
1851 2919 1963 2989 epi-

307 3024 488 3078 scopo.
514 3009 769 3064 Praevide
796 3014 860 3064 ut
881 3010 950 3064 de
973 3011 1340 3080 separatione
1363 3011 1810 3079 conjugatorum
1838 3023 1962 3062 ma-

307 3097 528 3152 ximam
563 3115 766 3153 curam
801 3115 990 3169 geras,
1017 3099 1096 3151 ita
1120 3103 1183 3152 ut
1214 3098 1375 3168 quia
1407 3097 1779 3167 susceptione
1810 3097 1967 3152 sedis

308 3187 642 3259 apostolica)
675 3187 1003 3242 litterarum
1055 3187 1308 3258 separati
1361 3192 1517 3250 sunt,
1551 3185 1849 3256 inculpate
1881 3203 1968 3240 re-

309 3278 528 3332 ducant
557 3276 780 3348 priores
825 3293 1057 3345 uxores,
1093 3276 1355 3346 iniuncta
1386 3274 1752 3330 convenienti
1786 3274 1968 3345 preni-

307 3367 512 3437 tentia,
537 3367 803 3424 dimissis
828 3385 974 3438 quas
1000 3367 1371 3438 postmodum
1393 3368 1535 3419 sunt
1567 3363 1781 3418 sortiti.
1805 3364 1966 3427 Quod

319 3456 369 3511 si
400 3455 714 3522 noluerint,
766 3462 926 3512 extra
965 3453 1279 3509 Ecclesiam
1335 3454 1504 3508 facite
1537 3469 1655 3508 una
1685 3469 1816 3507 cum
1850 3451 1965 3520 his,

313 3544 414 3616 qui
444 3562 542 3600 eos
574 3547 631 3599 in
665 3545 1077 3600 communione
1111 3543 1624 3615 recipiunt.donee
1655 3542 1971 3597 emendant

320 3650 451 3704 quae
483 3635 868 3689 admiserunt.

315 3749 449 3804 CAP.
480 3749 604 3804 224.
629 3781 697 3789 -—
731 3751 800 3804 De
843 3759 997 3820 gente
1045 3751 1340 3819 Anglorum
1389 3747 1696 3820 secundum
1723 3749 1966 3817 fornica-

387 3823 588 3876 tionem
635 3818 934 3876 exercerite.
990 3818 1305 3890 Bonifacius
1355 3827 1573 3891 martyr
1621 3818 1968 3873 lliltribaldo

385 3895 503 3961 regi
531 3893 850 3963 Anglorum.
886 3892 1078 3965 [Alias,
1115 3895 1243 3946 item
1274 3891 1463 3960 idem.)

383 3999 542 4070 (Dist.
575 4001 666 4064 56,
701 4017 748 4056 c.
782 4000 842 4055 Si
867 4016 998 4068 gens
1020 3999 1361 4069 Anglorum).
1381 3997 1436 4050 Si
1460 4012 1602 4067 gens
1625 3996 1967 4068 Anglorum,

318 4088 474 4143 sicut
507 4106 607 4160 per
637 4091 784 4145 istas
817 4088 1145 4161 provincias
1178 4085 1543 4155 divulgatum
1578 4090 1686 4148 est,
1717 4089 1773 4138 et
1801 4085 1971 4139 nobis

236 4186 237 4189 ‘
315 4177 374 4232 in
407 4181 651 4234 Francia
681 4183 738 4234 et
767 4179 826 4232 in
863 4179 1027 4233 Italia
1057 4176 1511 4248 improperatur,
1537 4177 1592 4228 et
1614 4174 1686 4228 ab
1711 4173 1854 4244 ipsis
1875 4190 1970 4245 pa-

317 4268 486 4338 ganis
510 4267 937 4339 imprOperium
962 4271 1072 4331 est,
1093 4265 1309 4338 spretis
1330 4263 1616 4335 legalibus
1639 4262 1969 4333 connubiis,

322 4354 709 4411 adulterando
740 4360 797 4411 et
849 4355 1197 4410 luxuriando
1229 4354 1299 4409 ad
1350 4353 1536 4408 instar
1582 4351 1970 4407 Sodomitanm

321 4444 514 4516 gentis
532 4444 745 4500 fmdam
759 4444 935 4499 vitam
957 4444 1195 4511 vixerit;
1223 4445 1292 4498 de
1313 4440 1834 4498 talicommistione
1857 4457 1974 4496 me-
2004 4422 2049 4486 Π

322 4533 602 4589 retricum
648 4533 1061 4589 aestimandum
1114 4537 1223 4599 est,
1275 4533 1590 4604 degeneres
1639 4531 1887 4602 populos
1920 4535 1975 4585 et

317 4621 631 4693 ignobiles,
668 4627 725 4678 et
755 4623 1012 4679 furentes
1051 4621 1293 4678 libidine
1326 4624 1445 4677 fore
1473 4621 1886 4693 procreandos,
1919 4623 1976 4674 et

320 4712 392 4766 ad
441 4716 765 4767 extremum
808 4712 1138 4768 universam
1191 4711 1419 4782 plebem
1471 4711 1542 4765 ad
1588 4708 1876 4764 deteriora
1918 4712 1974 4764 et

318 4801 673 4874 ignobiliora
692 4807 1048 4872 vergentem,
1075 4807 1129 4856 et
1151 4799 1469 4856 novissime
1493 4815 1596 4854 nec
1618 4799 1673 4852 in
1702 4796 1848 4852 bello
1873 4814 1973 4853 sae-

317 4890 502 4944 culari
534 4890 763 4959 fortem,
790 4907 894 4945 nec
921 4891 976 4945 in
1002 4891 1114 4946 ﬁde
1137 4889 1429 4955 stabilem,
1455 4893 1511 4944 et
1529 4903 1632 4942 nec
1657 4886 1968 4941 honorabi-

315 4979 430 5035 lem
466 4979 828 5050 hominibus,
860 4997 962 5036 nec
994 4981 1108 5035 Deo
1140 4978 1453 5035 amabilem
1487 4994 1617 5032 esse
1639 4981 1966 5042 venturam,

316 5069 470 5125 sicut
503 5067 633 5123 aliis
660 5069 935 5140 gentibus
967 5069 1279 5140 Hispaniae,
1315 5073 1370 5123 et
1397 5066 1731 5136 Provinciae,
1754 5070 1811 5120 et
1831 5067 1968 5120 Bur-

315 5157 684 5228 gundionum
708 5157 940 5228 populis
959 5157 1218 5230 contigit,
1240 5173 1365 5228 quae
1387 5156 1470 5212 sic
1500 5173 1534 5212 a
1561 5159 1672 5210 Deo
1696 5154 1966 5208 receden-

317 5253 406 5302 tes
439 5246 733 5301 fornicatae
767 5249 927 5300 sunt.
967 5246 1151 5300 Donec
1183 5247 1399 5317 (judex,
1431 5248 1506 5302 al.
1541 5245 1753 5300 vindex
1776 5241 1968 5298 omni-

319 5340 527 5406 potens
555 5335 724 5406 orig.)
757 5333 964 5389 talium
1010 5334 1322 5390 criminum
1366 5333 1604 5390 ultrices
1635 5349 1838 5405 pmnas
1869 5346 1970 5403 per

321 5424 720 5496 ignorantiam
750 5423 896 5495 legis
927 5423 1026 5478 Dei
1058 5427 1116 5478 et
1163 5439 1264 5494 per
1308 5423 1659 5480 Sarracenos
1688 5422 1884 5479 venire
1915 5425 1971 5477 et

325 5513 523 5570 savire
553 5513 656 5585 (at.
692 5513 926 5586 servire)
961 5513 1245 5585 permisit.

2155 379 2240 429 cta
2274 377 2449 433 aliam
2479 378 2739 442 duxerat,
2791 378 3052 432 Nicotaus
3097 379 3353 431 omnibus
3381 379 3774 448 archiepisco-

2153 450 2238 517 pis
2278 465 2374 518 per
2421 451 2658 504 Galliam
2689 454 2740 504 et
2787 448 3140 503 Germaniam
3187 451 3518 506 constitutis.
3567 451 3772 523 [Alias

2155 521 2284 573 item
2315 521 2505 592 idem.)

2151 609 2328 663 Juxta
2357 615 2648 665 statutum
2668 613 2955 676 nostrum,
2983 626 3114 664 cum
3135 610 3282 665 duos
3307 614 3499 681 partes
3523 611 3580 665 in
3609 611 3768 668 illas

2086 697 2520 754 destinaremus
2568 699 2893 770 episcopos,
2939 698 3151 754 accidit
3181 699 3252 753 ad
3300 703 3564 755 nostram
3614 718 3768 773 per-

2083 787 2280 841 venire
2309 789 2576 842 notitiam
2613 789 2766 859 quod
2807 787 3131 852 Lotharius,
3167 787 3357 857 prima
3387 794 3442 844 et
3476 788 3762 861 legitima

2088 876 2344 946 repulsa,
2380 878 2698 931 secundam
2731 877 2839 932 sibi
2876 876 3771 950 adsciveritconjugem,neque

2088 965 2246 1020 sedis
2279 971 2489 1020 nostris
2539 967 2784 1035 petitum
2833 971 2936 1020 aut
2983 965 3338 1036 permissum
3371 973 3764 1038 exspectans,

2089 1070 2278 1125 neque
2309 1055 2587 1109 canonico
2611 1055 2838 1124 judicio
2891 1055 3120 1126 uspiam
3157 1057 3574 1112 succumbens.
3625 1060 3766 1121 Qua

2089 1160 2157 1198 ex
2188 1160 2248 1198 re
2279 1144 2417 1214 quid
2443 1143 2598 1198 aliud
2622 1145 2796 1199 datur
2817 1143 3087 1215 intelligi,
3116 1144 3226 1198 nisi
3259 1144 3393 1212 quia
3426 1146 3523 1200 ubi
3561 1163 3763 1218 popu-

2089 1232 2278 1288 lorum
2305 1233 2597 1304 judicium
2628 1233 2930 1305 praevenit,
2963 1233 3042 1288 ibi
3075 1250 3183 1289 suo
3213 1234 3435 1304 judicio
3469 1237 3765 1307 praevari—

2092 1327 2346 1377 catorem
2381 1339 2442 1377 se
2473 1321 2776 1389 iudicavit.

2093 1410 2225 1466 CAP.
2253 1412 2377 1483 226.
2409 1443 2476 1451 —-
2499 1412 2572 1465 De
2589 1411 2926 1482 depositione
2950 1411 3184 1466 duorum
3206 1412 3765 1483 archiepiscoporum

2167 1482 2418 1537 Lothario
2449 1485 2505 1536 in
2542 1485 2715 1553 ipsius
2760 1499 2950 1537 errore
2977 1482 3453 1541 consentientium.
3488 1485 3769 1540 Nicotaus

2164 1557 2431 1625 epismpis
2488 1563 2538 1609 et
2581 1554 3022 1625 archiepiscopis
3071 1571 3168 1625 per
3200 1555 3466 1623 Galliam,
3501 1557 3759 1625 Italiam,

2170 1627 2521 1681 Germaniam
2551 1636 2712 1698 atque
2738 1643 2838 1697 per
2868 1627 3150 1681 universas
3198 1629 3514 1698 provincias
3542 1631 3763 1684 consti-

2168 1700 2302 1752 tutis
2334 1701 2502 1770 (conc.
2540 1700 2689 1753 Rom.
2725 1715 2789 1752 ιιι
2819 1699 2919 1752 sub
2949 1699 3122 1754 Nicol.
3156 1698 3199 1768 I,
3227 1715 3274 1753 c.
3305 1699 3380 1768 l).

2157 1790 2232 1856 (2,
2265 1805 2315 1859 q.
2357 1793 2401 1855 1,
2433 1805 2480 1843 c.
2539 1788 2760 1850 Scelus).
2813 1787 3018 1843 Scelus
3067 1787 3221 1858 quod
3272 1787 3588 1844 Lotharius
3645 1803 3756 1844 rex

2085 1877 2159 1947 (si
2190 1882 2386 1932 tamen
2418 1894 2515 1932 rex
2535 1877 2816 1932 veraciter
2837 1877 2949 1931 dici
2975 1876 3157 1948 possit
3187 1877 3285 1946 qui
3322 1876 3483 1932 nullo
3509 1877 3750 1933 salubri

2084 1966 2364 2035 regimine
2402 1967 2662 2038 corporis
2707 1966 3001 2038 appetitus
3051 1967 3324 2034 refrenat,
3377 1969 3478 2024 sed
3513 1967 3754 2023 lubrica

2084 2055 2453 2111 enervatione
2488 2056 2675 2127 magis
2705 2055 2928 2110 illicitis
2959 2055 3148 2127 ipsius
3180 2057 3441 2110 motibus
3472 2059 3651 2124 cedit)
3687 2059 3751 2112 in

2083 2145 2313 2199 duabus
2359 2144 2613 2210 feminis,
2664 2144 2986 2216 Theiberga
3035 2144 3260 2200 scilicet
3312 2149 3369 2200 et
3400 2145 3750 2216 Waldrada,

2081 2233 2399 2300 commisit,
2432 2234 2709 2288 omnibus
2743 2234 3117 2289 manifestum
3153 2239 3261 2290 est.
3285 2235 3392 2289 Sed
3426 2240 3482 2289 et
3512 2235 3749 2290 dudum

2081 2322 2384 2394 episcopos
2413 2322 2778 2393 Teugaldum
2832 2327 2889 2378 et
2919 2322 3313 2378 Guntharium
3346 2323 3404 2378 in
3440 2322 3541 2378 tali
3593 2326 3751 2379 facto

2076 2426 2209 2466 eum
2243 2411 2521 2466 habuisse
2551 2416 2774 2467 tutores
2801 2419 2972 2482 atque
3005 2412 3263 2467 fautores
3292 2427 3436 2483 pene
3460 2415 3622 2468 totus
3645 2429 3752 2468 no-

2074 2500 2166 2554 bis
2197 2500 2354 2554 orbis
2388 2500 2647 2571 undique
2679 2501 2748 2556 ad
2802 2499 3012 2555 limina
3043 2517 3145 2554 seu
3197 2501 3395 2556 sedem
3429 2500 3743 2556 confluens

2075 2588 2454 2659 apostolicam
2489 2589 2795 2644 referebat.
2827 2590 2890 2643 Et
2938 2590 3110 2661 paulo
3138 2593 3285 2660 post.
3319 2588 3504 2662 Igitur
3535 2590 3741 2644 decer—

2075 2683 2247 2732 nente
2269 2679 2574 2733 nobiscum
2595 2682 2797 2733 sancta
2815 2679 3038 2746 synodo
3062 2677 3121 2733 in
3147 2678 3458 2750 praesentia
3478 2679 3740 2750 depositi

2075 2771 2130 2819 et
2161 2766 2232 2820 ab
2265 2767 2456 2821 officio
2482 2767 2829 2822 sacerdotali
2855 2767 3366 2834 excommunicati,
3393 2772 3570 2838 atque
3594 2785 3628 2824 a
3652 2784 3744 2823 re-

2073 2855 2292 2925 gimine
2323 2855 2698 2927 episcopatus
2730 2855 2968 2912 alienati
3021 2857 3429 2912 indubitanter
3459 2857 3740 2913 existunt.

2073 2945 2207 2999 Item
2239 2946 2392 3016 infra
2438 2945 2578 3017 (cap.
2613 2946 2691 3013 2).
2747 2946 2860 3016 (ll,
2893 2962 2945 3017 q.
2992 2947 3047 3013 3,
3083 2962 3129 3001 c.
3167 2945 3550 3014 Teugaldum).
3584 2947 3735 3001 Teu-

1997 3049 2039 3116 ρ
2078 3032 2320 3104 galdum
2351 3033 2784 3103 Treverensem,
2811 3039 2867 3088 et
2891 3034 3202 3105 primatem
3231 3034 3469 3106 Belgicae
3503 3034 3744 3106 provin-

2078 3123 2200 3192 ciae,
2226 3126 2282 3176 et
2303 3122 2695 3178 Guntharium
2722 3122 3049 3194 Agrippinae
3073 3122 3324 3178 Colonia:
3348 3122 3742 3194 archiepisco-

2078 3229 2183 3282 pos
2207 3229 2568 3267 nunccoram
2587 3212 2756 3267 nobis
2778 3216 3051 3267 etsancta
3065 3213 3284 3284 synodo
3311 3213 3420 3268 sub
3438 3217 3743 3283 gestorum

2077 3299 2495 3368 insinuatione,
2517 3302 2769 3373 qualiter
2786 3318 3024 3357 causam
3058 3301 3312 3357 Lotharii
3337 3303 3489 3373 regis
3515 3306 3572 3356 et
3595 3303 3742 3356 dua-

2078 3407 2208 3444 rum
2243 3391 2554 3446 mulierum
2588 3393 2718 3462 ejus
2748 3391 3089 3464 Theibergte
3122 3396 3179 3446 et
3209 3391 3540 3446 Waldradaa
3573 3408 3742 3446 reco-

2078 3487 2421 3549 gnoverunt,
2469 3484 2526 3534 et
2569 3481 3009 3551 judicaverunt,
3064 3481 3350 3552 scriptum
3403 3497 3582 3552 super
3631 3481 3742 3535 hoc

2078 3568 2329 3639 propriis
2361 3569 2636 3624 manibus
2659 3569 3001 3625 roboratum
3029 3571 3358 3638 afferentes,
3387 3569 3654 3640 nihilque
3678 3584 3742 3624 se

2078 3656 2211 3728 plus
2240 3657 2327 3712 vel
2361 3659 2556 3714 minus
2590 3663 2693 3714 aut
2723 3658 2891 3714 aliter
2913 3659 3123 3731 egisse,
3147 3675 3246 3714 ore
3278 3658 3511 3730 proprio
3537 3657 3742 3714 multis

2079 3763 2270 3801 coram
2306 3747 2514 3819 positis
2565 3748 2930 3804 afﬁrmantes
2967 3753 3072 3804 :et
3113 3748 3464 3803 sententiam
3499 3764 3679 3818 quam
3707 3765 3740 3803 a

2079 3835 2215 3890 sede
2247 3835 2568 3906 apostolica
2600 3837 2658 3891 in
2704 3837 3017 3894 Geltruden
3051 3837 3299 3894 Bosonis
3331 3853 3570 3892 uxorem
3604 3853 3739 3892 san-

2079 3924 2379 3980 ctissimus
2395 3927 2570 3982 frater
2583 3927 3246 3983 nosterMediolanensis
3264 3926 3759 3999 archiepiscopus

2077 4014 2278 4070 Thado
2297 4019 2354 4069 et
2369 4015 2554 4070 caeteri
2572 4015 2900 4087 coepiscopi
2920 4015 3101 4072 nostri
3125 4015 3449 4087 petiverant
3470 4019 3740 4071 emitten-

2081 4104 2236 4172 dam,
2274 4121 2498 4175 nosque
2530 4104 2724 4160 divino
2757 4103 3024 4160 succensi
3049 4104 3172 4159 zelo
3204 4104 3314 4159 sub
3346 4103 3741 4159 anathematis

2081 4194 2470 4250 obtestatione
2500 4194 2778 4249 canonice
2830 4193 3288 4265 protuleramus,
3341 4191 3578 4264 publice
3624 4209 3740 4247 una

2081 4298 2217 4339 voce
2247 4300 2308 4338 se
2336 4282 2585 4338 violasse
2616 4283 2962 4339 confitentes
2989 4299 3002 4336 :
3029 4284 3086 4337 in
3110 4283 3328 4353 quibus
3353 4282 3630 4337 omnibus
3652 4281 3740 4336 in-

2080 4371 2347 4427 venimus
2379 4388 2476 4426 eos
2495 4370 2846 4442 apostolicae
2870 4377 3044 4443 atque
3063 4371 3376 4427 canonicas
3407 4370 3738 4426 sanctiones

2083 4458 2143 4514 in
2177 4459 2445 4530 pluribus
2476 4460 2818 4528 excessisse,
2838 4465 2895 4516 et
2923 4459 3218 4532 aequitatis
3243 4475 3510 4515 normam
3538 4459 3738 4530 nequi-

2083 4553 2172 4604 ter
2201 4553 2543 4619 temerasse,
2590 4550 2749 4605 omni
2796 4549 3136 4621 judicamus
3186 4547 3494 4604 sacerdotii
3544 4547 3731 4604 officio

2082 4639 2314 4709 penitus
2343 4639 2583 4708 alienos,
2619 4638 2872 4709 Spiritus
2905 4639 3094 4694 sancti
3116 4637 3343 4708 judicio
3374 4641 3433 4692 et
3464 4636 3611 4692 beati
3638 4636 3736 4692 Pe-

2079 4728 2153 4782 tri
2186 4745 2286 4798 per
2309 4745 2414 4784 nos
2439 4728 2784 4784 auctoritate
2811 4726 3185 4800 episcopatus
3207 4731 3412 4783 exutos
3435 4724 3733 4798 regimine,

2083 4817 2405 4873 subsistere
2438 4817 2802 4872 definientes.

2081 4905 2214 4962 CAP.
2246 4907 2371 4962 227.
2407 4938 2472 4948 —
2503 4910 2586 4961 De
2613 4907 2954 4961 correctione
2994 4903 3262 4960 Lotharii.
3297 4901 3448 4958 Idem
3480 4902 3731 4958 Lothario

2424 4977 2547 5047 regi
2577 4980 2656 5046 (in
2686 4979 2932 5048 rescrip.,
2971 4979 3056 5031 tit.
3089 4992 3192 5044 vu,
3225 4991 3272 5030 c.
3305 4975 3384 5045 5).

2150 5067 2259 5137 (ll,
2292 5084 2341 5137 q.
2375 5068 2429 5137 3,
2461 5083 2506 5121 c.
2543 5068 2622 5120 Ita
2647 5068 2931 5137 corporis).
2958 5068 3040 5120 Ita
3061 5064 3320 5135 corporis
3351 5063 3437 5118 tui
3473 5063 3725 5119 motibus

2079 5156 2281 5210 cedere
2307 5155 2676 5220 consensisti,
2710 5160 2765 5209 et
2795 5154 3064 5208 relaxatis
3083 5153 3330 5209 habenis
3359 5152 3724 5224 voluptatum

2078 5244 2453 5315 temetipsum
2488 5243 2546 5297 in
2580 5243 2769 5298 lacum
2792 5243 3034 5299 miserim
3087 5251 3139 5297 et
3170 5243 3229 5296 in
3263 5243 3440 5297 lutum
3471 5245 3607 5312 fecis
3635 5257 3730 5313 pro

2079 5332 2248 5388 libitu
2276 5332 2539 5402 dejecisti
2571 5334 2741 5403 (Psal.
2776 5333 2991 5404 xxxrx),
3027 5337 3110 5400 ut,
3163 5332 3265 5403 qui
3298 5331 3512 5402 positis
3545 5331 3731 5386 fueras

2081 5421 2148 5477 ad
2183 5421 2667 5493 gubernationem
2717 5421 3092 5494 populorum,
3144 5421 3387 5476 effectus
3438 5419 3522 5475 sis
3575 5418 3736 5476 ruina

2080 5510 2422 5567 multorum.
2457 5509 2668 5567 Probat
2701 5510 2811 5567 hoc
2832 5508 3112 5583 Teugaldi
3134 5512 3191 5566 et
3222 5509 3490 5566 Guntarii
3521 5508 3710 5582 episco
