3994 6052
203 207 312 261 633

1122 208 1430 264 DECRETI
1470 208 1654 261 PARS
1689 205 1840 260 VIII.
1869 230 1936 240 —
1967 202 2064 254 DE
2101 201 2491 266 CONJUGIIS,
2533 203 2687 254 ETC.

3507 197 3613 251 634

199 349 410 406 porum
441 332 665 389 dudum
689 331 990 402 legitimus
1022 349 1216 398 casus,
1241 335 1380 404 quid
1408 349 1510 404 pro
1531 349 1596 387 eo
1616 331 1772 402 quod
1797 335 1851 384 te
1879 330 1933 394 Α
2033 343 2151 406 cap.
2184 396 2193 406 ε
2226 326 2326 379 109
2395 326 2604 394 (honzit.
2638 326 2706 380 32
2756 325 2814 380 in
2864 324 3053 379 Matth.
3102 325 3159 377 in
3200 340 3360 396 opere
3406 325 3611 394 imper-

203 421 450 477 minime
471 425 870 492 competenter
885 421 1247 488 erudierunt,
1271 422 1536 492 quinimo
1559 420 1694 490 quia
1717 436 1856 490 prte-

202 511 624 566 varicationem
646 515 808 565 tuam
832 514 1027 580 tegere
1048 510 1412 582 argumentis
1431 511 1555 565 suis
1577 510 1686 563 sub
1712 525 1854 579 qua-

201 601 342 654 dam
368 599 612 670 justitiae
644 600 838 671 specie
866 600 1129 665 fuscatis,
1151 600 1507 671 quibusdam
1527 603 1584 653 et
1602 597 1854 668 exquisi-

199 691 279 745 tis
311 689 826 744 adinventionibus
850 689 1186 760 equitatem
1211 689 1457 744 obruere
1481 691 1852 752 studuerunt,

205 783 409 835 nostra
431 783 569 833 sunt
590 778 934 834 auctoritate
966 777 1236 848 depositi,
1271 782 1327 832 et
1352 778 1422 832 ab
1447 777 1606 832 omni
1632 777 1856 847 episco-

204 874 383 940 patus
417 868 702 939 regimine
733 867 1082 938 regulariter
1113 867 1486 938 sequestrati.
1524 869 1656 921 Item
1704 865 1860 934 infra

201 959 348 1030 (cap.
375 957 453 1027 7).
486 957 598 1028 (24,
630 974 680 1028 q.
699 959 752 1026 5,
776 973 824 1013 c.
848 958 930 1012 An
953 972 1062 1012 non
1080 957 1382 1024 districta.)
1402 959 1487 1010 An
1519 973 1631 1010 non
1658 955 1856 1010 distri-

202 1053 301 1102 cta
330 1046 552 1101 ultione
581 1046 878 1101 feriendus
917 1063 1002 1113 es,
1056 1047 1156 1118 qui
1206 1046 1265 1100 in
1311 1046 1543 1100 duabus
1583 1045 1860 1099 uxoribus

205 1135 568 1190 adulterium
598 1137 864 1203 Lamech,
883 1140 937 1190 et
956 1135 1245 1206 ﬂagitium
1270 1135 1537 1190 imitatus
1557 1135 1861 1205 dignosce-

204 1225 291 1280 ris
327 1224 660 1295 esse?(Gen
691 1225 791 1296 1v.)
824 1224 986 1288 Quod
1028 1225 1314 1280 Dominus
1356 1223 1590 1280 nonnisi
1638 1227 1771 1294 post
1794 1224 1863 1276 77

204 1314 620 1385 generationes
651 1331 758 1370 suo
802 1313 1102 1370 salutifero
1153 1315 1402 1370 adventu
1451 1313 1681 1381 delevit,
1726 1328 1860 1366 cum

201 1403 347 1460 Cain
379 1403 776 1460 fratricidium
807 1405 841 1456 7
874 1403 1250 1476 generatione
1277 1403 1446 1474 aquis
1473 1401 1752 1457 abolitum
1787 1402 1864 1455 sit

203 1492 555 1548 cataclismi.

113 1661 120 1665 θ
200 1600 339 1655 CAP.
372 1601 498 1654 228.
537 1630 602 1640 —
635 1599 785 1668 Quod
814 1601 930 1655 sola
958 1616 1128 1656 causa
1183 1599 1569 1670 fornicationis
1603 1614 1746 1653 uxor
1774 1597 1859 1652 di-

276 1671 646 1765 mittimpossit.
673 1675 953 1765 Γβρεδροηεα
984 1672 1203 1728 Nicotai
1242 1674 1316 1728 ad
1353 1673 1602 1728 consulta
1651 1670 1855 1738 Butga-
1891 1701 1935 1765 Β

278 1759 491 1810 rarum,
514 1759 642 1814 cap.
673 1745 763 1800 96.

277 1842 388 1912 (32,
422 1859 474 1913 q.
505 1843 559 1909 5,
591 1858 640 1898 c.
684 1842 973 1914 Quidquid
1012 1842 1260 1913 mulier.)
1305 1841 1596 1911 Quidquid
1650 1838 1859 1894 mulier

201 1936 308 1986 tua
339 1936 541 1986 contra
565 1937 621 1987 te
643 1932 998 2004 cogitaverit,
1019 1937 1120 1987 aut
1143 1933 1362 1996 fecerit,
1383 1930 1532 1986 velsi
1549 1934 1602 1985 te
1617 1946 1854 1984 accusa-

201 2020 374 2090 verit,
402 2037 513 2076 non
531 2026 640 2086 est,
663 2019 1852 2093 exceptacausafornicationisrejicienda,

198 2108 290 2164 vel
322 2109 454 2164 odio
486 2127 727 2181 prorsus
758 2111 1048 2175 habenda,
1073 2127 1200 2181 quae
1231 2114 1337 2179 est,
1361 2107 1632 2181 Apostolo
1652 2109 1852 2179 praeci-

198 2199 418 2270 piente,
451 2198 603 2254 sicut
633 2199 888 2255 Ecclesia
917 2217 951 2255 a
982 2199 1094 2255 Deo
1126 2199 1423 2272 diligenda
1455 2199 1669 2270 (Ephes.
1700 2198 1781 2268 v.)

195 2305 680 2361 CAP.229.—Ne
720 2305 926 2359 mulier
974 2322 1006 2359 a
1059 2306 1175 2360 viro
1223 2304 1482 2360 discedat.
1537 2303 1854 2374 Gangrense

724 2376 1043 2443 concilium,
1075 2394 1175 2448 cap
1189 2419 1201 2432 .
1244 2378 1330 2430 14.

273 2475 442 2543 (Dist.
476 2475 566 2546 30,
597 2491 644 2530 c.
675 2475 736 2530 Si
766 2492 874 2546 qua.
894 2475 1127 2546 mulier)
1157 2475 1215 2530 Si
1253 2491 1369 2546 qua
1413 2473 1624 2529 mulier
1661 2473 1851 2527 virum

199 2563 502 2634 proprium
556 2561 894 2633 relinquens
945 2562 1244 2618 discedere
1288 2561 1571 2628 voluerit,
1618 2559 1855 2631 nuptias

197 2655 519 2721 exsecrata,
549 2651 626 2706 sit
656 2651 989 2707 anathema.

198 2759 335 2815 CAP.
370 2760 498 2814 230.
532 2790 599 2798 —-
633 2760 698 2817 Ut
727 2757 982 2814 dimissus
1007 2759 1074 2813 ab
1104 2775 1276 2815 umore
1305 2767 1355 2815 et
1385 2758 1614 2813 dimissa
1656 2774 1690 2812 a
1736 2757 1854 2813 viro

398 2831 636 2885 aliinon
668 2831 899 2887 nubant.
937 2831 1094 2887 Conc.
1129 2832 1378 2899 Milevit.,
1410 2846 1534 2899 cap.
1569 2831 1656 2885 17.

273 2930 473 3001 Neque
504 2930 789 2986 dimissus
815 2931 885 2986 ab
919 2947 1114 2998 uxore,
1153 2949 1338 3002 neque
1368 2932 1616 2987 dimissa
1648 2948 1680 2986 a
1729 2949 1852 2987 ma-

199 3019 247 3072 ri
260 3023 314 3073 to
334 3018 502 3074 alteri
521 3019 827 3092 jungatur.
849 3021 956 3075 Sed
983 3019 1062 3075 ita
1082 3025 1370 3089 maneant,
1397 3025 1498 3077 aut
1519 3021 1628 3077 sibi
1661 3037 1855 3076 recon-

199 3107 498 3164 cilientur.

196 3210 333 3260 CAP.
366 3207 490 3282 231.
521 3237 604 3282 —_
627 3209 700 3264 De
752 3209 838 3282 [iis
873 3208 983 3282 qui
1030 3212 1365 3265 consortium
1404 3211 1689 3282 coniugale
1736 3212 1858 3267 sine

269 3278 677 3403 gravizsculpa
737 3278 1067 3335 dimittunt.
1138 3283 1221 3336 Ea:
1276 3278 1511 3337 concilio
1557 3278 1857 3352 Agathensi

270 3367 391 3403 can.
505 3392 516 3403 .

270 3367 391 3419 cap.
424 3367 516 3404 zz).

274 3449 384 3518 (33,
418 3465 468 3519 q.
501 3449 557 3515 2,
587 3465 634 3504 c.
669 3449 1019 3522 Saeuior-es.)
1047 3449 1364 3506 Saeculares
1395 3451 1496 3522 qui
1548 3451 1853 3524 conjugale

199 3537 562 3592 consortium
579 3537 740 3592 nulla
761 3537 934 3610 culpa
955 3539 1218 3610 graviore
1235 3539 1561 3607 dimittunt,
1577 3540 1662 3594 vel
1679 3542 1851 3595 etiam

200 3627 594 3692 dimiserunt;
628 3631 684 3682 et
715 3626 910 3682 nullas
941 3644 1149 3682 causas
1187 3627 1418 3682 discidii
1475 3628 1856 3698 probabiliter

201 3720 616 3787 proponentes,
651 3721 956 3788 propterea
987 3733 1094 3772 sua
1117 3716 1493 3772 matrimonia
1522 3716 1852 3782 dimittunt,

146 3833 150 3836 -
200 3810 267 3860 ut
296 3805 502 3860 illicita
533 3811 634 3861 aut
657 3806 847 3861 aliena
872 3810 1253 3877 pra‘sumant,
1285 3806 1331 3860 si
1357 3810 1670 3877 antequam
1695 3807 1850 3878 apud

199 3894 510 3966 episcopos
539 3893 1060 3966 comprovinciales
1091 3894 1322 3950 discidii
1355 3912 1561 3949 causas
1581 3895 1850 3962 dixerint,

198 3989 256 4039 et
289 3983 451 4055 prius
470 4000 679 4038 uxores
695 3984 1108 4055 quamjudicio
1133 3985 1489 4039 damnentur
1511 3984 1851 4054 abjecerint,

199 4091 232 4128 a
256 4073 673 4128 communione
697 4072 965 4127 Ecclesia:
989 4077 1044 4128 et
1067 4072 1158 4127 sui
1181 4071 1429 4145 [sancto,
1453 4073 1625 4145 orig.]
1652 4073 1852 4144 populi

199 4165 370 4231 ccetu,
403 4179 506 4233 pro
539 4177 604 4217 eo
637 4162 792 4233 quod
825 4162 999 4217 ﬁdem
1034 4162 1292 4234 conjugii
1312 4161 1632 4233 maculant,
1655 4161 1851 4217 exclu-

200 4251 436 4305 dantur.

199 4348 335 4403 CAP.
368 4347 495 4414 232,
529 4379 596 4389 —
626 4348 968 4403 Neincuttus
1010 4351 1062 4403 et
1109 4346 1366 4403 horridus
1420 4349 1508 4402 vir
1558 4349 1625 4402 ab
1672 4364 1852 4404 uxore

271 4419 610 4503 dimittatur...
658 4421 1028 4503 Hexaemeron
1077 4419 1370 4491 Ambrosii,
1421 4419 1482 4474 in
1531 4420 1690 4476 titulo
1737 4419 1853 4476 dici
1883 4439 1930 4503 D

273 4497 492 4562 quartae
520 4492 644 4561 (lib.
677 4508 729 4557 v,
766 4507 811 4546 c.
843 4492 923 4562 7.)

272 4589 384 4660 (32,
417 4607 468 4661 q.
501 4591 555 4659 5,
596 4606 642 4643 c.
700 4588 1059 4660 Horrendus.)
1105 4590 1214 4645 Sed
1267 4589 1596 4646 horrendus
1640 4591 1852 4662 [horri-

204 4678 336 4748 dus]
369 4681 426 4733 et
455 4678 715 4734 incultus
746 4683 835 4733 est
855 4679 964 4734 vir.
997 4678 1183 4733 Semel
1217 4678 1853 4750 placuit.Nunquidvir

201 4766 354 4822 alius
385 4767 688 4839 eligendus
720 4767 1212 4839 est‘lComparem
1234 4784 1406 4823 suum
1436 4772 1696 4838 etequus
1721 4768 1854 4822 dili-

200 4855 305 4928 git,
341 4861 398 4911 et
427 4857 476 4912 si
506 4861 766 4912 mutetur
795 4857 968 4925 alius,
1002 4856 1230 4912 trahere
1256 4859 1467 4928 jugum
1494 4857 1680 4912 nescit
1702 4874 1854 4912 com-

199 4962 305 5016 par
335 4944 598 5012 alterius,
632 4950 690 5001 et
711 4963 771 5002 se
803 4962 918 5000 non
945 4950 1132 5000 totum
1168 4950 1357 5017 putat.
1383 4945 1744 5017 Tujugalem
1772 4961 1855 5000 re-

197 5033 409 5106 pudias
440 5040 627 5103 tuum,
661 5040 718 5090 et
749 5050 904 5106 saepe
935 5039 1109 5106 putas
1141 5035 1516 5101 mutandum,
1551 5039 1606 5088 et
1637 5033 1685 5089 si
1737 5051 1852 5090 uno

198 5123 476 5179 defecerit
503 5125 618 5193 die,
643 5124 993 5196 superducis
1026 5123 1290 5192 rivalem,
1325 5129 1382 5179 et
1432 5123 1634 5179 statim
1687 5123 1852 5178 inco-

196 5211 362 5284 gnita
393 5229 568 5270 causa
597 5214 763 5286 quasi
795 5211 1049 5285 cognita,
1075 5213 1314 5284 pudoris
1336 5212 1674 5286 exsequeris
1697 5211 1855 5282 inju-

198 5302 372 5359 riam.

199 5401 336 5456 CAP.
367 5400 494 5454 233.
526 5431 595 5474 -_-
629 5401 782 5469 Quod
801 5404 948 5458 sicut
967 5399 1207 5456 crudelis
1245 5408 1294 5456 et
1339 5401 1561 5473 iniquus
1605 5409 1704 5471 est,
1760 5401 1857 5474 qui

273 5481 488 5528 castam
539 5472 805 5528 dimittit:
855 5475 938 5529 sic
980 5475 1170 5542 fatuus
1209 5474 1285 5526 est
1334 5477 1386 5528 et
1437 5472 1708 5544 iniustus,
1760 5472 1860 5544 qui

276 5517 481 5600 reti-net
511 5517 1312 5616 meretriceml'éhi'gsostomvus
1334 5517 1856 5616 Ἠᾶξῖἧθεῖνῆξ

2035 396 2220 468 fectu).

2035 497 2361 565 Quicunque
2391 494 2685 561 dimiserit,
2717 510 2945 550 uxorem
2977 511 3134 549 suam
3177 497 3401 564 excepta
3448 509 3616 547 causa

1962 584 2378 656 fornicationis,
2411 584 2715 639 mmo/tatur
2742 584 2961 655 (Matth.
2987 588 3118 653 xxx).
3155 582 3360 637 Omnis
3395 599 3484 635 res
3517 597 3619 652 per

1968 690 2116 745 quas
2147 690 2356 728 causas
2388 673 2669 741 nascitur,
2706 689 2808 743 per
2837 671 2999 742 ipsas
3031 671 3372 726 absolvitur.
3417 670 3619 723 Matri-

1970 762 2233 817 monium
2266 762 2421 817 enim
2457 780 2571 816 non
2619 763 2756 816 facit
2804 763 3011 830 coitus,
3064 761 3163 814 scd
3215 760 3519 815 voluntas:
3563 762 3621 813 et

1967 852 2096 906 ideo
2129 850 2273 906 illud
2308 868 2422 906 non
2448 850 2622 905 solvit
2653 849 2942 922 separatio
2974 849 3258 920 corporis,
3287 849 3386 904 sed
3418 849 3620 902 volun-

1970 945 2095 1008 tas;
2133 941 2261 994 ideo
2313 940 2412 1012 qui
2463 940 2708 994 dimittit
2753 956 2983 994 uxorem
3035 955 3225 1003 suam,
3276 943 3332 992 et
3379 937 3621 992 alteram

1970 1045 2084 1084 non
2120 1030 2346 1099 accipit,
2381 1029 2574 1084 adhuc
2605 1030 2852 1083 maritus
2883 1032 2990 1082 est.
3027 1027 3168 1084 Nam
3212 1030 3269 1081 et
3299 1026 3345 1080 si
3381 1041 3620 1096 corpore

1962 1119 2086 1188 jam
2117 1124 2421 1190 separatus
2453 1124 2560 1187 est,
2595 1122 2791 1172 tamen
2826 1117 3018 1172 adhuc
3048 1116 3347 1170 voluntate
3379 1119 3620 1183 conjun-

1971 1212 2100 1262 ctus
2131 1212 2239 1262 est.
2274 1212 2415 1262 Cum
2448 1224 2584 1277 ergo
2632 1206 2874 1261 alteram
2927 1205 3236 1276 acceperit,
3284 1209 3423 1259 tunc
3455 1203 3624 1274 plene

1969 1296 2232 1351 dimittit.
2267 1297 2388 1352 Non
2420 1312 2556 1366 ergo
2589 1296 2688 1366 qui
2719 1296 2965 1350 dimittit
2997 1294 3342 1358 mmchatur,
3377 1293 3477 1349 sed
3521 1293 3622 1364 qui

1969 1386 2212 1442 alteram
2243 1388 2424 1442 ducit.
2453 1386 2618 1441 Sicut
2647 1391 2843 1441 autem
2877 1385 3132 1440 crudelis
3163 1389 3253 1439 est
3281 1388 3337 1439 et
3379 1383 3622 1454 iniquus

1969 1475 2070 1546 qui
2101 1481 2322 1530 castam
2355 1476 2624 1541 dimittit,
2659 1475 2742 1530 sic
2774 1475 2971 1529 fatuus
3015 1479 3103 1530 est
3141 1478 3197 1528 et
3227 1473 3482 1543 injustus
3519 1473 3621 1542 qui

1969 1565 2179 1618 retinet
2201 1564 2585 1618 meretricem.
2610 1563 2752 1617 Nam
2781 1568 3063 1633 patronus
3081 1561 3468 1632 turpitudinis
3491 1560 3620 1630 ejus

1967 1660 2074 1720 est,
2108 1655 2206 1726 qui
2239 1655 2458 1709 crimen
2491 1653 2639 1709 celat
2671 1653 2886 1709 uxoris.

1968 1771 2100 1826 ΟΑΡ.
2135 1771 2261 1825 234.
2289 1802 2356 1810 -—
2389 1772 2547 1840 Quod
2576 1770 2847 1841 quidquid
2877 1773 3026 1824 inter
3043 1785 3099 1824 se
3119 1769 3401 1839 conjugati
3422 1770 3619 1823 immo-

2036 1844 2247 1898 destu-m
2277 1844 2360 1898 vel
2389 1843 2670 1897 sordidum
2700 1851 2917 1912 gerunt,
2944 1841 3144 1896 vitium
3193 1844 3264 1896 sit
3308 1842 3615 1906 hominum,

2034 1931 2144 1969 non
2173 1917 2334 1986 culpa
2365 1917 2730 1982 nuptiarum;
2779 1915 2879 1968 sed
2922 1920 3148 1986 propter
3195 1914 3332 1966 illas
3382 1914 3615 1980 ignosci.

2034 1985 2396 2057 Augustinus,
2425 1988 2498 2041 De
2530 1987 2664 2042 bono
2695 1985 2989 2056 conjugati
3017 1989 3161 2056 (cup.
3193 1986 3268 2052 6).

2034 2085 2146 2152 (32.
2180 2101 2231 2156 q.
2263 2086 2317 2154 2,
2351 2100 2396 2140 ε.
2443 2083 2717 2154 Quidquid
2766 2082 2958 2153 inter.)
3011 2080 3303 2154 Quidquid
3353 2081 3506 2135 inter
3557 2097 3619 2135 se

1964 2173 2260 2244 conjugati
2283 2172 2722 2239 immodestum,
2755 2171 3212 2226 inverecundum
3246 2169 3622 2225 sordidumve

1963 2267 2194 2333 gerunt,
2227 2262 2430 2316 vitium
2463 2266 2552 2317 est
2585 2261 2892 2316 hominum
2917 2278 3030 2315 non
3049 2259 3224 2330 culpa
3247 2257 3612 2329 nuptiarum.

1963 2351 2094 2404 Jam
2128 2352 2184 2404 in
2217 2351 2347 2422 ipsa
2376 2368 2605 2421 quoque
2654 2351 3039 2404 immoderata
3087 2347 3386 2403 exactione
3433 2345 3613 2401 debiti

1965 2439 2236 2508 carnalis,
2270 2456 2444 2510 quam
2471 2439 2554 2493 eis
2589 2457 2702 2494 non
2744 2438 3070 2493 secundum
3115 2434 3426 2506 imperium
3479 2451 3617 2505 prae-

1965 2529 2136 2599 cepit,
2186 2531 2286 2583 sed
2337 2529 2665 2583 secundum
2720 2529 2947 2584 veniam
3001 2524 3268 2580 concedit
3318 2522 3619 2594 apostolus

1963 2622 2012 2688 (I
2043 2622 2162 2675 Cor.
2196 2622 2318 2691 νη),
2355 2627 2418 2674 ut
2450 2621 2628 2674 etiam
2649 2626 2853 2690 praeter
2870 2635 3107 2674 causam
3141 2615 3481 2686 procreandi
3506 2613 3616 2668 sibi

1968 2709 2344 2778 misceantur,
2379 2708 2487 2764 etsi
2519 2724 2617 2762 eos
2639 2708 2798 2778 pravi
2829 2724 3021 2761 mores
3045 2705 3114 2760 ad
3141 2704 3318 2758 talem
3341 2702 3618 2757 concubi-

1965 2802 2093 2852 tum
2130 2797 2441 2869 impellunt
2468 2797 2682 2868 nuptiae
2706 2805 2899 2850 tamen
2933 2795 3004 2848 ab
3029 2792 3315 2848 adulterio
3365 2807 3464 2845 seu
3501 2790 3613 2844 for-

1969 2887 2259 2942 nicatione
2291 2888 2635 2941 defendunt.
2663 2885 2858 2956 Neque
2890 2883 3044 2938 enim
3078 2882 3220 2936 illud
3249 2883 3484 2952 propter
3507 2897 3616 2934 nuo

1971 2976 2120 3046 ptias
2153 2973 2505 3043 admittitur,
2553 2974 2653 3028 sed
2707 2977 2940 3044 propter
2981 2971 3218 3041 nuptias
3270 2968 3612 3038 ignoscitur.

1883 3073 1928 3138 (ζ
1969 3064 2192 3119 Debent
2225 3079 2360 3135 ergo
2393 3063 2503 3118 sibi
2537 3062 2835 3133 conjugati
2869 3077 2981 3116 non
3007 3058 3196 3114 solum
3223 3058 3411 3129 ipsius
3444 3073 3618 3110 sexus

1965 3155 2056 3210 sui
2089 3153 2510 3208 commiscendi
2546 3153 2718 3207 {idem
2755 3151 3072 3206 liberorum
3121 3147 3617 3218 procreandorum

1965 3262 2143 3300 causa
2165 3244 2314 3314 (quae
2349 3244 2537 3314 prima
2561 3251 2647 3298 est
2678 3241 2920 3296 humani
2952 3238 3182 3312 generis
3213 3237 3273 3291 in
3316 3237 3430 3291 ista
3463 3253 3617 3290 mor-

1964 3333 2186 3389 talitate
2217 3333 2509 3400 societas),
2544 3347 2743 3386 verum
2777 3331 2950 3385 etiam
2983 3326 3343 3383 infirmitatis
3366 3325 3613 3380 invicem

1965 3423 2313 3494 excipiendae
2336 3423 2405 3477 ad
2424 3422 2658 3476 illicitos
2672 3418 3331 3476 concubitusevitandos
3346 3420 3612 3470 mutuam

1964 3513 2399 3583 quodammodo
2431 3511 2790 3581 servitutem,
2818 3515 2884 3565 ut
2915 3509 3021 3565 etsi
3054 3509 3215 3564 alteri
3248 3524 3449 3562 eorum
3474 3523 3612 3562 con-

1963 3601 2211 3655 tinentia
2243 3605 2522 3671 perpetua
2553 3599 2798 3671 placeat,
2830 3599 2944 3655 nisi
2976 3616 3043 3654 ex
3061 3597 3302 3653 alterius
3321 3613 3610 3652 consensu

1965 3708 2079 3746 non
2113 3690 2319 3762 possit.

1963 3789 2091 3844 CAP.
2118 3789 2244 3842 235.
2303 3818 2372 3828 —
2421 3788 2570 3856 Quod
2623 3789 2772 3842 licite
2829 3787 3135 3843 dimittitur
3191 3787 3394 3854 coniux
3451 3801 3615 3840 causa

2032 3861 2441 3931 fornicationis,
2491 3876 2724 3916 manere
2767 3863 2971 3915 tamem
3033 3858 3318 3914 vinculum
3378 3859 3609 3929 prioris.

2035 3934 2167 3987 Item
2197 3932 2471 4003 (ibidem).

2034 4031 2294 4086 Reddere
2324 4047 2457 4086 vero
2489 4031 2752 4086 debitum
2782 4030 3104 4101 coniugale,
3136 4029 3359 4084 nullius
3386 4033 3476 4083 est
3497 4028 3610 4083 cri-

1963 4120 2162 4185 minis,
2183 4121 2408 4189 exigere
2431 4125 2626 4175 autem
2645 4121 2798 4174 ultra
2829 4119 3146 4191 generandi
3178 4117 3609 4187 necessitatem,

1965 4208 2146 4280 culpae
2177 4209 2421 4265 venialis
2446 4229 2459 4278 ;
2481 4209 2751 4264 fornicari
2765 4225 2898 4264 vero
2911 4207 2997 4264 vel
3028 4207 3304 4263 mmchari
3329 4206 3610 4278 puniendi

1963 4297 2245 4354 criminis.
2267 4298 2448 4368 (Ibid.,
2472 4316 2518 4355 c.
2540 4300 2618 4366 7.)
2637 4300 2847 4354 Cavere
2868 4300 3039 4353 debet
3061 4297 3315 4352 charitas
3342 4297 3615 4368 conjuga-

1962 4389 2035 4443 lis
2067 4404 2138 4442 ne
2169 4388 2309 4442 dum
2335 4388 2448 4443 sibi
2493 4388 2703 4459 quaarit
2749 4389 2923 4442 unde!
2965 4386 3220 4458 amplius
3270 4388 3611 4451 honoretur,

1966 4477 2199 4547 conjugi
2232 4476 2408 4531 faciat
2455 4478 2610 4531 unde
2657 4478 2991 4532 damnetur.
3034 4478 3141 4545 Qui
3187 4478 3334 4532 enim
3379 4475 3615 4530 dimittit

1965 4581 2196 4622 uxorem
2225 4581 2405 4630 suam,
2437 4574 2662 4633 excepta
2693 4581 2855 4621 causa
2885 4567 3302 4638 fornicationis,
3332 4567 3469 4635 facit
3489 4580 3606 4619 eam

1962 4655 2224 4709 mtechari
2253 4656 2437 4724 (Matt.
2475 4655 2547 4725 v).
2580 4654 2776 4726 Usque
2809 4656 2950 4708 adeo
2984 4656 3170 4709 fcedus
3200 4653 3344 4708 illud
3390 4653 3606 4707 initum

1965 4743 2303 4815 nuptiarum
2336 4744 2643 4812 cujusdam
2685 4743 3038 4799 sacramenti
3090 4759 3183 4797 res
3231 4747 3342 4812 est,
3391 4747 3456 4796 ut
3506 4758 3609 4796 nec

1965 4831 2092 4903 ipsa
2106 4831 2472 4902 separatione
2486 4832 2717 4886 irritum
2735 4834 2834 4887 ﬁat
2851 4850 2863 4888 :
2880 4833 3612 4904 quandoquidem,vivente

1962 4922 2104 4989 viro,
2141 4927 2196 4975 et
2226 4938 2259 4974 a
2288 4938 2402 4991 quo
2434 4921 2636 4976 relicta
2675 4926 2785 4989 est,
2837 4923 3182 4992 mmchatur,
3226 4922 3272 4977 si
3303 4921 3467 4975 alteri
3499 4937 3612 4973 nu-

1964 5010 2182 5081 pserit:
2216 5016 2272 5065 et
2305 5009 2400 5064 ille
2426 5011 2605 5080 hujus
2636 5010 2771 5066 mali
2815 5027 2995 5066 causa
3037 5015 3145 5078 est,
3201 5009 3299 5082 qui
3350 5007 3608 5080 reliquit.

1963 5101 2120 5166 Item,
2151 5100 2287 5167 Aug.
2322 5100 2393 5154 Dc
2415 5099 2549 5154 bono
2573 5101 2853 5169 coniugali
2890 5100 3137 5171 (ibidem,
3197 5099 3377 5156 eodem
3434 5100 3608 5168 cap.).

1963 5188 2075 5260 (32,
2103 5203 2155 5258 q.
2196 5189 2251 5258 7,
2283 5204 2330 5242 c.
2374 5188 2816 5262 lnterveniente.)
2865 5189 3291 5245 Interveniente
3339 5187 3608 5253 divortio,

1964 5294 2080 5333 non
2113 5277 2381 5333 aboletur
2414 5279 2824 5334 confmderatio
2877 5277 3198 5350 nuptialis;
3252 5277 3333 5331 ita
3381 5281 3445 5331 ut
3498 5274 3612 5329 sibi

1967 5367 2246 5438 coniuges
2265 5367 2384 5422 sint
2404 5369 2577 5424 etiam
2596 5367 2872 5440 separati,
2895 5366 3151 5422 cumillis
3173 5370 3368 5421 autem
3392 5365 3461 5419 ad
3473 5361 3612 5418 ulte-

1966 5455 2118 5511 rium
2153 5455 2522 5513 committant
2552 5457 2766 5529 quibus
2796 5455 3015 5511 fuerint
3043 5454 3218 5510 etiam
3255 5457 3388 5525 post
3437 5469 3610 5509 suum

1966 5545 2277 5617 repudium
2310 5543 2588 5618 copulati,
2616 5543 2703 5601 vel
2747 5543 2849 5600 illa
2891 5544 3012 5599 viro
3060 5543 3148 5599 vel
3202 5542 3298 5598 ille
3356 5543 3608 5599 mulieri.
