3972 6056
390 232 496 286 635

1477 237 1542 285 D.
1584 233 1822 286 IVONIS
1859 233 2356 286 CARNOTENSIS
2397 233 2711 287 EPISCOPI

3711 233 3842 287 636

387 357 522 412 Item
555 355 742 426 (ibid.,
773 372 821 410 c.
857 356 965 426 18).
1000 359 1042 410 Α
1071 357 1192 410 viro
1219 356 1342 410 vivo
1392 355 1450 410 in
1501 355 1739 410 alterius
1787 355 2036 410 transire
2064 359 2117 423 Α
2153 355 2478 410 familiaris.
2511 356 2781 419 Quandiu
2816 356 2955 411 vivit
2985 357 3093 422 vir,
3125 355 3259 410 licet
3291 355 3524 410 adulter
3551 357 3650 423 sit,
3678 357 3844 412 licet

391 444 756 499 connubium
790 460 894 502 nee
929 449 1069 499 tunc
1103 443 1287 512 licuit,
1323 460 1426 497 nec
1451 459 1606 498 nunc
1629 443 1786 509 licet,
1813 461 1917 499 nec
1944 461 2046 498 un-

391 549 568 604 quam
604 534 821 589 licebit.
858 538 1202 604 Apostatare
1234 532 1449 603 quippe
1483 532 1554 586 ab
1582 549 1696 587 uno
1729 533 1866 596 Deo,
1889 533 2046 587 etire

392 625 449 677 in
480 623 722 678 alterius
750 623 1131 678 adulterinam
1165 622 1640 692 superstitionem
1677 639 1910 694 semper
1958 626 2045 677 est

397 711 640 766 malum.
674 713 1032 781 Augustinus,
1065 711 1136 764 De
1167 709 1495 765 adulterinas
1536 712 1831 780 coniugiis,
1874 711 1969 764 lib.
2003 727 2042 764 ιι

394 802 538 871 (cap.
569 802 638 871 4).
678 801 787 870 (32,
822 817 871 869 q.
904 800 958 868 7,
990 814 1036 852 c.
1073 799 1287 869 Licite.)
1323 799 1502 854 Licite
1536 799 1861 854 dimittitur
1897 815 2040 855 con-

389 891 492 959 jux
519 890 590 943 ob
623 905 859 942 causam
893 888 1322 955 fornicationis,
1354 891 1454 943 sed
1503 896 1700 944 manet
1741 887 2041 943 vinculum

393 977 620 1048 prioris.
655 979 848 1044 (Ibid.,
889 994 934 1032 c.
969 977 1048 1048 5.)
1080 977 1320 1048 Propter
1339 979 1490 1048 quod
1529 979 1592 1032 fit
1615 994 1749 1032 reus
1771 978 2043 1033 adulterii

391 1065 695 1120 dimissam
731 1065 831 1137 qui
855 1067 1301 1130 duxerit,etiam
1326 1067 1398 1121 ob
1431 1084 1668 1121 causam
1709 1067 2042 1122 fornicatio-

390 1154 502 1208 nis.
535 1153 696 1208 Sicut
721 1157 876 1210 enim
911 1159 1185 1211 manente
1216 1154 1274 1209 in
1310 1172 1372 1210 se
1404 1161 1769 1210 sacramento
1803 1172 2043 1227 regene-

393 1243 660 1310 rationis,
694 1244 1244 1299 excommunicatur
1273 1245 1546 1316 quisquis
1573 1261 1710 1300 reus
1759 1245 2041 1311 criminis,

391 1348 497 1386 nec
529 1331 630 1388 illo
663 1338 1029 1388 sacramento
1063 1337 1238 1401 caret,
1264 1333 1498 1388 etiamsi
1521 1351 1824 1404 nunquam
1846 1350 2044 1389 recon-

392 1420 624 1477 cilietur
657 1422 806 1490 Deo;
841 1423 920 1476 ita
955 1426 1229 1476 manente
1259 1423 1317 1476 in
1353 1439 1414 1477 se
1436 1421 1692 1492 vinculo,
1726 1440 1840 1478 non
1889 1426 2048 1476 caret

391 1510 649 1581 conjugii
665 1516 1053 1576 sacramento,
1069 1511 1298 1565 etiamsi
1318 1527 1622 1581 nunquam
1643 1510 2049 1566 reconcilietur

389 1599 552 1653 viro:
589 1599 811 1654 carebit
843 1603 1061 1667 autem,
1115 1599 1165 1654 si
1219 1604 1488 1654 mortuus
1537 1601 1729 1668 fuerit,
1771 1599 1858 1653 vir
1896 1600 2042 1668 ejus.

392 1689 542 1744 Reus
573 1705 710 1743 vero
743 1688 1281 1744 excommunicatus
1314 1689 1443 1743 ideo
1485 1704 1782 1758 nunquam
1831 1687 2049 1742 carebit

391 1777 851 1849 regenerationis
871 1783 1259 1844 sacramento,
1275 1779 1448 1832 etiam
1470 1794 1584 1832 non
1600 1775 2044 1844 reconciliatus;

391 1867 531 1938 quia
564 1883 869 1937 nunquam
906 1867 1172 1921 moritur.

391 1967 527 2022 CAP.
558 1966 683 2022 236.
711 1997 779 2005 —
813 1967 881 2020 Ne
923 1983 1063 2020 uxor
1093 1973 1314 2036 propter
1364 1967 1786 2035 fornicationem
1819 1966 2048 2020 dimissa

639 2037 706 2091 ab
736 2037 847 2092 alio
878 2037 1131 2092 ducatur.
1169 2039 1334 2105 Item,
1369 2039 1464 2092 lib.
1499 2055 1515 2091 ι
1548 2040 1688 2108 (cap.
1720 2040 1795 2105 9).

465 2126 588 2181 Non
612 2131 700 2181 est
722 2127 1039 2197 quisquam
1066 2127 1146 2182 ita
1170 2127 1486 2193 absurdus,
1513 2127 1611 2198 qui
1636 2125 1928 2181 mcechum
1947 2143 2046 2182 ne-

394 2220 490 2287 get
521 2232 648 2271 esse
681 2216 778 2284 qui
830 2216 1062 2272 duxerit
1101 2233 1228 2272 eam
1279 2234 1460 2288 quam
1515 2215 1765 2270 maritus
1814 2221 2050 2286 propter

394 2322 633 2362 causam
659 2306 1060 2362 fornicationis
1097 2307 1311 2378 abjecit
1345 2324 1357 2362 :
1402 2324 1536 2363 cum
1586 2307 1870 2362 Dominus
1909 2322 2046 2360 σιω-

395 2395 572 2450 chum
600 2395 759 2451 dicat
789 2413 948 2464 cum,
973 2397 1072 2468 qui
1099 2397 1328 2452 duxerit
1346 2413 1474 2452 eam
1499 2413 1627 2468 quae
1649 2400 1856 2468 praeter
1877 2393 2048 2450 forni-

394 2485 646 2540 cationis
677 2502 917 2540 causam
946 2486 1174 2556 abjecta
1204 2491 1311 2540 est.
1345 2486 1576 2554 (Matth.
1609 2485 1747 2557 xIx.)

391 2583 524 2638 CAP.
555 2584 682 2638 237.
717 2615 783 2624 —
820 2585 882 2640 Ut
911 2599 1019 2638 non
1048 2583 1216 2654 facile
1244 2583 1566 2638 dimittatur
1595 2598 1759 2637 uxor.
1809 2585 1951 2654 Aug.
1984 2580 2049 2636 de

584 2671 834 2710 sermone
863 2656 1088 2710 Domini
1118 2657 1176 2710 in
1217 2658 1401 2711 monte
1434 2656 1548 2720 (lib.
1582 2672 1622 2725 ι,
1656 2671 1704 2709 c.
1735 2654 1850 2724 20).

454 2753 568 2823 (32,
603 2769 654 2824 q.
677 2755 735 2819 7,
766 2770 818 2808 c.
858 2755 1130 2809 Dominus
1159 2755 1237 2808 ad
1271 2754 1460 2821 illud.)
1496 2753 1777 2808 Dominus
1805 2753 1877 2806 ad
1902 2751 2047 2806 illud

394 2843 889 2911 confirmandum,
907 2848 972 2896 ut
994 2859 1108 2896 non
1131 2842 1296 2897 facile
1321 2841 1658 2896 dimittatur
1683 2858 1844 2908 uxor,
1861 2840 2046 2895 solam

393 2929 802 2986 fornicationis
835 2948 1074 2986 causam
1106 2931 1366 3002 excepit;
1401 2937 1637 2985 caateras
1661 2947 1793 2985 vero
1815 2930 2046 2984 univer-

394 3020 546 3074 sales
578 3018 877 3074 molestias
909 3020 956 3074 si
1007 3036 1133 3091 quae
1181 3019 1532 3090 exstiterint,
1561 3019 1735 3091 jubet
1779 3035 1881 3090 pro
1935 3018 2048 3073 ﬁde

387 3106 708 3177 conjugali,
735 3111 793 3162 et
823 3125 926 3178 pro
951 3107 1223 3164 castitate
1249 3108 1473 3163 fortiter
1498 3108 1800 3175 sustineri,
1821 3112 1876 3162 et
1899 3124 2042 3162 mce-
2075 3101 2117 3167 C

394 3194 572 3250 chum
607 3196 750 3250 dicit
779 3196 953 3251 etiam
983 3198 1082 3268 qui
1117 3213 1243 3252 eam
1269 3197 1518 3265 duxerit,
1543 3214 1669 3268 quae
1694 3195 1881 3252 soluta
1905 3201 1993 3252 est
2013 3214 2046 3250 a

394 3285 515 3340 viro
548 3287 699 3352 Item,
733 3285 896 3352 ibid,
929 3289 1092 3358 paulo
1122 3295 1264 3358 post.
1297 3287 1412 3355 (32,
1445 3287 1568 3357 (1.5,
1589 3303 1635 3340 c.
1656 3285 2046 3356 Fieripotest.)

392 3375 540 3430 Fieri
577 3380 768 3447 potest
800 3380 865 3430 ut
896 3375 984 3430 vir
1014 3376 1272 3431 dimittat
1305 3393 1540 3430 uxorem
1574 3392 1754 3431 causa
1795 3375 2044 3430 fornica-

392 3464 593 3532 tionis,
645 3481 823 3535 quam
857 3464 1142 3520 Dominus
1172 3470 1472 3536 exceptam
1517 3482 1644 3521 esse
1689 3463 1872 3520 voluit
1913 3465 2045 3520 Jam

393 3571 553 3624 vero,
587 3556 632 3611 si
669 3572 770 3610 nec
805 3555 886 3610 illi
921 3557 1140 3612 nubere
1171 3557 1512 3612 conceditur
1556 3557 1677 3612 viro
1708 3557 1836 3612 vivo
1868 3574 1900 3612 a
1930 3572 2045 3626 quo

394 3644 656 3708 recessit,
691 3661 878 3716 neque
933 3644 1070 3699 huic
1120 3645 1362 3700 alteram
1414 3645 1648 3716 ducere,
1695 3646 1824 3700 viva
1873 3659 2048 3699 uxore

395 3748 572 3802 quam
598 3731 844 3803 dimisit,
870 3732 1055 3790 multo
1075 3735 1273 3790 minus
1298 3735 1384 3790 fas
1409 3739 1498 3790 est
1519 3734 1726 3790 illicita
1745 3750 1880 3790 eum
1912 3749 2045 3788 cum

395 3820 756 3892 quibuslibet
789 3827 994 3894 stupra
1023 3824 1412 3880 committere.

399 3920 528 3974 ΟΑΡ.
561 3922 685 3974 238.
718 3953 775 3960 -
816 3923 974 3988 Item,
1002 3923 1145 3993 quod
1174 3937 1285 3977 non
1308 3924 1383 3977 sit
1413 3939 1556 3977 uxor
1585 3921 1904 3993 abiicienda
1941 3937 2045 3992 pro

601 3993 843 4062 qualibet
875 3997 1057 4048 carnis
1090 3995 1419 4064 inﬁrmitate
1450 3995 1628 4063 (ibid,
1656 4010 1701 4048 c.
1733 3995 1846 4064 27).

465 4091 578 4162 (32,
609 4108 662 4162 q.
693 4093 748 4160 5,
775 4107 823 4147 e.
859 4092 920 4147 Si
949 4092 1224 4162 uxorem.)
1255 4092 1314 4146 Si
1367 4107 1604 4148 uxorem
1649 4091 1781 4163 quis
1831 4091 2046 4147 habeat

393 4179 514 4236 sive
546 4180 807 4237 sterilem
842 4181 962 4237 sive
995 4182 1316 4236 deformem
1350 4197 1610 4252 corpore,
1643 4181 1763 4236 sive
1795 4180 2042 4236 debilem

395 4270 702 4338 membris,
735 4269 823 4325 vel
858 4287 1092 4334 caecam,
1128 4269 1214 4326 vel
1247 4271 1512 4338 surdam,
1536 4270 1622 4326 vel
1637 4269 1929 4340 claudam,
1959 4268 2046 4325 vel

392 4357 442 4410 si
476 4359 576 4428 qui
611 4359 793 4428 aliud,
828 4359 950 4414 sive
980 4359 1204 4416 morbis
1233 4365 1290 4415 et
1310 4359 2047 4430 doloribuslaboribusque

391 4446 738 4536 confectam,
771 4451 831 4536 et
857 4447 1144 4518 quidquid
1169 4450 1431 4520 (excepta
1463 4447 1868 4518 fornicatione)
1892 4447 2046 4517 cogi-
2081 4470 2126 4536 D

395 4534 502 4588 tari
538 4539 730 4605 potest
751 4535 1128 4592 vehementer
1148 4537 1450 4606 horribile,
1465 4553 1568 4609 pro
1584 4537 1858 4593 societate
1871 4535 2051 4591 etﬁde

394 4624 706 4679 sustineat.

391 4725 528 4777 CAP.
561 4722 686 4776 239.
739 4752 808 4763 —-
856 4722 1004 4790 Quod
1061 4725 1277 4778 vivente
1323 4725 1461 4788 viro,
1513 4723 1743 4777 dimissa
1788 4723 1946 4776 nulla
1987 4720 2053 4776 de

465 4810 633 4849 causa
661 4794 834 4849 alteri
881 4796 1088 4850 nubere
1117 4800 1311 4865 potest.
1337 4797 1706 4865 Hieronymus
1738 4794 1806 4847 ad
1843 4796 2052 4847 Aman-

466 4866 595 4920 dum
629 4867 1007 4937 presbyterum
1041 4870 1206 4935 (temo
1239 4868 1356 4931 III,,
1407 4867 1563 4936 epist.
1617 4865 1772 4934 cujus
1821 4865 2050 4919 initium

465 4939 659 4993 Brevis
689 4939 910 5009 epistola
947 4938 1194 5010 longas.)

465 5027 578 5097 (32,
611 5045 663 5099 q.
695 5029 749 5095 7,
783 5046 828 5084 c.
872 5027 1064 5082 Omnes
1099 5025 1489 5095 rausationes.)
1521 5023 1735 5080 Omnes
1764 5025 2052 5080 causatio-

395 5132 500 5171 nes
522 5117 835 5188 Apostolus
867 5121 1182 5186 amputans
1215 5114 1582 5185 apertissime
1632 5115 1914 5185 definivit,
1963 5115 2051 5168 vi-

393 5211 561 5261 vente
589 5204 1216 5271 viro,esseadulteram
1242 5202 1570 5270 mulierem,
1589 5204 1815 5260 sialteri
1843 5221 2052 5275 nupse-

394 5296 489 5349 rit.
523 5294 665 5350 Nolo
703 5295 852 5349 mihi
886 5292 1146 5363 proferas
1179 5291 1433 5362 raptoris
1461 5291 1822 5362 violentiam,
1844 5292 2050 5347 matris

395 5383 832 5455 praestationem
865 5381 1354 5454 [persuasionem,
1379 5382 1565 5453 orig.],
1594 5382 1776 5453 patris
1794 5382 2049 5436 auctori-

397 5477 599 5535 tatem.
635 5473 1102 5544 propinquorum
1139 5475 1455 5536 catervam,
1490 5471 2052 5527 servoruminsidias

396 5566 454 5615 et
486 5567 793 5631 parentum
828 5562 1028 5631 [atque
1054 5567 1481 5632 contemptum,
1507 5561 1697 5632 orig.],
1723 5561 1941 5617 damna
1969 5560 2050 5614 rei

2155 445 2469 513 sodomita,
2506 445 2637 499 licet
2669 445 2908 517 flagitiis
2949 445 3227 501 omnibus
3277 451 3606 517 coopertus,
3649 451 3713 501 et
3747 446 3834 500 ab

2154 549 2332 589 uxore
2359 538 2594 606 propter
2623 533 2742 588 hmo
2774 533 2995 589 scelera
3025 533 3364 602 derelictus,
3416 537 3662 589 maritus
3726 540 3832 589 est

2155 629 2456 692 reputatus
2481 624 2571 677 cui
2608 623 2849 678 alterum
2883 622 3071 677 virum
3107 623 3369 694 accipere
3401 641 3513 678 non
3541 623 3698 678 licet.

2154 721 2286 774 CAP.
2320 722 2444 776 2’10.
2481 751 2544 760 ——
2581 721 2729 788 Quod
2743 721 2970 791 feminis
2993 738 3099 775 non.
3119 721 3266 782 licet.
3289 736 3447 791 {eque
3468 739 3563 776 nec
3584 721 3828 774 maritis

2227 792 2426 847 licere.
2503 794 2647 848 Idem
2710 794 2777 846 ad
2853 798 3132 848 Oceanum
3205 793 3270 847 de
3339 798 3514 847 morte
3573 795 3827 847 Fabiolae

2225 864 2389 933 (tonio
2427 866 2444 918 I
2471 866 2528 937 in
2558 864 2834 937 epitapliio
2857 866 3117 931 Fabiolae,
3149 865 3307 931 cuius
3337 864 3566 919 initium
3594 881 3608 920 :
3670 866 3822 920 Plu-

2224 952 2309 989 res
2341 936 2480 990 anni
2508 939 2679 1007 sunt).

2226 1034 2337 1103 (32,
2385 1051 2438 1106 q.
2474 1039 2527 1101 5,
2556 1053 2604 1090 c.
2656 1034 2972 1106 Prwcepit.)
3021 1035 3296 1106 Praecepit
3342 1035 3622 1089 Dominus
3676 1051 3836 1089 uxo-

2155 1140 2277 1178 rem
2310 1141 2424 1178 non
2458 1124 2666 1179 debere
2699 1124 2934 1192 dimitti,
2967 1129 3205 1195 excepta
3251 1141 3428 1178 causa
3476 1125 3836 1179 fornicatio-

2157 1214 2276 1281 nis;
2302 1213 2892 1281 etsidimissaluerit,
2918 1214 3477 1282 manereinnuptam
3502 1213 3722 1280 (Matth.
3746 1215 3832 1282 v).

2157 1303 2452 1373 Quidquid
2472 1303 2610 1356 viris
2635 1301 2988 1373 praecipitur,
3013 1301 3120 1356 hoc
3143 1306 3570 1373 consequenter
3603 1303 3834 1357 redun-

2157 1391 2341 1446 datin
2377 1390 2645 1446 feminas.
2678 1390 2876 1461 Neque
2909 1391 3064 1446 enim
3107 1391 3375 1446 adultera
3425 1408 3568 1446 uxor
3613 1391 3832 1444 dimit-

2155 1481 2331 1534 tenda
2361 1485 2469 1545 est,
2503 1485 2557 1534 et
2589 1481 2674 1533 vir
2696 1480 2957 1534 mmchus
2982 1482 3270 1535 tenendus
3291 1486 3398 1534 est.
3425 1482 3576 1548 IIem,
3601 1480 3824 1535 ibidem

2154 1571 2318 1642 paulo
2347 1578 2485 1640 post.
2521 1569 2631 1637 (32,
2665 1585 2714 1640 q.
2747 1568 2815 1640 (?)
2847 1584 2894 1622 c.
2922 1569 3076 1636 Apud
3105 1571 3248 1640 nos.)
3281 1571 3451 1640 Apud
3492 1587 3600 1624 nos
3650 1570 3819 1641 quod

2159 1675 2272 1712 non
2305 1657 2438 1712 licet
2471 1658 2721 1723 laminis,
2757 1675 2914 1728 aeque
2946 1675 3061 1712 non
3108 1658 3242 1713 licet
3289 1659 3449 1725 viris,
3499 1664 3555 1713 et
3601 1661 3818 1713 eadem

2079 1731 2122 1794 Β
2155 1748 2407 1802 servitus
2442 1747 2564 1817 pari
2596 1747 2930 1802 conditione
2962 1751 3253 1802 censetur.

2157 1845 2272 1900 CAP
2293 1846 2416 1898 241.
2453 1875 2516 1885 -
2550 1845 2624 1899 De
2677 1862 2839 1914 paena
2869 1845 2987 1913 ejus
3016 1845 3111 1915 qui
3141 1861 3318 1900 uxore
3361 1845 3615 1900 relictam
3636 1845 3824 1900 dm-

2335 1917 2430 1970 rit.
2459 1916 2866 1976 Capitularium
2902 1916 3000 1970 lib.
3036 1934 3089 1983 ν,
3123 1934 3242 1988 cap.
3275 1919 3380 1972 300
3413 1927 3479 1986 (ι).
3515 1918 3667 1986 149).

2227 2016 2338 2086 (33.
2374 2031 2425 2085 q.
2450 2017 2503 2080 2,
2537 2031 2582 2068 (ι.
2607 2016 2977 2085 Quicunque.)
3001 2015 3342 2086 Quicunque
3370 2017 3604 2087 propria
3639 2031 3826 2071 uxore

2158 2105 2455 2170 derelicta,
2491 2104 2578 2158 vel
2627 2105 2753 2158 sine
2785 2104 2959 2176 culpa
3003 2105 3306 2162 interfecta
3363 2104 3536 2159 aliam
3587 2105 3830 2160 duxerit

2158 2193 2338 2248 armis
2371 2193 2654 2264 depositis
2688 2192 2981 2264 publicam
3017 2198 3152 2265 agat
3191 2194 3614 2264 paenitentiam.
3649 2194 3720 2248 Et
3771 2193 3825 2247 si

2159 2288 2474 2338 contumax
2507 2283 2700 2341 fuerit.
2726 2281 3258 2352 comprehendatur
3277 2300 3309 2337 a
3333 2281 3566 2352 comite,
3588 2288 3644 2336 et
3660 2282 3823 2338 ferro

2159 2372 2469 2438 vinciatur,
2493 2375 2550 2425 et
2582 2371 2638 2424 in
2671 2371 2996 2425 custodiam
3030 2371 3318 2426 mittatur.

2158 2471 2291 2527 CAP.
2324 2471 2448 2523 242.
2482 2501 2549 2509 -
2580 2470 2736 2539 Quod
2765 2485 2877 2524 non.
2905 2469 2977 2524 sit
3003 2469 3206 2524 durum
3239 2469 3597 2524 reconciliari
3645 2470 3824 2525 uxori

2228 2547 2345 2612 post
2377 2541 2726 2595 adulterium.
2776 2541 3135 2611 Augustinus,
3184 2543 3259 2596 De
3305 2541 3636 2598 adulterinis
3682 2558 3819 2596 con-

2219 2614 2416 2685 jugiis,
2453 2613 2595 2668 libro
2626 2619 2858 2668 secundo
2885 2619 3025 2684 (cap.
3059 2614 3135 2683 6).

2230 2713 2338 2782 (32,
2375 2728 2426 2782 q.
2463 2712 2512 2766 1.
2545 2727 2590 2764 c.
2613 2711 2766 2778 Quod
2787 2715 2970 2765 autem
2994 2710 3098 2765 tibi
3117 2710 3368 2781 durum.)
3391 2711 3552 2776 Quod
3580 2709 3685 2765 tibi
3710 2711 3823 2765 du-

2160 2817 2286 2854 rum
2308 2799 2539 2854 videtur
2561 2805 2623 2853 ut
2641 2805 2770 2870 post
2786 2798 3139 2852 adulterium
3157 2797 3819 2868 reconcilieturconjugi

2159 2889 2392 2958 conjux,
2417 2888 2463 2943 si
2490 2888 2634 2942 fides
2666 2888 2822 2942 adsit
2853 2905 2966 2942 non
2989 2888 3098 2943 erit
3119 2887 3357 2942 durum.
3387 2889 3499 2942 Cur
3526 2887 3681 2942 enim
3708 2887 3819 2940 ad-

2158 2977 2273 3032 huc
2295 2979 2650 3049 deputamus
2673 2976 2972 3031 adulteros
2996 2993 3144 3046 quos
3167 2976 3251 3030 vel
3277 2975 3632 3047 baptismate
3651 2974 3822 3029 ablu-

2157 3072 2270 3132 tos,
2308 3067 2395 3122 vel
2431 3067 2772 3137 pcenitentia
2821 3067 3118 3120 credimus
3165 3082 3295 3120 esse
3343 3066 3628 3120 sanatos?
3678 3065 3814 3119 llaec

2155 3153 2402 3208 crimina
2428 3154 2483 3208 in
2509 3153 2685 3208 veteri
2725 3153 2818 3208 Dei
2855 3153 2979 3223 lege
3013 3152 3190 3207 nullis
3222 3153 3528 3209 sacrificiis
3553 3155 3812 3207 munda-

2155 3245 2386 3310 bantur,
2413 3260 2539 3314 qua:
2560 3243 2700 3297 Novi
2726 3243 3121 3298 Testamentis
3145 3243 3400 3314 anguine
3425 3243 3550 3298 sine
3568 3244 3813 3297 dubita-

2155 3333 2310 3386 tione
2336 3333 2674 3398 mundatur,
2709 3337 2764 3385 et
2794 3332 2922 3385 ideo
2956 3337 3096 3386 tunc
3145 3333 3483 3386 omnimodo
3544 3331 3815 3402 prohibi-

2156 3427 2278 3477 tum
2313 3426 2400 3476 est
2429 3421 2499 3475 ab
2531 3421 2642 3476 alio
2691 3421 3152 3475 contaminatam
3185 3421 3307 3476 viro
3355 3420 3611 3492 recipere
3667 3437 3812 3476 uxo-

2157 3528 2301 3579 rem,
2353 3510 2624 3581 quamvis
2681 3510 2856 3564 David
2905 3509 3098 3565 Saulis
3150 3509 3354 3575 ﬁliam,
3406 3526 3584 3580 quam
3637 3514 3808 3580 pater

2157 3601 2420 3670 ejusdem
2457 3599 2718 3654 mulieris
2750 3599 2822 3653 ab
2853 3615 2918 3654 eo
2969 3604 3295 3670 separatam
3349 3599 3589 3653 dederat
3638 3597 3806 3653 alteri

2157 3690 2200 3760 (I
2233 3692 2357 3759 Iteg.
2391 3689 2574 3760 xvm),
2609 3693 2892 3759 tanquam
2942 3688 3082 3743 Novi
3131 3688 3490 3743 Testamenti
3531 3689 3806 3759 prmligu-

2158 3783 2316 3833 rator
2344 3778 2468 3833 sine
2501 3776 2996 3832 contaminatione
3041 3777 3342 3848 receperit.
3393 3776 3559 3830 Nunc
3609 3783 3802 3832 autem

2155 3871 2538 3939 posteaquam
2563 3865 2838 3921 Christus
2868 3865 2950 3920 ait
2978 3865 3258 3920 adultera:
3284 3882 3297 3920 :
3324 3868 3439 3921 Nec
3465 3881 3564 3936 ego
3595 3874 3646 3920 te
3675 3882 3809 3920 con-

2154 3956 2438 4024 demnabo,
2473 3954 2631 4023 vade,
2675 3954 2928 4025 deinceps
2975 3955 3093 4009 noli
3145 3971 3374 4026 peccare
3409 3955 3564 4025 (Joan
3591 3998 3604 4010 .
3651 3957 3808 4026 VIII),

2157 4045 2288 4117 quis
2320 4061 2433 4099 non
2464 4043 2740 4115 intelligit
2770 4045 2981 4098 debere
3001 4042 3302 4115 ignoscere
3327 4043 3627 4110 maritum,
3651 4045 3804 4115 quod

2157 4134 2311 4188 videt
2341 4133 2636 4206 ignovisse
2681 4133 2996 4189 Dominum
3041 4134 3372 4201 amborum,
3422 4149 3530 4187 nec
3565 4135 3689 4202 jam
3750 4150 3812 4189 se

2156 4224 2366 4278 debere
2396 4221 2725 4277 adulteram
2757 4222 2972 4289 dicere,
3005 4223 3175 4292 cujus
3227 4221 3561 4292 paenitentis
3591 4222 3808 4276 crimen

2157 4312 2353 4366 divina
2383 4311 2542 4366 credi
2586 4310 2963 4366 miseratione
3017 4309 3277 4366 deletum
3303 4311 3330 4364 ‘I
3379 4314 3535 4379 Item,
3561 4312 3727 4378 (ibid.
3761 4328 3808 4366 c.

2155 4399 2235 4470 8.)
2267 4399 2378 4470 (32,
2411 4416 2460 4469 q.
2495 4400 2550 4465 6,
2581 4414 2628 4453 c.
2662 4398 3080 4468 Indignamur.)
3105 4398 3495 4468 Indignantur
3521 4399 3738 4467 mariti,
3762 4400 3810 4454 si

2159 4489 2403 4544 audiant
2434 4489 2647 4544 alteros
2678 4488 2832 4544 viros
2866 4488 3114 4561 pendere
3145 4488 3370 4543 similes
3411 4487 3693 4543 adulteris
3730 4490 3800 4543 fe-

2161 4577 2340 4632 minis
2399 4593 2654 4648 poenas:
2717 4595 2853 4634 cum
2913 4581 3070 4632 tanto
3139 4577 3376 4648 gravius
3445 4593 3543 4632 eos
3615 4577 3810 4646 puniri

2159 4667 2486 4738 oportuerit
2518 4672 2737 4738 quanto
2770 4666 2959 4738 magis
2991 4667 3062 4722 ad
3095 4682 3194 4721 eos
3224 4667 3471 4738 pertinet
3501 4670 3557 4721 et
3599 4667 3812 4722 virtute

2159 4756 2410 4825 vincere,
2461 4760 2519 4810 et
2567 4755 2831 4827 exemplo
2880 4771 3078 4827 regere
3126 4755 3392 4810 feminas.
3438 4755 3567 4811 Item
3627 4756 3808 4826 (ibid,

2159 4863 2280 4917 cap.
2315 4847 2390 4914 9).
2418 4847 2569 4916 (3,q.
2609 4851 2658 4910 1,
2692 4863 2739 4900 c.
2772 4847 2889 4901 Non
2933 4848 3039 4901 erit
3092 4845 3315 4916 turpis.)
3361 4845 3483 4900 Non
3535 4845 3646 4899 erit
3691 4850 3812 4899 tur-

2162 4937 2252 5006 pis
2286 4951 2475 5007 neque
2509 4935 2784 5000 difﬁcilis,
2817 4934 2993 4989 etiam
3030 4941 3160 5006 post
3192 4939 3420 5005 patrata
3463 4938 3642 5004 atque
3675 4951 3813 5006 pur-

2159 5029 2296 5096 gata
2317 5024 2609 5079 adulteria
2628 5022 3022 5079 reconciliatio
3036 5023 3376 5094 conjugum,
3393 5023 3490 5077 ubi
3509 5038 3613 5093 per
3627 5022 3814 5078 claves

2161 5114 2325 5184 regni
2357 5113 2658 5178 ccelorum,
2697 5129 2809 5167 non
2843 5111 3149 5166 dubitatur
3171 5111 3294 5165 fieri
3326 5110 3592 5167 remissio
3617 5128 3812 5183 pecca-

2162 5206 2379 5267 torum,
2415 5219 2529 5257 non
2564 5206 2629 5255 ut
2661 5206 2793 5272 post
2825 5201 2933 5255 viri
2957 5201 3271 5255 divortium
3297 5199 3567 5256 adultera
3588 5218 3813 5258 revoce-

2164 5296 2282 5359 tur,
2319 5291 2418 5346 sed
2448 5294 2511 5344 ut
2542 5295 2673 5361 post
2703 5290 2917 5344 Christi
2951 5289 3334 5358 consortium,
3380 5289 3654 5346 adultera
3703 5309 3813 5347 non

2171 5385 2431 5434 vocetur.
2466 5379 2801 5450 Item(ibid.,
2859 5395 2979 5451 cap.
3017 5381 3122 5448 13).
3183 5380 3295 5449 (32,
3355 5396 3406 5450 q.
3465 5379 3520 5446 5,
3580 5396 3628 5434 c.
3686 5381 3816 5437 Puto

2159 5467 2542 5526 Christianum
2573 5473 2719 5524 Puto
2751 5467 3154 5524 Christianum
3208 5469 3503 5523 neminem
3540 5469 3811 5526 reluctari

2162 5557 2496 5614 adulterum
2528 5573 2656 5614 esse
2679 5558 2780 5630 qui
2811 5557 2896 5613 vel
2928 5559 3026 5614 diu
3057 5556 3388 5629 languente,
3420 5555 3507 5612 vel
3556 5557 3661 5614 diu
3711 5561 3810 5616 ab-
