3994 6052
164 252 277 307 637
350 247 363 251 ,

1075 251 1385 306 DECRBTI
1423 251 1612 346 DARS
1648 250 1799 304 VIII.
1834 277 1901 289 —-
1940 252 2037 304 DE
2073 247 2471 314 CONJUGIIS,
2512 248 2668 301 ETC.

3477 246 3584 300 638

166 378 357 446 sente,
387 373 475 431 vel
526 374 893 431 continenter
921 373 1114 429 vivere
1161 373 1430 445 cupiente
1466 389 1641 428 uxore
1693 389 1818 439 sua,
1852 382 1905 446 Α
1937 373 2045 427 tier
2071 372 2254 440 (Prov.
2290 371 2388 444 1x);
2423 375 2478 427 et
2507 371 2719 426 iterum
2755 372 3108 442 praeceptum
3142 368 3489 441 agnovimus
3523 375 3588 426 ut

165 464 339 522 alteri
372 464 722 520 commistus
768 468 857 519 est
898 463 1148 517 feminas.
1179 464 1315 518 Item
1344 460 1529 533 (ibid.,
1559 479 1677 534 cap.
1715 461 1824 533 15).

169 556 282 626 (33,
315 571 367 625 q.
397 554 453 624 2,
486 570 534 609 c.
582 552 646 609 Si
688 551 829 626 quod
876 552 1103 623 verius.)
1135 552 1189 606 Si
1226 552 1403 624 (quod
1454 552 1647 606 verius
1692 566 1827 625 esse

169 643 414 715 dicitur)
447 658 563 698 non
586 641 723 697 licet
746 640 966 697 homini
991 640 1321 696 Christiano
1345 639 1671 695 adulteram
1695 657 1827 695 con-

160 734 371 804 jugem
403 731 687 802 occidere,
712 731 809 786 sed
844 734 1070 785 tantum
1097 728 1413 795 dimittere,
1438 728 1572 799 quis
1594 735 1684 784 est
1703 733 1824 784 tam

170 823 438 891 demens,
470 819 574 892 qui
607 820 656 875 ei
690 820 845 875 dicat
870 834 882 873 :
910 819 1021 874 Fac
1052 817 1204 889 quod
1239 834 1351 873 non
1387 816 1543 887 licet,
1564 822 1625 872 ut
1658 817 1828 873 liceat

169 911 283 967 tibi
305 910 458 982 quod
482 926 595 965 non
617 908 791 964 licet?
810 910 956 964 Cum
978 907 1135 963 enim
1155 910 1475 978 utrumque
1496 906 1824 961 secundum

166 996 361 1069 legem
391 995 604 1052 Christi
638 994 909 1051 illicitum
945 994 1042 1061 sit,
1078 996 1200 1049 sive
1234 992 1560 1048 adulteram
1594 992 1824 1047 occide~

169 1102 259 1156 re,
284 1086 405 1142 sive
435 1084 535 1141 illa
565 1084 794 1140 vivente
825 1083 1069 1139 alteram
1099 1083 1334 1148 ducere,
1358 1081 1429 1138 ab
1466 1085 1713 1152 utroque
1743 1085 1829 1137 est

171 1174 617 1245 abstinendum,
642 1191 759 1230 non
789 1172 1061 1228 illicitum
1098 1188 1201 1245 pro
1230 1170 1436 1227 illicito
1466 1170 1823 1227 faciendum.

172 1264 237 1320 Si
275 1265 432 1321 enim
484 1264 750 1319 facturus
800 1266 889 1317 est
935 1262 1085 1331 quod
1140 1278 1254 1317 non
1304 1260 1602 1331 licet,jam
1655 1260 1829 1315 faciat

173 1353 558 1420 adulterium,
589 1357 648 1408 et
685 1369 802 1407 non
853 1351 1027 1407 faciat
1074 1350 1481 1419 homicidium,
1507 1356 1569 1405 ut
1599 1350 1827 1406 vivente

177 1459 361 1500 uxore
390 1459 499 1498 sua
547 1440 791 1498 alteram
824 1442 1024 1509 ducat,
1051 1444 1110 1496 et
1140 1457 1257 1498 non
1307 1440 1631 1496 humanum
1686 1456 1823 1495 san-

175 1533 420 1606 guinem
456 1532 686 1588 fundat.

230 1632 366 1688 Car.
399 1631 522 1688 243.
548 1661 613 1672 -—-
646 1632 722 1686 De
750 1629 955 1687 eodem.
986 1633 1217 1684 Hermes
1247 1630 1305 1684 in
1338 1628 1479 1684 libro
1507 1629 1772 1698 Pastoris,

830 1700 1087 1757 mandato
1121 1701 1174 1755 4.

246 1794 360 1862 (34,
391 1809 443 1865 q.
466 1793 522 1858 2,
552 1809 600 1849 c.
638 1794 746 1861 Ego
774 1792 941 1862 dixi.)
971 1791 1089 1862 Ego
1121 1788 1241 1844 dixi
1275 1788 1532 1860 pastori:
1566 1790 1827 1853 Domina,

170 1883 221 1939 si
266 1883 400 1955 quis
449 1882 729 1937 habuerit
785 1896 1025 1935 uxorem
1076 1878 1307 1934 ﬁdelem
1359 1879 1417 1934 in
1471 1878 1739 1949 Domino,
1772 1884 1828 1935 et

175 1971 329 2027 hanc
359 1971 647 2027 invenerit
692 1970 754 2026 in
804 1969 1115 2040 adulterio,
1150 1968 1416 2039 nunquid
1469 1973 1671 2040 peccat
1719 1968 1826 2036 vir,

170 2063 219 2118 si
254 2061 506 2118 convivit
528 2077 662 2116 cum
689 2059 829 2116 illa?
857 2060 927 2115 Et
946 2059 1096 2114 dixit
1128 2058 1269 2114 mihi
1300 2074 1311 2113 :
1338 2058 1604 2122 Quandiu
1642 2059 1831 2113 nescit

172 2155 479 2222 peccatum
508 2152 661 2220 ejus,
684 2149 812 2205 sine
833 2148 1075 2205 crimine
1102 2152 1192 2203 est
1213 2146 1409 2202 vivens
1431 2163 1565 2201 cum
1601 2146 1738 2213 illa;
1773 2148 1820 2201 si

173 2246 372 2295 autem
404 2239 602 2295 scierit
633 2240 719 2295 vir
748 2253 990 2294 uxorem
1036 2253 1205 2293 suam
1256 2236 1600 2307 deliquisse,
1625 2240 1682 2292 et
1713 2253 1826 2291 non

173 2327 359 2401 egerit
390 2327 792 2400 pcenilentiam
817 2326 1053 2395 mulier,
1076 2332 1133 2383 et
1159 2331 1463 2399 permanet
1492 2327 1546 2382 in
1573 2326 1792 2382 fornice
1811 2358 1829 2367 -

180 2421 336 2475 tione
364 2416 496 2485 sua,
528 2422 586 2474 et
615 2417 870 2474 convivit
913 2432 1046 2473 cum
1078 2415 1183 2472 illa
1212 2415 1319 2483 vir,
1353 2433 1488 2471 reus
1537 2415 1647 2471 erit
1692 2432 1830 2487 pec-

177 2509 288 2563 cati
340 2508 492 2577 ejus,
525 2515 578 2562 et
610 2508 903 2580 particeps
955 2505 1366 2562 moschationis
1415 2506 1564 2574 ejus.
1597 2504 1665 2559 Et
1713 2506 1829 2560 dixi

176 2596 263 2652 illi
298 2614 312 2652 :
345 2596 493 2660 Quid
526 2613 686 2668 ergo,
718 2600 767 2652 si
812 2599 1116 2668 permanet
1161 2594 1221 2649 in
1271 2595 1410 2649 vitio
1442 2611 1548 2649 suo
1582 2595 1832 2649 mulier?

177 2689 247 2739 Et
276 2685 423 2740 dixit
454 2701 467 2740 :
502 2685 775 2740 Dimittat
825 2684 984 2739 illam
1017 2685 1127 2753 vir,
1150 2689 1207 2739 et
1239 2684 1324 2738 vir
1350 2700 1452 2754 per
1483 2700 1543 2739 se
1574 2690 1828 2739 maneat.

178 2774 342 2841 Quod
377 2775 427 2830 si
460 2773 675 2829 mulier
702 2774 950 2829 dimissa
985 2773 1389 2846 pcenitentiam
1419 2773 1621 2845 egerit,
1646 2778 1704 2828 et
1734 2790 1829 2828 vo-

177 2861 358 2915 luerit
392 2862 460 2916 ad
497 2860 683 2915 virum
708 2877 882 2915 suum
916 2861 1145 2930 reverti,
1179 2877 1292 2915 non
1326 2860 1688 2931 recipietura
1710 2861 1830 2917 viro

179 2967 289 3004 suo
309 2953 331 3005 ξ’
352 2949 506 3004 Dixit
529 2967 541 3005 :
568 2950 690 3005 Imo
711 2949 759 3005 si
784 2966 899 3004 non
928 2950 1210 3021 receperit
1241 2965 1367 3004 eam
1391 2949 1478 3003 vir
1498 2966 1663 3019 suus,
1698 2966 1829 3021 pec-

178 3045 295 3105 cat,
330 3044 386 3094 et
420 3055 694 3110 magnum
728 3045 1029 3111 peccatum
1064 3028 1177 3094 sibi
1210 3039 1485 3093 admittit.
1517 3038 1627 3094 Sed
1661 3039 1830 3094 debet

1937 476 2065 533 quae
2100 461 2372 516 Dominus
2398 461 2583 529 iunxit
2616 458 2772 515 homo
2810 474 2922 515 non
2958 463 3172 529 separet
3201 457 3409 525 (Matth.
3443 460 3585 530 xxx),

1937 565 2174 605 necesse
2203 554 2314 619 est,
2330 553 2393 604 ut
2420 548 2818 622 legitimarum
2864 549 3079 603 foedera
3113 547 3456 618 nuptiarum
3499 565 3585 604 re-

1937 638 2327 711 dintegranda
2349 639 2680 705 credamus,
2697 642 2754 693 et
2777 637 3015 693 remotis
3033 636 3123 692 his
3142 654 3268 707 quae
3289 636 3587 692 hostilitas

1937 727 2156 795 intulit,
2188 727 2511 799 unicuique
2554 729 2612 782 id
2656 727 2811 799 quod
2863 725 3123 798 legitime
3156 725 3380 792 habuit,
3408 726 3587 780 refor-

1936 823 2148 887 metur,
2181 817 2456 888 omnique
2487 816 2683 873 studio
2733 816 3172 888 procurandum
3205 822 3310 881 est,
3344 821 3409 870 ut
3442 816 3586 870 reei-

1938 908 2059 979 piat
2081 906 2494 979 unusquisque
2515 907 2672 980 quod
2704 907 3010 978 proprium
3039 909 3128 960 est
3176 906 3332 976 (Cap.
3363 906 3442 976 2.)
3474 905 3589 959 Nec

1935 1000 2134 1052 tamen
2193 996 2513 1067 culpabiles
2563 997 2926 1067 judicentur,
2968 995 3012 1050 si
3066 994 3125 1050 in
3168 995 3272 1065 jus
3333 993 3588 1049 alienum

1937 1085 2190 1141 transire
2221 1091 2543 1158 potuerunt
2574 1102 2588 1141 :
2620 1089 2675 1141 et
2703 1088 2902 1140 tamen
2936 1084 3173 1156 plenum
3199 1083 3447 1153 justitiaa
3480 1086 3588 1151 est,

1939 1180 2002 1230 ut
2032 1175 2255 1231 eisdem
2282 1175 2533 1232 reversis
2566 1173 2803 1247 prepria
2832 1171 3413 1237 reformentur.Quad
3449 1171 3497 1226 si
3530 1171 3589 1225 in

1940 1264 2255 1336 mancipiis
2276 1264 2364 1320 vel
2396 1265 2454 1319 in
2481 1264 2637 1336 agris
2660 1262 2961 1319 autetiam
2994 1262 3054 1317 in
3079 1261 3354 1318 domibus
3376 1276 3441 1315 ac
3464 1277 3589 1332 pos-

1938 1352 2305 1409 sessionibus
2338 1358 2492 1409 recte
2516 1353 2671 1424 [rite,
2693 1353 2861 1423 orig.]
2884 1355 3185 1408 servatur:
3217 1354 3435 1422 quanto
3468 1366 3594 1404 ma-

1936 1442 2027 1515 gis
2051 1441 2109 1497 in
2135 1443 2263 1514 conj
2276 1447 2587 1515 ugatorum
2621 1441 3119 1513 redintegratione
3145 1439 3480 1495 faciendum
3502 1442 3596 1494 est

1938 1536 2005 1586 ut
2034 1531 2190 1603 quod
2225 1530 2389 1587 clade
2419 1531 2628 1587 bellica
2664 1531 2970 1586 turbatum
3002 1534 3115 1597 est,
3140 1528 3300 1601 pacis
3332 1528 3592 1584 remedio

1936 1621 2328 1676 reformatur?
2362 1620 2515 1692 (Cap.
2540 1620 2617 1693 3.)
2648 1620 2719 1675 Et
2749 1620 2900 1686 ideo,
2934 1619 2984 1674 si
3013 1618 3120 1674 viri
3170 1622 3304 1690 post
3350 1617 3589 1689 longam

1938 1710 2335 1782 captivitatem
2366 1710 2602 1778 reversi,
2638 1710 2720 1765 ita
2750 1709 2808 1763 in
2839 1708 3150 1764 dilectione
3180 1724 3424 1763 suarum
3458 1724 3590 1763 con-

1931 1801 2140 1869 jugum
2175 1802 2569 1870 perseverant,
2606 1802 2669 1852 ut
2697 1814 2796 1853 eas
2829 1798 3072 1869 cupiant
3100 1795 3160 1851 in
3193 1812 3368 1852 suum
3401 1794 3591 1850 redire

1938 1888 2319 1958 consortium,
2353 1887 2746 1943 omittendum
2796 1891 2904 1953 est,
2939 1890 2995 1941 et
3024 1884 3381 1956 inculpabile
3425 1884 3594 1955 judi-

1939 1978 2193 2032 candum
2228 1977 2385 2047 quod
2437 1977 2757 2031 necessitas
2797 1974 3021 2042 intulit,
3053 1979 3110 2030 et
3158 1972 3592 2030 restituendum

1938 2066 2097 2137 quod
2130 2065 2274 2120 fides
2323 2064 2534 2137 poscit.
2567 2064 2721 2136 (Cap.
2756 2065 2829 2134 4.)
2863 2064 2922 2118 Si
2956 2068 3154 2119 autem
3203 2061 3412 2133 aliquae
3463 2077 3595 2117 mu-

1940 2154 2110 2211 lieres
2143 2155 2226 2211 ita
2268 2153 2661 2227 posteriorum
2691 2154 2946 2210 virorum
2989 2168 3187 2209 amore
3216 2156 3358 2207 sunt
3388 2155 3588 2222 captaa,

1940 2251 2006 2300 ut
2034 2245 2247 2300 malint
2276 2244 2369 2300 his
2400 2243 2711 2313 cohaerere,
2735 2260 2914 2315 quam
2938 2242 3008 2298 ad
3037 2241 3370 2313 legitimum
3405 2239 3593 2295 redire

1938 2333 2326 2400 consortium,
2360 2333 2571 2388 merito
2604 2334 2877 2389 notanda:
2917 2336 3078 2403 sunt,
3110 2331 3195 2387 ita
3225 2335 3291 2386 ut
3320 2328 3591 2386 Ecclesia:

1940 2423 2356 2478 communione
2388 2422 2708 2493 priventur.

1938 2533 2074 2587 CAP.
2105 2530 2325 2584 245.—
2374 2530 2436 2584 Ut
2483 2531 2571 2583 vir
2620 2530 2673 2583 si
2719 2543 2891 2582 uxore
2937 2542 3042 2582 sua
3085 2526 3367 2597 captivam
3415 2524 3587 2577 aliam

2010 2601 2251 2669 duxerit,
2282 2600 2457 2669 priori
2497 2600 2779 2656 reddatur.
2814 2600 3160 2656 Innocentius
3192 2596 3371 2653 Probo
3403 2597 3587 2666 (Inno-

2009 2681 2149 2728 cent.
2181 2673 2224 2743 1,
2258 2674 2417 2743 epist.
2448 2672 2527 2742 9).

2011 2760 2122 2832 (35,
2155 2777 2207 2831 q.
2237 2760 2293 2831 2,
2327 2777 2375 2815 c.
2412 2758 2547 2813 Cum
2586 2760 2647 2814 in
2686 2758 3047 2829 captivitate.)
3079 2756 3223 2835 Cum
3255 2755 3315 2809 in
3350 2752 3587 2824 captivi-

1939 2854 2059 2905 tate
2090 2848 2238 2904 Ursa
2281 2848 2495 2903 mulier
2535 2852 2852 2914 teneretur,
2887 2845 3045 2901 aliud
3076 2844 3421 2915 cnnjugium
3454 2857 3588 2897 cum

1940 2937 2231 2994 Restitute
2259 2938 2580 2992 Fontanum
2605 2936 2787 2992 inisse
2809 2935 3241 3005 cognoscimus.
3262 2933 3372 2987 Sed
3398 2932 3589 2985 favore

1939 3027 2169 3083 Domini
2205 3043 2432 3082 reversa
2461 3025 2629 3095 Ursa,
2664 3043 2771 3081 nos
2807 3024 2950 3080 adiit
2978 3028 3054 3092 et,
3088 3023 3250 3079 nullo
3283 3022 3591 3091 diflitente,

179 3129 440 3200 recipere
488 3127 866 3199 peccatricem
919 3144 1047 3198 quae
1098 3126 1496 3197 pmnitcntiam
1551 3128 1689 3199 agit,
1724 3128 1827 3182 sed
1859 3118 1902 3185 C
1940 3133 2180 3172 uxorem
2232 3133 2293 3172 se
2342 3115 2651 3171 memorati
2703 3131 2832 3171 esse
2883 3112 3207 3187 perdOOUit-
3241 3112 3367 3175 Qua
3399 3111 3469 3165 d0
3508 3126 3591 3177 τε»

179 3234 294 3271 non
332 3234 502 3288 saepe.
521 3215 713 3272 Servis
742 3217 899 3272 enim
927 3217 1022 3271 Dei
1050 3215 1392 3288 paenitentia
1415 3234 1530 3271 una
1558 3223 1667 3272 est.
1693 3221 1830 3272 Pro-

180 3312 311 3378 pter
344 3306 749 3377 poenitentiam
801 3322 938 3377 ergo
989 3322 1103 3361 non
1158 3305 1329 3360 debet
1359 3306 1607 3361 dimissa
1656 3322 1832 3362 uxore

179 3412 288 3450 sua
320 3394 495 3449 aliam
527 3395 758 3450 ducere.
783 3394 888 3450 Hic
919 3399 1085 3451 actus
1116 3393 1331 3450 similis
1363 3401 1453 3450 est
1494 3395 1553 3450 in
1587 3395 1832 3451 muliere

179 3490 237 3539 et
266 3484 412 3538 viro.
445 3483 568 3538 Non
622 3482 814 3557 solum
852 3483 1160 3539 mmchatio
1191 3489 1280 3539 est
1315 3483 1419 3549 illi,
1446 3484 1546 3555 qui
1597 3478 1829 3540 carnem

174 3590 345 3628 suam
381 3572 745 3643 coinquinat,
771 3574 870 3626 sed
904 3573 1081 3627 etiam
1117 3572 1215 3644 qui
1248 3573 1632 3628 simulacrum
1669 3574 1829 3639 facit,

174 3663 524 3719 mcechatur.
549 3663 709 3727 Quod
746 3663 791 3718 si
831 3663 886 3718 in
922 3664 1014 3718 his
1047 3663 1215 3719 factis
1249 3670 1598 3736 perseverat,
1625 3670 1679 3719 et
1712 3683 1830 3738 pce-

171 3752 481 3807 nitentium
509 3769 620 3807 non
655 3752 797 3825 agit,
823 3754 1024 3807 recede
1051 3753 1123 3808 ab
1156 3751 1274 3822 illa,
1301 3760 1357 3808 et
1382 3754 1501 3809 noli
1530 3755 1831 3810 convivere

173 3858 309 3896 cum
357 3840 476 3895 illa.
511 3841 611 3896 Sin
665 3846 886 3906 autem,
917 3848 973 3896 et
1005 3848 1065 3896 tu
1102 3843 1395 3914 particeps
1443 3843 1559 3898 eris
1608 3844 1828 3914 peccati

171 3930 355 3985 illius.
388 3931 631 4001 Pr0pter
659 3930 769 3985 hoc
816 3935 1173 4002 praeceptum
1227 3936 1316 3987 est
1366 3931 1530 3987 vobis
1580 3949 1681 4003 per
1729 3949 1831 3989 vos

176 4034 437 4087 manere,
463 4019 582 4074 sive
610 4019 731 4074 viro
761 4019 881 4075 sive
914 4018 1175 4089 mulieri,
1201 4025 1393 4093 potest
1422 4020 1577 4076 enim
1610 4020 1669 4076 in
1700 4022 1829 4092 eju-

177 4108 371 4164 smodi
405 4107 748 4179 poenitentia
777 4124 929 4165 esse.

178 4206 318 4279 Car.
348 4205 474 4279 244.
501 4236 571 4245 -
609 4207 672 4262 Ut
705 4207 930 4270 feminae
979 4220 1105 4279 quae
1150 4208 1440 4278 captivatis
1469 4209 1607 4263 viris
1634 4211 1750 4265 suis
1780 4214 1831 4265 et

244 4276 343 4331 diu
373 4276 626 4351 detentis,
654 4278 792 4351 aliis
838 4276 1151 4351 czupscrint,
1203 4276 1481 4347 prioribus
1527 4281 1833 4335 reddantur

242 4348 608 4491 ῗὲρνὲῗῗεῧῖιι.
642 4350 745 4405 Leo
788 4348 993 4407 Nicetes
1042 4351 1385 4421 Aquiteiensi
1425 4353 1616 4423 episc.,
1648 4369 1767 4424 cap.
1798 4352 1824 4406 1

1942 3205 2178 3261 domine
2205 3204 2287 3259 ﬁli
2322 3206 2528 3260 merito
2569 3204 2840 3273 illustris,
2873 3202 3212 3268 statuimus,
3249 3200 3358 3256 tide
3390 3200 3592 3254 catho-

1940 3290 2055 3346 lica
2104 3290 2484 3363 suffragante,
2516 3291 2662 3346 illud
2713 3307 2844 3346 esse
2892 3288 3257 3362 conjugium,
3283 3287 3438 3359 quod
3469 3289 3596 3341 erat

1941 3380 2216 3453 primitus
2237 3381 2427 3452 gratia
2447 3380 2644 3435 divina
2665 3380 2999 3446 fundatum,
3016 3381 3485 3448 conventumque
3510 3391 3595 3430 se-

1941 3470 2146 3525 cunda:
2162 3469 2422 3525 mulieris
2441 3469 2633 3541 priore
2646 3469 2984 3539 superstite,
3000 3466 3366 3522 necdivortio
3386 3465 3590 3535 ejecta,

1942 3558 2103 3614 nullo
2138 3563 2304 3631 pacto
2335 3574 2463 3613 esse
2497 3574 2668 3630 posse
2700 3557 3055 3629 legitimum.

1939 3667 2072 3723 CAP.
2104 3666 2230 3719 246.
2252 3696 2321 3705 —-
2347 3667 2411 3723 Ut
2438 3665 2608 3720 donec
2626 3670 2838 3719 certum
2865 3668 2942 3719 est
2964 3665 3143 3719 virum
3177 3666 3240 3719 in
3268 3663 3594 3723 captivitate

2010 3739 2216 3864 pigere,
2248 3754 2535 3863 nunquam
2564 3752 2707 3791 uxor
2751 3737 2929 3792 alium
2971 3735 3151 3790 ducat.
3188 3735 3593 3789 Pandectarum

2036 3811 2057 3864 i
2097 3851 2109 3864 .
2141 3826 2296 3864 xx1v.
2338 3812 2382 3864 ti
2412 3850 2424 3863 .
2457 3825 2521 3863 ιι.

2036 3811 2109 3864 ib.
2141 3826 2296 3874 xx1v,
2338 3812 2424 3864 tit.
2457 3825 2521 3863 ιι.

2012 3896 2374 3953 Generaliter
2421 3895 2824 3952 definiendum
2856 3898 2964 3964 est,
2994 3895 3179 3950 donec
3230 3897 3454 3950 certum
3505 3896 3595 3948 est

1940 3987 2220 4042 maritum
2250 3986 2439 4042 vivere
2468 3986 2528 4041 in
2560 3985 2897 4057 captivitate
2927 3983 3339 4049 constitutum,
3369 3980 3590 4036 nullam

1940 4074 2157 4131 habere
2188 4073 2486 4131 licentiam
2532 4090 2740 4130 uxores
2788 4090 2993 4129 eorum
3042 4072 3297 4144 migrare
3327 4069 3399 4126 ad
3431 4068 3591 4124 aliud

1942 4164 2412 4220 matrimonium.

1938 4276 2073 4328 CAP.
2104 4272 2230 4328 247.
2255 4302 2324 4312 --
2347 4270 2497 4343 Quod
2539 4270 2841 4343 inﬁdelitas
2881 4268 3175 4343 fornicatio
3203 4266 3296 4343 sit.
3328 4266 3589 4343 Augusti-

2046 4359 2173 4409 nus,
2206 4343 2296 4399 De
2324 4338 2667 4399 adulterinis
2695 4338 2992 4412 conjugiis,
3019 4341 3117 4395 tib.
3152 4356 3170 4394 ι
3202 4339 3345 4411 (cap.
3374 4338 3482 4405 l7).

2014 4430 2075 4487 Si
2097 4436 2332 4503 propter
2354 4431 2795 4487 fornicationem
2814 4428 3009 4485 carnis
3030 4426 3394 4501 permittitur
3415 4425 3591 4480 homo

249 4480 364 4577 (Si,
397 4525 448 4579 q.
481 4480 547 4576 2,,
569 4526 616 4566 c.
651 4509 786 4565 Cum
833 4526 934 4579 per
982 4511 1285 4582 bellicam.)
1317 4511 1461 4567 Cum
1512 4528 1615 4582 per
1660 4510 1834 4568 belli-

2014 4480 2075 4487 η-
2098 4480 2321 4503 της---
2354 4480 2795 4487 -----η--η-κ
2818 4480 3006 4485 πη---
3030 4480 3263 4501 r___,-,
3306 4480 3341 4482 η

1950 4536 1975 4575 a
1996 4520 2245 4591 conjuge
2268 4520 2552 4591 separari,
2569 4523 2789 4591 quanto
2813 4518 3001 4590 magis
3024 4518 3081 4573 in
3104 4517 3352 4588 conjuge
3376 4513 3592 4570 mentis

176 4613 304 4652 cam
336 4597 586 4665 cladem,
621 4602 678 4653 et
707 4614 811 4670 per
840 4598 1224 4670 gravissimos
1256 4598 1603 4656 hostilitatis
1633 4600 1832 4655 incur-

174 4702 302 4757 sus,
335 4685 418 4741 ita
459 4687 725 4758 quaedam
767 4687 979 4743 dicatis
1024 4704 1154 4744 esse
1201 4688 1389 4744 divisa
1442 4689 1735 4761 conjugis,
1770 4697 1831 4745 ut

174 4774 449 4831 abductis
469 4774 529 4830 in
549 4774 948 4848 captivitatem
966 4776 1107 4832 viris
1124 4776 1355 4846 femine
1378 4794 1581 4833 eorum
1604 4794 1831 4833 reman-

167 4863 357 4920 serint
404 4863 724 4931 destitutas,
756 4881 885 4935 quas
931 4863 1090 4921 virus
1121 4866 1392 4938 proprios
1443 4866 1831 4938 interemptos

173 4955 472 5023 putarent,
494 4956 596 5008 aut
617 4969 915 5023 nunquam
937 4954 1338 5009 dominatione
1363 4954 1666 5010 crederent
1686 4954 1831 5010 libe-

177 5041 418 5111 randos,
452 5045 509 5096 et
538 5041 599 5096 in
630 5040 878 5097 aliorum
912 5042 1252 5113 conjugium
1305 5043 1699 5100 sollicitudine
1730 5061 1830 5100 co-

176 5135 353 5202 gente
382 5130 761 5186 transierint:
787 5147 1042 5202 cumque
1064 5133 1245 5188 statui
1269 5150 1487 5203 rerum,
1511 5132 1831 5189 auxiliante

181 5218 445 5288 Domino,
469 5220 529 5274 in
562 5218 806 5274 meliora
849 5236 1151 5287 converso,
1184 5221 1453 5278 nonnulli
1492 5238 1694 5278 eorum
1727 5222 1829 5292 qui

172 5308 539 5379 putabantur
558 5307 805 5379 perisse,
832 5310 1150 5364 remearint
1174 5325 1186 5365 :
1214 5311 1422 5367 merito
1445 5311 1699 5367 charitas
1726 5315 1829 5368 tua

166 5397 405 5452 videtur
425 5396 894 5470 ambigere,quid
921 5398 991 5454 de
1012 5398 1364 5455 mulieribus
1382 5417 1508 5473 quae
1532 5389 1830 5457 aliis’sunt

163 5486 388 5557 junctis
409 5484 575 5552 viris,
598 5503 632 5541 a
660 5486 831 5542 nobis
862 5487 1073 5544 debeat
1101 5488 1385 5545 ordinari.
1407 5491 1517 5546 Sed
1551 5490 1690 5562 quia
1719 5507 1827 5547 no-

170 5574 369 5651 vimus
399 5574 689 5648 scriptum
720 5577 878 5648 quod
921 5590 957 5633 a
992 5573 1242 5635 Domino
1261 5575 1529 5651 jungitur
1556 5576 1674 5637 viro
1701 5594 1827 5636 mu-

1944 4608 2247 4666 fornicatio
2297 4609 2644 4665 detestanda
2694 4613 2802 4678 est,
2843 4607 2901 4662 id
2951 4610 3042 4663 est
3089 4606 3427 4661 infidelitas.
3458 4605 3592 4658 Item

1941 4699 2123 4767 (ibid.,
2157 4714 2281 4769 cap.
2316 4699 2422 4769 l8).
2449 4697 2704 4753 Infidelis
2735 4696 2993 4752 hominis
3024 4695 3332 4752 fornicatio
3353 4697 3443 4749 est
3472 4709 3591 4747 ma-

1933 4790 2030 4860 jor
2060 4789 2117 4843 in
2150 4790 2355 4855 corde;
2392 4803 2495 4843 nec
2537 4803 2673 4841 vera
2722 4786 2851 4857 ejus
2902 4784 3187 4857 pudicitia
3234 4783 3348 4838 dici
3401 4786 3595 4854 potest

1942 4895 2075 4934 cum
2108 4878 2378 4949 conjuge,
2412 4876 2551 4948 quia
2579 4892 2740 4930 omne
2777 4877 2929 4948 quod
2966 4891 3077 4931 non
3106 4878 3186 4930 est
3218 4890 3290 4930 ea:
3316 4871 3443 4943 ﬁde,
3466 4888 3591 4943 pec-

1939 4977 2121 5023 catum
2147 4971 2225 5023 est
2254 4967 2428 5040 (Rom.
2458 4965 2598 5035 xxv).

1940 5075 2074 5130 CAP.
2106 5073 2233 5130 248.
2266 5104 2337 5114 —
2369 5071 2520 5141 Quod
2567 5071 2897 5128 dimittenda
2925 5074 3000 5127 sit
3030 5088 3173 5127 uxor
3216 5070 3267 5126 si
3310 5070 3458 5137 cogit
3504 5069 3588 5123 vi-

2011 5163 2132 5201 rum
2185 5162 2220 5200 a
2285 5149 2394 5200 Deo
2445 5146 2737 5215 fornicari,
2795 5146 3155 5212 Augustinus,
3215 5144 3289 5198 De
3340 5156 3590 5197 sermone

2010 5218 2240 5274 Domini
2268 5218 2330 5271 in
2356 5220 2557 5282 monte,
2586 5216 2685 5272 lib.
2720 5232 2737 5271 ι
2770 5215 2912 5287 (cap.
2945 5218 3058 5287 22).

2010 5305 2122 5379 (28,
2153 5323 2205 5377 q.
2233 5307 2283 5371 1,
2306 5322 2352 5360 c.
2376 5305 2747 5373 Idololatria.)
2770 5303 3306 5375 ldololatria,quam
3332 5316 3587 5371 sequun-

1937 5398 2035 5451 tur
2063 5394 2332 5452 inﬁdeles
2363 5398 2420 5451 et
2450 5393 2723 5468 quaslibet
2754 5394 2928 5451 noxia
2955 5391 3317 5465 superstitio,
3342 5388 3585 5444 fornica-

1938 5486 2020 5540 tio
2042 5492 2149 5541 est.
2169 5485 2455 5541 Dominus
2472 5489 2667 5539 autem
2692 5482 2959 5555 permisit
2979 5498 3156 5537 causa
3180 5477 3582 5535 fornicationis

1938 5588 2179 5632 uxorem
2234 5573 2451 5631 dimitti
2497 5574 2676 5645 (Deut.
2727 5587 2888 5641 xxxv;
2937 5571 3129 5627 Matth.
3180 5586 3235 5627 v.
3285 5569 3397 5627 Sed
3444 5568 3583 5641 quia
