3972 6056
383 255 491 309 639

1461 261 1528 309 D.
1571 253 1808 309 IVONIS
1844 253 2342 306 CARNOTENSIS
2377 255 2696 310 EPISCOPI

3701 254 3836 309 640

383 377 653 447 permisit
713 394 825 433 non
877 377 1080 449 jussit,
1122 377 1281 433 dedit
1337 376 1528 431 locum
1557 375 1851 446 ‘Apostolo
1907 390 2032 429 mo-
2060 375 2115 440 Α
2146 379 2442 444 operatur,
2465 374 2666 445 procul
2690 375 2869 432 dubio
2897 375 3030 448 plus
3052 377 3348 432 tenebitur
3371 393 3569 433 amore
3589 378 3828 434 divine

385 465 564 521 nendi
614 470 701 536 ut,
734 467 836 538 qui
880 466 1128 523 voluerit
1177 482 1292 520 non
1343 465 1606 520 dimittat
1655 480 1894 520 uxorem
1943 464 2031 518 in-

2143 461 2358 533 graliae,
2393 479 2570 534 quam
2621 466 2818 520 carnis
2866 464 3132 531 luxuriae,
3165 470 3224 520 et
3256 468 3589 523 membrum
3638 469 3824 541 quod

387 553 642 620 ﬁdelem,
703 572 816 626 quo
875 556 958 611 sic
1011 555 1256 609 fortasse
1313 557 1514 626 posset
1570 553 1761 608 ﬁdelis
1821 552 1941 608 ﬁeri
1991 553 2038 620 (Ι
2142 569 2276 607 cum
2305 553 2667 609 scandalizat
2697 555 2924 610 fortiter
2954 557 3304 627 amputabit.

394 644 513 700 Cor.
542 646 665 716 vn).

494 783 630 835 CAP.
663 779 787 833 249.
822 809 888 818 —-
918 781 1048 832 Item
1078 778 1148 833 de
1183 777 1374 833 eadem
1421 794 1479 833 re
1523 777 1702 846 (ibid.,
1736 794 1781 832 c.
1814 777 1926 847 23).

463 895 521 950 Si
553 893 870 948 inﬁdelitas
902 893 1204 949 fornicatio
1235 899 1344 964 est,
1377 899 1432 950 et
1464 894 1795 950 idololatria
1825 892 2035 947 inﬁde-

393 984 551 1050 litas,
581 988 637 1037 et
665 983 909 1038 avaritia
942 983 1271 1039 idololatria
1306 1002 1318 1040 :
1353 1002 1467 1040 non
1513 989 1603 1040 est
1639 983 2034 1039 dubitandum

395 1077 452 1126 et
489 1071 792 1127 avaritiam
848 1073 1288 1129 fornicationem
1339 1091 1486 1130 esse.
1543 1074 1684 1138 Quis
1733 1089 1870 1144 ergo
1914 1072 2038 1140 jam

392 1160 718 1232 quamlibet
759 1160 1025 1216 illicitam
1058 1163 1594 1234 concupiscentiam
1646 1167 1836 1234 potest
1883 1166 2040 1217 recte

390 1267 423 1304 a
455 1249 854 1306 fornicationis
886 1267 1092 1324 genere
1124 1269 1417 1324 separare,
1441 1253 1489 1309 si
1521 1253 1762 1308 avaritia
1789 1251 2038 1307 fornica-

391 1340 472 1393 tio
504 1343 594 1395 est
614 1340 642 1394 ‘t

428 1458 561 1511 CAP.
593 1457 720 1510 250.
746 1487 814 1496 -—
847 1457 909 1513 Ut
947 1474 1092 1512 υτον
1131 1459 1471 1527 dimittatur,
1503 1459 1602 1512 ubi
1629 1465 1724 1513 aut
1752 1457 2005 1514 Christus

747 1533 845 1582 aut
877 1546 1016 1583 umor
1043 1537 1116 1585 est
1145 1531 1496 1586 dimittenda.
1531 1531 1680 1584 Item.

466 1633 753 1703 (Proxime
783 1637 940 1704 post.)
973 1635 1055 1688 Ex
1084 1651 1200 1705 quo
1238 1635 1588 1706 intelligitur
1619 1636 1770 1706 quod
1807 1639 2042 1707 propter

394 1720 631 1777 illicitas
680 1724 1206 1794 concupiscentiae,
1240 1741 1352 1779 non
1387 1730 1614 1780 tantum
1649 1741 1780 1796 quas
1817 1725 1877 1780 in
1909 1731 2038 1780 stu-
2070 1746 2117 1811 Β

397 1811 518 1881 pris
549 1828 684 1866 cum
727 1811 933 1866 alienis
964 1812 1102 1866 viris
1135 1818 1234 1868 aut
1283 1814 1517 1869 feminis
1565 1815 2037 1880 committuntur,

397 1899 496 1953 sed
531 1901 770 1955 omnino
809 1901 1102 1972 quaslibet
1151 1920 1277 1974 quae
1310 1903 1568 1958 animam
1599 1920 1838 1976 corpore
1887 1902 2040 1958 male

397 1992 661 2044 utentem
691 2007 723 2044 a
754 1990 879 2062 lege
908 1991 1006 2045 Dei
1042 1993 1313 2048 aberrare
1354 1995 1595 2060 iaciunt,
1627 1997 1684 2048 et
1716 1993 2042 2066 perniciose

397 2078 766 2149 turpiterque
817 2082 1130 2154 corrumpi,
1167 2083 1356 2153 possit
1400 2083 1527 2138 sine
1577 2083 1822 2138 crimine
1860 2087 1917 2138 et
1957 2083 2044 2137 vir

403 2183 642 2222 uxorem
676 2169 970 2225 dimittere
1001 2176 1058 2224 et
1087 2189 1231 2227 uxor
1259 2172 1448 2227 virum
1481 2173 1687 2243 (Matth.
1720 2175 1874 2239 XIX);
1905 2172 2044 2244 quia

400 2262 699 2328 exceptam
771 2258 906 2314 facit
963 2261 1246 2316 Dominus
1313 2279 1550 2317 causam
1619 2261 2041 2327 fornicationis,

401 2361 578 2415 quam
638 2347 1102 2416 fornicationem,
1161 2350 1316 2406 sicut
1369 2368 1549 2422 supra
1605 2351 2040 2406 consideratum

399 2439 510 2497 est,
539 2435 870 2506 generalem
894 2442 952 2492 et
984 2439 1366 2495 universalem
1399 2439 1725 2512 intelligere
1757 2439 2042 2512 cogimur.

398 2525 439 2590 (ι
473 2523 730 2591 Retract.,
760 2543 879 2597 cap.
917 2528 1027 2598 19.)
1060 2529 1202 2583 Cum
1246 2533 1440 2584 autem
1477 2530 1578 2596 ait,
1609 2534 1836 2596 excepta
1863 2529 2046 2599 forni-

396 2614 627 2667 cationis
673 2631 864 2683 causa,
911 2633 1027 2672 non
1077 2617 1224 2673 dixit
1271 2619 1442 2688 cujus
1493 2620 1782 2691 ipsorum,
1813 2617 1921 2672 viri
1972 2634 2044 2672 an

396 2701 648 2759 leminze.
696 2705 820 2759 Non
881 2706 1037 2761 enim
1091 2713 1321 2764 tantum
1373 2709 1753 2764 fornicantem
1807 2723 2045 2763 uxorem

398 2789 695 2848 dimittere
752 2796 1109 2867 conceditur,
1165 2798 1265 2852 sed
1309 2797 1577 2870 quisquis
1635 2813 1763 2854 eam
1815 2813 2050 2869 quoque

399 2895 639 2935 uxorem
669 2882 934 2950 dimittit,
959 2903 991 2939 a
1015 2902 1131 2956 qua
1152 2886 1278 2958 ipse
1305 2887 1533 2958 cogitur
1556 2887 1850 2956 fornicari,
1872 2903 2050 2941 causa

400 2967 807 3026 fornicationis
852 2973 1054 3043 utique
1093 2974 1358 3030 dimittit.
1382 2977 1554 3032 Velut
1585 2977 1631 3032 si
1662 2977 1919 3048 aliquem
1951 2993 2045 3031 co-

399 3061 497 3128 gat
547 3075 692 3114 uxor
748 3062 1078 3118 sacriﬁcare
1136 3063 1353 3120 idolis:
1389 3065 1488 3137 qui
1545 3065 1723 3122 talem
1783 3066 2046 3133 dimittit,
2080 3059 2123 3126 C

399 3163 578 3202 causa
609 3149 1011 3207 fornicationis
1035 3153 1306 3222 dimittit,
1328 3172 1443 3210 non
1475 3159 1704 3211 tantum
1737 3155 1919 3223 illius,
1945 3157 2044 3211 sed

399 3240 456 3290 et
487 3253 632 3304 suae;
677 3237 838 3294 illius
887 3243 1027 3312 quia
1077 3243 1420 3314 fornicatur,
1453 3263 1572 3300 suae
1603 3262 1674 3301 ne
1708 3246 2046 3301 fornicatur.

400 3325 552 3381 Nihil
607 3332 802 3384 autem
854 3329 1119 3403 iniquius
1168 3351 1345 3404 quam
1406 3335 1814 3392 fornicationis
1872 3353 2052 3392 causa

399 3416 694 3474 dimittere
726 3435 989 3490 uxorem,
1023 3421 1071 3476 si
1113 3427 1169 3478 et
1200 3423 1324 3495 ipse
1354 3425 1724 3480 convincitur
1755 3426 2049 3487 fornicari.

399 3504 663 3561 Occurrit
692 3509 850 3564 enim
882 3509 1025 3565 illud
1054 3527 1067 3568 :
1107 3514 1170 3567 ln
1207 3530 1320 3585 quo
1350 3515 1509 3570 enim
1541 3516 1791 3571 alterum
1817 3516 2054 3585 judicas

399 3594 651 3665 teipsum
705 3599 1062 3656 condemnas
1098 3619 1110 3658 :
1147 3603 1333 3658 eadem
1364 3606 1509 3659 enim
1543 3605 1666 3674 agis
1691 3622 1808 3678 quae
1823 3605 2055 3676 judicas

398 3684 570 3753 (Rom.
608 3685 692 3756 ii).
727 3688 1093 3763 Quapropter
1133 3693 1409 3765 quisquis
1451 3695 1854 3752 fornicationis
1885 3711 2057 3750 causa

396 3773 523 3826 vult
571 3774 823 3844 abjicere
875 3796 1137 3847 uxorem,
1189 3783 1350 3854 prior
1397 3785 1568 3840 debet
1615 3801 1743 3840 esse
1793 3802 1826 3840 ι
1875 3785 2056 3843 forni-

400 3863 626 4005 cjatione
679 3872 985 3939 purgatus.
1019 3872 1182 3935 Quod
1215 3871 1488 3930 similiter
1511 3875 1688 3932 etiam
1721 3877 1792 3933 de
1842 3877 2059 3934 femina

447 3969 673 4005 ixerim.

447 3969 673 4009 ixerim.

480 4067 613 4126 CAP.
647 4072 772 4128 251.
798 4104 864 4115 —-
885 4075 960 4131 De
987 4076 1176 4154 eadem
1201 4095 1278 4154 re.
1312 4080 1672 4154 Augustinus,
1704 4082 1779 4137 De
1807 4082 1912 4152 ﬁde
1940 4091 1991 4138 et

945 4149 1199 4218 operibus
1239 4152 1380 4223 (cap.
1399 4149 1525 4221 ⁷16).

481 4252 592 4322 (28,
627 4270 678 4324 q.
715 4255 764 4324 1,
795 4271 843 4310 c.
880 4257 1026 4313 Uxor
1057 4256 1361 4328 legitima.)
1394 4259 1548 4317 Uxor
1585 4261 1850 4334 legitima
1879 4263 2062 4320 socie-

408 4342 526 4394 tate
556 4343 871 4412 conjuncta
901 4345 1028 4401 sine
1076 4346 1196 4403 ulla
1241 4349 1415 4422 culpa
1445 4350 1819 4423 relinquitur,
1845 4351 1894 4407 si
1926 4370 2060 4408 cum

407 4429 530 4482 viro
561 4428 892 4487 Christiano
942 4451 1286 4505 permanere
1336 4438 1609 4494 noluerit.
1635 4440 1761 4496 Non
1812 4442 2062 4496 attendi-
2095 4430 2141 4495 D

407 4520 506 4570 tur
535 4532 600 4571 eo
641 4520 816 4574 modo
849 4537 978 4576 eam
1030 4525 1360 4582 rectissime
1409 4528 1650 4598 dimitti,
1684 4531 1732 4584 si
1781 4531 1904 4585 viro
1953 4545 2061 4585 suo

409 4603 609 4660 dicat:
643 4605 766 4662 Non
800 4625 898 4664 ero
931 4627 1074 4667 uxor
1122 4617 1224 4668 tua
1277 4615 1389 4670 nisi
1439 4616 1582 4672 mihi
1633 4617 1704 4672 de
1755 4617 2062 4673 latrocinio

410 4691 643 4748 divitias
676 4711 978 4768 congeras,
1012 4704 1116 4755 aut
1164 4702 1280 4759 nisi
1312 4703 1486 4760 solita
1527 4706 1818 4762 lenocinia
1849 4707 2064 4778 quibus

411 4787 666 4839 nostram
719 4786 962 4843 domum
1025 4792 1420 4864 transigebas,
1470 4795 1648 4850 etiam
1697 4795 2066 4852 Christianus

408 4888 700 4940 exerceas,
750 4881 852 4932 aut
900 4877 949 4932 si
995 4879 1131 4948 quid
1177 4881 1332 4937 aliud
1387 4883 1473 4938 vel
1527 4884 1947 4954 facinorosum,
1978 4885 2063 4940 vel

410 4959 766 5032 ﬂagitiosum
803 4967 858 5021 in
895 4967 1018 5022 viro
1062 4978 1318 5043 noverat,
1348 4989 1464 5044 quo
1498 4973 1787 5030 delectata
1817 4973 1904 5029 vel
1936 4973 2067 5028 libi-

411 5050 610 5108 dinem
663 5055 951 5128 explebat,
984 5058 1072 5114 vel
1120 5060 1349 5116 facilem
1401 5062 1618 5118 victum
1671 5063 1940 5130 habebat,
1979 5061 2068 5117 vel

409 5140 585 5196 etiam
627 5143 939 5202 incedebat
971 5149 1233 5203 ornatior
1268 5167 1280 5204 :
1315 5155 1452 5206 tunc
1501 5153 1656 5206 enim
1707 5151 1806 5206 ille
1835 5152 1927 5206 cui
1961 5151 2068 5206 hoc

412 5247 558 5286 uxor
589 5233 750 5300 dicit,
787 5235 834 5290 si
869 5238 1151 5293 veraciter
1179 5239 1296 5309 egit
1343 5239 1743 5308 paenitentiam
1773 5240 1844 5294 ab
1877 5238 2068 5309 operi-

411 5321 523 5377 bus
556 5323 807 5380 mortuis
837 5326 1074 5395 quando
1119 5328 1374 5383 accessit
1421 5329 1492 5384 ad
1543 5328 1934 5400 baptismum,
1967 5327 2070 5382 ha-

412 5411 626 5484 betque
654 5412 715 5468 in
749 5414 1134 5472 fundamento
1179 5417 1356 5473 ﬁdem
1392 5434 1521 5490 quas
1554 5434 1656 5490 per
1695 5416 2067 5472 dilectionem

2143 641 2278 696 CAP.
2311 643 2436 698 252.
2461 675 2528 684 —
2557 646 2689 698 Item
2720 645 2793 700 de
2821 647 3008 700 eadem
3049 660 3126 700 re.
3164 645 3419 700 Rabanus
3467 662 3640 716 super
3687 647 3820 702 Μα-

2217 715 2400 769 theum
2431 716 2526 770 lib.
2562 733 2602 770 ii
2647 718 2926 786 (August,
2959 717 3056 773 lib.
3090 734 3106 770 ι
3138 718 3214 772 De
3260 733 3423 773 serm.
3474 715 3703 774 Damini
3751 721 3824 773 in

2213 792 2415 851 monte,
2447 803 2565 857 cap.
2599 790 2712 859 2t).

2219 874 2487 930 Exoritur
2515 877 2780 947 questio,
2813 895 2950 933 cum
2997 878 3285 934 Dominus
3316 895 3495 934 causa
3545 879 3822 934 fornica-

2146 963 2324 1019 tionis
2356 966 2650 1037 permittit
2681 967 2897 1022 dimitti
2930 984 3185 1037 uxorem,
3211 973 3504 1038 quatenus
3539 968 3642 1023 hoc
3677 967 3827 1023 loco

2146 1051 2532 1125 intelligenda
2564 1055 2643 1110 sit
2676 1055 2982 1111 fornicatio
3018 1073 3031 1112 :
3066 1061 3264 1112 utrum
3295 1073 3604 1128 quousque
3637 1056 3832 1112 intel-

2148 1140 2342 1213 ligunt
2395 1142 2688 1214 homines,
2722 1144 2780 1198 id
2833 1149 2944 1209 est,
2977 1150 3042 1199 ut
3088 1161 3216 1200 eam
3265 1147 3578 1201 credamus
3623 1146 3827 1200 torni-

2149 1231 2440 1287 cationem
2487 1232 2704 1288 dictam
2739 1249 2868 1304 quae
2919 1234 2978 1288 in
3028 1233 3253 1306 stupris
3285 1235 3703 1299 committitur,
3740 1251 3825 1289 an

2150 1321 2644 1390 quemadmodum
2708 1323 3021 1394 Scriptura
3099 1323 3290 1379 solent
3357 1324 3823 1379 fornicationem

2147 1425 2376 1476 vocare,
2428 1411 2582 1466 sicut
2639 1413 3043 1483 supradictum
3093 1418 3204 1482 est,
3252 1429 3485 1468 omnem
3539 1412 3824 1468 illicitam

2149 1500 2607 1570 corruptionem,
2644 1501 2801 1557 sicut
2845 1501 3180 1557 idololatria
3217 1501 3303 1557 vel
3354 1501 3619 1564 avaritia,
3650 1507 3713 1556 et
3744 1519 3824 1556 ex

2149 1603 2215 1643 eo
2238 1589 2364 1660 jam
2399 1591 2592 1646 omnis
2639 1592 3036 1663 transgressio
3066 1591 3212 1663 legis
3255 1597 3493 1664 propter
3535 1591 3821 1646 illicitam

2151 1679 2709 1750 concupiscentiam.
2755 1681 2897 1745 Quis
2947 1695 3084 1752 ergo
3136 1682 3261 1751 jam
3311 1682 3635 1751 quamlibet
3687 1681 3821 1735 illi-

2150 1768 2324 1822 citam
2360 1771 2892 1842 concupiscentiam
2927 1775 3112 1841 potest
3150 1774 3303 1825 recte
3336 1788 3366 1826 a
3399 1770 3821 1826 fornicationis

2150 1872 2360 1928 genere
2389 1874 2684 1928 separare,
2717 1859 2766 1913 si
2801 1860 3044 1916 avaritia
3075 1860 3382 1916 fornicatio
3415 1865 3503 1915 est
3525 1860 3552 1914 ‘l

2151 1946 2285 2002 CAP.
2314 1948 2438 2002 253.
2473 1949 2698 2022 -—_Iten_i
2747 1947 2812 2022 de
2857 1948 3045 2022 eadem
3085 1965 3164 2004 re.
3201 1950 3519 2022 Ambrosius
3566 1951 3822 2022 [Augus-

2485 2019 2686 2090 stinus]
2719 2020 2790 2074 ad
2822 2021 3102 2075 Hilarium
3133 2022 3315 2091 (epist.
3345 2021 3464 2092 89).

2224 2109 2333 2177 (28,
2367 2125 2418 2178 q.
2454 2109 2503 2177 1,
2535 2124 2582 2163 c.
2613 2108 2674 2163 Si
2704 2108 2988 2180 inﬁdelis.)
3034 2109 3095 2164 Si
3141 2110 3407 2181 inﬁdelis,
3462 2111 3607 2165 dicit
3657 2112 3822 2181 Apo-

2153 2197 2363 2262 stolus,
2394 2197 2644 2267 discedit,
2676 2198 2918 2253 discedat
2947 2216 2965 2252 :
2997 2215 3108 2254 non
3135 2208 3216 2254 est
3243 2199 3497 2255 servituti
3537 2201 3824 2272 subjectus

2154 2291 2332 2357 frater
2359 2295 2454 2341 aut
2495 2302 2652 2342 soror
2701 2289 2761 2342 in
2808 2287 3124 2358 hujusmodi
3154 2289 3206 2360 (I
3239 2290 3370 2345 Cor.
3402 2290 3536 2360 v11);
3590 2289 3650 2344 id
3701 2295 3820 2356 est,

2155 2378 2204 2432 si
2255 2376 2509 2432 inﬁdelis
2561 2375 2820 2432 noluerit
2849 2392 2979 2433 esse
3008 2393 3143 2432 cum
3177 2379 3426 2450 conjuge
3476 2377 3662 2447 ﬁdeli,
3717 2378 3822 2433 hic

2157 2471 2439 2539 agnoscat
2467 2465 2658 2521 ﬁdelis
2689 2483 2858 2522 suam
2909 2466 3266 2533 libertatem,
3302 2483 3374 2522 ne
3404 2467 3486 2522 ita
3515 2484 3577 2522 se
3605 2467 3818 2537 subje-

2157 2560 2315 2611 ctum
2336 2557 2575 2626 deputet
2607 2555 2895 2624 servituti,
2931 2560 2996 2609 ut
3024 2555 3210 2626 ipsum
3237 2555 3496 2611 dimittat
3525 2556 3820 2620 ﬁdem,ne

2158 2646 2469 2716 conjugem
2503 2645 2739 2700 amittat
2777 2643 3098 2699 inﬁdelem.
3135 2645 3253 2701 Hoc
3283 2652 3339 2700 et
3369 2646 3441 2700 de
3473 2646 3610 2701 ﬁliis
3641 2655 3823 2716 atque

2161 2735 2525 2804 parentibus,
2559 2733 2669 2788 hoc
2699 2738 2757 2788 et
2787 2733 2856 2787 de
2886 2733 3170 2790 fratribus
3203 2751 3267 2789 ac
3299 2735 3602 2790 sororibus
3635 2734 3820 2789 intel-

2159 2823 2387 2895 ligitur,
2428 2827 2666 2894 propter
2715 2822 3014 2878 Christum
3075 2839 3205 2878 esse
3255 2840 3460 2879 omnes
3511 2824 3819 2879 dimitten-

2159 2914 2286 2979 dos,
2321 2928 2453 2966 cum
2506 2911 2743 2982 ponitur
2791 2912 2905 2966 ista
2953 2912 3214 2967 conditio
3265 2917 3329 2967 ut
3377 2912 3676 2968 Christum
3722 2913 3824 2967 di-

2161 3005 2376 3069 mittat,
2409 3000 2456 3055 si
2503 3017 2636 3056 eum
2671 2999 2848 3072 (illos,
2872 3001 3046 3073 'orig.]
3077 3017 3273 3057 secum
3326 3001 3540 3057 habere
3581 3002 3820 3057 deside-

2161 3097 2270 3146 rat.
2307 3091 2424 3146 Hoc
2455 3106 2590 3162 ergo
2621 3094 2678 3144 et
2707 3091 2777 3145 de
2809 3091 2982 3145 domo
3022 3095 3080 3146 et
3127 3092 3197 3145 de
3237 3091 3418 3162 agris,
3453 3090 3559 3145 hoc
3591 3095 3680 3146 est
3714 3091 3819 3162 (et,

2157 3181 2326 3251 orig.]
2383 3180 2454 3235 de
2509 3179 2602 3236 his
2651 3180 2828 3236 rebus
2875 3197 3002 3251 qum
3045 3181 3180 3251 jure
3231 3179 3567 3252 pecuniario
3620 3180 3818 3252 possi-

2162 3272 2395 3325 dentur.
3009 3287 3014 3292 '

2162 3360 2296 3415 CAP.
2329 3359 2453 3414 254.
2477 3389 2546 3399 -
2577 3359 2728 3427 Quod
2770 3374 2912 3414 uxor
2951 3367 3173 3430 propter
3207 3357 3566 3414 sterilitatem
3592 3374 3702 3413 non
3734 3367 3816 3414 est

2234 3431 2594 3497 dimittenda,
2626 3436 2678 3485 et
2708 3432 2823 3485 alia-
2859 3431 3096 3500 fecunda
3136 3431 3407 3487 ducenda.
3439 3432 3810 3498 Augustinus,

2235 3507 2308 3559 De
2339 3505 2472 3558 bono
2501 3502 2801 3573 conjugali,
2833 3520 2951 3573 cap.
2983 3504 3039 3558 7.

2237 3595 2349 3665 (32,
2384 3610 2434 3664 q.
2467 3594 2523 3660 7,
2552 3608 2599 3646 c.
2637 3593 2864 3646 Tantum
2892 3591 3085 3662 valet.)
3113 3591 3367 3646 Tantum
3407 3590 3560 3646 valet
3601 3590 3819 3646 sociale

2166 3682 2490 3747 vinculum,
2515 3685 2579 3736 ut
2609 3698 2741 3736 cum
2776 3698 2956 3736 causa
2988 3681 3329 3752 procreandi
3357 3679 3687 3748 colligetur,
3712 3696 3821 3735 nec

2169 3774 2293 3844 ipse
2327 3788 2504 3827 causa
2539 3771 2880 3842 procreandi
2912 3769 3192 3825 solvatur.
3224 3774 3426 3825 Posset
3452 3769 3610 3824 enim
3643 3769 3821 3823 homo

2169 3861 2459 3917 dimittere
2491 3859 2750 3914 sterilem
2788 3877 3051 3928 uxorem,
3089 3863 3145 3915 et
3175 3861 3386 3914 ducere
3419 3861 3490 3915 de
3519 3875 3635 3930 qua
3669 3857 3824 3912 ﬁlios

2170 3951 2402 4020 habeat,
2444 3953 2501 4004 et
2551 3953 2744 4004 tamen
2798 3966 2913 4004 non
2967 3948 3120 4004 licet.
3171 3951 3309 4004 Item
3338 3949 3524 4020 (ibid.,
3552 3964 3671 4018 cap.
3706 3947 3821 4017 15).

2169 4042 2364 4093 Manet
2395 4035 2694 4091 vinculum
2730 4037 3096 4108 nuptiarum,
3135 4037 3366 4092 etiamsi
3401 4035 3594 4108 proles
3649 4036 3823 4105 cujus

2172 4144 2350 4183 causa
2379 4125 2592 4180 initum
2625 4130 2736 4191 est,
2769 4125 3080 4181 manifesta
3123 4125 3432 4181 sterilitate
3464 4141 3576 4179 non
3611 4123 3821 4180 subse-

2172 4220 2408 4287 quatur,
2445 4214 2528 4270 ita
2559 4219 2624 4269 ut
2675 4213 3001 4270 scientibus
3045 4213 3398 4285 conjugibus
3429 4230 3542 4268 non
3575 4229 3638 4267 se
3667 4211 3824 4267 ﬁlios

2173 4304 2502 4374 habituros,
2533 4319 2806 4374 separare
2835 4319 2896 4358 se
2945 4306 3142 4358 tamen
3175 4302 3262 4357 vel
3293 4303 3422 4374 ipsa
3463 4318 3642 4357 causa
3673 4300 3826 4357 ﬁlio-

2174 4410 2304 4448 rum
2337 4397 2513 4464 atque
2553 4392 2685 4447 aliis
2715 4389 2989 4463 copulare
3018 4408 3132 4447 non
3172 4390 3362 4447 liceat.
3396 4391 3556 4454 Quod
3591 4389 3638 4445 si
3672 4390 3826 4445 fece-

2172 4485 2311 4546 rint,
2344 4498 2476 4537 cum
2521 4480 2596 4536 iis
2636 4480 2850 4552 quibus
2901 4497 2964 4536 se
3015 4480 3420 4552 copulaverint
3468 4478 3827 4535 adulterium

2174 4572 2578 4638 committunt;
2604 4570 2718 4642 ipsi
2741 4575 2934 4626 autem
2961 4569 3196 4642 oonjugi
3223 4573 3495 4625 manente
3519 4568 3688 4640 plane
3709 4569 3829 4638 (83)

2176 4663 2374 4718 uxoris
2405 4662 2707 4717 voluntate
2747 4660 3024 4716 adhibere
3062 4659 3263 4727 aliam,
3295 4659 3450 4714 unde
3479 4674 3827 4713 communes

2177 4752 2282 4806 ﬁlii
2352 4754 2702 4815 nascantur,
2753 4749 2928 4816 unius
2985 4749 3396 4805 commistione
3453 4763 3518 4802 ac
3577 4747 3824 4814 semine,

2175 4841 2418 4898 alterius
2457 4844 2653 4896 autem
2707 4839 2837 4908 jure
2885 4855 2952 4894 ac
3002 4842 3308 4910 potestate,
3341 4837 3495 4908 apud
3549 4836 3825 4907 antiquos

2176 4933 2375 4987 Patres
2407 4929 2495 4985 fas
2526 4933 2668 4997 erat,
2703 4931 2904 4983 utrum
2946 4932 3005 4983 et
3048 4943 3204 4983 nunc
3237 4928 3324 4983 fas
3354 4927 3432 4982 sit
3459 4930 3678 4981 temere
3708 4943 3823 4982 non

2179 5021 2446 5076 dixerim.

2177 5113 2310 5168 CAP.
2341 5111 2468 5164 255.
2499 5139 2570 5149 —
2599 5108 2826 5164 Adulter
2854 5117 2934 5164 est
2975 5110 3148 5164 etiam
3179 5109 3228 5163 is
3255 5109 3370 5178 qui,
3403 5123 3577 5163 uxore
3613 5107 3680 5161 ob
3710 5107 3824 5174 for-

2250 5183 2581 5236 nicationem
2613 5180 2866 5245 dimissa,
2900 5198 2964 5236 ea
3008 5179 3301 5252 superstite
3327 5181 3494 5235 alteri
3519 5195 3633 5252 sese
3660 5194 3826 5252 copu-

2255 5253 2478 5395 ἴαυεννὶἑὸ
2513 5259 2766 5322 August,
2818 5254 2892 5308 De
2947 5253 3284 5309 adulterinis
3331 5251 3624 5322 coniugiis,
3675 5251 3826 5308 lib.i

2271 5342 2391 5395 cap.
2488 5365 2499 5377 .

2529 5429 2573 5466 c.
2601 5411 3112 5481 Quemadmodum.)
3133 5411 3640 5477 Quemadmodum
3675 5415 3828 5467 recte

485 5520 596 5591 (83)
630 5523 756 5592 Ipso
808 5527 1000 5580 autem
1060 5526 1334 5598 conjugio
1396 5529 1672 5583 manente
1724 5523 1920 5597 plane,
1951 5528 2100 5591 etc.;
2159 5517 2439 5590 originale
2479 5521 2559 5576 sic
2606 5519 2789 5587 habet,
2820 5519 2934 5592 ipsi
2992 5524 3190 5577 autem
3248 5521 3532 5592 conjuges
3588 5525 3830 5576 manent

413 5588 605 5662 plane,
639 5588 746 5649 etc.
