3994 6052
145 234 252 289 641

144 356 264 411 dici
293 373 407 412 non
440 360 654 429 potest,
694 359 742 413 si
774 360 962 416 nescit
990 361 1188 431 homo,
1224 381 1336 419 non
1372 368 1607 436 peccat:
1664 370 1802 423 sunt
1834 372 1885 436 Α
1918 370 2073 427 mine
2123 374 2524 436 fornicationis
2572 386 2938 456 repudiatam
2994 393 3225 467 ducere,

141 447 307 501 enim
338 447 512 502 etiam
548 454 785 519 peccata
813 450 1237 521 ignorantium,
1270 454 1539 524 quamvis
1580 454 1809 511 minora

144 550 328 606 quam
361 535 669 591 scientium
697 556 708 592 :
743 538 824 593 ita
851 556 967 594 non
1001 546 1153 595 recte
1184 542 1299 597 dici
1330 541 1606 612 potest,si
1631 559 1809 599 causa

144 623 552 679 fornicationis
582 626 875 682 dimiserit
902 627 993 682 vir
1022 646 1261 685 uxorem
1302 640 1360 685 et
1406 630 1581 685 aliam
1629 631 1808 686 duxe-

144 712 243 779 rit,
280 729 393 767 non
430 713 773 770 mcecbatur.
810 721 906 771 Est
955 717 1110 772 enim
1163 719 1470 773 mmcbatio
1503 719 1677 773 etiam
1710 737 1808 775 eo-

144 818 279 856 rum
312 802 409 872 qui
444 802 589 857 alias
642 804 889 871 ducunt,
920 806 1139 862 relictis
1191 811 1425 879 propter
1475 807 1807 863 fornicatio-

145 906 281 943 nem
316 890 647 961 prioribus;
682 894 779 947 sed
815 893 1019 964 utique
1052 895 1458 966 minor,quam
1479 911 1681 951 eorum
1706 896 1806 967 qui

143 994 261 1033 non
298 984 532 1049 propter
562 980 1007 1037 fornicationem
1043 983 1445 1051 dimittunt,et
1463 986 1674 1039 alteras
1698 985 1805 1039 du-

145 1074 310 1122 cunt.

142 1168 277 1219 CAP.
311 1165 435 1219 256.
468 1196 542 1245 —_
566 1166 640 1245 De
671 1182 737 1245 eo
782 1168 878 1245 qui
905 1168 1268 1245 adulteravit
1320 1188 1547 1245 uxorem
1602 1176 1806 1245 fratris

450 1240 562 1291 sui.
598 1238 1012 1309 Capitularium
1044 1242 1137 1296 lib.
1168 1259 1221 1312 v,
1254 1258 1374 1314 cap.
1402 1244 1492 1300 21.

214 1333 274 1389 Si
308 1335 440 1406 quis
475 1334 645 1391 homo
676 1335 901 1392 habens
926 1338 1231 1394 mulierem
1255 1339 1672 1413 legitimam,si
1697 1343 1805 1397 fra-

136 1425 230 1477 ter
258 1424 387 1493 ejus
417 1422 832 1480 adulteraverit
879 1443 1011 1484 cum
1064 1444 1152 1495 ea,
1186 1428 1283 1485 ille
1336 1431 1517 1487 frater
1563 1436 1651 1487 vel
1705 1432 1804 1488 illa

134 1512 359 1568 femina
377 1513 474 1585 qui
494 1513 849 1571 adulterium
882 1520 1623 1588 perpetraverunt,interim
1647 1523 1801 1591 quod

130 1601 346 1658 vivunt
378 1619 680 1675 nunquam
711 1604 969 1662 habeant
998 1608 1359 1678 conjugium.

132 1703 277 1778 Car.
301 1700 426 1778 257.
462 1732 527 1742 -
557 1702 622 1778 Ut
651 1701 862 1759 mulier
889 1721 922 1758 α
947 1706 1069 1759 viro
1096 1715 1316 1777 propter
1366 1709 1801 1778 fornicationem

206 1771 512 1841 discedens,
544 1774 783 1846 innupta
828 1771 1287 1846 permaneatfvel
1331 1771 1507 1834 eidem
1556 1783 1802 1836 reconci-

212 1845 402 1922 lietur.
444 1845 755 1922 Ambrosius
788 1845 843 1901 in
875 1849 1079 1919 Icpist.
1108 1850 1177 1904 ad
1209 1851 1462 1905 Corinth.
1508 1852 1588 1922 (in
1620 1869 1666 1907 c.
1698 1870 1799 1920 vu,

210 1919 344 1969 ante
372 1917 571 1988 med.).

213 2004 333 2059 Hos
365 2004 703 2077 alloquitur,
734 2005 833 2077 qui
886 2008 1262 2064 matrimonio
1289 2010 1481 2081 juncti
1512 2015 1673 2079 sunt,
1705 2028 1803 2067 ore

135 2094 488 2149 Dominico:
551 2094 796 2150 Uxorem
830 2115 862 2152 a
892 2096 1013 2152 viro
1047 2115 1160 2153 non
1195 2098 1531 2156 discedere:
1567 2101 1721 2172 quod
1752 2102 1801 2157 si

136 2183 506 2250 discesserit,
541 2200 774 2239 manere
808 2186 1137 2258 innuptam.
1174 2192 1290 2243 Hoc
1321 2191 1581 2261 Apostoli
1614 2191 1802 2247 consi-

136 2271 289 2326 lium
322 2277 411 2327 est
443 2276 507 2327 ut
534 2274 581 2327 si
612 2272 949 2329 discesserit
1005 2285 1239 2347 propter
1290 2278 1506 2334 malam
1558 2296 1801 2334 conver-

134 2360 428 2429 sationem
460 2361 594 2428 viri,
620 2362 744 2431 jam
779 2363 1026 2435 innupta
1071 2371 1325 2422 maneat.
1360 2369 1474 2422 Aut
1522 2370 1643 2423 viro
1694 2385 1799 2424 suo

134 2449 526 2505 reconciliari.
560 2450 721 2513 Quod
755 2450 805 2507 si
840 2469 901 2507 se
933 2454 1254 2524 continere,
1284 2455 1498 2528 inquit,
1528 2474 1641 2512 non
1694 2475 1798 2529 po-

134 2543 277 2605 test,
308 2540 447 2610 quia
492 2556 753 2611 pugnare
803 2559 918 2597 non
966 2543 1091 2598 vult
1138 2549 1343 2601 contra
1386 2562 1644 2612 carnem,
1677 2546 1798 2603 viro

138 2627 708 2684 reeoncilietur.Non
724 2630 878 2685 enim
897 2632 1257 2703 permittitur
1272 2633 1499 2689 mulieri
1517 2639 1578 2689 ut
1594 2635 1796 2705 nubat,

136 2718 187 2771 si
222 2716 413 2770 virum
456 2735 631 2773 suum
686 2735 862 2775 causa
915 2720 1315 2778 fornicationis
1360 2724 1650 2779 dimiserit
1699 2729 1800 2779 aut

135 2807 583 2877 apostataverit,
615 2813 714 2863 aut
762 2807 808 2863 si
856 2810 1208 2882 [apostasiam
1248 2814 1414 2884 orig.]
1464 2813 1797 2885 impellente

137 2894 385 2950 lascivia
406 2912 575 2951 usum
598 2902 821 2968 qumrat
851 2899 1047 2955 uxoris
1068 2899 1371 2970 invertere;
1400 2903 1536 2973 quia
1559 2903 1799 2959 inferior

138 3000 260 3039 non
293 2986 533 3040 omnino
564 2986 673 3041 hac
700 2987 826 3057 lege
861 2989 1048 3043 utitur
1089 3007 1207 3061 qua
1255 2993 1461 3062 potior.
1496 2993 1555 3048 Si
1603 2998 1794 3048 tamen

136 3075 688 3143 apostataverit,aut
706 3093 879 3132 usum
901 3080 1095 3133 uxoris
1120 3087 1340 3151 quaerat
1362 3081 1667 3150 invertere;
1692 3099 1797 3137 nec

137 3162 241 3216 alii
273 3167 466 3233 potest
496 3164 715 3220 nubere
747 3165 979 3234 mulier,
1016 3184 1119 3222 nec
1162 3170 1365 3223 reverti
1401 3171 1469 3225 ad
1503 3170 1694 3225 illum.
1728 3172 1797 3226 Et

137 3249 337 3305 virum
386 3268 624 3307 uxorem
674 3270 789 3309 non
840 3254 1151 3311 dimittere.
1189 3256 1553 3314 Subauditur
1601 3265 1795 3315 autem

135 3344 382 3412 excepta
414 3340 815 3399 fornicationis
846 3361 1042 3400 causa.

139 3437 278 3491 ΟΑΡ.
313 3438 438 3492 258.
472 3469 541 3478 --
574 3441 635 3496 Ut
675 3443 1026 3509 quantumvis
1073 3441 1446 3499 adolescentes
1494 3445 1798 3501 viventibus

214 3511 647 3636 uxoribuisosuis,
680 3512 822 3567 alias
851 3529 958 3568 non
998 3514 1225 3570 ducant.
1260 3518 1573 3573 Arelatense
1601 3520 1795 3573 concil.

219 3598 261 3636 1.
292 3597 420 3636 can.
527 3623 540 3636 .

219 3598 261 3648 1,
292 3597 420 3651 cap.
455 3597 540 3637 1U.

217 3669 299 3724 De
329 3670 422 3725 bis
453 3670 554 3742 qui
586 3672 865 3743 conjuges
896 3690 1035 3729 suas
1066 3674 1124 3729 in
1158 3676 1447 3732 adulterio
1477 3678 1798 3749 deprehen-

146 3758 318 3823 dunt,
352 3765 408 3814 et
433 3760 611 3816 iidem
646 3768 787 3817 sunt
816 3762 1214 3820 adolescentes
1246 3766 1469 3834 ﬁdeles,
1503 3774 1559 3823 et
1600 3769 1801 3838 probi-

145 3848 357 3902 bentur
380 3849 619 3918 nubere,
637 3850 857 3920 placuit
880 3856 942 3906 ut
962 3858 1245 3922 quantum
1272 3856 1800 3925 potest,consilium

145 3936 233 3990 eis
265 3937 458 4003 detur,
485 3953 555 3991 ne
586 3938 910 3995 viventibus
942 3941 1066 3996 suis
1095 3944 1375 3999 uxoribus
1406 3944 1541 4000 licet
1570 3946 1801 4001 adulte-

145 4024 248 4091 ris,
284 4024 431 4081 alias
460 4026 769 4097 accipiant.

143 4123 280 4178 CAP.
315 4123 439 4201 250.
467 4155 535 4201 _——
568 4124 725 4195 ς)αοίί
755 4127 846 4180 lex
887 4128 986 4201 Dei
1030 4146 1139 4184 non
1187 4133 1475 4201 compellat
1524 4133 1802 4189 hominem

212 4195 423 4273 malum
450 4198 655 4273 facere,
689 4199 938 4273 quamvis
965 4216 1061 4273 per
1088 4218 1211 4255 eam
1244 4195 1552 4273 aliquando
1592 4208 1803 4260 malum

215 4267 334 4346 ﬁat.
386 4267 744 4346 auguslinus,
796 4270 870 4324 De
914 4271 1249 4328 adulterinis
1296 4267 1590 4346 conjugiis,
1633 4278 1728 4333 lib.
1760 4295 1799 4333 ιι

217 4339 359 4409 (cap.
398 4339 506 4408 16).

217 4434 340 4489 Non
377 4435 615 4491 dubitas
646 4453 773 4492 esse
806 4437 1244 4509 adulterium,si
1278 4443 1597 4516 quisquam
1632 4442 1805 4501 ducat

142 4524 395 4578 viventis
430 4542 685 4594 uxorem,
720 4544 753 4581 a
783 4527 904 4582 viro
956 4545 1062 4584 suo
1114 4547 1216 4601 per
1263 4531 1527 4589 libellum
1578 4536 1801 4606 repudii

145 4611 275 4666 sine
306 4612 429 4667 ulla
452 4614 714 4671 mulieris
738 4616 1117 4674 fornicatione
1136 4620 1619 4688 dimissam.Quid
1639 4641 1796 4696 ergo,

144 4717 280 4756 eum
312 4702 525 4757 viderit
554 4719 617 4759 se
648 4720 752 4759 nec
784 4706 855 4761 ad
888 4706 1251 4778 baptismum
1285 4711 1537 4778 admitti,
1571 4713 1618 4767 si
1653 4718 1800 4768 cate-

142 4789 474 4846 ehumenus
516 4796 625 4859 est,
657 4808 761 4847 nec
812 4794 1033 4850 utiliter
1076 4813 1247 4869 agere
1294 4800 1716 4870 pmnitentiam,
1750 4803 1797 4856 si

145 4880 474 4949 baptizatus
499 4880 606 4935 hoc
629 4882 849 4949 fecerit,
874 4902 987 4938 non
1012 4886 1377 4957 corrigendo,
1400 4894 1456 4942 et
1478 4888 1799 4959 linquendo

145 4970 300 5039 quod
338 4969 509 5037 fecit;
564 4971 611 5025 si
662 4988 797 5026 eum
848 4973 1099 5029 voluerit
1127 4980 1182 5031 et
1214 4979 1470 5047 potuerit
1516 4980 1797 5046 occidere,

145 5058 315 5127 cujus
345 5058 512 5112 duxit
544 5075 803 5126 uxorem,
840 5067 903 5116 ut
932 5062 1040 5118 hoc
1072 5064 1266 5120 scelus
1315 5066 1402 5122 vel
1453 5067 1801 5135 baptismate

145 5146 428 5216 diluatur,
462 5148 547 5203 vel
583 5149 913 5218 paenitendo
968 5152 1240 5223 solvatur,
1272 5160 1448 5227 atque
1499 5156 1581 5211 ita
1625 5158 1800 5214 etiam

144 5234 290 5289 illud
315 5234 669 5291 adulterium
689 5254 804 5292 non
828 5248 1187 5311 permaneat,
1212 5248 1487 5300 evacuate
1510 5244 1803 5300 mulierea

147 5324 272 5396 lege
302 5325 412 5379 viri
447 5330 577 5397 post
607 5332 854 5383 mortem
886 5328 1015 5395 viri,
1048 5333 1148 5386 sed
1203 5333 1271 5387 de
1318 5337 1614 5389 transacto
1646 5335 1801 5405 quod

149 5419 346 5469 actum
380 5420 470 5469 est
502 5415 903 5485 paenitentiam
936 5419 1207 5487 satisﬁat,
1244 5421 1328 5474 vel
1373 5424 1804 5492 regeneratione

150 5502 719 5575 deleatur?Nunquid
736 5510 1039 5577 propterea
1052 5513 1140 5563 est
1156 5511 1483 5565 accusanda
1498 5510 1804 5566 lexChristi

150 5597 433 5665 tanquam
452 5593 797 5667 compulerit
828 5597 953 5653 ﬁeri
985 5597 1532 5672 bomicidium,eum
1551 5600 1676 5657 sine
1695 5602 1804 5658 cri-

1081 245 1392 298 DECRETI
1432 248 1619 298 PARS
1656 247 1804 300 VIII.
1831 253 2015 304 --DE
2054 253 2440 327 CONJUGIIS,
2483 262 2635 314 ETC.

3458 284 3564 338 (342

3255 400 3396 458 dicit
3435 419 3564 462 esse

1919 460 2270 521 adulterium
2285 468 2312 521 ‘I

1916 568 2201 658 CAR..260.
2226 603 2294 613 -—
2321 576 2403 658 De
2425 592 2590 632 causa
2607 580 2869 658 ‘Lotharii
2910 591 3054 658 regis
3098 600 3149 646 et
3196 600 3391 653 uxoris
3427 617 3563 658 suae.

1990 641 2315 742 Ιιξίηίίῖηηᾜδ
2357 647 2641 742 βῗφθηῖίδ
2686 641 3143 742 (ἔζείιξθρίεὲορυε,
3172 641 3395 736 captivi;

1989 712 2061 766 De
2090 712 2321 771 divortio
2349 719 2597 777 Lotharii
2619 734 2668 779 et
2700 712 2898 797 Thetbl,
2933 712 3337 808 ingenii

1987 809 2045 863 Si
2070 811 2242 909 forte,
2279 822 2342 869 ut
2372 817 2571 888 fertur,
2608 839 2705 877 rex
2733 825 2805 880 de
2831 843 2945 897 quo
2978 832 3190 901 agitur,
3225 844 3356 906 post
3404 840 3564 913 lega-

1917 895 2636 978 literinitumconjugium
2666 927 2797 967 cum
2832 914 2946 969 alia
2977 917 3171 991 aliqua
3190 895 3381 981 carnis
3412 895 3568 985 clim-

1918 987 2191 1046 mistione
2223 994 2524 1063 negotium
2575 1004 3001 1060 coneumbendi
3051 987 3328 1080 exercuit,
3366 1021 3565 1089 negari

1916 1092 2030 1131 non
2058 1084 2248 1149 potest
2276 1082 2627 1141 adulterium
2662 1096 3048 1164 perpetrasse,
3082 1098 3308 1156 etiamsi
3350 1082 3568 1164 femina

1915 1182 2092 1236 quam
2122 1170 2287 1224 duxit
2316 1189 2570 1241 uxorem,
2594 1178 2663 1233 de
2683 1179 2774 1234 bis
2793 1181 2862 1235 de
2885 1185 3101 1254 quibus
3127 1198 3564 1262 aceusatur,rea

1914 1253 2087 1352 fuerit
2141 1256 2407 1317 fortassis
2466 1264 2719 1332 inventa,
2783 1253 3061 1341 quoniam
3122 1284 3256 1347 post
3303 1253 3568 1354 legalliter

1911 1341 2140 1443 initum.
2159 1350 2523 1443 coniugium,
2543 1362 2677 1411 ante
2706 1356 2951 1430 legalem
2984 1341 3392 1426 definitione":
3416 1389 3563 1443 prai-

1914 1434 2169 1504 sumpsit
2201 1436 2425 1494 illicita.

1910 1533 2199 1625 Csfzgtil.
2227 1566 2293 1577 —-
2325 1540 2399 1625 Ut.
2419 1543 2607 1625 nullus
2628 1560 2904 1625 eameam
2933 1567 3039 1620 qua
3069 1554 3419 1625 adulteravit,
3453 1563 3567 1617 nisi

1976 1610 2211 1701 peracta“
2222 1613 2575 1701 paenitentia,
2603 1616 2765 1673 ducat
2798 1610 3042 1691 umorem,
3083 1610 3213 1698 cap.
3241 1610 3559 1701 20V

1981 1677 2068 1744 21,
2098 1679 2247 1734 circa
2279 1683 2474 1754 med.).

1983 1774 2411 1846 Scripturarum
2434 1784 2785 1844 testimoniis
2817 1793 2991 1862 atque
3022 1800 3357 1854 sanctorum
3393 1802 3567 1858 dictis

1914 1863 2348 1936 manifestatur,
2382 1875 2537 1943 quod
2566 1878 2952 1936 concubinam
2994 1900 3127 1939 cum
3180 1904 3291 1956 qua
3339 1891 3564 1947 adulte«

1914 1968 2075 2008 rasse
2128 1956 2345 2013 dicitur
2389 1979 2507 2027 rex,
2541 1966 2589 2019 si
2637 1967 2904 2040 voluerit,
2942 1972 2998 2025 in
3056 1976 3397 2048 eonjugium
3457 1983 3568 2037 sibi

1913 2044 2136 2100 sociare
2186 2050 2532 2118 praevaleat:
2584 2055 2853 2113 videlicet
2903 2061 2952 2114 si
2996 2068 3098 2117 aut
3129 2044 3272 2119 uxor
3305 2067 3572 2139 legaliter

1911 2138 2170 2205 accepta,
2192 2142 2247 2192 et
2268 2139 2504 2197 innoxia
2532 2160 2671 2215 erga
2694 2146 2858 2203 illum
2878 2138 3383 2218 inventa,mortua
3400 2159 3572 2211 fuerit

1912 2236 2173 2291 corpore,
2208 2226 2293 2281 vel
2337 2229 2386 2282 si
2438 2230 2672 2288 inventa
2706 2235 2877 2291 fuerit
2908 2241 3107 2295 anima
3137 2244 3281 2298 adeo
3314 2251 3565 2313 mortua,

1916 2314 1979 2364 ut
2010 2310 2196 2379 ipsius
2227 2332 2359 2372 cum
2393 2335 2459 2373 ea
2490 2322 2699 2392 copula
2728 2325 3085 2397 incestus,et
3118 2332 3276 2386 nullo
3310 2337 3562 2405 conjugii

1910 2400 2143 2456 nomine
2166 2404 2536 2475 deputandus
2559 2411 2822 2482 legaliter
2842 2421 3272 2487 comprobatur.
3288 2400 3440 2477 Item:
3462 2400 3562 2479 Est

1909 2487 2067 2544 aliud
2100 2492 2549 2563 observandum,
2577 2517 2646 2555 ne
2663 2507 2795 2556 ante
2813 2503 3134 2575 legitimam
3155 2511 3557 2579 paenitentiam

1909 2580 2126 2633 secund
2139 2597 2234 2635 um
2263 2581 2418 2653 leges
2434 2588 2699 2643 Ecclesire
2715 2598 3047 2662 susceptam
3064 2600 3236 2665 atque
3252 2605 3551 2668 peractam,

1908 2671 1962 2720 et
1985 2670 2515 2729 reconciliationem
2540 2679 2811 2748 adeptam
2835 2682 3151 2753 [eonjugio,
3175 2688 3553 2757 orig.],multo

1910 2757 2101 2811 minus
2133 2759 2342 2829 eidem,
2366 2764 2436 2816 de
2458 2780 2574 2833 qua
2604 2768 2816 2836 agitur,
2837 2773 3177 2829 concubina:
3208 2791 3269 2829 se
3299 2777 3552 2847 copulet.

1908 2848 2192 2913 Quoniam
2226 2867 2329 2905 nec
2360 2852 2537 2908 David
2571 2855 2695 2910 sine
2720 2859 3057 2928 poenitentia
3079 2862 3394 2920 Bethsabee
3418 2882 3551 2922 cum

1905 2954 2022 3008 qua
2053 2939 2498 3011 adulteraverat,
2522 2947 2827 3018 eonjugem
2865 2949 3069 3005 habuit
3094 2951 3160 3019 (ΙΙ
3191 2955 3315 3021 Reg.
3348 2956 3471 3026 ΧΠ).

1905 3045 2033 3099 CAP.
2066 3047 2189 3102 262.
2220 3080 2285 3089 —
2321 3052 2515 3127 Ut_par
2540 3054 2838 3127 pudicitia?
2882 3059 3062 3127 firma
3090 3061 3159 3113 sit
3192 3061 3340 3116 inter
3369 3064 3551 3118 virum

1979 3127 2029 3203 et
2072 3135 2324 3203 uxprem.
2372 3124 2444 3178 De
2490 3124 2819 3181 adulterinis
2866 3124 3151 3200 conjugiis.
3185 3133 3344 3203 Aug.,
3378 3135 3477 3190 lib.
3514 3154 3553 3189 ιι

1977 3190 2115 3260 (cap.
2146 3193 2223 3261 8).

1976 3286 2065 3341 llli
2093 3289 2310 3357 quibus
2341 3292 2630 3364 displicet,
2651 3297 2881 3352 utinter
2900 3299 3086 3353 virum
3112 3306 3167 3355 et
3191 3318 3424 3358 uxorem
3454 3321 3559 3375 par

1905 3377 2203 3447 pudicitia:
2226 3379 2412 3436 forma
2434 3390 2791 3453 servetur,et
2810 3386 3000 3456 potius
3022 3389 3247 3460 eligunt
3278 3393 3560 3447 maxime-

1909 3485 2019 3537 que
2039 3469 2097 3523 in
2118 3470 2226 3524 hac
2258 3487 2454 3540 causa,
2475 3475 2680 3528 mundi
2700 3475 2930 3547 legibus
2958 3479 3178 3534 subditi
3212 3497 3362 3549 esse,
3383 3500 3561 3554 quam

1908 3557 2152 3628 Christi;
2187 3563 2465 3631 quoniam
2491 3564 2629 3634 jura
2661 3565 2916 3622 forensia
2948 3584 3061 3623 non
3094 3570 3563 3643 iisdem,quibus

1909 3647 2156 3703 feminas
2189 3652 2481 3720 pudicitiae
2514 3655 2952 3721 nexibus,viros
2982 3658 3209 3713 videtur
3239 3660 3562 3733 astringere

1910 3739 2095 3808 [obstr
2125 3741 2342 3810 ,orig.];
2369 3743 2714 3813 legantquid
2736 3744 3056 3816 imperator
3085 3748 3561 3815 Antoninus,n0n

1911 3826 2111 3897 utique
2134 3828 2614 3895 Christianus,de
2640 3834 2747 3887 hac
2781 3850 2839 3888 re
2872 3836 3275 3891 constituerit:
3312 3837 3563 3893 Ubima-

1910 3916 2059 3971 ritus
2108 3934 2345 3973 uxorem
2395 3919 2465 3974 de
2515 3921 2785 3977 adulterii
2835 3925 3081 3980 crimine
3132 3943 3407 3982 accusare
3449 3945 3563 3983 non

1911 4011 2143 4075 sinitur,
2187 4014 2279 4067 cui
2330 4014 2593 4069 moribus
2640 4019 2766 4071 suis
2818 4035 2930 4072 non
2978 4020 3227 4089 praebuit
3277 4021 3566 4075 castitatis

1911 4101 2266 4172 exemplum,
2294 4104 2376 4158 ita
2408 4108 2472 4157 ut
2497 4105 2667 4159 ambo
2700 4106 3078 4173 damnentur,
3105 4109 3149 4162 si
3185 4110 3388 4163 ambos
3414 4110 3566 4179 pari-

1911 4196 2000 4244 ter
2030 4191 2358 4261 impudicos
2381 4194 2685 4248 conflictus
2706 4195 2828 4265 ipse
2846 4196 3331 4251 convicerit.Nam
3357 4216 3566 4269 supra-

1912 4281 2049 4335 dicti
2081 4280 2453 4352 imperatoris
2480 4282 2599 4337 hzec
2633 4285 2800 4338 verba
2850 4289 3013 4351 sunt,
3049 4302 3175 4357 qua:
3224 4288 3376 4357 apud
3424 4289 3565 4344 Gre-

1912 4371 2219 4441 gorianum
2240 4370 2548 4440 leguntur:
2576 4372 2746 4441 Sane,
2771 4373 2987 4443 inquit,
3010 4373 3217 4430 litteras
3240 4393 3379 4431 meaa
3406 4377 3568 4434 nulla

1913 4464 2075 4531 parte
2105 4474 2295 4515 causa:
2321 4460 3017 4533 praejudieabunl.Neque
3038 4465 3195 4519 enim
3229 4466 3277 4520 si
3312 4483 3489 4537 penes
3512 4473 3568 4523 te

1912 4549 2084 4621 culpa
2114 4551 2245 4616 fuit,
2265 4556 2329 4605 ut
2350 4552 2789 4607 matrimonium
2817 4554 3219 4620 solveretur,et
3242 4559 3565 4613 secundum

1908 4640 2093 4712 legem
2134 4641 2348 4696 Juliam
2395 4642 2643 4713 Eupasia
2694 4660 2837 4697 uxor
2884 4648 2983 4697 tua
3037 4648 3298 4711 nuberet,
3336 4652 3571 4720 propter

1910 4731 2259 4802 rescriptum
2295 4747 2489 4786 meum
2523 4732 2793 4786 adulterii
2827 4733 3105 4789 damnata
3127 4736 3260 4800 erit,
3286 4736 3401 4791 nisi
3426 4755 3570 4792 con-

1910 4824 2024 4873 stet
2054 4835 2182 4874 esse
2213 4819 2616 4873 commissum.
2644 4820 2951 4875 Habebunt
2976 4827 3173 4877 autem
3207 4830 3341 4880 ante
3366 4826 3565 4880 oculos

1911 4908 2229 4979 inquirere,
2266 4925 2338 4961 an
2366 4925 2497 4962 cum
2550 4914 2609 4961 tu
2662 4909 2870 4980 pudice
2919 4910 3159 4977 viveres,
3197 4912 3280 4967 illi
3330 4930 3562 4983 quoque

1912 4998 2095 5052 bonos
2119 5014 2309 5052 mores
2338 4996 2561 5050 colendi
2582 5000 2981 5055 auctorl‘uisti.
3002 5001 3383 5073 Periniquum
3405 5002 3559 5056 enim

1909 5087 2143 5140 videtur
2161 5086 2305 5140 mihi
2338 5102 2465 5141 esse
2499 5091 2560 5140 ut
2591 5088 2936 5157 pudicitiam
2954 5090 3043 5145 vir
3059 5091 3130 5146 ab
3152 5107 3326 5146 uxore
3346 5090 3560 5162 exigat,

1912 5191 2088 5244 quam
2124 5174 2248 5244 ipse
2276 5191 2387 5228 non
2419 5172 2671 5229 exhibet.

1911 5276 2045 5331 CAP.
2073 5276 2196 5330 263.
2235 5306 2298 5315 —
2331 5275 2493 5347 Quod
2541 5275 2627 5330 vir
2676 5280 2990 5343 exemplum
3046 5282 3311 5335 castitatis
3371 5278 3561 5331 debeat

1982 5363 2094 5402 esse
2146 5349 2328 5401 uxori.
2389 5350 2742 5419 Augustinus,
2797 5352 2892 5405 lib.
2954 5353 3027 5405 De
3084 5352 3266 5406 decem
3320 5350 3557 5403 chordis.

1986 5422 2123 5489 (cap.
2158 5421 2234 5489 3).

1987 5518 2093 5583 (32,
2128 5535 2183 5588 q.
2215 5520 2268 5587 6,
2304 5536 2352 5573 c.
2388 5520 2501 5572 Non
2532 5518 2933 5591 masc/laberis.)
2967 5518 3089 5573 Non
3132 5518 3513 5573 mcechaberis
3546 5538 3558 5576 :

1912 5607 1970 5662 id
2003 5612 2109 5677 est,
2144 5624 2257 5663 non
2289 5607 2402 5663 ibis
2435 5609 2503 5662 ad
2539 5609 2711 5663 aliam
2755 5608 3015 5679 aliquam
3068 5614 3273 5681 praeter
3322 5625 3561 5667 uxorem
