4002 6054
421 249 530 306 643

1512 251 1577 302 o.
1619 248 1859 305 rvonrs
1894 249 2396 308 CARNOTENSIS
2433 236 2756 310 sprsoopr

3737 255 3852 313 644

426 393 588 434 nam.
621 376 705 431 Tu
738 377 935 430 autem
965 372 1152 445 exigis
1197 372 1309 428 hoc
1352 372 1424 428 ab
1474 387 1671 439 uxore,
1705 376 1763 428 et
1812 388 1928 429 non
1974 372 2062 429 vis
2092 375 2147 443 Α
2177 373 2286 431 hoc
2334 376 2528 433 solum
2570 378 2628 434 id
2676 378 2865 434 facere
2924 378 3129 435 debuit
3176 379 3497 452 Abraham,
3548 398 3623 438 ne
3669 387 3851 455 puta-

411 466 655 523 reddere
678 464 788 519 hoc
820 462 1027 518 uxori?
1071 462 1138 517 Et
1181 477 1315 516 cum
1347 461 1559 516 debeas
1587 461 1646 516 in
1680 461 1895 519 virtute
1926 478 2073 532 prae-

405 556 608 612 cedere
642 569 881 610 uxorem
904 550 1211 623 (quoniam
1243 550 1488 605 castitas
1521 550 1708 606 virtus
1739 552 1848 623 est)
1874 556 1937 607 tu
1964 551 2074 607 sub

408 661 523 700 uno
572 644 797 715 impetu
845 638 1111 695 libidinis
1160 639 1344 705 cadis,
1378 643 1436 695 et
1482 639 1569 695 vis
1620 657 1860 696 uxorem
1907 644 2071 696 tuam

405 734 704 789 victricem
734 746 885 795 esse,
911 733 967 783 et
990 733 1050 782 tu
1084 732 1272 782 victus
1296 728 1504 799 jaces?
1534 733 1598 783 Et
1628 745 1761 784 cum
1798 733 1862 784 tu
1894 746 2072 802 caput

408 823 491 877 sis
522 820 743 886 uxoris,
776 816 1050 890 praecedit
1098 820 1155 872 te
1203 817 1275 871 ad
1325 822 1528 885 Deum,
1563 817 1733 887 cuius
1785 823 1963 890 caput
2006 835 2070 874 es

406 911 596 981 (Exod.
655 926 765 976 xx;
824 909 985 962 Deut.
1047 905 1127 976 v).
1184 904 1289 960 Vis
1350 911 1511 962 tuam
1570 906 1812 962 domum
1879 907 2068 980 capite

405 1000 678 1056 deorsum
739 993 1037 1067 pendere?
1088 993 1262 1066 Caput
1316 998 1401 1049 est
1459 993 1613 1049 enim
1673 994 1930 1051 mulieris
1980 998 2067 1050 vir

414 1087 633 1159 (Ephes.
677 1086 756 1156 v).
806 1083 914 1140 Ubi
947 1086 1145 1139 autem
1190 1082 1401 1139 melius
1449 1083 1589 1138 vivit
1627 1083 1842 1139 mulier
1885 1101 2062 1156 quam

401 1177 512 1245 vir,
538 1175 726 1248 capite
754 1175 1030 1230 deorsum
1057 1173 1267 1227 domus
1294 1173 1526 1244 pendet.
1547 1172 1602 1226 Si
1630 1177 1808 1244 caput
1838 1177 1927 1229 est
1957 1174 2064 1251 vir,

402 1264 615 1321 melius
655 1264 825 1319 debet
863 1262 1054 1317 vivere
1096 1261 1186 1315 vir
1232 1265 1290 1316 et
1339 1262 1662 1332 praecedere
1693 1261 1752 1316 in
1786 1262 2062 1318 omnibus

401 1354 573 1410 bonis
607 1353 775 1409 factis
808 1367 1047 1406 uxorem
1077 1366 1269 1405 suam.

401 1448 529 1500 Car.
561 1443 690 1499 264.
726 1472 792 1482 -—
840 1442 916 1496 De
971 1440 1295 1510 paenitentia
1350 1439 1478 1505 viri,
1511 1440 1669 1505 cuius
1724 1439 2063 1497 conscientia

436 1531 587 1571 uxor
617 1514 935 1569 mrechatur.
973 1510 1278 1566 Concilium
1323 1510 1750 1579 Eliberitanum,
1781 1527 1900 1583 cap.
1932 1513 2023 1567 70.

471 1605 551 1672 Si,
586 1602 822 1659 conscio
850 1601 1078 1668 marito,
1112 1616 1256 1655 uxor
1288 1599 1464 1654 fuerit
1494 1599 1807 1666 mmchata,
1841 1599 2063 1672 placuit

400 1709 506 1749 nec
538 1693 599 1748 in
632 1692 746 1747 ﬁne
775 1691 1033 1746 dandam
1065 1688 1117 1744 ei
1147 1687 1642 1743 communionem.
1674 1688 1734 1745 Si
1766 1705 1896 1745 vero
1930 1706 2057 1745 eam

2185 471 2315 520 rent
2362 466 2618 523 haeretici
2663 468 2944 523 adversus
2993 467 3338 540 Apostolum
3388 470 3626 543 (quibus
3665 473 3848 529 etiam

2180 554 2578 611 Tertullianus
2610 556 2725 627 (lib.
2766 561 2843 612 De
2882 558 3254 629 monogamia)
3286 559 3639 631 astipulator
3688 563 3847 618 assi-

2181 644 2301 713 stit)
2332 649 2468 717 post
2495 646 2693 701 uxoris
2727 649 2996 709 mortem.
3029 647 3252 702 crimen
3284 664 3413 704 esse
3444 650 3658 706 ducere
3688 668 3843 707 uxo-

2180 749 2302 787 rem
2355 735 2399 800 (Ι
2447 733 2566 790 Cor.
2600 734 2720 804 vn).
2761 736 2900 791 Item
2949 734 3199 807 (ibidem.
3229 753 3353 805 cap.
3389 738 3499 810 11).
3530 744 3686 795 Deus
3736 742 3843 813 qui

2180 823 2512 879 masculum
2562 829 2619 878 et
2667 824 2947 879 feminam
2998 826 3356 897 propagandi
3386 828 3619 899 generis
3658 845 3844 886 causa

2178 911 2425 983 nuptiali
2450 914 2716 968 castitate
2734 914 2863 984 conj
2877 913 3125 983 unxit,et
3141 915 3432 971 secundas
3451 916 3688 988 nuptias
3707 935 3847 990 quae

2176 999 2234 1055 in
2251 1000 2408 1056 Novo
2423 1017 2655 1073 quoque
2669 1002 3068 1074 [unoquoque]
3084 1002 3458 1060 Testamento
3483 1008 3846 1077 permittun-

2174 1092 2288 1156 tur,
2322 1088 2516 1146 licitas
2546 1107 2675 1146 esse
2706 1092 3077 1147 monstravit.

2171 1190 2308 1263 Cae.
2339 1187 2464 1242 270.
2498 1218 2566 1228 -—
2598 1186 2772 1263 Quod
2799 1189 2949 1263 sicut
2970 1205 3069 1243 nec
3097 1189 3375 1263 secundae,
3408 1192 3486 1246 ita
3520 1208 3618 1247 nec
3644 1193 3843 1263 plures

2241 1258 2579 1313 damnentur
2613 1261 2845 1331 nuptiae.
2880 1259 3243 1330 Hieronymus
3291 1261 3363 1316 ad
3410 1258 3840 1320 Pammachium

2132 1404 2135 1409 _
2243 1333 2409 1398 (tomo
2442 1331 2517 1386 Ill
2546 1332 2704 1401 epist.
2738 1333 2898 1401 cujus
2929 1333 3158 1387 initium
3181 1349 3200 1389 :
3232 1332 3383 1402 Quod
3410 1334 3480 1389 ad
3506 1335 3599 1407 te).

2241 1417 2353 1489 (2t,
2388 1434 2445 1490 q.
2483 1420 2533 1486 1,
2568 1435 2614 1474 c.
2649 1419 2957 1492 Aperiunt.)
3016 1421 3325 1492 Aperiunt,
3378 1438 3607 1494 quasso,
3658 1440 3838 1481 aures

2170 1507 2589 1564 obtrectatores
2621 1509 2824 1577 mei,et
2843 1508 3076 1565 videant
3110 1525 3202 1565 me
3233 1513 3522 1567 secundas
3542 1516 3602 1567 et
3625 1514 3836 1572 tertias

2170 1596 2409 1669 nuptias
2460 1598 2517 1652 in
2566 1597 2814 1653 Domino
2862 1598 3252 1656 consensisse.
3285 1600 3392 1664 Qui
3444 1603 3734 1659 secundas
3778 1609 3838 1660 et

2169 1686 2375 1742 tertias
2392 1703 2507 1742 non
2526 1686 2821 1757 damnavi,
2848 1688 3100 1759 primum
3127 1689 3284 1760 potui
3319 1691 3600 1746 damnare
3632 1693 3835 1748 matri-

398 1781 877 1854 reliquerit,post
907 1795 1095 1834 annos
1124 1778 1190 1834 lO
1219 1777 1467 1848 accipiat
1496 1777 2058 1845 communionem,si
2090 1758 2136 1823 Β
2170 1775 2464 1831 monium?
2480 1776 2870 1843 Item,ibidem,
2894 1775 3200 1848 aliquando
3218 1787 3358 1849 post.
3393 1778 3519 1834 Non
3551 1780 3832 1837 damnavi

397 1887 551 1938 eam,
569 1886 701 1925 cum
722 1868 921 1924 scierit
937 1869 1005 1924 ad
1017 1867 1283 1937 ulleram,
1308 1865 1506 1938 aliquo
1524 1871 1786 1938 tempore
1804 1868 1862 1923 in
1881 1869 2054 1924 domo

399 1976 508 2014 sua
539 1958 865 2013 retinuerit.

397 2052 533 2104 CAP.
562 2048 687 2103 265.
722 2078 787 2088 —
818 2047 893 2103 Ne
937 2049 1159 2118 propter
1202 2044 1459 2115 ﬁliorum
1504 2045 1837 2102 desiderium
1890 2047 2056 2103 alteri

426 2126 431 2133 '
465 2119 706 2190 fecunda
734 2135 876 2175 uxor
903 2117 1532 2190 tradatur.Augustinus
1551 2122 1741 2173 contra
1768 2119 2053 2190 lulianum

467 2188 537 2245 ad
587 2190 900 2259 Claudium,
936 2191 1032 2247 lib.
1060 2206 1117 2255 v,
1149 2206 1270 2257 cap.
1313 2188 1347 2242 9
1396 2188 1566 2257 (idem
1613 2191 1780 2259 refert
1826 2189 1924 2245 lib.
1976 2192 2054 2244 De

468 2264 603 2317 bono
659 2264 901 2335 conjug,
942 2278 989 2317 c.
1041 2263 1146 2330 18;
1197 2276 1419 2315 rursum
1477 2265 1555 2316 De
1611 2261 1716 2330 ﬁde
1772 2264 1823 2316 et
1877 2277 2048 2333 cper.,

465 2350 511 2389 c.
538 2336 616 2404 7).

464 2421 629 2478 Sicut
660 2421 867 2478 fecisse
896 2424 1033 2478 Cato
1066 2420 1427 2493 perhibetur,
1445 2420 1516 2475 ab
1538 2436 1604 2476 eo
1633 2420 1755 2476 viro
1788 2420 1891 2492 qui
1920 2420 2049 2493 plu-

391 2525 483 2566 res
517 2528 632 2567 non
661 2511 790 2567 vult
809 2511 1107 2583 suscipere
1128 2508 1300 2577 filios,
1317 2508 1482 2565 alteri
1502 2509 1747 2565 fecunda
1770 2509 2050 2582 [fetanda]

390 2615 535 2655 uxor
563 2617 677 2656 non
710 2601 999 2655 tradatur.

391 2689 526 2744 CAP.
559 2689 680 2742 266.
719 2721 783 2730 ——
821 2690 891 2743 De
922 2686 1237 2759 abjicienda
1291 2688 1574 2742 adultera.
1625 2687 1877 2743 Codicum
1943 2688 2045 2747 lib.

459 2778 545 2827 1x,
576 2777 702 2830 cup.
734 2761 788 2824 9,
821 2763 908 2814 tit.
943 2777 984 2814 ιι
1016 2761 1222 2830 (tit.1x,
1246 2761 1318 2815 ad
1338 2760 1510 2830 legem
1537 2759 1743 2814 Iuliam
1771 2760 1840 2815 de
1869 2759 2045 2817 adult.

463 2841 516 2884 et
546 2835 723 2901 slupr.
757 2832 853 2885 lib.
887 2832 975 2897 II).

463 2919 693 2975 Crimen
720 2918 990 2974 lenocinii
1016 2918 1393 2984 contrahunt,
1423 2918 1965 2991 quideprehensam
1985 2924 2042 2977 in

391 3006 678 3063 adulterio
704 3024 942 3063 uxorem
966 3007 1039 3062 ad
1072 3005 1518 3063 matrimonium
1542 3007 2042 3080 detinuerint,non

386 3096 485 3166 qui
517 3100 851 3165 suspectam
884 3096 1210 3152 adulteram
1242 3095 1578 3151 habuerint.

385 3186 522 3241 CAP.
543 3186 669 3241 267.
695 3216 759 3226 -—
795 3189 871 3241 De
897 3186 1255 3269 excusatione
1280 3184 1463 3241 Sorae.
1499 3186 1712 3251 Haimo,
1741 3202 1906 3258 super
1936 3185 2037 3242 Ge-

1112 3271 1314 3311 neum.

399 3359 402 3363 ‘
451 3346 563 3418 (32,
597 3362 653 3418 q.
685 3346 736 3414 1,
769 3362 819 3401 c.
856 3344 1009 3417 Apud
1038 3343 1492 3417 misericordem.)
1525 3345 1801 3402 Excusari
1849 3350 2040 3418 potest

380 3435 597 3490 Sarain
619 3435 729 3490 hoc
747 3436 900 3506 quod
936 3434 993 3488 in
1030 3435 1270 3490 domum
1297 3434 1621 3490 Pharaonis
1646 3433 1935 3490 translata
1950 3442 2038 3491 est

376 3522 561 3578 invita
592 3523 679 3578 vel
712 3531 913 3578 coacta
938 3521 1093 3591 (Gen.
1134 3523 1252 3594 xx),
1293 3538 1408 3578 non
1443 3522 1636 3579 solum
1667 3523 1724 3578 in
1757 3522 1866 3579 hoc
1896 3525 2037 3596 quia

377 3628 493 3667 non
525 3610 936 3682 coinquinatur
966 3628 1198 3682 corpus,
1233 3611 1345 3667 nisi
1376 3628 1443 3667 ex
1473 3628 1763 3669 consensu
1799 3615 2032 3680 mentis,

375 3700 478 3757 sed
505 3700 681 3755 etiam
716 3700 773 3754 in
806 3699 914 3755 hoc
945 3702 1127 3771 quod,
1158 3701 1541 3757 conveniente
1573 3706 1629 3757 et
1654 3703 2033 3773 permittente

374 3790 520 3856 viro,
553 3790 771 3844 factum
800 3793 889 3843 est
920 3789 1053 3844 hoc.

372 3883 505 3934 CAP.
538 3879 665 3951 268.
701 3909 767 3951 -έ
796 3883 906 3934 Nec
951 3879 1140 3948 plures
1182 3879 1404 3948 nuptias
1452 3880 1697 3944 laudari,
1728 3896 1827 3935 nec
1851 3884 2049 3951 guan-‘

445 3949 662 4005 taslibet
715 3950 991 4005 damnari.
1033 3951 1388 4018 Augustinus,
1443 3951 1513 4004 De
1555 3951 1694 4005 bona
1742 3949 2031 4008 viduitatis

766 4127 816 4165 c.
851 4108 998 4177 Quod
1036 4109 1090 4163 si
1117 4106 1455 4180 dormierit.)
1488 4113 1566 4164 De
1614 4110 1803 4165 tertiis
1851 4115 1908 4165 et
1958 4113 2030 4167 de

2164 1864 2451 1936 digamos,
2481 1864 2601 1920 imo
2639 1881 2740 1920 nec
2772 1866 3075 1936 trigamos,
3111 1871 3168 1922 et
3198 1866 3247 1921 si
3277 1867 3391 1922 dici
3443 1872 3631 1940 potest
3659 1876 3825 1928 octo-

2161 1968 2384 2024 gamos.
2416 1957 2577 2021 Item,
2605 1970 2722 2008 non
2752 1955 2833 2009 ita
2859 1955 3053 2025 procul
3083 1972 3119 2009 a
3145 1956 3277 2026 ﬁne.
3302 1956 3418 2028 Ego
3453 1973 3608 2013 nunc
3641 1958 3829 2015 libera

2161 2057 2296 2097 voce
2328 2042 2624 2113 proclamo
2659 2058 2774 2097 non
2807 2043 3076 2098 damnari
3110 2043 3165 2098 in
3195 2044 3450 2101 Ecclesia
3478 2045 3825 2119 digamiam,

2162 2130 2278 2186 imo
2310 2147 2416 2186 nec
2445 2131 2875 2202 trigamiam,et
2907 2132 2987 2187 ita
3017 2131 3190 2188 licere
3222 2134 3447 2204 quinto,
3467 2147 3526 2189 et
3553 2140 3742 2208 sexto,
3762 2142 3822 2193 et

2161 2219 2331 2287 ultra,
2366 2221 2659 2291 quomodo
2690 2224 2745 2276 et
2776 2221 3034 2276 secundo
3066 2224 3274 2278 marito
3306 2223 3545 2279 nubere.

2159 2319 2293 2375 CAP.
2325 2318 2542 2390 271.7—
2578 2319 2641 2375 Ut
2670 2329 2871 2374 matres
2919 2335 3038 2390 quae
3084 2321 3315 2375 tutelam
3347 2321 3593 2389 ﬁliorum
3636 2326 3819 2380 susci-

2229 2404 2357 2459 pere
2380 2389 2588 2515 ζιέἓιιιηι,
2610 2390 2679 2445 ad
2710 2392 2852 2446 alias
2880 2389 3106 2464 nuptias
3133 2409 3243 2448 non
3274 2395 3728 2465 transeant,libro
3760 2414 3821 2467 ν,

2229 2477 2346 2515 can.
2459 2507 2466 2514 .

2228 2477 2346 2531 cap.
2380 2477 2466 2515 66.

2229 2554 2442 2604 Matres
2475 2565 2608 2620 quae
2637 2549 2875 2606 amissis
2892 2550 3031 2607 viris
3049 2551 3290 2607 tutelam
3316 2552 3819 2612 administrando-

2158 2654 2288 2692 rum
2324 2639 2689 2710 negotiorum
2742 2639 2796 2692 in
2847 2639 3063 2695 liberos
3110 2641 3430 2709 postulant,
3464 2643 3816 2716 priusquam

2155 2726 2522 2783 conﬁrmatio
2545 2727 2720 2783 officii
2744 2728 2881 2784 talis
2901 2728 2958 2783 in
2984 2730 3231 2801 eosjure
3253 2731 3502 2799 eveniat,
3519 2732 3817 2789 fateantur

2157 2817 2299 2871 actis
2333 2822 2696 2872 sacramento
2728 2817 2985 2889 prmstito
3018 2819 3087 2874 ad
3125 2818 3270 2874 alias
3302 2836 3364 2874 se
3398 2822 3633 2893 nuptias
3691 2841 3809 2879 non

2155 2905 2369 2960 venire.
2387 2905 2536 2961 Sane
2558 2905 2615 2960 in
2638 2907 2874 2976 optione
2897 2905 3234 2977 hujusmodi
3258 2907 3421 2963 nulla
3440 2916 3682 2983 cogatur
3704 2913 3807 2967 sed

2152 2994 2335 3049 libera
2365 2994 2424 3049 in
2465 2995 2830 3051 conditiones
2876 3012 3024 3068 quas
3072 2996 3473 3067 praestitimus,
3506 2998 3809 3058 voluntate

2154 3082 2490 3139 descendat.
2512 3082 2748 3153 Nam,si
2774 3082 3002 3139 malunt
3033 3083 3147 3140 alia
3177 3090 3376 3157 optare
3409 3089 3803 3159 matrimonia,

2155 3170 2367 3226 tutelas
2400 3171 2654 3227 filiorum
2688 3173 3101 3229 administrare
3134 3192 3246 3230 non
3273 3176 3508 3232 debent.

2148 3268 2281 3324 CAP.
2314 3269 2439 3323 272.
2467 3300 2533 3310 --
2565 3270 2637 3325 De
2665 3287 2828 3341 paena
2860 3271 3118 3327 nubentis
3156 3274 3350 3330 vidum
3398 3276 3549 3330 intra
3594 3293 3809 3332 annum

2218 3342 2414 3395 luctus.
2442 3341 2792 3467 Noivfllarum
2842 3344 3296 3400 constitutionum
3327 3347 3608 3417 trigesima
3634 3349 3806 3422 septi-

2220 3429 2335 3467 ma.
2361 3429 2478 3467 cap.
2514 3442 2515 3445 η
2583 3455 2598 3467 .

2319 3455 2335 3479 ,
2361 3429 2478 3483 cap.
2514 3429 2598 3470 11.

2214 3499 2517 3566 Similiter,
2549 3501 2597 3556 si
2631 3500 2844 3557 mulier
2871 3505 3004 3574 post
3035 3507 3284 3559 mortem
3310 3506 3804 3575 mariti,nondum

2143 3590 2341 3644 annali
2387 3588 2576 3661 spatio
2624 3590 2937 3661 completo,
2970 3591 3038 3645 ad
3074 3593 3362 3649 secundas
3409 3599 3807 3668 properaverit

2141 3677 2401 3750 nuptias,
2425 3678 2583 3734 omni
2616 3679 2853 3748 quidem
2884 3680 3054 3734 modo
3086 3680 3239 3735 inter
3269 3681 3521 3738 infames
3543 3684 3673 3754 erit;
3697 3688 3801 3741 sed

2141 3767 2188 3822 si
2223 3766 2459 3838 quidem
2491 3766 2704 3823 liberos
2730 3783 2843 3822 non
2869 3766 3080 3823 habeat
3096 3785 3166 3824 ex
3189 3769 3378 3837 priore
3401 3772 3800 3843 matrimonio,

2138 3856 2443 3911 infamiam
2477 3856 2711 3925 quidem
2745 3854 2969 3912 solvere
2991 3858 3223 3929 poterit,
3254 3854 3302 3914 si
3328 3863 3802 3936 precesimpera-

2137 3943 2247 3996 tori
2281 3942 2619 4012 porrexerit,
2654 3946 2711 3996 et
2740 3941 2935 3998 divino
2971 3944 3255 4016 principis
3287 3951 3431 4002 nutu
3463 3951 3641 4020 priori
3672 3954 3802 4024 opi-

2139 4030 2312 4085 nione
2331 4031 2604 4085 restituta
2622 4031 2814 4086 fuerit.
2841 4032 2954 4087 Res
2972 4038 3167 4088 autem
3186 4050 3217 4088 a
3238 4035 3430 4105 priore
3452 4039 3661 4096 marito
3683 4040 3808 4099 sibi

2138 4119 2370 4173 relictas
2399 4119 2559 4175 nullo
2591 4120 2765 4174 modo
2792 4119 3137 4178 lucrabitur.
3452 4122 3457 4126 ’

372 4203 698 4271 quartis,et
719 4200 788 4255 de
810 4199 965 4255 ultra
988 4199 1256 4271 pluribus
1288 4197 1738 4270 nuptiis,solent
1760 4200 2029 4258 homines
2134 4214 2264 4263 CAP.
2298 4208 2432 4287 273._
2456 4240 2523 4248 —
2558 4209 2856 4287 Ut_mulier
2902 4213 2957 4287 si
2994 4212 3081 4287 ad
3127 4213 3387 4287 secundas
3416 4220 3642 4287 nuptias
3690 4222 3801 4275 mi-

373 4304 602 4343 movere
632 4288 1030 4359 quaestionem.
1058 4287 1220 4343 Unde
1251 4292 1315 4342 ut
1338 4287 1588 4343 breviter
1617 4290 2027 4361 respondeam,

376 4392 477 4430 nec
510 4376 663 4431 ullas
696 4377 933 4447 nuptias
956 4377 1141 4432 audeo
1173 4376 1597 4444 damnare,nec
1627 4377 1714 4432 eis
1747 4395 2030 4434 verecun-

373 4466 530 4519 diam
564 4464 1008 4520 numerositatis
1040 4466 1287 4520 auferre.
1312 4467 1468 4533 Item,
1501 4466 1709 4521 ibidem
1735 4468 1835 4521 sub
1865 4470 2030 4537 ﬁnem

373 4570 491 4624 cap.
517 4553 629 4607 Nec
662 4558 867 4607 contra
898 4553 1169 4608 humanae
1195 4553 1554 4609 verecundiae
1577 4571 1819 4611 sensum
1843 4557 2028 4612 audeo

374 4643 567 4697 dicere
592 4640 912 4711 ut,quoties
936 4640 1348 4711 voluerit,viris
1371 4642 1642 4711 mortuis,
1665 4644 1847 4699 nubat
1863 4643 2027 4698 femi-

372 4748 480 4799 na;
516 4746 619 4783 nec
649 4745 717 4783 ex
748 4746 877 4784 meo
908 4730 1080 4785 corde
1115 4735 1322 4801 praeter
1345 4730 1657 4801 Scriptura:
1689 4736 1900 4786 sanctae
1925 4750 2027 4788 au-

369 4820 720 4885 ctoritatem,
744 4818 1100 4891 quotaslibet
1134 4818 1574 4891 [quantaslibel,
1594 4821 1760 4892 orig.)
1790 4822 2027 4893 nuptias

374 4908 560 4964 audeo
592 4910 1006 4965 condemnare.

368 4998 502 5052 CAP.
526 4998 652 5051 269.
686 5028 754 5038 —
787 4998 940 5066 Quod
965 4996 1220 5053 secundae
1267 4997 1479 5069 nuptiae
1526 4998 1699 5055 licitae
1746 5000 1881 5054 sint.
1915 5000 2025 5054 Au-

438 5072 691 5140 gustinus
721 5078 909 5125 contra
938 5071 1319 5125 adversarium
1344 5068 1505 5140 legis
1530 5072 1581 5123 et
1603 5070 2023 5141 prophetarum,

442 5143 538 5196 lib.
572 5159 609 5196 Il
643 5142 786 5212 (cap.
819 5142 895 5209 9).

440 5230 554 5302 (32,
586 5248 642 5301 q.
676 5231 730 5295 4,
764 5247 813 5284 c.
849 5231 953 5285 Iste
980 5230 1258 5297 Abrahae.)
1290 5232 1404 5284 Iste
1436 5228 1682 5285 Abrahae
1710 5229 1887 5284 etiam
1920 5246 2023 5285 us-

368 5337 482 5390 que
512 5321 580 5375 ad
615 5319 969 5391 decrepitam
1006 5323 1368 5375 senectutem
1419 5317 1823 5373 fornicationis
1871 5318 2021 5389 obji-

2204 4281 2486 4405 gravegr3it,
2551 4279 2757 4351 prioris
2808 4283 3004 4338 mariti
3051 4284 3354 4357 privilegio
3405 4279 3515 4343 non
3573 4299 3799 4364 utatur,

2205 4368 2323 4405 ι’(ιι).
2404 4376 2448 4405 ’.

2205 4368 2323 4422 cap.
2359 4368 2448 4405 zu.

2207 4439 2415 4495 Mulier
2443 4456 2574 4510 quae
2604 4440 2676 4494 ad
2708 4441 3000 4496 secundas
3030 4442 3303 4514 migravit
3335 4447 3593 4519 nuptias,
3614 4450 3799 4520 privi~

2136 4527 2305 4600 legiis
2334 4528 2423 4583 vel
2451 4529 2838 4600 dignitatibus
2879 4529 3088 4601 prioris
3122 4533 3314 4588 mariti
3350 4552 3462 4590 non
3500 4540 3703 4595 utitur.
3736 4541 3797 4597 Si

2139 4628 2333 4673 autem
2384 4617 2493 4673 hac
2541 4618 2947 4675 observatione
2996 4625 3271 4677 contenta
3318 4628 3613 4683 secundas
3661 4645 3798 4687 con-

2138 4706 2379 4761 traxerit
2410 4707 2664 4779 nuptias,
2698 4723 2813 4762 non
2869 4708 3060 4763 solum
3095 4726 3185 4764 res
3217 4709 3427 4783 ipsius,
3459 4716 3512 4769 id
3548 4722 3638 4771 est
3670 4736 3795 4774 ma-

2138 4797 2267 4860 tris,
2301 4795 2501 4851 liberis
2530 4797 2658 4866 ejus
2693 4796 3026 4867 hypothecm
3060 4798 3229 4853 titulo
3269 4810 3653 4877 supponatur,
3689 4811 3790 4864 sed

2137 4885 2312 4940 etiam
2349 4901 2439 4940 res
2469 4884 2761 4950 vitrici,ex
2782 4887 3084 4956 praesentis
3116 4890 3553 4949 constitutionis
3586 4902 3793 4953 aucto-

2138 4974 2326 5029 ritate.

2136 5064 2263 5118 CAP.
2281 5063 2407 5118 27/1.
2433 5092 2500 5103 -—
2525 5062 2594 5117 De
2615 5061 2820 5117 eodem.
2847 5063 3173 5146 Constitutio
3212 5071 3536 5138 octogesima
3563 5084 3794 5146 gum-la,

2853 5151 2974 5207 cap.
3014 5141 3059 5193 l.

2203 5222 2259 5277 Si
2282 5226 2469 5277 mater
2492 5221 2699 5276 marito
2725 5223 3003 5279 defuncto
3018 5223 3269 5282 filiorum
3286 5245 3527 5286 suorum
3546 5233 3793 5290 tutelam

2133 5314 2463 5383 gubernare
2494 5309 2789 5377 maluerit,
2825 5313 3121 5368 renuntiet
3151 5318 3429 5373 secundis
3462 5322 3706 5392 nuptiis,
3732 5324 3793 5380 in

366 5409 447 5463 cit
504 5410 748 5478 crimen,
784 5408 1040 5480 profecto
1098 5407 1234 5476 quia
1282 5410 1338 5461 et
1390 5413 1519 5478 post
1576 5410 1822 5461 mortem
1873 5411 2022 5463 Sara:

2172 5399 2373 5467 λάἱείο,
2397 5400 2517 5455 sive
2538 5399 2992 5471 injusjuraudo,
3019 5418 3109 5457 res
3129 5409 3326 5461 autem
3360 5424 3501 5465 suas
3530 5409 3652 5467 {ilio
3683 5429 3794 5469 suo

367 5497 609 5553 alteram
667 5498 834 5553 duxit
890 5497 1043 5567 (Gen.
1099 5499 1251 5564 xxv).
1314 5494 1419 5551 Ubi
1478 5494 1586 5551 etsi
1647 5494 1873 5552 nullum
1932 5497 2020 5552 in-

363 5584 730 5659 telligeretur
784 5587 866 5642 rei
924 5585 1139 5643 abditae
1197 5588 1633 5643 sacramentum
1679 5603 1695 5639 :

2131 5488 2422 5561 impuberi
2455 5488 2693 5562 obliget,
2718 5494 2887 5562 atquc
2911 5490 2989 5546 ita
3018 5492 3068 5547 ei
3100 5493 3283 5551 tutela
3317 5502 3742 5559 committatur.

1784 5590 2023 5660 propter
2130 5588 2265 5646 CAP.
2298 5587 2423 5643 275.
2457 5619 2525 5629 —
2568 5587 2709 5657 Quid
2759 5590 2829 5645 sit
2876 5590 3195 5663 fornicatio.
3226 5599 3567 5666 Augustinus
3621 5616 3793 5673 super
