4002 6054
135 227 251 282 645

217 354 527 426 βρὶειοιατη
555 355 626 409 ad
652 356 873 411 Galatas
902 355 986 426 (in
1014 371 1061 410 c.
1093 373 1148 426 v,
1180 356 1253 411 ad
1281 358 1442 411 illum
1472 358 1651 414 locum
1680 376 1699 414 :

219 423 526 481 Manifesta
554 431 695 481 sunt
726 423 921 482 autem
954 423 1142 498 opera
1161 428 1354 483 carnis
1383 438 1515 483 ante
1544 431 1690 500 ﬁn.).

218 523 544 578 Fornicatio
574 528 665 579 est
692 540 858 579 amor
888 523 1151 595 legitimo
1174 525 1470 581 connubio
1494 527 1730 584 solutus
1751 536 1809 586 et

138 629 349 685 vagus,
382 611 680 684 explenda:
710 613 977 668 libidinis
1023 616 1414 669 consectando
1446 614 1766 673 licentiam.

144 706 277 758 CAP.
327 702 453 757 276.
513 733 582 742 —
642 703 922 768 Quantum
975 709 1267 773 peccatum
1320 705 1431 759 sint
1487 706 1698 761 cubilia
1753 713 1807 762 et

219 774 600 916 ῗγηριέάὲσέςιειν.
651 776 987 845 Augustinus
1034 774 1104 829 ad
1150 776 1440 831 Aurelium
1488 780 1808 849 episcopum

236 862 350 915 epis
380 886 392 900 .
522 887 535 900 .

236 855 392 900 epist.
418 855 487 900 (54
500 855 535 900 l.

216 849 826 980 εἰξὶςὲίὲἐζιθοιίοηίε
876 941 891 980 :
943 929 1063 983 Non
1103 927 1164 981 in
1220 929 1713 984 comessationibus
1755 927 1810 986 et

142 1013 534 1079 ebrietatibus,
565 1029 677 1067 non
708 1017 767 1068 in
795 1013 1071 1069 cubilibus
1101 1022 1153 1069 et
1180 1016 1572 1085 impudicitiis,
1605 1033 1717 1073 non
1748 1020 1804 1073 in

141 1105 492 1159 contentione
520 1107 573 1159 et
620 1102 741 1158 dolo
788 1105 962 1171 (Rom.
994 1104 1160 1174 xm);
1214 1104 1423 1160 horum
1470 1106 1651 1161 trium
1703 1123 1803 1162 cu-

146 1191 291 1247 bilia
319 1196 377 1248 et
402 1191 783 1264 impudicitia;
805 1192 885 1247 ita
908 1191 1131 1247 malum
1156 1194 1378 1248 crimen
1412 1199 1716 1266 putantur,
1745 1200 1808 1251 ut

147 1297 322 1336 nemo
350 1280 566 1352 dignus
590 1297 701 1335 non
727 1281 897 1337 modo
918 1280 1316 1337 ecclesiastico
1342 1283 1805 1350 ministerio,sed

137 1369 274 1441 ipsa
303 1369 481 1424 etiam
514 1374 1019 1424 sacramentorum
1069 1371 1486 1428 communione
1514 1373 1802 1441 videatur,

134 1458 240 1531 qui
279 1474 341 1513 se
373 1458 487 1513 isto
520 1462 758 1529 peccato
813 1458 1236 1529 maculaverit;
1267 1464 1325 1515 et
1354 1465 1507 1516 recte
1539 1463 1802 1520 omnino.

138 1550 276 1605 CAP.
309 1549 433 1601 277.
468 1578 534 1588 —
565 1547 724 1615 Quod
751 1563 861 1602 non
911 1563 1071 1603 omne
1115 1551 1542 1606 matrimonium
1570 1553 1643 1607 sit
1673 1567 1806 1608 con-

210 1620 456 1694 j_ugium.
485 1620 869 1694 Hieronymus,
922 1620 1157 1694 libram
1185 1638 1354 1693 super
1399 1623 1705 1694 Epistolam
1733 1624 1806 1680 ad

218 1690 478 1759 Ephesios
505 1692 589 1759 (in
615 1706 664 1745 c.
698 1708 751 1757 v,
784 1692 931 1746 circa
960 1691 1147 1757 med.).

217 1779 331 1850 (32,
360 1796 412 1851 ι).
447 1780 501 1844 2,
534 1795 584 1834 c.
623 1779 775 1835 Sicut
821 1794 931 1834 non
979 1780 1203 1851 omnis).
1256 1782 1420 1837 Sicut
1459 1799 1575 1838 non
1608 1784 1803 1841 omnis

136 1865 518 1939 congregatio
549 1866 954 1923 haereticorum
1001 1867 1214 1924 Christi
1262 1869 1521 1926 Ecclesia
1550 1871 1667 1927 dici
1698 1888 1800 1943 p0-

137 1959 282 2027 test,
311 1972 417 2012 nec
445 1960 622 2028 caput
649 1972 854 2012 eorum
885 1955 1154 2013 Christus
1195 1962 1315 2025 est;
1362 1958 1447 2014 sic
1481 1976 1594 2015 non
1626 1977 1799 2018 omne

141 2044 590 2102 matrimonium
625 2061 740 2118 quo
773 2062 888 2100 non
922 2062 1067 2101 uxor
1095 2046 1218 2102 viro
1270 2049 1598 2105 secundum
1630 2048 1800 2106 Chri-

138 2135 219 2190 sti
246 2138 533 2207 praecepta
561 2134 964 2205 conjungitur,
996 2134 1106 2190 rite
1137 2136 1480 2208 conjugium
1514 2138 1799 2211 appellari

137 2227 359 2295 potest,
393 2224 495 2279 sed
528 2222 719 2294 magis
748 2222 1130 2278 adulterium.

136 2316 271 2387 CAP.
303 2313 432 2387 218.
464 2342 535 2354 —
565 2311 714 2387 Quod
744 2314 923 2387 omnis
953 2311 1247 2387 immunda
1273 2315 1508 2384 pollutio
1545 2316 1795 2387 fornica-

200 2386 283 2440 tio
311 2383 535 2440 dicitur.
567 2383 829 2450 Isidorus,
859 2382 1389 2441 Sententiarum—lib.
1414 2403 1475 2455 ιι,
1499 2382 1618 2459 cap.
1642 2390 1729 2443 39.

212 2473 420 2529 Omnis
476 2472 787 2528 immunda
863 2471 1110 2545 pollutio
1186 2474 1489 2531 fornicatio
1557 2476 1795 2546 dicitur,

133 2562 409 2635 quamvis
430 2562 678 2634 quisque
701 2561 1327 2634 diversaturpitudinis
1347 2563 1641 2637 voluptate
1664 2583 1797 2638 pro-

129 2653 441 2707 stituatur.
493 2655 572 2706 Ex
620 2648 1007 2706 delectatione
1051 2651 1208 2706 enim
1259 2651 1588 2708 fornicandi
1637 2654 1798 2710 varia

130 2741 468 2813 gignuntur
497 2738 741 2811 ﬂagitia,
776 2740 995 2811 quibus
1040 2740 1141 2795 Dei
1193 2756 1440 2812 regnum
1473 2741 1793 2813 clauditur,

128 2834 193 2886 et
227 2831 403 2885 homo
432 2828 503 2885 ab
535 2845 602 2884 eo
633 2826 691 2902 [a
719 2827 858 2897 Deo,
886 2830 1052 2901 orig.]
1084 2834 1412 2901 separatur.

130 2923 265 2974 CAP.
297 2918 425 2972 279.
456 2948 524 2957 —-
574 2917 729 2986 Quod
772 2919 997 2973 nomine
1043 2918 1288 2974 moechis:
1332 2921 1515 2975 omnis
1563 2920 1795 2979 illicitus

210 2990 529 3045 concubitus
578 2988 641 3044 in
693 2987 818 3060 lege
858 2988 1241 3062 intelligatur.
1291 2993 1645 3062 Augustinus,
1695 2995 1791 3050 lib.

210 3062 595 3129 Quaestionum
626 3060 961 3138 :‘n_E:codum
991 3060 1075 3132 (in
1104 3062 1244 3138 libro
1273 3060 1639 3135 quaestionum
1667 3082 1791 3138 sep-

209 3143 371 3198 tem.,
400 3149 525 3205 cap.
557 3149 632 3188 xx
666 3132 868 3201 Exod.,
900 3138 1093 3203 quaest.
1123 3134 1237 3203 7-1).

211 3220 421 3278 Omnis
442 3221 693 3277 mcechia
710 3222 885 3277 etiam
914 3221 1222 3278 fornicatio
1244 3222 1302 3278 in
1324 3223 1627 3297 Scriptura
1647 3226 1797 3281 dici-

130 3316 241 3365 tur
275 3328 290 3366 :
323 3311 425 3366 sed
477 3315 677 3366 utrum
728 3309 907 3366 etiam
958 3311 1153 3366 omnis
1201 3311 1508 3367 fornicatio
1551 3314 1801 3370 mcechia

139 3400 255 3455 dici
289 3398 497 3471 possit,
530 3399 591 3454 in
623 3398 844 3455 eisdem
875 3399 1194 3472 Scripturis
1225 3417 1340 3455 non
1383 3400 1530 3456 mihi
1563 3402 1799 3459 interim

136 3487 393 3543 occurrit
421 3486 734 3543 locutionis
751 3486 1112 3560 exemplum.
1132 3488 1241 3543 Sed
1262 3488 1311 3544 si
1330 3490 1523 3544 omnis
1547 3489 1798 3547 fornica-

135 3578 217 3631 tio
237 3576 417 3632 etiam
439 3575 688 3632 moechis
711 3576 825 3632 dici
851 3593 965 3632 non
990 3582 1179 3647 potest
1204 3595 1217 3633 :
1246 3578 1344 3632 ubi
1369 3578 1447 3633 sit
1479 3578 1537 3632 in
1563 3578 1801 3635 Decalo-

145 3682 219 3738 go
253 3664 551 3738 prohibita
594 3664 697 3720 illa
747 3665 1051 3720 fornicatio
1097 3682 1275 3737 quam
1309 3666 1533 3721 faciunt
1561 3666 1670 3722 viri
1702 3669 1802 3739 qui

142 3771 359 3811 uxores
378 3771 490 3810 non
516 3753 732 3810 habent
756 3770 888 3810 cum
921 3754 1157 3809 feminis
1178 3770 1305 3824 quae
1332 3754 1489 3811 viros
1511 3756 1800 3826 [maritos,

141 3843 309 3914 orig.)
342 3859 457 3897 non
506 3842 745 3910 habent,
794 3848 988 3898 utrum
1038 3842 1286 3898 inveniri
1333 3845 1540 3915 possit,
1574 3843 1798 3915 ignoro.

139 3932 252 3987 Sed
284 3931 334 3987 si
368 3930 508 3986 furti
540 3931 779 3986 nomine
809 3931 955 3986 bene
988 3929 1343 4002 intelligitur
1373 3932 1567 3989 omnis
1597 3932 1805 3989 illicita

144 4020 453 4092 usurpatio
485 4020 566 4076 rei
599 4020 803 4076 aliena
835 4023 975 4090 (non
1010 4021 1168 4076 enim
1209 4020 1478 4093 rapinam
1511 4022 1802 4093 permisit,

143 4110 247 4182 qui
281 4110 503 4165 furtum
538 4109 860 4182 prohibuit,
894 4110 995 4165 sed
1028 4110 1231 4181 utique
1262 4127 1296 4165 a
1325 4115 1487 4181 parte
1510 4116 1698 4167 totum
1722 4113 1804 4167 in-

144 4198 330 4271 telligi
353 4198 556 4266 voluit,
577 4198 868 4270 quidquid
894 4197 1094 4253 illicite
1119 4214 1309 4253 rerum
1337 4200 1584 4268 proximi
1606 4201 1803 4256 auter-

143 4288 286 4359 tur),
320 4287 578 4360 profecto
608 4288 845 4343 nomine
879 4287 1139 4342 mmcbiie
1162 4288 1356 4342 omnis
1390 4286 1634 4343 illicitus
1666 4305 1801 4344 con-

142 4376 402 4444 cubitus,
435 4379 613 4447 atque
643 4375 880 4431 illorum
926 4376 1322 4432 membrorum
1356 4392 1470 4431 non
1502 4375 1802 4449 legitimus

145 4482 294 4520 usus
326 4465 656 4536 prohibitus
685 4466 859 4521 debet
892 4465 1163 4537 intelligi.

142 4558 274 4609 CAP.
306 4555 434 4610 280.
466 4585 536 4595 —
564 4554 958 4610 Paenitentiam
977 4555 1287 4623 conjugatis
1306 4572 1417 4611 non
1435 4557 1548 4611 nisi
1575 4572 1645 4611 ea:
1673 4574 1800 4613 con-

206 4642 371 4681 sensu
401 4628 672 4682 dandam.
709 4627 1019 4683 Concilium
1047 4628 1371 4683 Arelatense
1402 4645 1464 4693 ιι,
1495 4645 1614 4699 cap.
1649 4631 1741 4684 22.

220 4715 624 4772 Paenitentiam
674 4716 1004 4788 conjugatis
1054 4732 1168 4771 non
1221 4715 1331 4771 nisi
1382 4734 1451 4772 ex
1506 4733 1800 4773 consensu

144 4804 426 4859 dandam.

142 4893 270 4949 CAP.
301 4893 426 4949 281.
463 4923 531 4934 --
561 4894 635 4949 De
667 4894 1006 4950 Paenitentia
1034 4902 1403 4949 uxoratorum
1432 4893 1485 4948 si
1511 4893 1690 4949 semel
1717 4894 1801 4949 la-

267 4967 361 5036 psi
384 4967 620 5036 fuerint.
647 4966 1053 5022 Elzberitanum
1082 4966 1403 5030 concilium,
1434 4982 1552 5037 cap.
1585 4966 1675 5021 69.

217 5053 331 5122 (33,
362 5070 415 5126 q.
448 5055 502 5121 4,
533 5072 581 5111 c.
604 5054 1040 5125 Pwnitentiam).
1065 5055 1128 5110 Si
1159 5055 1293 5126 quis
1319 5055 1541 5111 habens
1566 5071 1803 5112 uxorem

147 5142 332 5198 semel
363 5143 536 5199 fuerit
555 5144 780 5216 lapsus,
806 5143 1028 5217 placuit
1046 5161 1179 5200 eum
1203 5144 1610 5217 quinquennio
1634 5161 1805 5217 agere

148 5232 361 5287 debere
391 5233 816 5305 pmnitentiam.
850 5235 1003 5303 Item,
1039 5233 1266 5290 ibidem.
1303 5235 1416 5290 Hoc
1446 5238 1503 5289 et
1534 5232 1687 5290 circa
1718 5235 1804 5289 fe-

148 5319 343 5377 minas
373 5321 807 5378 observandum
840 5328 952 5380 est.

148 5410 279 5465 CAP.
311 5410 435 5463 282.
467 5441 537 5452 -—-
564 5412 639 5467 De
666 5413 993 5481 paenitentia
1023 5412 1141 5481 ejus
1183 5412 1281 5483 qui
1311 5411 1521 5466 habens
1552 5430 1803 5482 uxorem,

272 5498 401 5537 cum
422 5483 624 5540 Iudaea
657 5485 738 5540 vel
765 5482 964 5552 gentili
996 5482 1400 5553 lapsus’fuerit,
1435 5500 1554 5554 cap.
1588 5487 1677 5542 78.

219 5571 277 5626 Si
308 5572 441 5643 quis
493 5573 681 5629 ﬁdelis
732 5572 956 5629 habens
1009 5588 1249 5628 uxorem
1301 5589 1433 5628 cum
1482 5574 1689 5630 Judaea
1717 5574 1805 5631 vel

1068 233 1383 289 DECRETI
1424 237 1609 291 PARS
1646 238 1796 293 VIII.
1825 266 1891 278 —
1919 242 2018 293 DE
2056 241 2448 315 CONJUGIIS,
2491 247 2648 302 ETC.

3459 257 3564 313 646

1830 366 1882 428 Α
1912 364 2118 433 gentili
2150 367 2322 421 fuerit
2354 370 2695 439 mcechatus,
2746 388 2781 426 a
2827 375 3243 432 communione
3276 384 3562 438 arceatur.

1915 452 2076 516 Quod
2118 454 2166 508 si
2197 454 2349 513 alius
2393 474 2528 514 eum
2577 459 2877 527 detexerit,
2910 467 3043 532 post
3094 464 3563 536 quinquennium

1915 544 2045 595 acta
2091 544 2435 614 pmnitentia
2476 545 2739 619 legitima
2786 551 3000 621 poterit
3051 553 3365 611 Dominica
3405 572 3563 612 com-

1917 635 2184 686 munioni
2215 635 2446 692 sociari.

1916 737 2046 792 CAP.
2077 738 2203 794 283.
2234 771 2305 781 —
2335 742 2475 810 Quid
2510 743 2782 812 agendum
2827 746 2905 800 sit
2933 747 3002 801 de
3044 750 3310 806 uxoribus
3338 752 3567 808 clerico-

1950 824 2096 879 rum,
2129 813 2183 866 si
2202 816 2570 883 peccaverint.
2602 816 2686 871 Ea:
2718 818 2964 873 Toletano
2985 820 3227 875 concilio
3254 840 3293 888 ι,
3317 840 3440 896 cap.
3474 827 3526 879 7.

1988 895 2097 967 (33,
2130 916 2183 971 q.
2216 902 2269 970 2,
2298 917 2345 957 c.
2375 902 2589 973 placuit
2617 913 2676 960 ut
2703 907 2753 960 si
2778 907 2959 977 quor).
2986 907 3208 965 Placuit
3240 913 3373 967 utsi
3406 930 3565 984 quie-

1917 1002 2149 1059 cunque
2179 989 2527 1048 clericorum
2557 1010 2767 1051 uxores
2799 998 3165 1065 peccaverint
3196 999 3290 1070 (ne
3312 1001 3459 1058 forte
3491 1002 3564 1057 li-

1916 1080 2166 1135 centiam
2194 1084 2474 1153 peccandi
2525 1083 2659 1156 plus
2704 1084 3002 1160 habeant),
3051 1089 3341 1161 accipiant
3370 1095 3565 1149 mariti

1916 1185 2116 1225 earum
2147 1170 2299 1226 hanc
2322 1177 2692 1244 potestatem,
2721 1181 2930 1247 praeter
2951 1194 3172 1246 necem,
3197 1182 3565 1257 custodiendi

1917 1274 1983 1315 ac
2014 1258 2234 1331 ligandi
2269 1260 2324 1316 in
2358 1262 2532 1318 domo
2564 1280 2693 1330 sua,
2724 1265 2795 1319 ad
2830 1266 3063 1337 jejunis
3092 1268 3412 1338 salutifera,
3448 1289 3563 1329 non

1916 1348 2213 1404 mortifera
2241 1366 2340 1406 eas
2370 1356 2643 1423 cogentes
2676 1369 2688 1407 :
2725 1354 2805 1409 ita
2837 1360 2903 1410 ut
2945 1355 3196 1413 invicem
3223 1358 3335 1414 sibi
3369 1360 3565 1418 clerici

1918 1453 2201 1509 pauperes
2228 1438 2514 1495 auxilium
2548 1441 2757 1511 ferant,
2790 1443 2837 1498 si
2865 1444 3104 1500 servitia
3135 1463 3251 1503 non
3284 1447 3561 1507 habeant.

1914 1526 2057 1582 Cum
2091 1527 2369 1583 uxoribus
2401 1533 2596 1584 autem
2626 1530 2770 1601 ipsis
2802 1533 2900 1603 qui
2935 1535 3319 1605 peccaverint,
3344 1554 3449 1594 nec
3480 1540 3567 1594 ci-

1914 1614 2021 1670 bos
2052 1620 2309 1684 sumant,
2344 1616 2458 1673 nisi
2491 1618 2636 1675 i'orte
2666 1620 2738 1675 ad
2766 1620 3035 1677 timorem
3061 1622 3185 1691 Dei,
3217 1630 3349 1681 acta
3380 1628 3563 1699 paeni-

1912 1704 2115 1771 tentia,
2151 1710 2536 1762 revertantur.

1911 1813 2033 1869 CAP.
2066 1814 2193 1886 28a.
2226 1845 2294 1854 ——
2326 1815 2397 1870 De
2424 1816 2749 1886 ptenitenlia
2796 1817 3087 1885 laicorum,
3118 1822 3168 1875 si
3210 1823 3565 1881 adulterium

1978 1885 2232 1968 fecerint.
2266 1885 2510 1941 Curiones
2536 1889 2768 1968 plartini
2796 1889 2867 1968 a_d
2895 1891 3090 1960 laicos,
3132 1908 3257 1965 cap.
3290 1896 3443 1968 8A(ea:
3471 1914 3564 1968 sy-

1978 1957 2131 2023 nod.,
2161 1962 2482 2037 Graecorum
2508 1960 2763 2037 _blartini
2804 1957 3131 2037 praeurens.
3172 1957 3297 2037 cup.
3330 1957 3386 2022 in
3433 1957 3564 2024 ωινί-

1978 2045 2198 2084 versum
2224 2030 2295 2083 76
2325 2032 2473 2086 inter
2502 2031 2768 2087 laicorum
2796 2034 2872 2103 8).

1979 2117 2038 2173 Si
2070 2118 2240 2188 cuius
2273 2135 2419 2174 uxor
2446 2120 2802 2176 adulterium
2837 2122 3054 2194 fecerit,
3078 2128 3179 2180 aut
3207 2126 3295 2182 vir
3327 2127 3385 2182 in
3417 2127 3561 2183 alie-

1909 2223 2043 2261 nam
2077 2224 2315 2263 uxorem
2344 2209 2599 2279 irruerit,
2630 2227 2710 2265 vn
2742 2227 2931 2267 annos
2968 2212 3371 2284 paenitentiam
3405 2222 3562 2289 agat.

1906 2297 1969 2351 Et
2011 2297 2366 2367 Ancyranum
2415 2298 2733 2367 concilium,
2782 2316 2900 2371 cap.
2937 2302 3003 2355 19
3037 2319 3050 2357 :
3084 2302 3144 2357 Si
3193 2305 3364 2375 cujus
3416 2323 3564 2362 uxor

1907 2385 2238 2441 adulterata
2284 2385 2478 2453 fuerit,
2512 2386 2600 2442 vel
2652 2387 2778 2458 ipse
2828 2389 3181 2447 adulterium
3229 2394 3450 2461 fecerit,
3484 2412 3561 2452 vu

1905 2490 2195 2529 annorum
2254 2475 2592 2545 pmnitentia
2648 2481 2875 2547 oportet
2949 2495 3083 2533 eum
3143 2481 3556 2550 perfectionem

1905 2562 2205 2632 consequi,
2237 2565 2563 2620 secundum
2598 2565 2876 2634 pristinos
2908 2568 3151 2638 gradus.

1905 2672 2040 2727 CAP.
2070 2671 2195 2724 285.
2228 2700 2297 2711 —-
2324 2672 2399 2725 De
2442 2673 2770 2741 pwnitentia
2817 2674 3148 2730 clericorum
3194 2677 3245 2731 si
3282 2677 3560 2734 adulterio

1973 2758 2086 2798 sese
2139 2744 2631 2818 commacularunl.
2691 2745 2944 2818 Synodus
3001 2747 3418 2804 Aurelianensis
3472 2768 3559 2818 ιιι,

1976 2822 2217 2884 tempore
2246 2813 2585 2871 Childeberti
2613 2813 2777 2886 regis,
2809 2833 2932 2888 cap.
2963 2818 3017 2873 7.

1975 2903 2133 2975 (Dist.
2169 2903 2258 2969 81,
2309 2919 2356 2958 c.
2407 2903 2467 2959 Si
2511 2906 2636 2977 quis
2681 2905 2955 2978 clericus).
3013 2906 3074 2961 Si
3130 2908 3265 2979 quis
3311 2907 3562 2966 clericus

1906 2991 2270 3048 adulterasse
2299 2996 2401 3047 aut
2431 2995 2738 3048 confessus
2772 3000 2873 3049 aut
2900 2996 3200 3052 convictus
3233 2997 3427 3058 luerit.
3461 3000 3558 3055 de-

1910 3082 2136 3153 positus
2184 3082 2259 3136 ab
2307 3082 2499 3138 officio
2548 3099 2655 3138 suo
2706 3084 3120 3143 communione
3170 3101 3468 3159 concessa,
3502 3087 3563 3143 in

1911 3170 2261 3226 monasterio
2289 3173 2412 3225 toto
2442 3170 2570 3225 vitze
2604 3188 2722 3227 suae
2754 3176 3019 3245 tempore
3046 3174 3332 3231 trudatur.

1909 3278 2042 3334 CAP.
2074 3279 2199 3353 286.
2245 3308 2315 3353 _—
2360 3278 2664 3353 .Siclerici
2711 3281 3020 3336 inconsulto
3071 3285 3316 3353 episcopo
3364 3298 3566 3339 uxores

2050 3349 2333 3405 duxerint.
2369 3350 2683 3405 Toletanum
2726 3354 3027 3408 concilium
3055 3349 3133 3422 1v,
3164 3349 3287 3424 cap.
3328 3354 3419 3408 43.

1981 3436 2184 3493 Clerici
2216 3437 2313 3507 qui
2343 3438 2470 3492 sine
2499 3438 2771 3495 consultu
2804 3441 3063 3513 episcopi
3094 3442 3190 3497 sui
3221 3457 3431 3498 uxores
3461 3443 3567 3497 du-

1911 3526 2122 3596 xerint,
2154 3530 2254 3581 aut
2297 3527 2555 3597 viduam,
2590 3532 2692 3583 aut
2738 3530 3130 3600 repudiatam,
3180 3530 3266 3587 vel
3300 3532 3565 3587 meretri-

1912 3631 2036 3671 cem
2069 3614 2126 3669 in
2160 3615 2500 3688 conjugium
2544 3618 2892 3689 acceperint,
2944 3620 3204 3691 separari
3235 3636 3335 3676 eos
3366 3637 3399 3677 a
3433 3638 3565 3693 pro-

1913 3703 2039 3777 prio
2065 3703 2337 3776 episcopo
2363 3706 2676 3777 oportebit.

1913 3812 2040 3865 CAP.
2068 3810 2193 3865 287.
2229 3840 2295 3850 —
2329 3812 2393 3869 Ut
2440 3811 2693 3879 bigamus
2741 3812 2811 3867 ad
2856 3829 3042 3869 sacros
3089 3815 3309 3871 ordines
3338 3831 3448 3873 non
3479 3831 3571 3871 ac-

2281 3883 2454 3938 cedat.
2489 3883 2697 3939 Canon.
2729 3891 2924 3955 apost.,
2959 3902 3077 3955 cap.
3110 3888 3202 3942 22.

1986 3970 2143 4041 (Dist.
2176 3971 2267 4037 33,
2302 3987 2348 4027 c.
2380 3973 2441 4026 Si
2471 3974 2594 4043 quis
2635 3974 2795 4045 post).
2828 3974 2887 4030 Si
2920 3969 3053 4046 quis
3104 3980 3232 4047 post
3273 3975 3570 4046 baptisma

1913 4059 2190 4115 secundis
2224 4061 2445 4131 nuptiis
2479 4063 2657 4117 fuerit
2677 4062 3009 4134 copulatus,
3046 4069 3147 4118 aut
3176 4064 3563 4119 concubinam

1915 4148 2202 4215 habuerit,
2237 4167 2350 4205 non
2382 4150 2716 4222 episcopus,
2743 4169 2855 4207 non
2892 4153 3196 4224 presbyter
3227 4157 3417 4225 potest
3438 4168 3567 4209 esse

1914 4243 2016 4292 aut
2044 4238 2349 4307 diaconus,
2386 4256 2498 4293 non
2534 4257 2775 4311 prorsus
2821 4258 2890 4295 ex
2936 4257 3138 4296 eorum
3189 4257 3433 4296 numero
3464 4241 3563 4314 qui

1916 4327 2244 4382 ministerio
2271 4343 2435 4383 sacro
2466 4328 2823 4384 deserviunt.

1913 4432 2048 4488 CAP.
2086 4434 2234 4511 288._
2258 4434 2447 4511 —A_De
2490 4436 2685 4511 eodem
2739 4436 3029 4511 Gregorius
3074 4440 3279 4494 Joanni
3318 4440 3567 4511 episcopo

2195 4507 2510 4576 Squilalino
2541 4507 2661 4577 (lib.
2697 4525 2736 4562 11
2776 4508 2985 4576 regisL,
3013 4526 3135 4581 cap.
3167 4511 3280 4583 25).

1984 4593 2143 4661 (Dist.
2175 4593 2264 4661 34,
2291 4611 2337 4649 c.
2372 4596 2782 4667 Praecipimus).
2812 4597 3187 4670 Prascipimus
3213 4617 3282 4655 ne
3306 4616 3567 4672 unquam

1912 4681 2151 4738 illicitas
2180 4682 2579 4737 ordinationes
2613 4684 2791 4740 iacias
2826 4703 2838 4739 :
2876 4702 2947 4740 ne
2978 4686 3305 4758 bigamum,
3340 4693 3441 4744 aut
3468 4690 3565 4759 qui

1914 4771 2198 4843 virginem
2234 4788 2347 4827 non
2376 4776 2464 4827 est
2493 4772 2736 4829 sortitus
2769 4791 3031 4845 uxorem,
3065 4782 3168 4832 aut
3199 4777 3566 4849 ignorantem

1914 4860 2159 4927 litteras,
2183 4866 2283 4917 aut
2302 4860 2359 4915 in
2385 4861 2641 4933 qualibet
2665 4868 2827 4934 parte
2848 4866 3109 4937 corporis
3131 4866 3425 4935 vitiatum,
3450 4883 3566 4937 pce-

1914 4952 2220 5018 nitentem,
2253 4955 2353 5006 aut
2381 4950 2622 5006 cuilibet
2650 4953 2972 5009 conditioni
3004 4954 3344 5021 obnoxium,
3371 4956 3442 5010 ad
3476 4971 3570 5010 sa-

1914 5056 2044 5095 cros
2066 5039 2301 5095 ordines
2326 5039 2630 5111 permittas
2660 5043 2966 5114 accedere;
2990 5044 3090 5099 sed
3113 5043 3163 5099 si
3186 5060 3335 5115 quos
3362 5044 3568 5113 hujus-

1917 5128 2075 5184 modi
2109 5129 2378 5184 homines
2411 5130 2717 5200 repereris,
2753 5148 2867 5187 non
2901 5134 3120 5189 audeas
3151 5149 3515 5203 promovere.

1914 5233 2047 5289 CAP.
2078 5234 2204 5288 289.
2235 5263 2304 5274 —-
2332 5235 2466 5308 Item
2495 5235 2561 5289 de
2589 5234 2791 5291 eodem.
2844 5237 3142 5305 Gregorius
3176 5240 3401 5292 Etherio
3429 5238 3571 5308 epis-

2177 5321 2307 5377 copo
2338 5306 2456 5377 (Ιιὺ.
2492 5322 2552 5375 ιι,
2585 5310 2743 5377 epist.
2773 5310 2808 5362 8
2835 5309 2906 5362 ad
2937 5309 3298 5379 Brunichil.).

1987 5394 2066 5449 De
2098 5396 2351 5466 quodam
2384 5395 2614 5467 bigamo
2647 5396 2949 5469 requisisti
2999 5414 3073 5453 an
3106 5399 3174 5453 ad
3208 5412 3442 5453 sacrum
3476 5412 3571 5451 or-

1916 5482 2110 5538 dinem
2143 5484 2432 5555 potuisset
2475 5484 2785 5554 accedere;
2832 5486 3081 5556 etjuxta
3112 5485 3451 5541 canonicam
3488 5502 3571 5541 r3-

1916 5572 2119 5645 gulam
2154 5574 2468 5628 vetuimus.
