3972 6056
382 278 486 331 6’17

1468 276 1537 328 D.
1577 269 1820 326 IVONIS
1856 264 2350 323 CARNOTE‘NBIS
2385 266 2703 322 EPISCOPI

3691 267 3809 323 648

382 404 514 460 CAP.
546 400 671 455 290.
704 430 774 441 --
807 401 879 456 De
905 399 1095 454 eadem
1125 412 1205 457 re.
1238 395 1557 451 Ambrosius
1588 395 1647 447 in
1677 388 1936 463 Epistola
1959 388 2033 443 ad
2060 387 2115 455 Α
2146 386 2474 444 chumenus
2505 387 2590 443 vel
2624 402 2891 459 paganus
2923 386 3166 449 alteram
3199 386 3494 459 habuerit,
3523 390 3808 448 ordinan-

462 473 852 617 Vegfjlwnsem
914 471 1197 527 ecclesiam
1246 467 1367 539 (lib.
1436 483 1492 536 x,
1549 466 1708 537 epist.
1766 464 1856 532 82,
1911 464 2031 533 post

462 560 539 600 me
582 587 593 598 .
629 585 642 598 .

451 560 593 600 mea.
607 560 642 600 l.

454 634 613 706 (Dist.
648 633 738 703 36,
770 649 818 686 c.
852 632 957 700 Qui
984 631 1104 685 sine
1144 628 1428 693 crimine.)
1470 624 1575 689 Qui
1626 623 1755 679 sine
1784 620 2029 678 crimine

385 731 493 790 est,
528 721 705 777 unius
739 721 937 776 uxoris
967 718 1072 785 vir,
1118 722 1347 772 tenetur
1376 717 1444 770 ad
1497 714 1682 784 legem
1714 708 2026 768 sacerdotii

387 813 773 886 suscipiendi.
808 810 915 877 Qui
946 815 1143 865 autem
1175 807 1469 863 iteraverit
1506 803 1871 877 conjugium,
1904 799 2029 857 cul-

385 920 517 976 pam
545 903 785 974 quidem
800 917 916 956 non
940 898 1117 954 habet
1138 895 1624 968 coinquinati,sed
1649 890 2031 965 praerogativa

384 993 618 1048 exuitur
648 990 990 1047 sacerdotis.
1014 991 1293 1060 ltem,post
1323 1003 1558 1043 versum.
1591 984 2028 1055 Cognoscamus

386 1099 502 1137 non
534 1080 728 1137 solum
777 1081 849 1136 de
879 1080 1154 1151 episcopo
1192 1082 1251 1134 et
1299 1077 1633 1149 presbytero
1683 1070 2026 1144 Apostolum

381 1168 684 1235 statuisse,
707 1169 811 1224 sed
846 1167 1021 1225 etiam
1055 1171 1260 1222 Patres
1292 1166 1352 1220 in
1383 1162 1616 1220 concilii
1662 1158 1880 1215 Niczeni
1905 1163 2027 1214 tra-

379 1261 539 1314 ctatu
572 1257 894 1327 addidisse,
927 1255 1206 1313 clericum
1251 1269 1606 1325 quemquam
1650 1266 1768 1305 non
1815 1248 2027 1304 debere

375 1363 507 1403 esse
537 1346 638 1418 qui
669 1346 928 1402 secunda
958 1344 1227 1416 conjugis
1260 1341 1503 1399 sortitus
1534 1339 1630 1396 sit.

376 1440 518 1494 CAP.
550 1434 678 1489 291.
707 1464 777 1475 —
807 1432 966 1504 Quod
998 1434 1248 1504 bigamus
1294 1438 1429 1504 ante
1470 1428 1798 1504 baptismpm
1826 1424 1897 1504 ad
1922 1441 2024 1504 sa.-

446 1523 563 1563 cros
607 1498 843 1562 ordines'
865 1521 974 1560 non
1024 1498 1265 1559 accedat.
1309 1502 1650 1569 Ambrosius,
1687 1500 1758 1553 De
1804 1498 2021 1567 ofﬁciis,

450 1580 546 1635 lio.
569 1581 776 1650 primo,
812 1576 880 1649 (c.
914 1576 1153 1647 ultimo).

447 1669 608 1741 (Dist.
645 1669 730 1737 16,
764 1684 810 1723 c.
867 1667 983 1723 Una
1012 1662 1274 1734 tantum.)
1336 1662 1459 1717 Una
1491 1663 1744 1728 tantum,
1799 1672 1902 1712 nec
1935 1673 2020 1711 re-

377 1759 563 1831 petita
588 1757 758 1813 nobis
791 1755 1158 1829 permittitur
1175 1750 1491 1825 capula.Et
1513 1750 1572 1805 in
1603 1748 1731 1821 ipso
1753 1746 2022 1819 conjugio
2054 1758 2102 1823 Β

372 1849 464 1905 lex
494 1852 604 1919 est,
636 1863 749 1902 non
781 1844 1059 1900 reiterare
1088 1840 1566 1913 conjugium,nec
1598 1837 1868 1893 secundae
1890 1852 2021 1890 con-

364 1938 529 2011 jugis
560 1935 759 1993 sortiri
791 1930 1454 2005 conjunctionem.Quod
1486 1927 1783 2002 plerisque
1806 1925 2021 1981 mirum

369 2029 623 2093 videtur,
641 2042 747 2082 cur
775 2025 949 2081 etiam
981 2028 1115 2080 ante
1146 2021 1510 2093 baptismum
1542 2018 1736 2074 iterati
1768 2014 2022 2088 conjugii

372 2119 444 2174 ad
478 2116 825 2173 electionem
857 2113 1119 2169 muneris
1163 2117 1222 2167 et
1248 2107 1637 2166 ordinationis
1685 2106 2019 2179 praerogati-

370 2224 524 2275 vam,
558 2206 977 2277 impedimenta
1006 2206 1397 2274 generentur;
1430 2215 1567 2254 cum
1599 2197 1775 2253 etiam
1811 2195 2023 2252 delicta

371 2300 579 2355 obesse
602 2314 716 2353 non
742 2294 1047 2359 soleant,si
1077 2291 1291 2347 lavacri
1314 2289 1563 2346 remissa
1585 2286 1804 2343 iuerint
1822 2303 2018 2342 sacra-

370 2394 591 2446 mento.
625 2388 737 2444 Sed
772 2384 1096 2457 intelligere
1142 2383 1423 2439 debemus
1453 2379 1613 2453 quia,
1644 2379 1691 2436 si
1725 2378 2018 2450 baptismo

366 2477 537 2548 culpa
566 2473 783 2530 dimitti
818 2474 1027 2544 potest,
1060 2471 1153 2525 lex
1182 2467 1400 2525 aboleri
1433 2483 1547 2523 non
1582 2465 1862 2537 potestJn
1887 2480 2018 2520 con-

357 2566 526 2638 jugio
558 2581 671 2620 non
713 2560 1027 2635 culpa,sed
1058 2558 1150 2614 lex
1179 2558 1459 2624 estQuod
1494 2555 1677 2628 culpae
1703 2560 1792 2610 est
1815 2553 2015 2625 igitur,

365 2657 425 2710 in
455 2654 749 2726 baptismo
782 2649 1113 2716 relaxatur;
1147 2648 1301 2720 quod
1337 2645 1485 2719 legis
1514 2649 1623 2715 est,
1658 2644 1715 2699 in
1743 2643 2015 2714 conjugio

365 2765 482 2804 non
512 2744 781 2802 solvitur.
815 2741 1116 2806 Quomodo
1147 2743 1345 2795 autem
1376 2742 1564 2809 potest
1594 2736 1860 2791 hortator
1890 2751 2018 2791 esse

366 2835 691 2900 viduitatis,
726 2833 824 2904 qui
859 2831 990 2903 ipsa
1018 2827 1293 2901 conjugis
1324 2824 1820 2898 frequentaverit?

365 2926 492 2981 CAP.
523 2924 651 2978 292.
685 2952 752 2964 -
782 2921 1029 2992 Simplex
1056 2918 1350 2992 expositio,
1397 2921 1449 2972 et
1495 2917 1756 2992 mystica,
1788 2914 2015 2992 quidsit

437 3019 467 3047 ‹‹
499 2998 666 3051 unius
690 2986 1138 3049 uxoris'virum'
1159 3010 1213 3046 ιι.
1267 2986 1576 3044 Pastoralis
1622 2986 1894 3042 Ambrosii
1922 2987 2017 3058 (De

435 3067 635 3137 dignit.
667 3063 1012 3121 sacerdotali.
1045 3078 1093 3117 c.
1126 3062 1159 3117 4
1190 3062 1365 3129 init.).

2142 476 2282 530 dum
2317 492 2446 533 esse
2477 481 2857 533 censuerunt.
2894 476 2972 532 De
3004 482 3376 534 sacramento
3396 478 3554 535 enim
3578 480 3804 553 agitur,

2140 580 2258 619 non
2290 567 2361 621 de
2392 570 2630 638 peccato
2663 582 2676 620 :
2713 582 2847 620 nam
2881 566 2941 621 in
2986 565 3279 638 baptismo
3327 568 3528 623 omnia
3556 574 3806 640 peccata

2137 653 2658 711 dimittuntur.Sed
2687 653 2788 726 qui
2824 653 3011 709 dixit:
3046 656 3109 710 Si
3127 656 3402 725 acceperis
3431 673 3662 713 uxorem
3682 675 3801 715 non

2131 744 2396 817 peccasti,
2427 750 2481 800 et
2509 747 2561 801 si
2590 746 2849 813 nupserit
2878 746 3033 813 virgo
3070 760 3182 800 non
3215 755 3401 816 peccat
3429 748 3476 818 (1
3506 748 3633 803 Cor.
3665 750 3798 820 vn),

2136 839 2191 886 et
2215 834 2357 903 quod
2377 835 2494 888 vult
2512 835 2822 904 [aciat,non
2844 842 3029 905 peccat
3054 835 3105 889 si
3122 835 3297 889 nubat
3318 836 3506 905 (ibid);
3532 838 3676 893 satis
3700 838 3803 893 de-

2137 920 2379 977 claravit
2409 923 2650 995 nuptias
2684 922 2915 978 nullum
2949 939 3078 979 esse
3102 929 3685 998 peccatum.Propter
3704 946 3799 984 sa-

2136 1012 2419 1065 cramenti
2453 1017 2649 1066 autem
2683 1012 3082 1082 sanctitatem,
3106 1014 3260 1068 sicut
3291 1015 3513 1070 femina
3543 1017 3721 1073 etiam
3745 1018 3801 1074 si

2137 1099 2559 1155 catechumena
2592 1101 2769 1155 fuerit
2795 1099 3020 1166 vitiata,
3050 1115 3166 1155 non
3201 1106 3390 1173 potest
3438 1108 3572 1174 post
3600 1104 3801 1173 bapti-

2137 1204 2335 1243 smum
2367 1188 2518 1243 inter
2548 1188 2650 1243 Dei
2681 1189 2939 1261 virgines
2971 1190 3410 1257 consecrari,ita
3440 1209 3553 1248 non
3585 1194 3802 1250 absur-

2136 1276 2277 1331 dum
2309 1277 2502 1332 visum
2525 1283 2776 1343 est,eum
2803 1278 2903 1350 qui
2926 1281 3177 1335 excessit
3198 1297 3444 1336 uxorum
3478 1299 3800 1340 numerum

2133 1364 2642 1438 singularem,non
2675 1372 2979 1439 peccatum
3013 1368 3252 1440 aliquod
3286 1371 3796 1440 commisisse,sed

2134 1472 2400 1511 normam
2427 1458 2746 1527 quamdam
2765 1459 3113 1514 sacramenti
3132 1459 3547 1531 amisisse,non
3563 1462 3635 1518 ad
3656 1462 3794 1519 vita

2133 1544 2296 1599 bona;
2330 1544 2625 1613 meritum,
2667 1547 2768 1602 sed
2818 1548 2891 1603 ad
2945 1548 3333 1605 ordinationis
3373 1550 3791 1608 ecclesiastica:

2132 1632 2502 1705 signaculum
2538 1636 2963 1691 necessarium.

2131 1736 2258 1786 CAP.
2289 1732 2415 1788 295.
2449 1763 2517 1773 --
2549 1734 2684 1801 Quae
2711 1734 2980 1808 sintque?
3009 1734 3314 1803 impediant
3344 1752 3416 1792 ne
3442 1736 3564 1808 quis
3591 1738 3662 1793 ad
3682 1739 3792 1795 cle-

2202 1819 2351 1945 £371}:
2362 1814 2765 1943 progoggalur.
2802 1806 3162 1874 Augustinus,
3194 1808 3269 1863 De
3294 1806 3676 1866 ecclesiasticis
3693 1827 3792 1867 re-

2356 1920 2371 1946 ,
2394 1892 2459 1931 ca
2508 1917 2521 1929 .
2588 1888 2642 1931 λι.

2203 1965 2362 2033 (Dist.
2414 1964 2505 2031 33,
2554 1982 2602 2020 c.
2651 1965 2959 2034 Maritum.)
3021 1966 3299 2023 Maritum
3354 1969 3604 2024 duarum
3656 1975 3795 2042 post

2130 2053 2497 2124 baptismum
2514 2056 3229 2124 matronarum,clericum
3248 2073 3361 2113 non
3377 2058 3793 2129 ordinandum;

2131 2158 2236 2198 nec
2268 2158 2406 2198 eum
2438 2143 2539 2213 qui
2573 2160 2749 2199 unam
2785 2144 3026 2215 quidem
3061 2145 3162 2200 sed
3220 2146 3635 2217 concubinam,
3666 2164 3791 2204 non

2130 2235 2463 2287 matronam
2495 2231 2733 2301 habuit;
2769 2249 2874 2288 nec
2908 2232 3078 2288 illum
3112 2232 3213 2304 qui
3247 2235 3647 2305 repudiatam,
3679 2253 3793 2293 nec

2129 2321 2520 2389 meretricem,
2554 2338 2659 2377 nec
2693 2321 2928 2376 viduam
2961 2321 3238 2392 sumpsit,
3263 2328 3367 2377 aut
3393 2340 3527 2379 eum
3560 2326 3663 2397 qui
3697 2342 3788 2382 se-

2129 2410 2476 2482 metipsum,
2501 2409 2763 2482 quolibet
2793 2410 3053 2482 corporis
3085 2411 3175 2465 sui
3211 2412 3476 2467 membro
3510 2413 3788 2484 indigna-

2126 2498 2283 2554 tione
2314 2497 2686 2571 aliquajusta
2703 2500 3263 2571 injusloquetimore
3278 2505 3592 2573 superatus
3614 2506 3789 2557 trun-

2125 2587 2343 2643 caverit
2367 2605 2381 2643 :
2404 2588 2774 2660 nequeillum
2800 2589 2898 2661 qui
2917 2588 3237 2660 aliquando
3252 2606 3466 2646 usuras
3484 2592 3787 2664 accepisse

2127 2676 2519 2747 convincitur,
2550 2682 2651 2732 aut
2681 2677 2742 2732 in
2775 2692 2951 2733 scena
2980 2678 3196 2734 lusisse
3243 2680 3554 2750 probatur;
3591 2697 3787 2753 neque

2124 2782 2261 2821 eum
2281 2767 2379 2839 qui
2399 2766 2633 2840 publica
2655 2767 2997 2839 pmnitentia
3018 2768 3269 2824 crimina
3286 2770 3554 2826 mortalia
3585 2772 3785 2841 deﬂet;

2125 2858 2497 2929 nequeillum
2517 2856 3021 2929 quialiquandoin
3048 2857 3262 2912 furiam
3289 2875 3489 2915 versus
3515 2860 3787 2931 insaniit,

2121 2948 2209 3005 vel
2243 2946 2559 3003 afﬂictione
2590 2946 2805 3001 diaboli
2838 2950 2927 3001 est
2968 2949 3265 3015 tentatus;
3299 2965 3489 3021 neque
3517 2966 3652 3007 eum
3678 2954 3784 3024 qui

2124 3055 2227 3112 per
2242 3035 2625 3093 ambitionem
2647 3036 2718 3090 ad
2737 3035 3132 3092 imitationem
3156 3036 3415 3094 Simonis
3426 3039 3577 3112 Magi
3602 3058 3783 3114 pecu-

437 3124 607 3213 Unius
637 3154 835 3209 uxoris
867 3154 1049 3208 virum
1076 3153 1124 3219 (1
1168 3152 1300 3206 Tim.
1323 3124 1501 3219 ⁷ιιι).ὃί
1530 3147 1601 3202 ad
1637 3145 2010 3218 superficiem
2046 3128 2089 3195 C
2129 3127 2286 3183 “iam
2317 3125 2484 3180 οίῩθΓι
2513 3125 2835 3196 expetendo
2867 3124 3151 3182 honorem
3184 3126 3317 3197 (Αθίο
3349 3129 3493 3195 VIII)-

362 3250 594 3303 tantum
627 3244 830 3299 litterae
852 3240 1162 3313 respiciam
1174 3237 1540 3311 us,prohibet
1564 3237 1864 3309 bigamu‘n
1883 3234 2009 3306 epi-

364 3352 608 3408 scopum
642 3331 992 3390 ordinari.Si
1021 3345 1157 3387 vero
1186 3330 1257 3384 ad
1297 3327 1562 3383 altiorem
1595 3342 1837 3382 sensum
1871 3342 2007 3381 con-

363 3424 955 3496 scendimus,inhibet
974 3421 1312 3493 episcopum
1337 3419 1487 3474 duas
1511 3434 1795 3489 usurpare
1810 3416 2008 3471 Eccle-

364 3517 504 3573 sias.
538 3516 608 3570 Et
638 3514 687 3570 si
719 3513 911 3570 adhuc
943 3512 1234 3567 introrsus
1265 3507 1647 3581 profundiore
1678 3510 2006 3578 perscrute-

361 3609 464 3675 ris,
501 3610 699 3662 monet
729 3620 800 3660 ne
832 3621 934 3676 per
964 3601 1319 3659 catholicum
1352 3601 1563 3670 dogma
1582 3615 1823 3655 sensum
1856 3596 2007 3652 inve-

359 3696 880 3769 niaturepiscopus
901 3692 1113 3749 habere
1134 3689 1599 3760 hmreticum,sed
1614 3687 2004 3744 Christianam

359 3794 594 3847 tantum
625 3786 972 3844 catholicam
1007 3787 1063 3839 et
1092 3782 1471 3838 orthodoxam
1511 3780 1624 3835 sibi
1656 3777 1909 3834 associet
1940 3777 2007 3832 ﬁ-

360 3885 519 3950 dem,
553 3885 609 3938 et
639 3879 923 3953 [ut,orig.]
955 3875 1131 3931 unius
1165 3875 1360 3929 uxoris
1393 3871 1800 3927 tantummodo
1834 3875 1891 3925 et
1908 3887 2006 3925 ca—

361 3972 589 4029 tholicae
622 3969 890 4027 Eaclesiaa
923 3965 1009 4021 vir
1038 3963 1328 4035 episcopis
1358 3966 1614 4016 vocetur.

360 4066 481 4121 CAP.
517 4063 644 4117 293.
679 4091 745 4101 —
779 4060 841 4116 Ut
871 4055 1141 4127 bigumini
1162 4053 1246 4107 vel
1276 4051 1571 4127 viduarum
1602 4050 1797 4127 mariti
1826 4052 1885 4127 in
1915 4064 2005 4103 sa-

431 4136 668 4190 cerdotio
699 4148 807 4187 non
837 4123 1116 4184 maneant.
1168 4127 1270 4180 Leo
1313 4123 1577 4194 episcopis
1606 4123 1885 4194 universis
1910 4136 2008 4189 per

420 4208 699 4276 africum,
741 4219 860 4274 cap.
911 4201 938 4255 1
991 4200 1171 4270 (epist.
1219 4196 1310 4263 87,
1357 4195 1431 4251 ad
1477 4195 1644 4266 episc.
1694 4193 2006 4262 Alricanos,

430 4295 550 4343 cap.
584 4278 655 4346 1).

432 4371 547 4423 Eos
578 4365 679 4436 qui
708 4363 796 4419 vel
827 4360 1120 4418 secundas
1138 4357 1376 4430 nuptias
1405 4354 1778 4422 inierunt,vel
1810 4354 2008 4410 vidua-

365 4476 494 4515 rum
527 4474 589 4513 se
617 4453 892 4526 conjugio
943 4450 1262 4516 sociarunt,
1295 4448 1353 4503 in
1399 4446 1725 4503 sacerdotio
1769 4463 2007 4501 manere

365 4566 483 4606 non
515 4546 797 4619 patimur.
838 4545 906 4596 Et
957 4539 1142 4595 multo
1192 4537 1382 4610 magis
1424 4535 1620 4604 illum,
1665 4533 1716 4591 si
1743 4535 1919 4590 fuerit
1948 4536 2005 4590 in

361 4644 553 4695 vestro
576 4633 800 4707 judicio
830 4625 1498 4700 confutatus,(qui,sicut
1524 4626 1595 4680 ad
1620 4640 1727 4680 nos
1755 4622 2006 4679 relatum

349 4727 485 4798 est,)
517 4726 769 4780 duarum
802 4718 983 4777 simul
1018 4721 1108 4774 est
1139 4716 1387 4773 maritus
1421 4731 1691 4783 uxorum,
1722 4713 1812 4769 vel
1836 4712 2004 4767 illum

350 4816 452 4888 qui
485 4814 673 4886 prima
703 4826 879 4866 uxore
912 4808 1157 4863 dimissa
1189 4805 1431 4863 alteram
1465 4804 1703 4859 duxisse
1734 4801 2000 4876 perhibe-

348 4912 469 4974 tur,
503 4901 853 4977 privandum
890 4899 1111 4952 honore
1144 4895 1539 4950 decernimus.

348 4994 476 5051 CAP.
529 4993 653 5047 294.
705 5020 775 5031 --
820 4989 1144 5058 Episcopum
1196 4985 1364 5039 unius
1406 4984 1604 5038 uxoris
1652 4983 1839 5058 virum
1888 4997 2001 5058 esse

418 5071 689 5138 oportere,
720 5055 1087 5138 nonpropter
1115 5058 1473 5138 sanctitatem
1494 5055 1856 5138 sacramenti.
1888 5056 1996 5110 Au-

418 5126 694 5209 gustinus,
729 5135 803 5188 De
830 5126 971 5187 bono
1001 5127 1287 5200 coniugali
1305 5128 1451 5199 (cap.
1486 5126 1597 5196 18).

413 5227 854 5283 Sacramentum
890 5218 1231 5288 nuptiarum
1255 5216 1536 5288 temporis
1569 5214 1772 5283 nostri,
1806 5214 1892 5269 sic
1922 5215 1995 5270 ad

344 5334 529 5373 unum
556 5315 749 5371 virum
779 5315 838 5367 et
866 5325 1047 5365 unam
1084 5324 1323 5363 uxorem
1357 5306 1657 5362 redactum
1692 5308 1873 5374 est,ut
1890 5305 1994 5360 Ec-

2118 3226 2248 3282 CAP.
2280 3225 2407 3297 296.
2458 3255 2551 3297 -ί
2584 3225 2655 3278 De
2710 3223 2918 3297 eodem.
2972 3226 3344 3297 Hieronymus
3387 3227 3457 3283 ad
3499 3228 3781 3286 Oceanum

2188 3299 2355 3438 gtlpmp
2386 3296 2432 3350 ll
2460 3296 2619 3367 epist.
2654 3296 2817 3365 cuius
2845 3297 3079 3352 initium
3134 3314 3148 3353 :
3188 3296 3559 3369 Sophronias,
3604 3302 3775 3359 Euse-

2248 3386 2312 3423 us
2346 3410 2357 3421 .

2187 3458 2247 3513 Si
2297 3456 2511 3512 clerius
2571 3472 2963 3528 monogamus
3013 3457 3212 3526 fuerit,
3258 3463 3316 3515 et
3357 3477 3504 3516 uxor
3533 3477 3641 3518 sua
3671 3463 3765 3519 di-

2115 3563 2308 3619 gama,
2343 3545 2461 3601 noli
2493 3561 2625 3601 eum
2662 3545 2855 3602 ofﬁcio
2887 3546 3185 3619 applicare
3218 3564 3230 3603 :
3263 3548 3560 3620 digamam
3603 3552 3762 3608 enim

2116 3635 2282 3690 duxit
2314 3651 2572 3691 uxorem.
3586 3626 3597 3631 θ

2116 3735 2247 3787 CAP.
2278 3732 2405 3812 297.
2430 3763 2519 3812 ς·
2567 3731 2714 3802 Quid
2755 3732 2826 3787 sit
2848 3732 3058 3812 vidua,
3083 3732 3216 3812 quid
3243 3735 3435 3812 ejecta,
3485 3736 3618 3807 quid
3644 3753 3769 3812 me-

2189 3804 2384 3859 retrix.
2422 3806 2792 3874 Hieronymus
2821 3804 2896 3858 ad
2924 3806 3211 3859 Fabiolam
3250 3806 3315 3862 de
3347 3804 3769 3863 veste—sacerdo-

2188 3877 2293 3930 tali
2322 3878 2473 3946 (tom.
2525 3877 2592 3931 IV
2620 3876 2781 3946 epist.
2832 3876 2987 3947 cujus
3030 3878 3258 3932 initium
3307 3896 3323 3931 :

2185 3955 2311 4002 ante
2337 3947 2525 4016 med.).
2592 3992 2595 3995 η

2180 4036 2340 4107 (Dist.
2374 4036 2464 4102 34,
2496 4052 2543 4090 c.
2586 4035 2766 4092 Vidua
2796 4039 2922 4104 est.)
2951 4035 3143 4092 Vidua
3174 4042 3286 4106 est,
3317 4039 3487 4110 cujus
3517 4041 3770 4097 maritus

2115 4129 2205 4180 est
2234 4129 2524 4180 mortuus.
2556 4125 2774 4195 Ejecta,
2803 4142 2929 4196 quin
2961 4142 2995 4180 a
3022 4126 3233 4182 marito
3273 4127 3498 4184 vivente
3529 4131 3767 4201 projici-

2116 4217 2233 4269 tur.
2266 4213 2555 4282 Meretrix,
2587 4231 2719 4284 quae
2750 4214 3072 4270 multorum
3106 4214 3334 4271 libidini
3367 4222 3545 4289 patet.

2116 4302 2255 4383 CA3.
2277 4302 2402 4357 298.
2436 4333 2504 4343 ——
2536 4303 2698 4383 Quod
2720 4303 3065 4383 digamusin
3092 4306 3302 4383 clerum
3339 4323 3453 4362 non
3479 4308 3765 4383 eligatur.

2188 4375 2551 4451 {lieronymus
2580 4378 3180 4451 contralovinianum.
3225 4378 3368 4433 libro
3397 4375 3765 4451 primo'(tom.

2187 4447 2253 4510 Il,
2285 4447 2440 4517 longe
2468 4454 2596 4502 ante
2624 4447 2807 4517 med.).

3380 3880 3551 3950 Usque
3580 3880 3768 3947 hodie,

2041 4493 2084 4556 Β
2187 4493 2607 4597 Quamasancta
2646 4536 2727 4591 sit
2756 4493 3016 4608 digamia
3064 4536 3202 4592 hinc
3249 4539 3580 4595 ostenditur
3608 4544 3770 4612 quod

2117 4624 2386 4693 digamus
2416 4625 2475 4679 in
2509 4625 2733 4681 clerum
2759 4624 2896 4697 eligi
2925 4641 3041 4680 non
3075 4630 3287 4695 potest.

2115 4721 2246 4797 Cir.
2278 4722 2403 4776 299.
2438 4754 2503 4764 —
2552 4725 2625 4797 De
2672 4723 2876 4790 eodem,
2926 4725 3292 4797 Hieronymus
3338 4726 3410 4781 ad
3439 4730 3767 4787 Geruntiam

2180 4793 2246 4849 de
2272 4796 2621 4864 monogamia
2653 4797 2805 4866 (tom.
2838 4797 2882 4865 I,
2907 4798 3067 4866 epist.
3100 4793 3257 4866 cujus
3288 4800 3520 4854 initium
3538 4805 3621 4856 est
3650 4819 3671 4856 :
3702 4804 3768 4859 In

2181 4868 2351 4921 veteri
2375 4869 2486 4933 via,
2520 4870 2649 4921 ante
2679 4866 2868 4937 med).

2183 4956 2298 5011 Nos
2330 4962 2610 5027 putamus
2633 4959 2862 5011 tantum
2890 4956 3257 5014 sacerdotum
3281 4958 3391 5014 hoc
3421 4976 3553 5017 esse
3582 4961 3764 5033 privi-

2109 5043 2351 5116 legium,
2386 5048 2450 5098 ut
2479 5060 2594 5100 non
2627 5042 2974 5100 admittatur
2994 5046 3066 5101 ad
3099 5045 3424 5115 altare,nisi
3455 5051 3557 5121 qui
3579 5067 3762 5108 unam

2109 5136 2338 5188 tantum
2363 5148 2601 5187 uxorem
2630 5131 3053 5190 habuerit.Non
3078 5134 3270 5192 solum
3293 5137 3451 5193 enim
3475 5138 3548 5194 ab
3569 5139 3765 5197 ofﬁcio

2109 5221 2420 5277 sacerdotii
2451 5221 2725 5291 digamus
2756 5222 3106 5292 excluditur,
3151 5226 3251 5281 sed
3286 5226 3359 5283 ab
3389 5226 3765 5302 eleemosyna

2106 5310 2394 5379 Ecclesia,
2429 5310 2568 5365 dum
2602 5309 2849 5383 indigna
2878 5312 2957 5368 sit
3000 5314 3171 5385 stipa:
3209 5332 3338 5386 qua:
3391 5317 3463 5372 ad
3495 5320 3761 5376 secunda

340 5406 531 5461 clesiae
561 5405 1029 5475 dispensatorem
1057 5413 1173 5452 non
1195 5395 1366 5451 liceat
1395 5393 1795 5459 ordinari,nisi
1826 5394 1994 5451 unius
2103 5399 2379 5471 conjugis
2408 5397 2681 5455 devoluta
2709 5406 2801 5456 est
2832 5418 2844 5456 :
2880 5419 3218 5475 quanquam
3250 5405 3310 5459 in
3340 5404 3467 5476 lege
3490 5409 3761 5465 sacerdo.

340 5497 535 5551 uxoris
565 5495 747 5551 virum
805 5493 852 5564 (I
904 5492 1037 5547 Tim.
1098 5488 1211 5558 ιιι).
1265 5489 1404 5542 Dist.
1460 5487 1553 5553 26,
1611 5500 1659 5542 ο.
1721 5486 1992 5559 Acutius.)

341 5582 498 5647 Quod
545 5582 775 5640 acutius
807 5578 1222 5638 intellexerunt
1268 5575 1365 5649 qui
1411 5591 1515 5631 nec
1544 5591 1680 5632 cum
1713 5575 1814 5648 qui
1845 5581 1993 5634 cate-

2102 5489 2201 5546 tali
2233 5493 2505 5546 teneatur
2532 5494 2591 5548 et
2619 5489 2827 5560 laicus,
2863 5492 2963 5565 qui
2996 5492 3169 5550 talem
3204 5510 3267 5551 se
3298 5497 3553 5569 praebere
3584 5498 3763 5557 debet

2105 5584 2171 5637 ut
2199 5578 2383 5653 possit
2419 5579 2553 5653 eligi
2584 5580 2643 5637 in
2674 5582 3067 5640 sacerdotium
3099 5599 3112 5638 :
3151 5601 3267 5642 non
3314 5587 3471 5643 enim
3513 5586 3760 5662 eligitur
