4002 6054
210 240 211 243 Ν
249 282 362 337 6/19

1179 279 1489 334 DECRETI
1528 278 1713 331 PARS
1747 275 1896 329 VIII.
1932 300 1997 310 —-
2027 275 2122 326 DE
2161 273 2553 343 CONJUGIIS,
2594 277 2750 330 ETC.

3561 286 3667 339 650

250 409 300 466 si
336 408 615 481 digamus
647 406 841 463 fuerit.
894 409 1073 461 Porro
1115 421 1182 461 ex
1229 404 1395 460 laicis
1435 404 1766 461 sacerdotes
1798 401 1902 457 eli-
1931 404 1986 468 Α
2016 416 2227 456 nomen
2252 401 2516 473 [virginis
2539 420 2701 474 aeque
2733 406 2971 477 nomen]
3004 406 3268 479 accipiet,
3304 426 3432 481 quas
3453 417 3664 484 quarto

251 503 497 570 guntur.

249 614 389 670 CAP.
422 614 548 692 390.
583 643 652 692 _—-
682 612 839 692 Quod
870 613 1125 692 sacerdos
1152 611 1239 692 υθέ
1267 627 1645 692 monogamus,
1678 609 1905 692 uelpir-

325 702 393 754 go
423 685 692 811 elggatur.
727 685 966 740 Isidorus
998 685 1095 739 lib.
1129 701 1171 738 11
1194 686 1268 739 De
1288 685 1486 755 ofﬁciis
1511 683 1903 746 ecclesiasticis,

324 774 447 829 cap.
524 801 534 811 .

331 846 704 902 Sacerdotem
757 844 966 916 quierit
1020 843 1273 900 Ecclesia
1305 848 1405 899 aut
1432 844 1501 898 de
1533 840 1908 913 monogamia

250 936 617 1007 ordinatum,
653 939 755 989 aut
786 935 856 989 de
888 933 1221 1007 virginitate
1254 939 1545 989 sanctum.

248 1056 379 1109 CAP.
415 1053 537 1107 301.
573 1082 640 1092 --
670 1053 745 1107 De
772 1067 933 1122 paena
961 1052 1202 1122 episcopi
1229 1052 1327 1121 qui
1376 1050 1657 1120 bigamum
1707 1048 1783 1122 ad
1816 1063 1904 1101 sa-

321 1139 441 1179 cros
494 1124 725 1179 ordines
763 1119 1542 1193 promov'eritfAurelianum
1597 1119 1906 1175 concilium

319 1199 571 1266 tertium,
605 1204 842 1265 tempore
873 1194 1199 1249 Childeberti
1230 1196 1394 1262 regis,
1428 1210 1547 1263 cap.
1588 1197 1669 1246 10.

323 1285 382 1341 Si
418 1285 552 1356 quis
602 1284 1013 1355 episcoporum
1055 1283 1248 1338 sciens
1300 1291 1401 1337 aut
1446 1282 1772 1352 bigamum,
1808 1282 1908 1333 aut

250 1374 607 1443 internuptae
633 1375 912 1427 maritum
938 1373 1007 1427 ad
1034 1372 1295 1427 officium
1336 1370 1575 1426 leviticae
1599 1367 1907 1440 dignitatis

257 1464 381 1519 sive
413 1462 782 1535 presbyterii,
816 1466 1023 1516 contra
1064 1462 1160 1532 ius
1188 1460 1533 1515 canonicum
1580 1456 1906 1530 promeveri

250 1549 712 1622 presumpserit,
744 1548 890 1603 sciat
920 1564 981 1603 se
1026 1550 1205 1603 unius
1238 1547 1376 1602 anni
1410 1548 1600 1618 spatio
1633 1547 1704 1601 ab
1744 1546 1905 1601 omni

252 1639 566 1695 sacerdotii
599 1637 885 1709 dignitate
918 1652 1298 1707 suspensum.
1333 1636 1438 1701 Qui
1496 1635 1544 1689 si
1595 1635 1741 1688 forte
1772 1649 1906 1688 sen-

249 1727 440 1783 tentia:
468 1727 769 1797 subjacere
794 1724 1108 1792 noluerit,a
1130 1724 1542 1780 communione
1567 1724 1695 1793 ejus
1720 1738 1906 1794 usque

250 1818 309 1872 in
342 1816 518 1872 aliam
550 1815 841 1887 synodum
875 1830 938 1869 se
974 1815 1308 1869 fraternitas
1341 1812 1615 1867 universa
1646 1827 1901 1882 suspen-

252 1907 375 1961 dat.
398 1904 489 1960 Illi
512 1920 644 1959 vero
669 1903 769 1974 qui
801 1902 1006 1957 illicite
1030 1900 1279 1973 promoti
1301 1905 1461 1966 sunt,
1486 1900 1896 1971 degradentur.

251 2020 385 2075 CAP.
419 2019 543 2073 302.
574 2050 637 2057 -—-
670 2016 821 2085 Quod
846 2033 954 2071 non
984 2021 1155 2085 potest
1181 2016 1489 2087 promereri
1528 2017 1625 2086 qui
1674 2014 1899 2069 viduam

321 2092 565 2229 ἐμπαθές.
600 2089 946 2145 Innocentius
968 2090 1142 2143 Felici
1162 2090 1410 2159 episcopo
1426 2092 1473 2144 Ν
1480 2088 1701 2142 ucerino
1715 2088 1893 2157 (epist.

362 2203 375 2227 ,
408 2179 454 2216 c.
550 2202 564 2215 .

318 2251 398 2307 De
424 2248 676 2321 digamis
719 2266 824 2303 nec
847 2248 1075 2303 consuli
1126 2248 1347 2319 debuit,
1398 2248 1551 2316 quod
1587 2246 1899 2301 manifesta

249 2339 422 2395 lectio
454 2340 531 2394 sit
552 2337 816 2410 Apostoli
850 2353 863 2392 :
901 2339 1069 2394 Unius
1100 2338 1290 2393 uxoris
1321 2339 1496 2391 virum
1527 2337 1575 2407 (I
1611 2338 1753 2390 Tim.
1790 2338 1896 2405 111),

246 2431 318 2484 ad
351 2427 743 2484 sacerdotium
776 2426 861 2482 vel
894 2428 963 2481 ad
998 2426 1336 2482 clericatum
1382 2424 1615 2480 admitti
1663 2425 1895 2494 debere,

249 2524 305 2574 et
335 2517 485 2572 hanc
519 2516 705 2587 ipsam
740 2521 939 2572 tamen
974 2516 1023 2571 si
1056 2516 1331 2587 virginem
1365 2514 1608 2585 accepit.
1641 2513 1785 2567 Nam
1829 2528 1897 2567 ea

250 2623 376 2678 quas
424 2605 695 2661 habuerit
726 2610 860 2660 ante
909 2605 1125 2671 virum,
1160 2605 1293 2660 licet
1322 2606 1633 2659 defunctus
1666 2603 1761 2669 sit,
1808 2606 1895 2655 ta-

248 2712 384 2751 men
416 2694 464 2749 si
496 2694 705 2749 clerico
736 2694 910 2749 fuerit
939 2692 1233 2764 copulata,
1268 2697 1469 2764 postea
1498 2692 1747 2746 clericus
1768 2706 1897 2746 esse

248 2801 365 2839 non
399 2782 613 2854 poterit
644 2783 744 2854 qui
777 2798 905 2837 eam
943 2782 1253 2853 acceperit.
1306 2780 1451 2844 Quia
1498 2782 1554 2834 in
1607 2780 1729 2850 lege
1755 2796 1897 2834 cau-

245 2879 374 2929 tum
406 2881 515 2939 est,
550 2888 663 2927 non
692 2872 983 2942 abjectam
1017 2871 1230 2926 habere
1257 2886 1430 2941 posse
1463 2869 1769 2939 conjugem
1803 2885 1897 2923 sa-

249 2962 564 3018 cerdotem.
598 2961 797 3031 (Leuit.
830 2963 970 3028 χιιι).

241 3078 377 3133 CAP.
409 3076 533 3131 303.
561 3107 626 3117 -—
653 3076 715 3132 Ut
738 3092 849 3131 non
876 3078 1266 3145 promoveatur
1294 3073 1390 3144 qui
1418 3081 1543 3128 ante
1562 3074 1897 3145 baptismum

2016 490 2191 545 ducta
2217 496 2305 545 est
2336 491 2482 546 loco.
2520 493 2661 557 Quis
2695 510 2794 549 oro
2848 496 3007 550 istud
3066 513 3182 551 non
3235 498 3427 555 videat
3474 508 3672 559 contra

2016 580 2277 650 Apostoli
2304 598 2430 636 esse
2456 587 2829 653 praeceptum,
2849 586 2945 655 qui
2972 585 3235 643 aitunius
3264 592 3457 645 uxoris
3487 592 3670 647 virum

2018 674 2244 741 oportet
2273 670 2396 724 ﬁeri
2421 672 2825 727 sacerdotem?
2867 674 3061 733 (ITim.
3100 678 3209 746 ιιι.)
3240 678 3347 733 Sed
3375 680 3668 750 objicitur,

2018 759 2173 830 quod
2189 758 2245 812 in
2268 760 2561 830 baptismo
2581 762 2868 831 quidquid
2886 763 2943 817 in
2968 763 3204 820 homine
3218 774 3667 838 gestum,totum

2018 848 2095 902 sit
2129 848 2335 903 lotum.
2369 848 2551 904 Dicite
2584 850 2727 904 mihi
2760 852 2915 922 (cum
2975 868 3114 922 pace
3162 861 3357 911 vestra
3417 856 3665 931 loquor),

2017 937 2264 992 crimina
2294 942 2527 992 tantum
2571 938 2952 995 dimittuntur
3002 942 3060 995 in
3114 943 3429 1014 baptismo,
3461 964 3535 1002 an
3570 947 3671 1004 illa

2017 1043 2144 1097 qum
2168 1028 2494 1082 secundum
2520 1027 2619 1082 Dei
2645 1034 2953 1100 praecepta,
2989 1046 3053 1085 ac
3084 1032 3183 1085 Dei
3212 1032 3483 1089 instituta
3506 1053 3668 1091 com-

2016 1116 2288 1187 plentur?
2329 1121 2577 1171 Uxorem
2625 1119 2837 1173 ducere
2869 1120 3090 1173 crimen
3134 1126 3243 1185 est,
3278 1127 3380 1177 aut
3415 1142 3528 1179 non
3583 1133 3671 1180 est

2017 1205 2280 1259 crimen?
2309 1204 2366 1260 Si
2400 1207 2621 1261 crimen
2654 1211 2762 1276 est,
2823 1224 2959 1278 ergo
2992 1209 3170 1279 (quod
3210 1212 3451 1281 prmfata
3495 1215 3666 1269 venia

2016 1294 2286 1364 dixerim)
2318 1297 2443 1365 ipse
2472 1298 2685 1350 Auctor
2707 1301 2795 1351 est
2840 1296 2898 1351 in
2933 1298 3125 1369 culpa,
3159 1300 3258 1369 qui
3306 1306 3370 1355 ut
3418 1301 3668 1358 crimina

2016 1385 2525 1439 committerentur
2550 1386 2606 1440 in
2625 1386 2916 1456 paradiso,
2938 1403 3071 1441 cum
3099 1389 3222 1459 ipse
3250 1391 3662 1462 eosjungeret,

2015 1472 2308 1527 benedixit
2337 1474 2658 1543 (Genes.11).
2702 1475 2759 1529 Si
2807 1475 2927 1530 viro
2978 1493 3093 1531 non
3127 1482 3215 1532 est
3257 1479 3499 1546 crimen,
3527 1482 3667 1550 quia

2017 1563 2168 1631 quod
2203 1563 2357 1617 Deus
2389 1564 2644 1617 instituit
2676 1564 2839 1619 nefas
2892 1565 2968 1619 sit
3007 1567 3225 1622 crimen
3272 1569 3553 1639 appellari
3587 1570 3667 1640 (et

2016 1650 2291 1706 Salomon
2323 1651 2584 1707 addidit:
2615 1653 2838 1708 Etenim
2891 1671 2922 1708 a
2970 1654 3086 1710 Deo
3130 1661 3495 1727 praeparatur
3542 1658 3664 1713 viro

2016 1742 2366 1811 uxor[Prov.
2398 1742 2556 1811 3111]),
2616 1744 2906 1811 quomodo
2929 1744 3184 1799 creditur
3220 1745 3373 1800 inter
3410 1747 3660 1802 crimina

2014 1845 2141 1883 esse
2181 1828 2515 1884 dimissum!
2560 1831 2713 1901 quod
2740 1831 2854 1886 Deo
2878 1837 3111 1888 auctore
3143 1834 3359 1906 legitur
3389 1853 3659 1890 consum-

2012 1917 2263 1971 matum?
2287 1918 2431 1979 Quid
2459 1919 2527 1973 de
2546 1919 2752 1973 talium
2776 1919 2914 1975 filiis
2949 1923 3487 1992 percensetur?(28,
3521 1942 3571 1993 q.
3606 1924 3661 1993 1,

2007 2024 2054 2062 c.
2089 2008 2392 2078 Nunquid.)
2415 2008 2691 2079 Nunquid
2727 2026 2840 2063 non
2873 2014 3046 2064 erunt
3076 2012 3421 2066 admittendi
3453 2010 3509 2065 in
3545 2010 3663 2064 ha:-

2010 2097 2277 2152 reditatis
2299 2098 2760 2167 consortio,quia
2780 2115 2848 2153 ex
2862 2114 2928 2154 ea
2944 2100 3202 2171 suscepti
3226 2105 3365 2154 sunt
3382 2117 3508 2170 quae
3524 2105 3659 2155 ante

2008 2185 2370 2257 baptismum
2400 2187 2506 2241 fuit
2537 2187 2720 2241 uxor?
2745 2192 3041 2259 Eruntque
3065 2188 3394 2261 appellandi
3420 2196 3656 2244 natura-

2008 2275 2114 2341 les,
2138 2275 2223 2330 vel
2266 2276 2403 2345 quia
2449 2293 2562 2331 non
2606 2277 2933 2345 legitimum
2968 2282 3057 2333 est
3087 2278 3533 2334 matrimonium
3568 2280 3653 2349 (ut

2006 2365 2170 2419 vobis
2203 2365 2453 2436 videtur)
2485 2367 2599 2420 nisi
2631 2366 2775 2423 illud
2812 2369 2965 2438 quod
3002 2372 3135 2439 post
3165 2368 3524 2438 baptismum
3558 2385 3653 2425 as-

2008 2454 2423 2525 sumitur?lpse
2438 2455 2723 2509 Dominus
2740 2472 2873 2509 cum
2898 2456 3657 2531 interrogareturaJudteis,

2006 2543 2056 2597 si
2086 2542 2286 2597 liceret
2324 2543 2617 2598 dimittere
2666 2561 2902 2599 uxorem
2957 2550 3132 2615 atque
3174 2551 3490 2616 exponeret
3523 2546 3651 2600 fieri

2006 2649 2122 2686 non
2154 2632 2387 2699 debere,
2412 2632 2658 2697 addidit,
2685 2635 2827 2703 quod
2848 2635 2985 2687 Deus
3017 2635 3327 2703 conjunxit,
3352 2636 3507 2689 homo
3535 2650 3646 2690 non

2004 2727 2224 2791 separet
2258 2721 2465 2789 (Matth.
2490 2723 2623 2791 χιιι).
2657 2725 2734 2776 Ac
2768 2739 2837 2777 ne
2868 2724 2939 2777 de
2970 2722 3064 2777 his
3098 2724 3330 2778 locutus
3359 2740 3489 2778 esse
3521 2739 3648 2779 cre-

2008 2812 2181 2865 datur
2210 2811 2307 2882 qui
2332 2816 2459 2882 post
2479 2812 2840 2881 baptismum
2866 2829 3072 2867 uxores
3097 2812 3655 2878 sortiuntur,memi-

2009 2900 2161 2955 nerit
2182 2900 2290 2955 hoc
2313 2906 2367 2955 et
2392 2918 2424 2954 a
2447 2899 2667 2954 Judaeis
2690 2900 3137 2971 interrogatum,
3168 2907 3224 2956 et
3271 2900 3491 2956 Judaeis
3533 2918 3662 2955 esse

2007 3006 2375 3060 responsum.
2411 2991 2635 3055 Quaero,
2694 2993 2751 3043 et
2806 2989 3095 3045 sollicitus
3154 3006 3375 3061 quaero,
3428 2990 3477 3045 si
3538 3007 3657 3045 una

2007 3079 2291 3149 edemque
2319 3078 2394 3133 sit
2424 3096 2586 3145 uxor,
2623 3079 2722 3149 qui
2758 3083 2891 3134 ante
2923 3079 3406 3145 catechumenus,
3456 3085 3661 3150 postea

314 3149 735 3238 αηατηβὲᾳραξιρ
755 3156 817 3238 Ξῖ
1926 3147 1966 3213 C
2007 3144 2315 3233 fidelis-sit,
2338 3144 2607 3238 filiosque
2639 3144 2705 3222 ex
2729 3184 2795 3221 ea
2818 3185 2947 3222 cum
2996 3173 3150 3222 esset
3200 3144 3658 3223 catechumenus

318 3220 609 3275 nocentius
661 3221 805 3288 Rufo
860 3229 913 3271 et
969 3219 1197 3271 Eusebio
1251 3217 1573 3288 cwterisquc
1629 3217 1896 3288 episwpis

314 3291 809 3347 Macedoniensibus
844 3290 1025 3360 (epist.
1056 3292 1146 3356 22,
1189 3306 1309 3359 cap.
1349 3290 1422 3359 1).

317 3380 429 3434 Eos
449 3381 550 3451 qui
576 3379 785 3433 viduas
809 3379 1108 3449 accepisse
1131 3383 1673 3448 suggeruntur,non
1702 3376 1892 3432 solum

246 3468 491 3524 clericos
513 3468 747 3522 effectos
770 3468 1209 3537 agnovi,verum
1233 3466 1408 3520 etiam
1438 3482 1621 3536 usque
1650 3468 1717 3520 ad
1742 3468 1894 3520 infu-

247 3557 337 3612 las
360 3557 669 3612 sacerdotii
694 3556 913 3611 summi
955 3555 1309 3626 pervenisse,
1334 3556 1485 3626 quod
1511 3563 1713 3609 contra
1752 3556 1898 3625 legis

251 3650 538 3717 praecepta
583 3660 710 3700 esse
759 3643 958 3698 nullus
1007 3644 1257 3715 ignorat.
1293 3648 1431 3698 Nam
1486 3660 1618 3697 cum
1671 3644 1897 3714 Moyses

246 3733 553 3806 legislator
583 3734 850 3789 clamitet
893 3733 1085 3800 (Lavit.
1122 3736 1224 3801 χι),
1279 3732 1562 3786 Sacerdos
1614 3733 1897 3802 virginem

248 3839 489 3879 uxorem
518 3822 867 3893 accipiatzet
898 3838 971 3876 ne
994 3822 1048 3875 in
1083 3822 1187 3876 hoc
1220 3826 1507 3892 praecepto
1532 3820 1755 3890 aliquid
1790 3837 1898 3890 pu-

246 3916 473 3967 taretur
494 3911 854 3982 ambiguum,
881 3910 1126 3977 addidit,
1147 3926 1261 3965 non
1284 3908 1543 3973 viduam,
1563 3925 1752 3980 neque
1784 3909 1899 3978 eje-

248 4008 428 4065 ctam,
461 4005 664 4054 contra
695 4000 850 4070 quod
904 4003 1261 4070 prmeeptum
1311 3999 1511 4052 divina
1554 3999 1901 4053 auctoritate

249 4090 567 4144 subnixum
601 4088 766 4143 nulla
794 4088 1054 4143 defensio
1089 4088 1345 4142 mandati
1382 4086 1627 4143 alterius
1660 4089 1900 4143 submo-

246 4183 415 4234 vetur
437 4177 777 4249 (opponitur
797 4176 1106 4248 orig.],nisi
1134 4177 1497 4231 consuetudo
1521 4182 1729 4244 vestra,
1751 4193 1900 4247 quae,

249 4272 317 4322 ut
348 4267 463 4338 ipsi
498 4266 783 4332 fatemini,
819 4282 886 4320 ex
919 4266 1249 4337 ignorantia
1281 4266 1369 4335 (ut
1398 4266 1788 4320 verecundius
1814 4266 1900 4319 di-

250 4356 422 4426 cam),
457 4372 571 4410 non
605 4372 672 4410 ex
708 4354 1029 4426 apostolica
1056 4354 1367 4409 traditione
1399 4359 1455 4409 et
1485 4356 1729 4420 ratione,
1762 4354 1906 4409 inte-

247 4462 353 4517 gra
386 4449 497 4501 est.
533 4446 650 4499 Nos
683 4451 881 4499 autem
932 4460 1256 4515 omnesque
1287 4460 1390 4516 per
1418 4444 1711 4498 Orientem
1744 4444 1904 4499 Occi-

2006 3255 2348 3327 susceperit,
2374 3262 2431 3310 et
2457 3261 2656 3327 postea
2692 3256 2839 3312 alios
2864 3274 2994 3311 cum
3032 3256 3222 3312 fidelis
3250 3273 3263 3312 :
3290 3262 3485 3310 utrum
3539 3257 3660 3311 sint

2006 3346 2213 3399 fratres
2246 3344 2599 3415 appellandi,
2627 3363 2697 3400 an
2734 3363 2848 3400 non
2881 3346 3135 3400 habeant
3168 3345 3660 3417 posteadefuncto

2008 3440 2168 3505 patre
2184 3433 3158 3505 hmreditatisconsortium,quibus
3175 3434 3425 3487 filiorum
3446 3448 3660 3486 nomen

2006 3523 2361 3592 regeneratio
2380 3522 2708 3592 spiritualis
2732 3524 2949 3577 dicitur
2970 3523 3306 3577 abstulisse.
3335 3522 3496 3586 Quod
3522 3538 3657 3575 cum

2006 3610 2373 3680 itajudicare
2395 3616 2567 3681 atque
2592 3612 2806 3666 sentire
2839 3613 3159 3666 absurdum
3209 3617 3298 3666 est
3340 3629 3466 3682 quas
3516 3610 3663 3664 ratio

2007 3703 2093 3753 est
2123 3699 2230 3753 hoc
2263 3698 2482 3753 malum
2517 3699 2770 3768 defendi,
2806 3705 2862 3755 et
2916 3717 3097 3754 vacua
3152 3700 3338 3770 magis
3384 3699 3664 3771 opinione

2000 3790 2231 3860 jactari,
2266 3808 2442 3861 quam
2467 3791 2662 3862 aliqua
2684 3794 3031 3847 auctoritate
3064 3792 3344 3857 roborari,
3378 3808 3510 3847 cum
3545 3807 3663 3845 non

2010 3885 2209 3951 posset
2243 3881 2394 3934 inter
2424 3886 2655 3950 peccata
2689 3882 2979 3953 deputari,
3006 3883 3155 3951 quod
3182 3883 3271 3936 lex
3296 3881 3662 3952 praecepit,et

2011 3969 2163 4024 Deus
2208 3970 2532 4039 conjunxit,
2566 3975 2622 4024 et
2680 3970 2769 4024 lex
2823 3971 3065 4043 jungit?
3100 3974 3225 4026 Item
3254 3970 3440 4041 (ibid,
3488 3970 3658 4041 paulo

2006 4064 2167 4130 post).
2203 4059 2553 4129 Nuptiarum
2589 4060 2797 4131 copula
2829 4060 2968 4130 quia
3008 4060 3106 4115 Dei
3134 4060 3408 4114 mandato
3436 4058 3656 4130 perfici:

2011 4154 2127 4210 tur,
2158 4166 2269 4203 non
2289 4154 2479 4219 potest
2499 4149 2615 4203 dici
2639 4154 2941 4219 peccatum
2970 4155 3058 4203 :et
3092 4154 3391 4219 peccatum
3419 4154 3662 4216 nonest,

2013 4238 2167 4308 quod
2198 4238 2347 4292 inter
2377 4242 2616 4309 peccata
2668 4238 2937 4309 deputari
2992 4238 3232 4293 omnino
3292 4254 3406 4292 non
3467 4237 3662 4302 debet,

2013 4328 2239 4389 eritque
2262 4326 2557 4399 integrum
2587 4327 2901 4395 aestimare,
2928 4326 3145 4382 aboleri
3174 4344 3288 4382 non
3324 4343 3495 4397 posse
3520 4327 3667 4397 prio-

2016 4415 2097 4469 ris
2130 4431 2339 4469 nomen
2365 4416 2586 4482 uxoris,
2611 4433 2743 4471 cum
2792 4433 2907 4471 non
2942 4417 3259 4472 dimissum
3294 4416 3371 4471 sit
3402 4433 3503 4487 pro
3539 4431 3669 4487 pec-

248 4504 607 4605 dentemque
636 4532 930 4588 Ecclesias
980 4504 1205 4588 noverit
1246 4504 1439 4588 vestra
1486 4532 1739 4599 dilectio,
1786 4534 1909 4589 haec
1942 4520 1986 4584 D
2019 4508 2167 4568 cato’
2204 4504 2341 4575 qni“
2374 4522 2441 4559 ex
2473 4505 2571 4559 Dei
2606 4505 2682 4560 “it
2712 4504 3008 4561 νοῙυηίθοίθ
3043 4506 3425 4577 completum-

249 4622 486 4694 penitus
516 4639 629 4677 non
661 4622 1099 4690 admittere,nec
1118 4622 1189 4675 ad
1222 4621 1494 4676 ultimum
1520 4621 1902 4679 ecclesiastici

252 4710 476 4767 ordinis
506 4710 701 4766 locum
735 4710 885 4766 tales
913 4726 1236 4777 assumere,
1261 4716 1316 4764 et
1340 4711 1388 4765 si
1421 4711 1632 4782 reperti
1666 4712 1903 4780 fuerint,

254 4802 625 4856 submovere.
682 4799 878 4871 (Ibid,
929 4815 1050 4870 cap.
1110 4800 1167 4866 2,
1216 4800 1347 4854 dist.
1400 4800 1490 4865 26,
1549 4816 1595 4853 c.
1656 4801 1905 4873 Deinde.)

251 4889 473 4945 Deinde
498 4889 883 4959 ponitur,non
910 4888 1023 4942 dici
1046 4892 1313 4960 oportere
1335 4905 1467 4942 eum
1485 4888 1784 4959 digamum
1802 4890 1905 4960 qui

252 4978 717 5034 catechumenus
744 4977 1015 5033 habuerit
1035 4982 1210 5049 atque
1254 4977 1518 5032 amiserit
1558 4994 1819 5048 uxorem,
1853 4980 1902 5033 si

252 5074 383 5141 post
405 5070 771 5141 baptismum
804 5069 979 5124 fuerit
1011 5068 1186 5124 aliam
1218 5070 1479 5134 sortitus,
1517 5085 1764 5140 eamque
1787 5070 1904 5141 pri-

250 5175 409 5213 mam
434 5159 616 5213 videri
635 5175 763 5229 quas
791 5174 937 5213 novo
961 5156 1184 5213 homini
1207 5157 1473 5228 copulata
1492 5158 1901 5221 sit.Quiaillud

251 5248 597 5318 conjugium
630 5262 732 5318 per
764 5247 1045 5318 baptismi
1067 5253 1502 5301 sacramentum
1527 5264 1661 5302 cum
1685 5250 1903 5304 caeteris

252 5335 607 5390 criminibus
640 5337 717 5390 sit
748 5335 1036 5389 ablutum.
1063 5334 1224 5398 Quod
1256 5351 1386 5389 cum
1433 5337 1503 5391 de
1538 5354 1650 5391 una
1702 5338 1905 5409 utique

253 5424 493 5491 dicitur,
529 5429 681 5480 certe
713 5425 762 5479 si
794 5428 912 5479 tres
935 5424 1208 5479 habuerit
1238 5425 1297 5478 in
1330 5426 1504 5480 veteri
1538 5426 1762 5497 positus
1796 5428 1903 5483 bo-

254 5514 433 5584 mine,
458 5530 601 5569 uxor
627 5513 739 5569 erit
783 5514 935 5584 ejus,
968 5530 1094 5585 qua:
1128 5517 1261 5585 post
1291 5512 1654 5585 baptismum
1698 5523 1907 5587 quarta

252 5609 370 5675 est,
423 5603 506 5660 sic
557 5602 1089 5674 interpretantibus
1138 5602 1329 5676 prima
1379 5602 1745 5676 virginisque
1784 5606 1906 5662 haec

579 5732 663 5792 PA
682 5746 846 5794 ract.
895 5731 1097 5792 CLXI.

2015 4637 2147 4691 CAP.
2186 4638 2412 4710 304.7—
2444 4638 2597 4705 Quod
2625 4638 2963 4694 lenocinium
2995 4642 3152 4709 facit,
3198 4640 3293 4710 qui
3322 4636 3673 4708 quastuaria

2078 4709 2360 4835 itnpnlcipzia
2413 4711 2689 4765 habuerit.
2741 4712 2980 4777 Quartus
3036 4712 3175 4766 liber
3209 4709 3669 4771 ’Pandectarum,

2111 4798 2252 4837 τιιο
2333 4824 2345 4835 .

2090 4896 2466 4951 Lenocinium
2499 4897 2636 4952 facit
2667 4899 2765 4969 qui
2819 4898 3174 4969 quaestuaria
3227 4896 3517 4967 mancipia
3562 4894 3672 4948 ha-

2015 4986 2231 5040 buerit.
2268 4986 2375 5040 Sed
2413 4991 2470 5042 et
2502 4987 2676 5058 quiin
2709 4987 2909 5043 liberis
2928 4988 3083 5042 hunc
3106 4992 3395 5058 qumstum
3422 4987 3668 5050 exercet,

2015 5074 2071 5128 in
2097 5074 2298 5129 eadem
2351 5092 2528 5131 causa
2573 5081 2683 5142 est,
2732 5077 2851 5131 sive
2877 5080 3071 5132 autem
3108 5077 3214 5131 hoc
3262 5073 3665 5147 principaliter

2015 5162 2311 5233 negotium
2329 5165 2635 5235 gerat,sive
2652 5164 2893 5219 alterius
2911 5165 3319 5237 negotiationis
3338 5161 3675 5218 accessione

2018 5256 2255 5307 utatur:
2285 5258 2347 5307 ut
2402 5259 2543 5323 puta
2573 5256 2622 5309 si
2646 5271 2831 5325 caupo
2854 5256 2964 5309 fuit
2997 5254 3080 5309 vel
3101 5252 3676 5317 stabularius,man-

2016 5342 2169 5411 cipia
2203 5341 2338 5396 talia
2363 5342 2568 5397 babui‘.
2592 5344 3019 5411 ministrantis,
3043 5348 3097 5396 et
3122 5343 3426 5397 occasione
3469 5337 3680 5391 minis-

2014 5432 2146 5486 terii
2170 5437 2455 5502 quaestum
2486 5434 2778 5499 facientia;
2806 5434 2923 5488 sive
2948 5432 3252 5488 balneator
3282 5429 3457 5485 fuerit
3481 5426 3569 5482 vel
3594 5428 3685 5497 (ut

2017 5521 2373 5592 quibusdam
2401 5524 2716 5595 provinciis
2740 5526 2824 5592 fit)
2846 5523 2903 5577 in
2935 5521 3156 5577 balneis
3180 5522 3250 5577 ad
3288 5516 3681 5576 custodienda

2014 5612 2379 5668 vestimenta
2411 5614 2698 5669 conducta
2728 5612 2945 5668 habent
2979 5610 3291 5684 mancipia.

3279 5742 3352 5800 21
