4002 6054
193 341 308 396 653

1115 341 1427 396 DECRETI
1467 344 1650 396 PARS
1686 341 1835 395 VIII.
1872 370 1940 380 —
1968 343 2065 396 DE
2103 343 2496 411 CONJUGIIS,
2535 345 2691 399 ETC.

3518 346 3627 403 054

192 470 441 541 propter
491 466 676 524 Deum
727 463 1129 537 virginitatem
1201 465 1504 536 professus
1551 466 1610 522 in
1650 465 1853 537 conju-
1885 468 1940 536 Α
1972 466 2406 538 Scripturarum
2462 468 2766 540 prreceptis
2825 467 2883 523 in
2932 467 3178 525 ecclesia
3234 469 3356 526 ﬁeri
3390 475 3626 543 exopta-

192 546 292 629 °gio
326 555 548 628 positos
580 573 682 628 per
713 554 1112 626 arrogantiam
1138 554 1572 627 vituperaverit,
1608 556 1856 612 anathe-

200 662 302 702 ma
331 647 429 702 sit.

195 764 335 819 CAP.
369 763 494 818 317.
521 793 588 802 —
611 766 692 820 Ne
712 761 920 816 mulier
943 739 1361 833 spretisnuptiis
1385 779 1419 815 α-
1449 762 1568 818 viro
1598 761 1855 816 discedat.

792 833 1000 888 Ibidem
1022 849 1139 904 cap.
1179 835 1268 889 14.

272 923 442 994 (Dist.
469 923 557 994 30,
591 939 638 979 c.
665 924 730 980 Si
759 940 865 994 qua
887 925 1139 992 mulier.)
1170 922 1228 978 Si
1272 939 1388 994 qua
1439 921 1652 977 mulier
1695 922 1858 977 dere-

193 1012 337 1068 licto
367 1013 490 1068 viro
523 1012 821 1068 discedere
843 1011 1114 1078 voluerit,
1139 1011 1331 1067 saluto
1351 1011 1580 1067 vinculo
1603 1009 1859 1082 conjugii

196 1100 442 1174 nuptias
476 1101 925 1168 contemnendo,
961 1100 1274 1156 anathema
1314 1101 1409 1156 sit.

542 1217 678 1273 CAP.
707 1218 832 1272 318.
869 1249 933 1257 -
962 1219 1036 1273 De
1063 1217 1253 1274 eodem
1282 1234 1401 1288 cap.
1441 1220 1520 1272 15.

272 1309 426 1380 (Dist.
459 1307 549 1373 30,
583 1323 698 1378 cap.
735 1305 796 1361 Si
825 1307 946 1378 quis
977 1306 1387 1378 dereliqucril.)
1437 1306 1492 1361 Si
1544 1307 1644 1378 qui
1695 1306 1858 1361 dere-

195 1397 442 1469 liquerit
466 1395 734 1468 proprios
764 1395 936 1462 ﬁlios,
971 1399 1027 1450 et
1058 1412 1171 1450 non
1205 1412 1305 1450 eos
1335 1395 1570 1465 aluerit,
1589 1399 1666 1461 et,
1702 1395 1854 1464 quod

196 1487 438 1558 pietatis
485 1490 597 1552 est,
664 1485 997 1540 necessaria
1042 1501 1156 1539 non
1196 1484 1536 1555 praebuerit,
1593 1485 1694 1539 sed
1747 1485 1856 1539 sub

199 1576 509 1632 occasione
537 1575 909 1630 continentiae
930 1572 1310 1646 negligendos
1357 1573 1666 1645 putaverit,
1719 1591 1859 1630 ana-

198 1665 401 1720 thema
433 1663 531 1720 sit.

199 1776 339 1830 CAP.
373 1771 500 1827 319.
529 1802 598 1812 —
633 1769 708 1825 Ne
737 1771 847 1840 filii
909 1773 1194 1825 occasione
1244 1769 1544 1839 religionis
1604 1777 1860 1840 parentes

523 1859 654 1899 suos
682 1841 1009 1913 despiciant.
1045 1841 1278 1907 Ibidem,
1303 1858 1422 1912 cap.
1460 1843 1544 1896 16.

275 1934 446 2003 (Dist,
508 1933 577 1986 30
624 1947 670 1986 c.
724 1931 788 1986 Si
828 1930 925 2002 qui
964 1931 1120 2002 ﬁlii.)
1161 1930 1219 1985 Si
1263 1929 1361 2001 qui
1413 1930 1518 1983 lilii
1570 1933 1861 2002 parentes,

203 2022 460 2077 maxime
492 2019 692 2076 fideles
743 2019 1114 2076 deseruerint
1163 2020 1469 2074 occasione
1502 2018 1597 2072 Dei
1643 2017 1860 2085 cultus,

201 2111 313 2166 hoc
337 2112 564 2180 justum
597 2125 726 2165 esse
752 2109 1118 2179 judicantes,
1152 2113 1208 2163 et
1240 2124 1354 2163 non
1383 2105 1574 2178 potius
1597 2107 1858 2161 debitum

201 2199 486 2255 honorem
511 2197 850 2270 parentibus
869 2197 1254 2262 reddiderint,
1275 2201 1338 2252 ut
1357 2196 1548 2267 ipsum
1573 2195 1632 2249 in
1661 2195 1744 2250 eis
1768 2211 1863 2250 ve-

200 2293 504 2356 nerentur,
537 2287 692 2358 quod
729 2285 928 2341 lideles
963 2285 1104 2351 sint,
1153 2286 1468 2340 anathema
1499 2285 1598 2340 sit.

201 2403 338 2458 CAP.
388 2402 514 2456 320.
562 2432 633 2442 -
679 2401 855 2473 Caput
904 2401 1161 2526 mattea-gs
1221 2400 1438 2456 tonderi
1481 2416 1591 2454 non
1647 2398 1858 2454 debere.

954 2490 1042 2526 an.
1155 2515 1166 2526 .

954 2490 1042 2543 ap.
1080 2490 1166 2528 11.

279 2562 438 2628 (Dist.
485 2563 575 2629 30,
625 2577 747 2631 cap.
807 2563 1158 2632 Quaecunque
1186 2561 1435 2631 mulier.)
1487 2560 1861 2629 Quaecunque

205 2651 422 2707 mulier
454 2650 724 2723 religioni
773 2651 1052 2720 judicans
1098 2649 1425 2714 convenire,
1479 2665 1707 2703 comam
1748 2647 1858 2702 sibi

207 2740 604 2812 amputaverit
633 2741 678 2810 (I
707 2740 826 2795 Cor.
850 2744 949 2808 χι),
973 2755 1148 2810 quam
1176 2744 1325 2792 Deus
1348 2738 1419 2792 ad
1444 2737 1707 2792 velamen
1733 2737 1860 2805 ejus

206 2834 264 2885 et
295 2830 366 2884 ad
402 2828 748 2884 memoriam
800 2827 1184 2898 subjectionis
1216 2826 1296 2881 illi
1349 2825 1530 2891 dedit,
1577 2829 1858 2896 tanquam

206 2917 502 2974 resolvens
528 2918 626 2988 jus
660 2917 1068 2986 subjectionis,
1103 2915 1420 2971 anathema
1451 2914 1547 2970 sit.

207 3035 342 3091 CAP.
375 3034 499 3087 321.
533 3062 602 3072 -
631 3033 706 3088 Ne
725 3033 848 3104 quis
877 3031 944 3086 de
975 3032 1176 3086 habitu
1217 3030 1505 3104 religionis
1553 3031 1856 3104 superbiat,

281 3105 363 3160 vel
394 3121 532 3230 aqua
551 3108 822 3175 praecepta
852 3105 911 3158 in
943 3104 1248 3160 Ecclesium
1281 3103 1526 3158 inducat.
1562 3103 1634 3158 De
1671 3104 1860 3157 eodem

281 3193 432 3230 conci
468 3193 538 3230 to.

279 3193 538 3232 εοηειιιο.

279 3265 410 3320 Haec
450 3269 645 3320 autem
676 3263 1025 3334 scripsimus
1072 3263 1424 3334 (subscriptio
1470 3267 1546 3318 est
1583 3265 1860 3333 episcopo-

204 3371 330 3408 rum
365 3353 423 3407 in
452 3354 647 3408 concil.
692 3352 989 3420 Gangren.,
1043 3369 1088 3406 c.
1139 3353 1252 3419 21),
1291 3368 1406 3406 non
1454 3352 1862 3406 abscindenles

207 3460 308 3498 eos
341 3442 441 3513 qui
476 3443 534 3496 in
569 3441 824 3496 Ecclesia
850 3441 946 3495 Dei
982 3441 1308 3495 secundum
1351 3441 1684 3510 Scripturas
1733 3457 1864 3493 san-

207 3538 366 3586 etum
401 3531 770 3602 propositum
804 3531 1174 3585 continentiae
1208 3529 1470 3600 eligunt:
1507 3529 1606 3584 sed
1641 3545 1738 3583 eos
1761 3527 1862 3599 qui

211 3619 830 3691 suscipiunthabitum
847 3620 1070 3688 ejus,et
1086 3618 1145 3673 in
1173 3618 1512 3689 superbiam
1537 3617 1864 3672 ell‘eruntur

209 3709 494 3765 adversus
524 3725 624 3764 eos
657 3709 754 3778 qui
787 3707 1112 3776 simplicius
1143 3707 1361 3762 vivunt.
1393 3707 1573 3762 Sedet
1604 3705 1710 3761 hos
1733 3708 1862 3761 con-

212 3798 566 3853 demnamus
591 3797 689 3869 qui
711 3813 772 3852 se
790 3796 1078 3852 extollunt
1098 3796 1407 3851 adversum
1433 3795 1788 3866 Scripturas,
1805 3800 1863 3851 et

213 3886 644 3942 ecclesiasticos
678 3901 952 3953 canones,
997 3889 1053 3940 et
1100 3901 1246 3939 nova
1296 3884 1678 3938 introducunt
1720 3901 1860 3954 prie-

205 3979 393 4046 cepta.
429 3978 543 4028 Nos
583 3978 779 4029 autem
823 3978 879 4028 et
909 3972 1302 4044 virginitatem
1337 3988 1470 4026 cum
1527 3972 1862 4028 humilitate

203 4062 587 4128 admiramur,
614 4067 670 4117 et
699 4061 1125 4117 continentiam
1170 4077 1303 4116 cum
1329 4061 1597 4116 castitate
1629 4068 1688 4116 et
1727 4060 1860 4116 reli-

203 4152 372 4225 gione
401 4151 518 4207 Deo
557 4151 1010 4222 acceptissiman
1051 4150 1326 4216 dicimus,
1362 4155 1420 4205 et
1476 4150 1858 4206 renuntiatio—

203 4257 336 4296 nem
363 4240 734 4297 saecularium
759 4241 1125 4312 negotiorum
1151 4243 1578 4311 atqueactuum
1605 4239 1858 4294 cumbu-

202 4330 450 4385 militate
479 4330 860 4400 approbando
892 4329 1229 4397 laudamus,
1261 4333 1317 4383 et
1358 4329 1697 4399 nuptiarum
1730 4328 1858 4382 vin-

199 4419 401 4474 culum
435 4419 590 4489 quod
617 4418 945 4473 secundum
979 4418 1308 4472 castitatem
1343 4433 1543 4472 secum
1581 4417 1860 4487 perdurat

200 4508 584 4572 honoramus,
606 4512 662 4562 et
682 4507 892 4562 divites
917 4522 1046 4561 cum
1063 4506 1298 4576 justitia
1315 4511 1372 4560 et
1393 4506 1666 4577 operibus
1691 4506 1860 4561 bonis

203 4612 320 4650 non
352 4595 684 4665 abjicimus,
715 4600 774 4650 et
807 4595 1224 4667 parcimoniam
1260 4611 1393 4650 cum
1438 4599 1598 4650 veste
1647 4594 1857 4650 humili
1891 4578 1935 4641 Ι)

204 4701 317 4739 non
351 4685 760 4756 reprobamus,
788 4684 938 4739 sicut
969 4692 1022 4738 et
1045 4684 1169 4754 jam
1204 4687 1474 4738 ornatum
1498 4688 1706 4754 printer
1728 4699 1858 4738 cor-

206 4773 363 4846 poris
395 4772 764 4845 diligentiam
799 4771 1486 4828 infucatumlaudamus.
1530 4771 1859 4828 Dissolutos

202 4866 400 4917 autem
428 4863 485 4916 in
516 4863 780 4917 vestibus
798 4865 856 4916 et
877 4863 1091 4916 fractos
1126 4861 1358 4915 incessu
1377 4877 1493 4914 non
1520 4849 1859 4932 recipimus,

204 4956 260 5007 et
292 4951 500 5006 domos
534 4952 629 5005 Dei
667 4950 1024 5005 honoramus
1059 4954 1114 5004 et
1146 4954 1464 5004 conventus
1513 4949 1606 5019 qui
1656 4949 1714 5003 in
1771 4949 1862 5003 his

205 5041 378 5110 fiunt,
397 5043 675 5111 tanquam
695 5043 998 5095 sanctoset
1024 5038 1196 5093 utiles
1216 5038 1563 5108 recipimus;
1587 5036 1860 5107 pietatem

204 5127 261 5181 in
299 5127 540 5198 privatis
573 5127 850 5183 domibus
901 5144 1015 5182 non
1063 5125 1500 5193 concludentes,
1541 5130 1597 5180 et
1630 5141 1864 5180 omnem

207 5216 401 5270 locum
451 5216 507 5270 in
558 5217 794 5271 nomine
833 5216 924 5270 Dei
985 5215 1336 5270 aedificatum
1381 5215 1764 5284 honoramus,
1815 5219 1871 5268 et

210 5305 720 5374 congregationem
739 5305 794 5358 in
818 5303 1067 5360 ecclesia
1085 5307 1297 5358 tactam
1314 5307 1383 5358 ad
1404 5303 1868 5358 utilitatemcom-

211 5409 450 5447 munem
487 5393 830 5464 recipimus,
861 5401 918 5447 et
949 5395 1101 5447 bona
1123 5409 1299 5463 opera
1330 5409 1457 5462 qua:
1490 5409 1670 5463 supra
1721 5395 1871 5447 vires

211 5480 369 5536 inter
391 5480 602 5536 fratres
627 5497 915 5554 pauperes
947 5485 1290 5536 exercentur
1317 5482 1639 5536 secundum
1685 5480 1871 5536 eccle-

209 5568 484 5626 siasticas
515 5569 867 5628 traditiones
906 5570 1332 5638 beatificamus,
1383 5576 1440 5625 et
1491 5571 1688 5625 omnia
1744 5587 1870 5642 quae

207 5660 567 5718 conveniunt
596 5661 1019 5718 traditionibus
1067 5659 1406 5734 apostolicis
1458 5663 1516 5716 et
1569 5675 1872 5716 sacrarum

1897 1837 1944 1902 B

1970 573 2125 612 mus.

1969 644 2104 702 CAP.
2135 645 2258 700 322.
2292 677 2359 687 -—
2393 648 2464 702 De
2489 646 2574 702 his
2605 648 2702 718 qui
2728 647 2838 702 sibi
2867 649 3104 717 rapiunt
3125 664 3340 705 uxores.
3368 650 3450 704 Ex
3468 665 3621 707 conc.

2145 719 2595 788 Chalcedonensi,
2629 736 2748 790 cap.
2793 720 2857 773 t7
2889 720 3085 789 (Actio.
3119 721 3206 788 45,
3236 736 3288 776 c.
3325 722 3441 790 27).

2040 808 2154 878 (35,
2179 825 2232 879 q.
2258 812 2314 873 2,
2343 825 2388 864 c.
2420 813 2522 864 Eos
2545 809 2809 879 qui.)Eos
2844 809 2944 879 qui
2977 808 3086 864 sibi
3121 811 3357 881 rapiunt
3388 827 3620 882 uxores,

1966 897 2054 950 vel
2089 913 2186 952 eos
2218 898 2314 968 qui
2338 898 2420 953 eis
2455 897 2738 953 auxilium
2765 897 3160 969 prazstiterint,
3190 901 3398 955 statuit
3419 905 3623 957 sancta

1968 987 2251 1057 synodus,
2286 986 2581 1059 siquidem
2610 987 2800 1043 clerici
2849 987 3085 1054 fuerint,
3137 989 3340 1044 cadere
3384 991 3620 1062 proprio

1967 1077 2150 1146 gradu
2179 1095 2192 1144 ;
2235 1077 2283 1132 si
2317 1094 2449 1133 vero
2485 1077 2615 1132 laici
2647 1076 2884 1143 fuerint,
2919 1077 3230 1132 anathema
3265 1094 3413 1134 esse.

1969 1173 2096 1228 CAP.
2131 1174 2254 1228 323.
2295 1207 2354 1215 ——
2393 1177 2454 1231 Ut
2483 1176 2659 1230 laicus
2706 1176 3078 1245 prementibus
3126 1176 3344 1230 clericis
3388 1192 3497 1231 non
3526 1177 3628 1233 do-

2039 1249 2174 1299 ceat.
2209 1248 2292 1301 Ea:
2321 1249 2554 1303 concilio
2606 1247 3028 1318 Carthagincnsi
3047 1263 3122 1316 1v,
3148 1249 3242 1303 cui
3263 1250 3624 1319 interfuit/lu

2038 1320 2313 1388 gustinus,
2344 1337 2467 1390 cap.
2490 1320 2580 1372 98.

2043 1404 2250 1461 Laieus
2285 1407 2677 1478 prasentibus
2699 1405 2948 1471 clericis,
2982 1407 3091 1462 nisi
3124 1408 3623 1478 ipsisrogantibus

1971 1494 2368 1563 [jubentibus,
2399 1497 2568 1566 orig.}
2601 1497 2807 1551 docere
2838 1512 2952 1550 non
2985 1497 3217 1551 audeat.

2041 1583 2176 1638 CAP.
2202 1585 2325 1641 324.
2359 1615 2426 1628 -
2458 1587 2534 1641 Ne
2563 1585 2769 1640 mulier
2796 1585 3003 1640 doceat.
3040 1586 3269 1656 Ibidem,
3302 1602 3430 1656 cap.
3461 1588 3551 1643 99.

2052 1677 2190 1747 (Dist
2220 1677 2308 1745 23,
2349 1691 2396 1732 c.
2456 1674 2702 1743 Mulier.)
2746 1672 2974 1744 Mulier,
3026 1675 3297 1745 quamvis
3347 1676 3518 1732 docta
3557 1682 3616 1733 et

1975 1772 2199 1832 sancta,
2232 1765 2386 1820 viros
2419 1765 2477 1818 in
2505 1768 2796 1819 conventu
2827 1763 3033 1819 docere
3064 1780 3176 1819 non
3209 1765 3444 1821 audeat.

2144 1860 2276 1910 CAP.
2305 1854 2430 1909 325.
2462 1883 2532 1894 --
2562 1854 2636 1907 Ne
2675 1853 2878 1907 mulier
2917 1854 3172 1924 baptizet,
3205 1870 3322 1925 cap.-
3360 1855 3480 1909 100.

2044 1945 2253 2000 Mulier
2281 1943 2584 2014 baptizare
2616 1959 2730 1997 non
2760 1947 3098 2014 praesumat.

1973 2037 2108 2092 CAP.
2157 2036 2280 2089 326.
2317 2064 2382 2073 -
2440 2036 2520 2086 De
2548 2032 2736 2086 viduis
2785 2032 3206 2158 atitgl‘cscentulis
3255 2035 3306 2087 et
3361 2035 3624 2105 inﬁrmis,

2650 2120 2770 2158 can.
2936 2146 2948 2158 .

2650 2120 2770 2174 cap.
2828 2120 2948 2160 ιυι.

2045 2197 2116 2252 Ut
2141 2195 2228 2249 vid
2241 2211 2325 2249 uas
2352 2192 2774 2255 adolescentes,
2799 2208 2929 2262 qua:
2951 2208 3191 2264 corpore
3213 2192 3434 2249 debiles
3457 2198 3620 2263 sunt,

1972 2291 2214 2358 sumptu
2248 2283 2516 2340 Ecclesia
2547 2284 2719 2353 cujus
2750 2283 2936 2336 vidua:
2969 2289 3108 2338 sunt
3129 2289 3558 2342 sustententur.

1970 2389 2097 2441 CAP.
2149 2385 2273 2439 327.
2309 2411 2375 2422 -—
2406 2383 2482 2436 De
2515 2381 2694 2435 viduis
2726 2395 2852 2450 quae
2884 2382 3140 2437 Ecclesia
3167 2381 3453 2453 stipendiis
3505 2400 3625 2438 sus-

2469 2459 2775 2520 tentantur,
2810 2468 2930 2522 cap.
2969 2453 3090 2508 103.

2043 2547 2205 2614 (Dist.
2237 2545 2330 2609 8|,
2360 2560 2410 2597 c.
2449 2541 2702 2612 Viduas.)
2733 2541 2935 2595 Vidua:
2962 2557 3088 2610 quas
3110 2540 3405 2612 stipendio
3436 2541 3624 2596 Eccle-

1972 2637 2070 2692 siae
2085 2637 2516 2697 sustentantur,
2540 2635 2660 2684 tam
2686 2629 2942 2685 assidua:
2974 2629 3030 2683 in
3063 2629 3155 2684 Dei
3178 2646 3349 2702 opere
3372 2646 3500 2686 esse
3524 2631 3623 2686 de-

1969 2725 2109 2779 bent
2141 2726 2203 2777 ut
2225 2725 2281 2776 et
2314 2718 2539 2774 meritis
2564 2723 2622 2772 et
2651 2716 3011 2772 orationibus
3034 2717 3160 2772 suis
3183 2716 3500 2773 Ecclesium
3529 2719 3626 2774 ad-

1963 2813 2194 2884 juvent.

1970 2905 2101 2958 CAP.
2144 2901 2268 2955 328.
2299 2901 2372 2954 De
2427 2898 2512 2952 his
2539 2897 2638 2967 qui
2665 2911 2862 2950 uxores
2893 2911 3022 2951 suas
3051 2897 3173 2950 sine
3225 2912 3393 2951 causa
3441 2896 3624 2952 rclin-

2343 2973 2542 3042 quant,
2573 2985 2694 3038 cap.
2719 2969 2789 3020 25
2821 2967 3040 3039 (Agath.
3074 2984 3124 3022 ε.
3156 2968 3268 3038 25).

2047 3063 2156 3132 (33,
2190 3079 2242 3133 q.
2289 3060 2344 3128 2,
2377 3075 2405 3114 c
2452 3057 2806 3127 chularcs.)
2859 3057 2924 3111 Hi
2976 3073 3109 3111 vero
3155 3057 3468 3113 saeculares
3521 3057 3622 3129 qui

1972 3149 2278 3221 conjugale
2302 3147 2657 3203 consortium
2675 3145 3024 3217 nullaculpa
3040 3145 3302 3218 graviore
3323 3145 3629 3201 dimittunt

1976 3240 2062 3294 vel
2086 3237 2458 3303 dimiserunt,
2483 3240 2539 3291 et
2563 3235 2756 3290 nullas
2773 3252 2980 3290 causas
3005 3234 3630 3306 dissidiiprohabiliter

1975 3330 2384 3399 proponentes,
2411 3327 2716 3395 propterea
2747 3341 2812 3378 su
2843 3323 3269 3378 amatrimonia
3292 3323 3623 3387 dimittunt,

1975 3422 2038 3470 ut
2073 3421 2173 3470 aut
2205 3414 2404 3468 illicita
2438 3416 2540 3467 aut
2561 3412 2750 3466 aliena
2782 3417 3161 3482 praesumant,
3196 3412 3267 3477 si,
3301 3419 3620 3483 antequam

1973 3505 2126 3576 apud
2144 3503 2451 3575 episcopos
2466 3499 2986 3571 comprovinciales
3001 3499 3224 3556 dissidii
3242 3517 3448 3558 causas
3461 3503 3620 3557 dixe-

1973 3592 2111 3661 rint,
2140 3595 2196 3646 et
2230 3591 2392 3662 prius
2425 3606 2631 3643 uxores
2665 3605 2838 3660 quam
2876 3589 3101 3658 judicio
3134 3591 3493 3646 damnentur
3522 3592 3622 3647 ab-

1965 3681 2232 3753 jecerint,
2266 3697 2299 3734 a
2322 3678 2735 3734 communione
2762 3677 3052 3743 Ecclesia},
3086 3684 3143 3732 et
3175 3683 3378 3735 sancto
3411 3681 3615 3752 populi

1971 3775 2142 3836 cmtu,
2170 3785 2270 3841 pro
2302 3784 2366 3824 eo
2400 3767 2554 3838 quod
2579 3767 2751 3822 fidem
2785 3771 2843 3822 et
2863 3768 3136 3839 conjugis
3166 3769 3484 3837 maculant,
3523 3787 3615 3826 ex-

1971 3859 2304 3915 cludantur.

1969 3951 2102 4004 CAP.
2136 3949 2259 4002 329.
2307 3977 2377 3987 —
2408 3947 2480 4000 De
2532 3945 2616 4000 his
2645 3947 2741 4016 qui
2790 3962 2991 4001 uxores
3013 3963 3140 4001 suas
3182 3946 3423 4004 divortio
3475 3952 3620 4005 inci-

2042 4021 2226 4144 dente;3
2290 4019 2653 4088 reliquerunt.
2711 4019 2793 4072 Ea:
2846 4018 3080 4074 concilio
3143 4020 3394 4076 Toletano
3454 4039 3530 4076 xu
3588 4062 3605 4087 ,

2042 4109 2161 4144 cun.
2235 4134 2247 4144 .

2042 4109 2161 4163 cup.
2193 4109 2247 4146 δ.

2040 4182 2150 4252 (32,
2183 4198 2234 4250 q.
2277 4180 2335 4247 5,
2367 4195 2412 4234 c.
2447 4179 2787 4249 Praeceptum
2816 4179 3054 4234 Domini.
3111 4179 3466 4250 Praeceptum
3505 4181 3618 4235 Do-

1969 4271 2116 4325 mini
2159 4273 2359 4336 estut,
2407 4275 2642 4338 excepta
2688 4267 3094 4322 fornicationis
3143 4284 3343 4333 causa,
3395 4286 3538 4325 uxor
3589 4289 3624 4327 a

1969 4360 2088 4414 viro
2123 4357 2342 4412 dimitti
2376 4373 2491 4412 non
2518 4357 2728 4411 debeat
2751 4356 2952 4424 (Matth.
2992 4373 3046 4422 ν,
3078 4357 3216 4428 xxx).
3249 4358 3318 4412 Et
3340 4359 3468 4414 Ideo
3491 4362 3621 4430 qui-

1969 4463 2202 4519 cunque
2250 4446 2396 4500 citra
2427 4445 2659 4516 culpam
2694 4444 2961 4501 criminis
3003 4445 3326 4518 supradicti
3379 4465 3619 4505 uxorem

1971 4554 2142 4592 suam
2195 4550 2548 4606 quacunque
2581 4533 2885 4589 occasione
2934 4533 3241 4606 reliquerit
3273 4537 3432 4606 (quia
3473 4540 3625 4609 quod

1969 4627 2123 4681 Deus
2151 4624 2369 4695 junxit,
2402 4623 2498 4677 ille
2532 4639 2804 4693 separare
2827 4624 3164 4695 disposuit),
3193 4625 3396 4680 tandiu
3430 4627 3501 4681 ab
3533 4645 3628 4683 ec-

1971 4714 2302 4770 clesiastica
2319 4712 2736 4768 communione
2759 4713 3022 4784 privatus
3045 4720 3096 4767 et
3113 4717 3304 4768 acuatu
3323 4714 3624 4773 hominum

1972 4803 2429 4858 Christianorum
2452 4807 2685 4856 maneat
2719 4801 2969 4868 alienus,
2997 4803 3256 4872 quandiu
3285 4805 3625 4861 societatem

1971 4893 2182 4948 relicta:
2205 4891 2476 4962 conjugis
2495 4890 2803 4945 sinceriter
2823 4907 2914 4945 am
2926 4891 3279 4962 plectaturet
3306 4894 3494 4949 foveat
3518 4893 3628 4961 ;ita

1973 4989 2170 5036 tamen
2234 4980 2312 5052 [hi
2339 4984 2457 5034 tam
2493 4979 2662 5048 orig.]
2707 4979 2940 5051 quijam
2993 4981 3198 5035 moniti
3241 4998 3272 5034 a
3332 4983 3633 5038 sacerdote

1975 5070 2156 5125 semel
2190 5076 2247 5123 et
2275 5069 2364 5124 bis
2395 5073 2601 5138 terque
2636 5073 2699 5122 ut
2727 5069 3174 5139 corrigerentur,
3219 5071 3287 5122 ad
3350 5071 3458 5125 tori
3515 5089 3634 5125 suae

1976 5150 2246 5220 conjugis
2281 5148 2576 5202 noluerint
2601 5149 2790 5203 redire
2814 5150 3200 5215 consortium,
3225 5150 3332 5217 ipsi
3355 5153 3480 5205 suis
3514 5169 3635 5205 mc-

1975 5233 2104 5286 ritis
2119 5236 2174 5283 et
2204 5230 2523 5300 apalatinze
2547 5229 2848 5294 dignitatis
2876 5230 3067 5284 officio
3091 5231 3544 5300 separabuntur,
3571 5237 3628 5284 et

1978 5322 2221 5389 insuper
2252 5335 2546 5387 generosm
2572 5317 2879 5386 dignitatis
2911 5317 3246 5372 testimonia
3277 5318 3536 5388 quandiu
3573 5319 3630 5372 in

1981 5409 2153 5478 culpa
2186 5406 2694 5462 l'uerintamissuri
2725 5410 2884 5471 sunt,
2916 5406 3054 5476 quia
3073 5422 3303 5461 carnem
3327 5424 3492 5460 suam
3509 5407 3632 5461 dis-

1987 5497 2118 5552 sidii
2149 5496 2356 5565 jugulo
2393 5495 2779 5550 tradiderunt.

1987 5590 2114 5642 CAP.
2151 5587 2275 5640 330.
2316 5616 2383 5625 —-—
2417 5587 2489 5640 De
2510 5601 2570 5640 eo
2597 5584 2742 5656 quod
2762 5599 2868 5638 nou
2900 5584 2916 5637 Ι
2925 5583 3059 5656 iccat
3084 5583 3342 5639 mulieres
3367 5585 3641 5642 Christia-

2058 5673 2158 5714 nas
2209 5657 2267 5712 in
2331 5655 2615 5727 laniﬁciis
2666 5657 2854 5726 aliqua
2902 5655 3214 5712 observare.
3273 5658 3355 5713 Ea:
3409 5660 3642 5716 concilio
