3972 6056
366 294 473 347 655

1455 298 1523 348 D.
1564 290 1808 348 IVONIS
1844 291 2340 347 CARNOTENSIS
2377 287 2701 344 EPISCOPI

3678 286 3794 340 656

437 419 675 475 Martini
706 434 873 490 papae
917 437 1038 490 cap.
1069 421 1139 474 76
1179 420 1244 488 (ε.
1272 420 1345 473 75
1390 417 1729 490 synodorum
1783 416 2007 474 Graeca-
2041 418 2094 483 Α
2125 431 2214 471 eos
2244 413 2342 485 qui
2393 428 2587 486 corpus
2643 410 2898 468 occidunt
2925 411 3137 480 (Matth.
3169 411 3248 483 Χ).
3276 415 3344 466 Et
3390 411 3603 468 iterum
3655 412 3788 468 ait:

437 507 564 546 rum
591 491 814 546 Martia.
853 494 1073 546 Bracar.
1095 492 1308 562 epise.).

439 580 551 650 (26,
580 597 631 652 q.
653 582 706 648 5,
732 597 779 636 ε.
813 583 926 635 Non
949 580 1109 634 liceat
1130 578 1484 646 Christianis)
1507 578 1631 634 Non
1674 577 1847 634 liceat
1890 593 2015 630 mu-

368 669 539 726 lieres
569 670 930 725 Christianas
955 668 1209 738 aliquam
1234 668 1551 723 vanitatem
1583 667 1642 722 in
1669 666 1794 723 suis
1825 665 2014 720 laniﬁ-

370 759 476 814 ciis
509 760 834 824 observare,
869 757 968 810 sed
1007 757 1317 811 Dominum
1349 755 1621 812 invocent
1659 756 2012 826 adjutorem,

369 847 470 919 qui
499 849 585 902 eis
615 845 960 916 sapientiam
993 845 1224 899 texendi
1256 846 1513 901 donavit.

368 939 500 991 CAP.
552 935 677 988 331.
741 934 810 988 De
858 931 1190 987 mulieribus
1255 934 1599 1002 fornicariis,
1654 937 1705 989 et
1758 933 2013 988 abortum

505 1004 856 1074 facientibus.
890 1009 974 1060 Ea:
1001 1005 1186 1059 eodem
1223 1006 1455 1060 concilio
1487 1022 1607 1076 cap.
1641 1006 1710 1059 78
1735 1006 1867 1075 (77).

439 1093 494 1148 Si
526 1110 642 1163 qua
696 1093 910 1148 mulier
941 1093 1333 1163 t‘ornicaverit,
1371 1099 1430 1149 et
1469 1095 1674 1149 exinde
1727 1093 2013 1147 infantem

364 1182 464 1252 qui
493 1181 667 1236 fuerit
687 1187 860 1236 natus
883 1181 1182 1251 occiderit,
1205 1187 1409 1253 etquae
1429 1181 1723 1237 studuerit
1739 1181 2012 1236 abortum

365 1272 572 1336 facere,
607 1275 664 1325 et
693 1271 848 1340 quod
879 1277 1224 1342 conceptum
1259 1276 1348 1326 est
1379 1287 1604 1340 necare,
1637 1275 1736 1324 aut
1765 1274 1918 1324 certe
1943 1285 2013 1322 ne

362 1356 655 1427 concipiat
699 1355 1018 1426 elaborare,
1048 1358 1168 1412 sive
1198 1374 1266 1412 ex
1296 1358 1584 1413 adulterio
1617 1359 1737 1412 sive
1767 1374 1835 1412 ex
1867 1356 2012 1427 legi-

361 1445 504 1499 timo
537 1444 825 1514 conjugio,
859 1444 964 1500 has
995 1445 1142 1501 tales
1175 1445 1448 1501 mulieres
1480 1446 1540 1500 in
1566 1450 1748 1500 morte
1779 1443 1908 1514 [nec
1951 1444 2013 1498 in

363 1553 467 1602 m.,
499 1536 617 1591 alia
645 1537 844 1607 versio]
877 1537 1135 1609 recipere
1165 1538 1642 1594 communionem
1678 1538 1899 1609 priores
1917 1554 2012 1592 ca-

364 1642 547 1682 nones
594 1627 998 1696 decreverunt,
1042 1643 1148 1681 nos
1202 1631 1398 1682 tamen
1435 1643 1536 1698 pro
1586 1625 2010 1692 misericordia,

362 1715 479 1770 sive
498 1715 642 1771 tales
673 1715 968 1786 mulieres,
1001 1716 1120 1771 sive
1137 1716 1402 1770 conscias
1415 1715 2004 1786 scelerumipsorum,

361 1805 561 1859 decem
597 1804 768 1858 annis
799 1819 969 1874 agere
1003 1804 1408 1875 pmnitentiam
1433 1805 1796 1874 judicamus.

360 1904 495 1956 CAP.
527 1901 650 1955 333.
683 1931 752 1940 ——
785 1902 856 1956 De
885 1900 1237 1956 multinubis.
1287 1900 1495 1956 Ibidem
1524 1917 1646 1971 cap.
1671 1901 1735 1954 81
1773 1901 1841 1972 (c.
1895 1900 2006 1968 80).

428 1996 484 2048 Si
518 1995 653 2065 quis
685 1995 889 2050 multis
920 1995 1141 2066 nuptiis
1173 1995 1348 2051 fuerit
1369 1995 1700 2068 copulatus,
1735 1997 2011 2066 paeniten-

357 2084 497 2138 tiam
547 2088 696 2153 agat,
748 2083 1110 2138 conversatio
1159 2089 1355 2140 autem
1387 2091 1444 2140 et
1493 2085 1638 2140 fides
1689 2085 2010 2156 pcenitendi

356 2172 731 2243 compendiat
783 2177 1041 2243 tempus.

358 2259 492 2315 CAP.
526 2260 650 2314 333.
683 2291 751 2301 —
784 2260 932 2328 Quod
962 2261 1213 2316 Ecclesia
1241 2277 1354 2316 non
1389 2261 1588 2316 habeat
1618 2261 1868 2331 gladium
1896 2261 2011 2316 nisi

428 2331 807 2405 spiritualem.
847 2332 1110 2388 Nicotaus
1146 2333 1359 2389 Atuino
1389 2333 1798 2405 archiepiscOpo
1837 2333 2008 2402 (idem

430 2404 660 2458 habetur
686 2421 856 2474 supra
880 2420 926 2458 ο.
967 2405 1108 2474 124).

430 2495 588 2547 Inter
611 2491 730 2546 haec
760 2492 1042 2548 sanctitas
1073 2496 1267 2548 vestra
1297 2493 1511 2548 addere
1541 2493 1787 2548 studuit.
1819 2492 1880 2549 Si
1911 2509 2009 2548 cu-

349 2583 454 2652 jus
487 2597 631 2636 uxor
680 2580 1037 2637 adulterium
1080 2583 1518 2654 perpetraverit,
1552 2588 1752 2638 utrum
1798 2582 2006 2638 marito

357 2669 547 2741 ipsius
570 2667 740 2724 liceat
760 2671 977 2724 secund
991 2686 1086 2725 um
1112 2670 1474 2726 mundanam
1489 2669 1676 2740 legem
1691 2686 1816 2725 eam
1834 2669 2006 2724 inter-

357 2758 550 2812 ﬁcere.
585 2759 694 2813 Sed
727 2763 933 2814 sancta
965 2759 1059 2814 Dei
1096 2759 1352 2815 Ecclesia
1374 2759 1674 2814 mundana
1701 2775 2004 2829 nunquam

356 2846 482 2917 lege
507 2845 1233 2917 constringitur,gladium
1251 2864 1367 2902 non
1401 2847 2003 2918 habetnisispiritua-

357 2933 473 2988 lem
502 2951 515 3000 ;
542 2950 657 2990 non
690 2934 927 3002 occidit,
953 2935 1052 2990 sed
1089 2935 1362 2990 viviticat.

355 3026 486 3078 CAP.
521 3023 763 3094 334,-—
803 3025 880 3078 De
930 3023 1186 3078 Lothario
1239 3040 1360 3094 rege
1399 3029 1452 3079 et
1507 3023 1763 3079 examine
1817 3039 2004 3081 causa}

426 3095 565 3164 ejus.
615 3093 767 3150 Idem
808 3095 1086 3149 Πατίοαίάο
1133 3093 1425 3150 Portuensi
1452 3099 1501 3150 et
1541 3097 1745 3151 Joanni
1790 3096 1999 3151 Phiso-

428 3163 569 3220 lensi
597 3164 863 3237 episcopis
885 3166 968 3236 (In
995 3166 1301 3236 appendice
1329 3165 1487 3237 epist.
1519 3168 1597 3236 2).

429 3254 541 3325 (3t,
574 3271 624 3324 q.
647 3255 703 3324 2,
733 3270 780 3309 ε.
816 3254 1165 3324 Lotharius.)
1189 3254 1493 3310 Lotharius
1526 3273 1623 3310 rex
1655 3255 1710 3310 in
1744 3271 2004 3311 commo-

360 3342 572 3398 nitorio
621 3343 925 3414 profitetur
952 3343 1331 3398 Waldradam
1365 3361 1465 3399 sea
1497 3349 1658 3415 patre
1689 3343 2004 3415 accepisse,

361 3437 419 3488 et
449 3449 708 3488 sororem
731 3434 1107 3503 postmodum
1135 3433 1446 3489 admisisse
1464 3434 1726 3489 Huberti.
1756 3433 1861 3488 Ubi
1891 3433 2006 3504 pri-

362 3537 527 3576 mum
543 3521 804 3593 diligenti
824 3521 1642 3594 investigationeinquirite,et
1665 3522 1715 3578 si
1731 3523 2004 3577 eumdem

360 3609 681 3680 gloriosum
705 3626 896 3682 regem
915 3611 1253 3681 pradictam
1275 3610 1656 3666 Waldradam
1682 3609 2004 3682 praemissis

358 3699 595 3754 dotibus
634 3715 829 3755 coram
861 3699 1113 3754 testibus
1145 3699 1470 3755 secundum
1498 3699 1686 3771 legem
1718 3704 1776 3754 et
1821 3699 2001 3754 ritum

355 3803 472 3858 quo
504 3787 718 3860 nuptia
750 3787 1031 3843 celebrari
1062 3786 1272 3857 solent,
1305 3805 1406 3858 per
1435 3787 1632 3844 omnia
1662 3788 2002 3843 inveneritis

353 3876 668 3949 accepisse,
733 3877 970 3948 publica
1031 3877 1508 3932 manifestatione
1565 3878 1769 3932 eadem
1839 3877 2002 3934 Wal-

350 3967 532 4021 drada
562 3966 621 4021 in
640 3965 1081 4021 matrimonium
1107 3965 1296 4036 ipsius
1315 3965 1574 4020 admissa
1603 3970 1712 4031 est,
1736 3971 1915 4021 restat
1939 3971 2002 4021 ut

349 4054 819 4126 prescrutemini,
871 4070 975 4108 cur
1005 4053 1106 4108 illa
1138 4053 1441 4124 repudiata
1472 4053 1568 4119 sit,
1615 4054 1704 4108 vel
1735 4053 1857 4108 tilia
1887 4055 2000 4109 Bo-

349 4145 512 4201 sonis
542 4145 822 4200 admissa.
857 4143 966 4198 Sed
1017 4143 1157 4214 quia
1187 4142 1342 4197 idem
1376 4142 1664 4215 gloriosus
1693 4159 1795 4197 rex
1839 4148 1995 4198 metu

347 4233 735 4305 Theibergam
767 4232 1081 4288 admisisse
1113 4248 1175 4286 se
1205 4231 1367 4298 dicit,
1402 4248 1505 4287 vos
1535 4231 1678 4286 illud
1704 4232 1997 4304 evangeli-

341 4338 476 4376 cum
508 4322 764 4392 recolite,
798 4338 913 4392 quo
947 4321 1266 4376 Dominus:
1299 4321 1509 4387 Nolite,
1542 4321 1760 4393 inquit,
1797 4321 1995 4378 timere

2042 1789 2090 1853 B

2128 504 2270 571 Quid
2294 503 2512 575 prodest
2541 502 2776 570 homini,
2793 503 2845 556 si
2872 500 3195 555 universum
3224 499 3488 555 mundum
3513 501 3788 571 lucretur;

2124 594 2327 648 animae
2360 607 2484 647 vero
2526 607 2640 646 suae
2667 591 3048 646 detrimentum
3086 590 3378 661 patiatur?
3404 590 3612 659 (Matth.
3636 592 3791 662 xvx.)

2126 682 2189 736 In
2216 680 2432 752 quibus
2460 678 2782 735 Dominicis
2796 677 3113 734 sententiis
3142 677 3635 734 considerandum
3667 684 3783 746 est,

2124 771 2279 841 quod
2307 769 2356 825 si
2387 769 2676 824 occisores
2709 767 2936 838 coporis
2966 766 3214 823 timendi
3249 783 3365 822 non
3389 773 3549 834 sunt,
3570 773 3784 824 contra

2115 859 2412 930 justitiam
2443 856 2742 912 hominem
2785 853 3176 927 impellentes,
3227 860 3284 910 et
3320 855 3551 911 lucrum
3595 856 3783 913 totius

2124 947 2329 1002 mundi
2359 963 2475 1002 non
2504 946 2684 1017 prosit
2715 945 2941 1000 homini
2973 945 3172 1000 anima
3221 945 3452 1017 perdita
3487 963 3502 1013 ;
3557 951 3780 1017 quanto

2124 1036 2322 1091 minus
2353 1039 2512 1090 metu
2546 1035 2720 1090 unius
2740 1033 2995 1090 hominis
3017 1037 3217 1089 tantus
3240 1050 3338 1089 rex
3357 1033 3560 1090 debuit
3577 1039 3782 1092 contra

2124 1125 2387 1180 divinum
2414 1127 2766 1196 praeceptum
2788 1123 2846 1178 in
2871 1123 3130 1178 immane
3145 1121 3530 1194 praecipitium
3551 1123 3784 1196 mergi?

2125 1217 2186 1270 lu
2219 1213 2328 1269 hoc
2358 1218 2513 1269 certe
2535 1229 2596 1268 se
2628 1211 2816 1283 magis
2831 1209 3372 1282 reprehensibilem,
3399 1211 3680 1278 ostendit,
3716 1212 3779 1267 in

2123 1321 2238 1375 quo
2260 1301 2666 1359 amorimundi
2689 1316 2946 1356 amorem
2970 1299 3073 1354 Dei
3096 1299 3446 1371 postposuit.
3476 1300 3586 1357 Ubi
3622 1301 3778 1356 nihil

2121 1394 2284 1449 vobis
2315 1391 2472 1448 aliud
2500 1390 2897 1464 praecipimus,
2930 1389 3408 1445 manifestatione
3429 1406 3540 1445 sua
3568 1391 3778 1446 eodem

2123 1499 2258 1554 rege
2300 1481 2586 1549 convicto,
2655 1479 2770 1534 nisi
2809 1478 3136 1534 secundum
3193 1478 3538 1534 canonicam
3571 1485 3778 1535 aucto-

2121 1571 2357 1627 ritatem
2383 1574 2583 1625 nostra
2616 1568 2737 1624 vice
2787 1568 2919 1623 freti
2955 1582 3197 1622 causam
3244 1565 3410 1622 illius
3450 1567 3775 1623 definiatis.

2122 1661 2223 1717 Sin
2255 1676 2388 1716 vero
2421 1659 2664 1714 minime
2696 1657 3005 1729 probatum
3039 1655 3608 1712 fueritWaldradam
3635 1672 3777 1713 uxo-

2121 1765 2243 1804 rem
2277 1749 2458 1803 tuisse
2475 1746 2820 1819 legitimam,
2845 1761 3036 1815 neque
3057 1743 3278 1815 nuptiis
3300 1745 3627 1802 secundum
3651 1763 3779 1802 mo-

2121 1855 2244 1893 rem
2273 1836 2579 1892 celebratis
2593 1852 2694 1907 per
2706 1835 3170 1890 benedictionem
3185 1833 3408 1889 scilicet
3426 1836 3771 1903 sacerdotis,

2120 1927 2240 1983 ﬁlio
2288 1930 2456 1981 notro
2486 1925 2752 1981 Lothario
2788 1923 3087 1980 exstitisse
3119 1923 3519 1995 conjunctam,
3552 1940 3773 1996 sugge-

2119 2017 2229 2071 rite
2257 2014 2342 2070 illi
2378 2019 2442 2070 ut
2467 2031 2580 2069 non
2616 2012 2861 2068 moleste
2892 2013 3034 2067 ferat
3062 2011 3388 2084 legitimam
3407 2011 3541 2079 sibi,
3575 2013 3776 2086 siipsa

2117 2105 2402 2160 innocens
2431 2101 2790 2175 apparuerit,
2806 2100 3167 2157 reconciliari
3185 2117 3441 2166 uxorem,
3463 2103 3640 2158 necin
3661 2103 3775 2159 hoc

2119 2194 2312 2248 carnis
2336 2193 2459 2248 voci
2481 2193 2868 2263 obtemperet,
2893 2191 2991 2245 sed
3017 2189 3212 2261 potius
3235 2190 3450 2246 divinis
3464 2192 3775 2264 preceptis

2116 2281 2396 2338 obediens
2428 2281 2821 2352 pudeateum,
2853 2280 2971 2335 imo
3021 2278 3394 2350 pertimescat
3415 2280 3473 2333 in
3524 2279 3774 2336 luxuriae

2118 2376 2371 2425 stercore
2388 2368 2686 2441 putrefieri
2706 2374 2762 2424 et
2775 2368 3136 2423 voluntatem
3153 2367 3450 2439 propriam
3467 2370 3772 2440 sequendo

2118 2463 2250 2515 ante
2273 2457 2529 2513 tribunal
2558 2456 2774 2513 Christi
2811 2456 3140 2512 districtam
3193 2472 3406 2527 ponere
3456 2456 3768 2513 rationem.

2115 2546 2400 2601 Praeterea
2421 2561 2523 2600 vos
2547 2545 2695 2599 scire
2712 2543 2840 2599 volo
2863 2543 3001 2614 quia
3019 2543 3256 2615 praefata
3280 2542 3607 2616 Theiberga
3633 2562 3775 2618 apo-

2115 2635 2384 2689 stoticam
2417 2634 2617 2689 sedem
2648 2631 2738 2688 bis
2768 2637 2825 2687 et
2844 2637 2932 2686 ter
2962 2630 3366 2706 appellavit,et
3396 2649 3508 2688 sea
3529 2634 3770 2703 praafato

2115 2739 2250 2795 rege
2279 2722 2532 2795 glorioso
2565 2726 2772 2794 questa
2799 2720 3121 2790 estinjuste
3139 2719 3619 2790 fuissedejectam
3647 2725 3769 2779 etvi

2115 2817 2400 2878 coactam,
2428 2811 2640 2867 falsum
2671 2816 2872 2865 contra
2897 2825 2960 2864 se
3004 2808 3406 2878 composuisse
3437 2810 3767 2882 piaculum.

2113 2905 2258 2956 Nam
2291 2918 2357 2958 eo
2387 2905 2652 2972 tempore
2695 2901 2767 2954 ad
2808 2899 3193 2970 apostolicam
3235 2899 3435 2954 sedem
3496 2899 3766 2958 libellum

2113 2990 2524 3062 appellationis
2555 3007 2674 3045 suae.
2709 2987 2890 3054 misit,
2925 2987 2982 3044 in
3013 3004 3129 3059 quo
3162 3004 3278 3043 non
3310 2987 3548 3058 quidem
3571 2990 3770 3047 adhuc

2113 3079 2465 3144 confessam,
2500 3079 2599 3134 sed
2627 3083 2690 3132 ut
2715 3084 2920 3132 contra
2943 3093 3007 3132 se
3046 3075 3260 3132 falsum
3285 3077 3504 3132 diceret
3543 3079 3768 3135 crimen

2113 3167 2240 3239 cogi
2269 3183 2401 3223 sese
2429 3166 2706 3234 innotuit,
2739 3165 2983 3236 insuper
3013 3165 3405 3236 subjungens.
3441 3187 3471 3216 ‹‹
3518 3167 3682 3230 Quod
3716 3169 3766 3224 si

2115 3255 2370 3327 amplius
2400 3254 2705 3325 compulsa
2726 3256 2910 3322 fuero,
2957 3253 3165 3309 scitote
3205 3270 3322 3309 non
3367 3255 3626 3322 veritate,
3661 3257 3765 3312 sed

2117 3345 2330 3399 timore
2361 3344 2566 3399 mortis
2586 3348 2645 3397 et
2687 3342 2967 3398 evadendi
3013 3342 3208 3397 studio
3253 3341 3390 3414 quia
3441 3342 3609 3398 aliter
3649 3360 3764 3399 non

2115 3449 2381 3506 possum,
2413 3434 2568 3504 quod
2600 3430 2894 3487 voluerint
2914 3432 3128 3486 dicam.
3152 3431 3269 3488 Vos
3299 3437 3497 3487 tamen
3540 3447 3765 3489 memo-

2115 3538 2208 3577 res
2254 3528 2437 3578 estote
2497 3522 2618 3577 haec
2667 3521 2830 3576 vobis
2891 3519 3272 3576 insinuantia.
3308 3542 3337 3570 »
3397 3519 3559 3576 Unde
3613 3537 3761 3592 prae-

2112 3611 2365 3683 cipimus
2397 3611 2580 3681 vobis,
2616 3615 2678 3666 ut
2706 3625 2840 3666 cum
2864 3609 3068 3664 eadem
3101 3609 3426 3680 Theiberga
3450 3610 3522 3664 ad
3555 3611 3762 3665 condi-

2112 3705 2267 3756 ctam
2291 3701 2604 3772 synodum,
2628 3699 2781 3754 sicut
2801 3696 3139 3767 statuimus,
3172 3697 3490 3765 advenerit,
3514 3715 3758 3754 causam

2111 3790 2240 3859 ejus
2260 3789 2523 3862 diligenti
2559 3787 2988 3844 examinatione
3017 3786 3301 3851 tractetis,
3334 3791 3392 3842 et
3409 3787 3456 3842 si
3480 3787 3532 3842 ei
3558 3787 3771 3858 objici-

2109 3882 2208 3932 tur
2237 3881 2391 3951 quod
2424 3877 2524 3932 illa
2554 3879 2776 3932 crimen
2801 3893 2863 3931 se
2894 3874 3130 3946 aliquod
3154 3876 3471 3932 admisisse
3493 3876 3770 3932 confessa

2109 3967 2339 4037 fuisset,
2372 3972 2429 4023 et
2455 3971 2655 4022 contra
2686 3965 2788 4020 illa
2818 3964 3155 4020 violentiam
3187 3980 3250 4020 se
3282 3964 3596 4036 pertulisse
3629 3981 3768 4036 pro-

2109 4055 2464 4121 clamaverit,
2484 4055 2574 4111 vel
2599 4055 2643 4110 si
2667 4054 2935 4109 inimicos
2959 4053 3071 4108 sibi
3085 4051 3319 4123 judiccs
3341 4052 3523 4108 fuisse
3554 4057 3772 4109 testata

2109 4145 2302 4212 fuerit,
2330 4149 2472 4200 tunc
2503 4144 2648 4199 illud
2683 4141 3304 4212 renovetisjudicium,
3330 4141 3658 4197 secundum
3681 4158 3764 4196 ωε

2107 4233 2352 4304 quitatis
2403 4249 2690 4300 normam,
2737 4236 2803 4287 ut
2850 4229 3152 4302 injustitiaa
3197 4229 3350 4286 mole
3395 4247 3511 4286 non
3565 4229 3767 4302 oppri-

2107 4327 2322 4378 matur.

1375 4602 1900 4699 DECRETI
1971 4604 2280 4698 PARS
2351 4604 2720 4700 NONA.

423 4789 508 4849 De
557 4787 792 4848 incesta
821 4785 1784 4868 copulationeetfornicatione
1840 4787 2066 4849 diversi
2124 4789 2390 4867 generis,
2425 4795 2484 4851 et
2545 4789 2765 4868 inqua
2821 4788 2986 4850 linea
3045 4787 3260 4850 ﬁdeles
3317 4785 3624 4867 conjungi
3698 4794 3765 4849 et

984 4865 1259 4945 separari
1298 4867 1588 4940 debeant,
1621 4873 1682 4928 et
1710 4868 1785 4930 de
1813 4865 2194 4931 correctione
2232 4875 2292 4930 et
2321 4865 2690 4950 poenitentia
2738 4868 3149 4948 singulorum.

1856 5038 2247 5052 Ψ

341 5168 471 5223 CAP.
513 5169 558 5220 1.
590 5194 657 5203 --
688 5165 844 5238 Inter
865 5178 1000 5233 quas
1046 5178 1314 5238 personas
1355 5162 1561 5238 incesta
1591 5164 1876 5238 copulatio
1899 5164 1988 5238 in-
2023 5169 2067 5235 Ι)
2097 5167 2185 5223 vel
2221 5171 2468 5223 matrem
2494 5172 2552 5222 et
2582 5166 2794 5238 ﬁlium,
2817 5165 2902 5223 vel
2938 5166 3129 5222 aviam
3161 5170 3220 5221 et
3250 5168 3550 5237 nepotem,
3585 5167 3643 5220 et
3665 5181 3767 5221 us-

412 5244 494 5293 ter
521 5253 658 5309 quas
688 5233 954 5309 legitima:
984 5234 1199 5309 nuptiae
1213 5235 1542 5303 ﬁant.l.iber
1563 5235 1784 5306 primus
1811 5236 1985 5291 Insti-

411 5305 756 5372 titulionum,
790 5306 950 5361 titulo
973 5305 1198 5361 decimo.

409 5438 566 5489 Inter
585 5449 682 5488 eas
697 5446 1125 5504 personasqum
1158 5433 1468 5502 parentum
1505 5429 1990 5488 liberorumvelo-

342 5538 476 5576 cum
499 5521 784 5590 obtinent,
803 5519 956 5576 inter
978 5535 1039 5575 se
1058 5519 1273 5591 nuptiae
1298 5519 1566 5576 contrahi
1586 5536 1700 5576 non
1715 5525 1990 5592 possunt,

345 5609 523 5665 veluti
549 5609 700 5665 inter
731 5613 956 5680 patrem
991 5611 1048 5664 et
1078 5607 1282 5673 tiliam,
1315 5605 1402 5665 vel
1436 5625 1606 5665 avum
1640 5613 1695 5667 et
1727 5613 1984 5682 neptem,

2103 5272 2218 5326 que
2249 5257 2318 5310 ad
2354 5256 2673 5310 infinitum.
2698 5259 2767 5310 El
2795 5257 2846 5311 si
2881 5255 3029 5311 tales
3060 5269 3318 5327 persona
3351 5253 3502 5310 inter
3524 5267 3586 5308 se
3609 5253 3763 5309 coie-

2104 5345 2239 5411 rint,
2275 5345 2527 5400 nefarias
2550 5350 2728 5417 atque
2749 5345 3004 5402 incestas
3025 5343 3264 5415 nuptias
3282 5342 3646 5400 contraxisse
3670 5343 3761 5398 di-

2102 5439 2333 5487 cuntur.
2369 5434 2437 5487 Et
2466 5433 2585 5487 haec
2627 5435 2770 5489 adeo
2815 5450 2949 5490 vera
3001 5437 3143 5488 sunt
3185 5437 3268 5502 ut,
3325 5431 3594 5502 quamvis
3653 5448 3764 5502 per

2101 5521 2475 5592 adoptionem
2509 5529 2821 5594 parentum
2851 5522 3244 5579 liberorumve
3290 5521 3416 5577 loco
3453 5519 3568 5575 sibi
3625 5535 3766 5577 esse

2100 5614 2420 5682 cmperunt,
2455 5629 2568 5667 non
2603 5613 2833 5684 possint
2863 5611 3014 5669 inter
3039 5628 3102 5668 se
3133 5609 3507 5667 matrimonio
3549 5607 3754 5680 jungi,
