3972 6056
332 213 440 269 659

1415 215 1482 265 D.
1524 210 1767 268 IVONIS
1804 175 2298 267 CARuO'rENSIs
2339 216 2660 272 EPISCOPI

3646 214 3764 268 660

337 339 549 394 Beatus
565 351 796 410 quoque
814 338 1130 412 Gregorius
1147 338 1286 393 dum
1304 352 1482 409 super
1494 335 1835 408 angelorum
1852 351 1987 392 con-
2017 337 2071 404 Α
2103 337 2243 408 quin
2271 341 2584 398 anathema
2609 340 2878 398 sit.Unde
2899 339 3054 396 beati
3070 338 3334 396 Junioris
3356 339 3620 410 Gregorii
3642 341 3767 412 (86)

333 427 517 499 jugiis
549 427 850 499 scriberet,
883 428 1002 483 haec
1031 429 1146 484 fere
1177 427 1353 482 verba
1396 426 1781 498 deprompsit.
1817 426 1985 489 Qua:-

341 518 472 572 dam
509 517 598 574 lex
628 519 687 574 in
721 520 982 574 Romana
1014 516 1311 589 republica
1341 517 1616 589 praecepit
1659 515 1991 588 [permittit,

340 608 492 678 apud
525 607 774 678 Gregor.]
811 613 872 662 ut
902 609 1151 661 duorum
1190 606 1435 661 fratrum
1486 605 1571 662 vel
1621 622 1887 660 sororum
1922 605 1993 658 ﬁ-

336 695 455 752 lius
488 699 569 752 vel
606 698 726 752 ﬁlia
754 698 810 751 in
848 696 1118 766 conjugio
1151 695 1568 766 copularentur
1609 697 1706 749 sed
1752 693 1992 749 omnino

339 787 714 858 cognoscitur
735 802 803 841 ex
824 785 932 841 hoc
947 783 1218 855 conjugio
1235 783 1494 840 sobolem
1523 802 1635 839 non
1660 801 1832 856 posse
1856 801 1990 839 suc-

338 875 788 932 crescere.Unde
821 891 1056 929 necesse
1089 879 1175 928 est
1201 875 1402 943 utjam
1428 878 1684 945 quatuor
1714 873 1990 944 velquin-

339 981 451 1036 que
482 964 730 1018 invicem
757 963 1164 1035 generationes
1198 961 1637 1033 copulentur.ln
1664 961 1880 1032 quibus
1907 960 1991 1015 ni-

337 1053 557 1108 mirum
589 1053 780 1108 verbis
812 1052 941 1108 luce
974 1052 1188 1107 clarius
1222 1056 1377 1124 patet
1408 1051 1565 1124 quia,
1619 1052 1756 1106 dum
1792 1052 1995 1105 doctor

335 1141 588 1213 insignis
614 1142 866 1197 duorum
891 1141 1137 1197 fratrum
1161 1141 1391 1197 soboles
1415 1141 1682 1213 prohibet
1706 1141 1764 1194 in
1789 1139 1991 1194 matri-

337 1231 534 1286 monio
562 1229 756 1302 jungi,
793 1231 851 1286 in
886 1235 1098 1302 quarta
1128 1247 1260 1286 vero
1293 1230 1668 1302 generatione
1705 1228 1996 1301 permittit

337 1320 661 1392 neophytos
681 1319 938 1390 copulari
952 1336 1202 1391 ,nequaq
1215 1336 1343 1374 uam
1362 1319 1720 1390 (utcultores
1738 1320 1993 1391 perversi

339 1409 636 1482 dogmatis
661 1409 958 1480 astruunt)
986 1408 1283 1478 generatio
1308 1415 1513 1480 quarta
1537 1409 1593 1462 in
1619 1409 1870 1464 duorum
1893 1407 1994 1465 fra-

338 1505 497 1555 trum
533 1499 668 1554 ﬁliis
700 1498 852 1554 valet
883 1499 1150 1554 inveniri.

339 1588 470 1644 CAP.
501 1592 556 1644 7.
588 1620 658 1629 —
689 1587 839 1656 Quod
869 1604 970 1643 sex
999 1588 1174 1642 ramis
1215 1590 1663 1658 consanguinitas
1714 1589 1992 1642 termina-

491 1670 597 1715 tur.
632 1661 898 1730 Isidorus,
931 1661 1400 1730 Etymotogiarum
1433 1662 1470 1713 ι.
1507 1676 1584 1725 1x,
1613 1676 1730 1732 cap.
1767 1661 1820 1713 6.

2102 425 2334 483 decreta
2365 427 2578 484 eximia
2609 434 2748 484 sunt
2779 428 3051 482 tenenda.

2101 525 2236 579 CAP.
2275 528 2357 580 12.
2391 559 2453 568 —
2488 529 2660 595 Quam
2689 530 2976 598 nefarium
3005 528 3076 581 sit
3125 528 3556 598 consanguineis
3585 544 3764 598 copu—

2423 601 2548 654 lari.
2583 601 2835 654 Nicotaus
2863 601 3120 654 Jercmiae
3149 599 3417 669 episcopo.

2173 685 2276 747 Qui
2295 688 2824 759 consanguinitatis
2848 688 3089 758 copulas
3108 688 3367 759 diligunt
3383 705 3768 759 summopere

2101 789 2163 826 se
2196 789 2394 830 cavere
2445 781 2692 848 oportet,
2729 794 2800 830 ne
2835 777 2889 830 in
2943 775 3220 846 laqueum
3271 775 3488 830 diaboli
3547 777 3770 830 cadant

2101 863 2151 928 (Ι
2185 864 2318 916 Tim.
2355 867 2460 932 ιιι),
2497 881 2790 936 quamque
2822 864 2900 920 sit
2933 864 3221 919 nefarium
3249 864 3766 930 sanctimoniales,

2103 966 2227 1021 qua:
2263 954 2470 1007 mundi
2503 959 2834 1024 contempto
2866 953 3139 1025 conjugio
3173 953 3401 1009 Christo
3435 970 3494 1009 se
3515 955 3762 1010 devoveo

2103 1047 2369 1110 runt,aut
2400 1043 2810 1098 consobrinam
2843 1043 2930 1098 vel
2963 1044 3034 1098 de
3065 1043 3303 1115 propria
3333 1044 3765 1113 consanguini-

2103 1133 2222 1184 tate
2255 1147 2460 1186 uxores
2493 1133 2728 1202 ducere,
2777 1132 3053 1188 omnibus
3085 1132 3142 1186 in
3193 1137 3350 1188 recta
3397 1133 3511 1188 ﬁde
3542 1131 3766 1188 Christi

2104 1221 2591 1291 permanentibus
2617 1225 2794 1292 patet.

2102 1317 2239 1372 CAP.
2282 1319 2361 1372 13.
2408 1348 2476 1358 ——
2524 1319 2597 1373 De
2645 1321 3023 1374 observatione
3070 1320 3592 1388 consanguinitatis.
3625 1320 3770 1374 Item

2282 1389 2475 1445 Carolo
2505 1389 2930 1462 archiepiscopo,
2964 1400 3015 1446 et
3043 1394 3161 1446 suis
3189 1391 3573 1462 suﬂraganeis.

2175 1479 2411 1532 Dixistis
2444 1479 2499 1533 in
2537 1487 2714 1550 quota
2745 1481 3119 1551 generatione
3144 1481 3257 1536 sibi
3280 1481 3480 1536 ﬁdeles
3502 1481 3765 1552 jungun-

2103 1573 2202 1624 tur
2227 1611 2240 1635 ,
2274 1585 2380 1623 nos
2411 1574 2603 1624 autem
2638 1570 2695 1624 in
2732 1571 2839 1626 hac
2876 1587 2936 1625 re
2967 1571 3406 1642 generationum
3442 1587 3763 1625 numerum

2107 1674 2219 1712 non
2255 1657 2572 1713 deﬁnimus
2607 1660 3048 1732 [deﬁnivimus],
3081 1661 3180 1715 sed
3215 1664 3277 1714 ut
3308 1677 3488 1732 supra
3521 1658 3767 1731 protuli-

409 1749 898 1820 Consanguinitas
921 1749 1060 1803 dum
1085 1765 1148 1803 se
1173 1747 1454 1819 paulatim
1483 1749 1868 1819 prepaginum
1893 1765 1983 1802 or-
2015 1717 2062 1779 Β
2099 1763 2230 1800 mus
2261 1745 2671 1802 incunctanter
2700 1749 3009 1803 observare
3037 1765 3364 1804 monemus.

337 1839 577 1894 dinibus
609 1839 892 1893 dirimens
924 1853 1110 1909 usque
1143 1838 1210 1892 ad
1248 1837 1519 1891 ultimum
1563 1838 1808 1908 gradum
1843 1838 1986 1893 sub-

334 1928 595 1992 traxerit,
630 1932 686 1982 et
719 1925 1129 1998 propinquitas
1160 1942 1287 1982 esse
1320 1925 1580 1993 desierit,
1621 1943 1745 1982 eam
1781 1944 1988 1982 rursus

332 2017 426 2073 lex
457 2017 815 2072 matrimonii
843 2017 1077 2072 vinculo
1103 2017 1327 2089 repetit,
1362 2022 1418 2072 et
1447 2019 1882 2088 quodammodo
1902 2035 1987 2073 re-

334 2110 501 2162 vocat
533 2107 1083 2178 ref'ugientem.ldco
1109 2112 1305 2162 autem
1327 2123 1514 2177 usque
1547 2108 1615 2161 ad
1646 2112 1869 2162 sextum
1892 2125 1988 2179 ge-

338 2196 494 2251 neris
518 2196 766 2267 gradum
794 2194 1280 2265 consanguinitas
1300 2195 1619 2250 constituta
1643 2200 1729 2250 est
1757 2201 1819 2250 ut
1840 2196 1992 2253 sicut

339 2301 438 2340 sex
471 2284 740 2338 aetatibus
775 2283 975 2338 mundi
1015 2285 1311 2354 generatio
1346 2288 1400 2337 et
1425 2283 1680 2339 hominis
1713 2290 1902 2340 status
1927 2287 1991 2338 ﬁ-

339 2371 518 2441 nitur,
551 2371 631 2427 ita
663 2373 1080 2444 propinquitas
1112 2373 1340 2441 generis
1373 2377 1456 2426 tot
1490 2373 1773 2444 gradibus
1796 2377 1995 2429 termi-

340 2467 476 2518 netu
487 2479 532 2518 r.

340 2551 475 2605 CAP.
509 2552 563 2604 8.
597 2582 663 2591 -—
694 2553 769 2606 De
800 2552 1042 2606 dissidio
1093 2551 1312 2606 Roberti
1356 2553 1500 2618 segis
1549 2557 1909 2621 Francorum,
1942 2557 1993 2606 et

409 2623 638 2748 gert/ia?
683 2625 935 2694 conjugis
985 2623 1180 2693 ipsius.
1236 2625 1336 2678 Leo
1378 2639 1556 2677 nonus
1587 2624 1826 2678 Henrico
1877 2626 1996 2692 regi

453 2711 770 2748 raucorum.

453 2711 748 2749 raucorum
759 2737 770 2749 .

410 2782 580 2838 Pater
609 2789 748 2838 tuus
779 2784 1064 2838 Robertus
1094 2783 1266 2837 laude
1298 2787 1354 2838 et
1380 2782 1649 2838 consultu
1683 2783 1990 2854 episcopo-

339 2887 470 2926 rum
504 2871 664 2942 regni
693 2872 1078 2938 tui,Bertham
1105 2875 1353 2926 matrem
1383 2872 1597 2926 Odonis
1623 2871 1854 2926 comitis
1879 2872 1990 2926 sibi

336 2960 501 3014 duxit
525 2977 803 3029 uxorem;
837 2961 908 3016 ob
933 2976 1107 3031 quam
1132 2960 1563 3030 rem,quoniam
1591 2959 1700 3014 sibi
1724 2965 1845 3015 erat
1866 2978 1989 3015 car-

335 3046 427 3103 nis
451 3048 737 3103 afﬁnitate
769 3049 1195 3118 conjuncta,ab
1229 3053 1596 3102 antecessore
1628 3053 1826 3104 nostro
1854 3065 1982 3104 cum
2019 3081 2062 3149 Ο

335 3137 651 3208 episcopis,
682 3136 780 3208 qui
814 3136 1028 3208 placito
1063 3138 1455 3192 interfuerunt
1488 3137 1622 3205 (85),
1657 3142 1789 3208 post
1810 3139 1880 3192 ad
1904 3155 1990 3193 se-

336 3228 468 3282 dem
503 3226 883 3298 apostolicam
915 3226 1218 3281 venientes
1241 3243 1373 3281 cum
1399 3227 1800 3282 satisfactione
1824 3245 1990 3283 sum-

338 3319 441 3387 pta
473 3315 835 3387 pcenitentia,
871 3315 1173 3370 redierunt
1203 3315 1274 3370 ad
1308 3316 1565 3387 propria.

343 3402 474 3460 CAP.
507 3407 561 3461 9.
594 3437 662 3444 —
707 3405 854 3472 Quod
905 3404 1092 3458 nullus
1138 3404 1502 3475 eleemosynis
1539 3407 1708 3475 possit
1771 3406 1993 3471 redimi,

415 3479 552 3556 quin
581 3479 985 3556 consauguinei
1008 3480 1354 3545 separentur.
1389 3477 1702 3532 Alexander
1746 3478 1792 3532 lt
1841 3480 1992 3532 Man-

415 3550 535 3617 giso
570 3553 864 3602 Venetenst
895 3550 1164 3618 episcopo.

415 3635 604 3706 Hujus
632 3634 735 3689 viri
771 3651 1220 3707 causam,supra
1243 3653 1360 3708 qua
1393 3636 1771 3708 apostolicam
1795 3638 1993 3694 sedem

342 3725 687 3782 consuluisti
712 3725 1174 3791 retractantes,si
1209 3727 1503 3794 quomodo
1539 3726 1994 3782 misericorditer

341 3817 716 3888 conjunctam
739 3815 848 3870 sibi
869 3815 1067 3872 illicite
1086 3817 1579 3888 consanguineam
1603 3816 1850 3872 retinere
1871 3833 1993 3888 pos-

341 3910 450 3972 set,
485 3910 540 3960 et
571 3903 954 3973 orationibus,
979 3904 1246 3974 jejuniis,
1280 3920 1345 3958 ae
1377 3903 1735 3959 haereditatis
1762 3910 1818 3960 et
1838 3906 1989 3960 elee-

343 4009 719 4065 mosynarum
745 4008 806 4047 se
839 3990 1149 4062 largitione
1182 3992 1466 4046 redimere
1496 4010 1509 4060 ;
1544 3991 1767 4046 nullam
1793 3996 1990 4047 aucto-

347 4081 576 4137 ritatem
611 4081 1010 4152 comperimus
1042 4095 1154 4150 qua
1183 4080 1292 4134 sibi
1326 4079 1800 4135 concederemus.

341 4169 476 4224 CAP.
515 4172 597 4224 10.
632 4200 699 4209 -——-
731 4169 802 4223 De
831 4167 1160 4239 paenitentia
1190 4169 1307 4237 ejus
1337 4168 1623 4236 qui/ilium
1651 4170 1850 4239 patrui
1870 4186 1991 4224 cor-

413 4251 658 4310 ruperat.
693 4238 848 4304 ttem,
880 4238 1199 4293 Alexander
1228 4240 1280 4294 ιι
1309 4238 1656 4307 Berergario
1693 4242 1993 4297 Basilicnsi

414 4312 684 4383 episcopo,
718 4327 839 4381 cap.
875 4311 994 4363 103.

415 4400 528 4454 Iste
559 4398 845 4470 paenitens
870 4397 1027 4451 venit
1048 4398 1703 4470 ad_nos,c0nl'essusque
1727 4405 1815 4454 est
1835 4417 1894 4455 se
1920 4401 1988 4454 ﬁ-

341 4485 482 4540 liam
515 4484 818 4557 patruisui
840 4484 1173 4556 corrupisse
1206 4485 1298 4540 cui
1334 4486 1778 4556 quatuordecim
1805 4505 1988 4543 anno-

343 4590 476 4629 rum
500 4573 904 4645 pmnitentiam
939 4573 1330 4644 iujunximus,
1386 4576 1707 4645 utjejunet
1757 4577 1994 4647 quidem

343 4663 535 4718 tribus
567 4662 1130 4733 quadragesimis.ln
1161 4664 1613 4734 quadragesima
1642 4671 1770 4736 post
1795 4670 1994 4720 Pente-

347 4750 806 4821 costen,duobus
831 4750 1041 4805 diebus
1061 4751 1118 4805 in
1145 4769 1291 4823 pane
1315 4757 1371 4807 et
1390 4769 1542 4823 aqua
1565 4753 1620 4806 in
1645 4754 1993 4825 septimana;

347 4844 405 4896 et
435 4841 493 4894 in
525 4839 1022 4907 Adventu,tribus
1052 4857 1064 4906 ;
1099 4845 1154 4895 et
1187 4842 1242 4894 in
1277 4842 1484 4910 majori
1517 4842 1991 4912 quadragesima,

346 4929 578 4995 tribus;
612 4932 668 4983 et
699 4928 990 4984 abstineat
1022 4944 1082 4983 se
1113 4929 1183 4982 ab
1224 4929 1493 5000 ingressu
1551 4931 1830 4997 ecclesiae,
1875 4937 1932 4987 et
1961 4949 1996 4986 a

345 5016 757 5073 communione
788 5017 1017 5071 duobus
1049 5017 1240 5071 annis.

347 5106 484 5161 CAP.
523 5110 606 5160 ll.
634 5137 699 5145 —-
734 5107 795 5162 Ut
826 5105 1012 5159 nullus
1030 5105 1097 5159 de
1123 5107 1355 5176 prapria
1385 5109 1712 5172 cognatione
1733 5109 1843 5163 sibi
1863 5127 1992 5165 con-

491 5179 684 5249 jugem
713 5179 950 5249 copulet.
979 5181 1084 5232 Leo
1116 5177 1179 5229 IV
1206 5179 1473 5248 episcopis
1499 5182 1838 5236 Britannice.

421 5267 491 5322 Ut
520 5268 827 5322 deﬁnitum
873 5270 962 5321 est
991 5283 1022 5320 a
1055 5264 1345 5336 Patribus,
1400 5266 1599 5321 nullus
1650 5269 1720 5322 de
1762 5268 1995 5340 propria

351 5358 694 5428 cognatione
723 5357 1028 5428 conjugem
1080 5355 1193 5410 sibi
1245 5357 1457 5411 audeat
1504 5356 1796 5427 copulare,
1850 5357 1992 5414 alio-

424 5465 534 5533 (85)
567 5465 734 5522 Forte
792 5463 1126 5519 addendum
1189 5468 1278 5520 est
1326 5465 1795 5520 excommunicati
1850 5464 1994 5520 alias

359 5549 569 5592 sensus
600 5542 688 5593 est
716 5537 956 5607 integer.

2096 1853 2232 1908 CAP.
2270 1855 2355 1908 14.
2389 1886 2456 1894 -
2493 1857 2556 1911 Ut
2577 1856 2744 1926 juxta
2793 1855 2995 1923 gradus
3027 1855 3368 1926 cognationis
3407 1854 3598 1910 modus
3627 1854 3755 1910 cut-

2167 1930 2567 2050 gmltracletur.
2610 1928 2864 1982 Nicotaus
2917 1928 3169 1984 Tandoni
3199 1927 3609 1998 archiepiscopo
3640 1927 3750 1982 tlte-

2208 2013 2412 2052 zoano.

2170 2086 2280 2140 Eos
2312 2085 2408 2156 qui
2443 2103 2573 2140 cum
2600 2087 2790 2140 amita
2814 2104 2932 2140 suae
2967 2086 3088 2143 ﬁlia
3121 2087 3204 2142 vel
3229 2085 3540 2158 patrui,vel
3565 2102 3754 2140 avun-

2100 2173 2215 2229 culi
2248 2175 2383 2245 (heu
2409 2173 2446 2244 l)
2471 2176 2612 2230 forte
2639 2177 3192 2247 peecaverintjuxta
3216 2177 3434 2249 gradus
3449 2175 3760 2248 cognatio-

2101 2263 2195 2319 nis
2229 2264 2546 2318 statuimus
2581 2267 2816 2320 modum
2841 2266 3026 2337 culpa:
3050 2265 3491 2333 tractari,sicuti
3527 2265 3760 2336 pridem

2100 2353 2203 2407 tibi
2236 2369 2338 2424 per
2367 2353 2743 2423 apostolicam
2777 2354 3085 2424 epistolam
3119 2355 3188 2408 de
3224 2354 3312 2408 his
3347 2353 3445 2425 qui
3473 2370 3608 2407 cum
3635 2353 3764 2424 Spi-

2102 2441 2299 2496 rituali
2333 2448 2515 2497 matre
2549 2441 2792 2513 hujusce
2824 2443 3114 2514 ﬂagitium
3147 2443 3761 2511 commiserint,inno-

2102 2532 2349 2587 tuimus.

2101 2621 2232 2675 CAP.
2268 2619 2353 2673 15.
2386 2650 2453 2658 —
2487 2621 2548 2675 Ut
2577 2617 2772 2674 nullus
2795 2621 2862 2674 de
2885 2624 3113 2690 propria
3162 2622 3494 2690 cognatione
3524 2637 3759 2676 uxorem

2447 2692 2706 2760 accipiat.
2742 2693 2824 2745 Ea:
2851 2693 3062 2762 synodo
3095 2694 3285 2747 Leonis
3315 2693 3400 2747 IV.

2172 2778 2379 2833 Nullus
2411 2780 2480 2833 de
2515 2779 2745 2849 propria
2776 2781 3124 2851 cognatione
3142 2785 3244 2835 aut
3273 2781 3520 2836 velatam
3553 2781 3755 2836 diaco-

2102 2884 2260 2934 nam,
2293 2867 2380 2922 vel
2414 2872 2638 2937 raptam
2675 2884 2913 2922 uxorem
2946 2869 3212 2940 accipiat.

2099 2974 2236 3029 CAP.
2269 2973 2352 3027 16.
2385 3003 2472 3054 —‘—.
2503 2973 2774 3054 Quomodo
2828 2973 3247 3054 intelligendum
3299 2974 3393 3054 sit,
3415 3050 3422 3054 _
3446 2973 3760 3054 Turpitudi-

2171 3061 2294 3099 nem
2323 3047 2498 3113 patris
2547 3047 2631 3097 tui
2659 3051 2714 3097 et
2767 3049 2963 3100 matris
3011 3063 3120 3100 non
3172 3047 3470 3114 reuelabis,
3522 3047 3663 3100 til‘ro
3693 3061 3759 3099 ιιι

2176 3117 2493 3188 Lectionum
2524 3117 2840 3188 Augustini,
2889 3133 3008 3187 cap.
3060 3118 3094 3170 8
3143 3118 3391 3188 (August.
3436 3135 3487 3188 q.
3514 3118 3583 3171 58
3617 3119 3654 3172 Ι.
3691 3133 3756 3180 It,

2177 3187 2235 3254 Q.
2271 3188 2444 3256 Super
2477 3187 2664 3256 Levit.,
2697 3187 2765 3242 ad
2795 3205 2840 3242 c.
2874 3189 3056 3256 xvut).

2179 3277 2598 3347 Turpitudinem
2626 3279 2800 3348 patris
2825 3280 2912 3333 tui
2939 3287 2993 3333 ct
3022 3281 3220 3335 matris
3259 3287 3370 3336 tua?
3395 3295 3505 3335 non
3536 3280 3754 3334 revela-

2104 3367 2186 3422 bis
2215 3367 2361 3436 (Lev.
2397 3367 2579 3438 xvm).
2616 3367 2732 3422 Hac
2765 3367 3060 3424 locutione
3079 3368 3460 3424 concubitum
3493 3369 3756 3424 vetuitin

2102 3453 2194 3509 bis
2227 3454 2516 3525 personis,
2554 3454 2630 3509 ibi
2665 3459 2754 3510 est
2783 3456 2942 3510 enim
2974 3456 3277 3527 turpitudo
3303 3455 3486 3527 patris
3537 3461 3595 3512 et
3627 3472 3755 3510 ma-

2101 3544 2230 3599 tris.

2103 3632 2236 3687 CAP.
2274 3633 2358 3687 17.
2394 3662 2462 3672 —
2496 3634 2559 3688 Ut
2590 3633 2684 3703 qui
2729 3633 3130 3703 turpitudinem
3167 3633 3373 3690 sororis
3413 3650 3527 3689 suae
3556 3633 3758 3688 viderit

2172 3704 2236 3758 de
2262 3720 2460 3774 genere
2489 3721 2587 3757 suo
2618 3707 3038 3760 exterminetur.
3073 3707 3301 3774 August.
3336 3705 3431 3759 tib.
3482 3707 3751 3774 Quaestio-

2174 3792 2306 3828 num
2357 3791 2519 3845 super
2563 3776 2882 3848 Leviticum,
2933 3793 3053 3848 cap.
3107 3778 3178 3831 75
3228 3776 3408 3846 (ibid.,
3457 3794 3508 3847 (Ι.
3561 3777 3650 3844 75,
3683 3775 3756 3830 ad

2174 3847 2369 3912 Levit.,
2405 3863 2450 3901 c.
2483 3847 2621 3917 x1x).

2173 3935 2512 4005 Quicunque
2545 3935 2833 4007 acceperit
2865 3953 3123 3992 sororem
3157 3953 3323 3992 suam
3357 3953 3426 3992 ex
3458 3941 3622 4009 patre
3645 3953 3751 3992 suo

2100 4029 2202 4078 aut
2231 4041 2296 4078 ex
2332 4029 2516 4078 matre
2547 4041 2678 4093 sua,
2709 4030 2764 4080 et
2796 4024 3002 4079 viderit
3031 4027 3465 4097 turpitudinem
3505 4027 3653 4095 ejus,
3669 4027 3757 4079 vi-

2099 4114 2395 4184 tuperium
2429 4119 2537 4178 est,
2572 4114 2657 4168 vel
2691 4114 3141 4186 improperium,
3185 4122 3240 4170 et
3271 4117 3754 4171 exterminabun-

2099 4206 2194 4257 tur
2217 4203 2274 4258 in
2308 4207 2620 4272 conspectu
2653 4203 2886 4274 generis
2918 4203 3499 4276 sui.Turpitudinem
3533 4205 3754 4260 sororis

2101 4308 2223 4346 suae
2252 4291 2544 4356 revelavit,
2583 4296 2887 4363 peccatum
2935 4309 3109 4347 suum
3145 4293 3451 4364 accipient.
3488 4294 3637 4358 Quid
3672 4293 3756 4348 ait

2100 4377 2157 4433 in
2189 4380 2294 4434 hoc
2328 4380 2472 4449 loco,
2505 4380 2742 4448 viderit,
2774 4381 2886 4435 nisi
2919 4383 3364 4436 concuvnbendo
3397 4383 3750 4453 cognoverit,

2021 4456 2067 4520 D
2099 4469 2252 4524 sicut
2280 4469 2339 4524 in
2373 4469 2497 4541 lege
2527 4470 2743 4525 dicitur
2775 4486 2786 4525 :
2823 4473 3098 4542 Cognovit
3151 4488 3384 4527 uxorem
3417 4488 3610 4539 suam,
3648 4487 3752 4544 pro

2101 4575 2167 4614 eo
2199 4559 2354 4629 quod
2390 4559 2602 4614 mistus
2633 4565 2722 4614 est
2753 4559 2853 4614 ei?

2102 4669 2237 4721 CAP.
2270 4665 2356 4720 18.
2391 4695 2457 4704 -—
2490 4664 2631 4732 Quid
2659 4667 2730 4719 sit
2763 4681 2780 4716 :
2813 4665 2945 4719 Filii
2973 4665 3037 4720 de
3067 4669 3314 4732 cognatis
3353 4669 3476 4721 nati
3504 4667 3753 4722 morien-

2425 4746 2536 4804 tur,
2568 4753 2686 4807 cap.
2709 4737 2779 4790 76
2813 4737 2996 4807 (ibid.,
3031 4755 3081 4807 q.
3117 4739 3426 4807 Proxima).

2173 4825 2283 4896 (35,
2317 4843 2366 4897 q.
2400 4827 2456 4894 7,
2487 4844 2533 4881 c.
2569 4825 2720 4896 Quid
2749 4829 2869 4893 est.)
2895 4827 3043 4889 Quid
3076 4832 3165 4881 est
3200 4843 3212 4883 :
3246 4826 3595 4898 Quicunque
3620 4828 3752 4882 dor-

2105 4913 2296 4968 mierit
2327 4931 2460 4968 cum
2493 4919 2739 4986 cognata
2769 4931 2898 4981 sua,
2933 4914 3058 4969 sine
3093 4915 3228 4970 ﬁliis
3282 4916 3586 4982 morietur,
3620 4933 3752 4970 cum

2104 5001 2206 5056 ﬁlii
2240 5020 2307 5058 ex
2337 5002 2677 5072 hujusmodi
2709 5004 3224 5073 coniunctionibus
3247 5009 3302 5058 et
3324 5009 3457 5059 ante
3489 5004 3610 5059 nati
3639 5005 3755 5059 sint

2103 5090 2394 5166 hodieque
2422 5096 2740 5146 nascantur
2760 5093 2787 5146 ?
2820 5099 2902 5145 An
2922 5093 3030 5147 hoc
3054 5091 3494 5164 intelligendum
3521 5098 3610 5148 est
3633 5092 3755 5164 lege

2103 5180 2204 5235 Dei
2239 5181 2626 5236 constitutum
2670 5185 2736 5234 ut
2767 5181 3106 5252 quicunque
3151 5199 3218 5236 ex
3267 5182 3352 5236 eis
3381 5181 3501 5236 nati
3537 5183 3755 5236 fuerint

2104 5286 2218 5324 non
2253 5271 2608 5340 deputentur
2639 5267 2768 5335 ﬁlii,
2801 5269 2857 5323 id
2892 5274 2980 5324 est
3027 5269 3186 5324 nullo
3231 5270 3577 5341 parentibus
3619 5271 3753 5340 jure

2105 5358 2468 5414 succedant?

2176 5466 2289 5536 (86)
2321 5471 2495 5537 Greg.
2529 5483 2678 5535 papa
2709 5467 2956 5540 ll,cujus
2987 5466 3094 5540 hac
3126 5467 3197 5521 de
3229 5485 3290 5524 re
3320 5468 3552 5524 decreta
3574 5469 3749 5540 paulo

2103 5543 2254 5610 post.
2289 5545 2639 5610 sequuntur,
2673 5555 2722 5594 c.
2755 5539 2843 5608 39,
2875 5538 2964 5607 59,
2997 5539 3087 5608 60,
3118 5540 3208 5593 61.
