  <div class='ocr_page' id='page_1' title='image "/cluster/home/n/w/nwhite01/storage/ocr_20150623/161/hvd.32044054760194/376.png"; bbox 0 0 4002 6054; ppageno 0'>
   <div class='ocr_carea' id='block_1_1' title="bbox 238 246 359 301">
    <p class='ocr_par' dir='ltr' id='par_1_1' title="bbox 238 246 359 301">
     <span class='ocr_line' id='line_1_1' title="bbox 238 246 359 301; baseline -0.008 0"><span class='ocrx_word' id='word_1_1' title='bbox 238 246 359 301; x_wconf 77' lang='grc'><strong>661</strong></span> 
     </span>
    </p>
   </div>
   <div class='ocr_carea' id='block_1_2' title="bbox 971 247 2987 315">
    <p class='ocr_par' dir='ltr' id='par_1_2' title="bbox 971 247 2987 315">
     <span class='ocr_line' id='line_1_2' title="bbox 971 247 2987 315; baseline 0.003 -15"><span class='ocrx_word' id='word_1_2' title='bbox 971 247 1283 300; x_wconf 81' lang='lat' dir='ltr'><strong>DECRETI</strong></span> <span class='ocrx_word' id='word_1_3' title='bbox 1323 248 1510 301; x_wconf 85' lang='lat' dir='ltr'><strong>PARS</strong></span> <span class='ocrx_word' id='word_1_4' title='bbox 1549 247 1646 300; x_wconf 88' lang='lat' dir='ltr'><strong>IX.</strong></span> <span class='ocrx_word' id='word_1_5' title='bbox 1681 275 1747 284; x_wconf 83' lang='lat'><strong>-</strong></span> <span class='ocrx_word' id='word_1_6' title='bbox 1793 247 1889 300; x_wconf 82' lang='lat' dir='ltr'><strong>DE</strong></span> <span class='ocrx_word' id='word_1_7' title='bbox 1930 247 2234 300; x_wconf 80' lang='lat' dir='ltr'><strong>lNCESTA</strong></span> <span class='ocrx_word' id='word_1_8' title='bbox 2270 247 2789 315; x_wconf 63' lang='lat' dir='ltr'><strong>COPULATIDNE,</strong></span> <span class='ocrx_word' id='word_1_9' title='bbox 2834 251 2987 306; x_wconf 87' lang='lat' dir='ltr'><strong>ETC.</strong></span> 
     </span>
    </p>
   </div>
   <div class='ocr_carea' id='block_1_3' title="bbox 3559 251 3671 312">
    <p class='ocr_par' dir='ltr' id='par_1_3' title="bbox 3559 251 3671 312">
     <span class='ocr_line' id='line_1_3' title="bbox 3559 251 3671 312; baseline 0.063 -8"><span class='ocrx_word' id='word_1_10' title='bbox 3559 251 3671 312; x_wconf 72' lang='grc'><strong>662</strong></span> 
     </span>
    </p>
   </div>
   <div class='ocr_carea' id='block_1_4' title="bbox 243 369 3666 450">
    <p class='ocr_par' dir='ltr' id='par_1_4' title="bbox 243 369 3666 450">
     <span class='ocr_line' id='line_1_4' title="bbox 243 369 3666 450; baseline 0.001 -19"><span class='ocrx_word' id='word_1_11' title='bbox 243 376 376 431; x_wconf 79' lang='lat' dir='ltr'><strong>CAP.</strong></span> <span class='ocrx_word' id='word_1_12' title='bbox 414 374 503 428; x_wconf 88' lang='grc'><strong>19.</strong></span> <span class='ocrx_word' id='word_1_13' title='bbox 539 403 606 414; x_wconf 89' lang='lat'><strong>—-</strong></span> <span class='ocrx_word' id='word_1_14' title='bbox 641 371 831 450; x_wconf 82' lang='lat' dir='ltr'><strong>Ut_qui</strong></span> <span class='ocrx_word' id='word_1_15' title='bbox 857 387 1084 450; x_wconf 67' lang='lat' dir='ltr'><strong>umorem</strong></span> <span class='ocrx_word' id='word_1_16' title='bbox 1113 369 1429 450; x_wconf 70' lang='lat' dir='ltr'><strong>[ratrissui</strong></span> <span class='ocrx_word' id='word_1_17' title='bbox 1473 372 1576 450; x_wconf 57' lang='lat' dir='ltr'><strong>vel</strong></span> <span class='ocrx_word' id='word_1_18' title='bbox 1604 388 1769 450; x_wconf 58' lang='lat' dir='ltr'><strong>quam</strong></span> <span class='ocrx_word' id='word_1_19' title='bbox 1811 388 1902 428; x_wconf 77' lang='grc' dir='ltr'><strong>ιο·</strong></span> <span class='ocrx_word' id='word_1_20' title='bbox 1935 373 1987 440; x_wconf 83' lang='grc' dir='ltr'><strong>Α</strong></span> <span class='ocrx_word' id='word_1_21' title='bbox 2019 373 2477 428; x_wconf 82' lang='lat' dir='ltr'><strong>consentientes.</strong></span> <span class='ocrx_word' id='word_1_22' title='bbox 2504 373 2782 428; x_wconf 85' lang='lat' dir='ltr'><strong>Similiter</strong></span> <span class='ocrx_word' id='word_1_23' title='bbox 2812 376 2883 429; x_wconf 91' lang='lat' dir='ltr'><strong>de</strong></span> <span class='ocrx_word' id='word_1_24' title='bbox 2912 375 3265 446; x_wconf 79' lang='lat' dir='ltr'><strong>raptoribus,</strong></span> <span class='ocrx_word' id='word_1_25' title='bbox 3297 377 3386 435; x_wconf 87' lang='lat' dir='ltr'><strong>vel</strong></span> <span class='ocrx_word' id='word_1_26' title='bbox 3428 378 3514 436; x_wconf 90' lang='lat' dir='ltr'><strong>eis</strong></span> <span class='ocrx_word' id='word_1_27' title='bbox 3565 381 3666 450; x_wconf 89' lang='lat' dir='ltr'><strong>qui</strong></span> 
     </span>
    </p>
   </div>
   <div class='ocr_carea' id='block_1_5' title="bbox 314 443 1902 516">
    <p class='ocr_par' dir='ltr' id='par_1_5' title="bbox 314 443 1902 516">
     <span class='ocr_line' id='line_1_5' title="bbox 314 443 1902 516; baseline -0.001 -16"><span class='ocrx_word' id='word_1_28' title='bbox 314 453 516 516; x_wconf 83' lang='lat' dir='ltr'><strong>gnatus</strong></span> <span class='ocrx_word' id='word_1_29' title='bbox 545 461 677 499; x_wconf 83' lang='lat' dir='ltr'><strong>suus</strong></span> <span class='ocrx_word' id='word_1_30' title='bbox 708 444 899 499; x_wconf 79' lang='lat' dir='ltr'><strong>habuit</strong></span> <span class='ocrx_word' id='word_1_31' title='bbox 921 443 1168 516; x_wconf 74' lang='lat' dir='ltr'><strong>duxerit,</strong></span> <span class='ocrx_word' id='word_1_32' title='bbox 1196 443 1600 516; x_wconf 77' lang='lat' dir='ltr'><strong>anathemasit.</strong></span> <span class='ocrx_word' id='word_1_33' title='bbox 1621 445 1902 500; x_wconf 78' lang='lat' dir='ltr'><strong>Decretum</strong></span> 
     </span>
    </p>
   </div>
   <div class='ocr_carea' id='block_1_6' title="bbox 315 514 1898 590">
    <p class='ocr_par' dir='ltr' id='par_1_6' title="bbox 315 514 1898 590">
     <span class='ocr_line' id='line_1_6' title="bbox 315 514 1898 590; baseline -0.001 -16"><span class='ocrx_word' id='word_1_34' title='bbox 315 514 582 590; x_wconf 76' lang='lat' dir='ltr'><strong>Gregorii</strong></span> <span class='ocrx_word' id='word_1_35' title='bbox 604 516 851 571; x_wconf 82' lang='lat' dir='ltr'><strong>Junioris</strong></span> <span class='ocrx_word' id='word_1_36' title='bbox 881 515 1068 586; x_wconf 80' lang='lat' dir='ltr'><strong>(Cone.</strong></span> <span class='ocrx_word' id='word_1_37' title='bbox 1100 517 1248 570; x_wconf 77' lang='lat' dir='ltr'><strong>ltom.</strong></span> <span class='ocrx_word' id='word_1_38' title='bbox 1285 532 1325 584; x_wconf 84' lang='grc' dir='ltr'><strong>ι,</strong></span> <span class='ocrx_word' id='word_1_39' title='bbox 1358 517 1455 570; x_wconf 86' lang='lat' dir='ltr'><strong>sub</strong></span> <span class='ocrx_word' id='word_1_40' title='bbox 1502 514 1659 584; x_wconf 88' lang='lat' dir='ltr'><strong>Greg.</strong></span> <span class='ocrx_word' id='word_1_41' title='bbox 1721 518 1788 583; x_wconf 91' lang='lat' dir='ltr'><strong>II,</strong></span> <span class='ocrx_word' id='word_1_42' title='bbox 1851 532 1898 572; x_wconf 91' lang='lat' dir='ltr'><strong>c.</strong></span> 
     </span>
    </p>
   </div>
   <div class='ocr_carea' id='block_1_7' title="bbox 311 589 648 658">
    <p class='ocr_par' dir='ltr' id='par_1_7' title="bbox 311 589 648 658">
     <span class='ocr_line' id='line_1_7' title="bbox 311 589 648 658; baseline 0.003 -15"><span class='ocrx_word' id='word_1_43' title='bbox 311 591 365 655; x_wconf 89' lang='lat'><strong>5,</strong></span> <span class='ocrx_word' id='word_1_44' title='bbox 399 589 455 658; x_wconf 63' lang='lat'><strong>7’,</strong></span> <span class='ocrx_word' id='word_1_45' title='bbox 489 591 545 652; x_wconf 81' lang='lat'><strong>8,</strong></span> <span class='ocrx_word' id='word_1_46' title='bbox 568 589 648 654; x_wconf 76' lang='lat'><strong>9).</strong></span> 
     </span>
    </p>
   </div>
   <div class='ocr_carea' id='block_1_8' title="bbox 313 683 1902 758">
    <p class='ocr_par' dir='ltr' id='par_1_8' title="bbox 313 683 1902 758">
     <span class='ocr_line' id='line_1_8' title="bbox 313 683 1902 758; baseline -0.002 -16"><span class='ocrx_word' id='word_1_47' title='bbox 313 686 370 742; x_wconf 87' lang='lat' dir='ltr'><strong>Si</strong></span> <span class='ocrx_word' id='word_1_48' title='bbox 389 686 524 758; x_wconf 87' lang='lat' dir='ltr'>quis</span> <span class='ocrx_word' id='word_1_49' title='bbox 550 685 750 740; x_wconf 77' lang='lat' dir='ltr'><strong>fratris</strong></span> <span class='ocrx_word' id='word_1_50' title='bbox 777 702 1012 740; x_wconf 84' lang='lat' dir='ltr'><strong>uxorem</strong></span> <span class='ocrx_word' id='word_1_51' title='bbox 1040 685 1272 740; x_wconf 83' lang='lat' dir='ltr'><strong>duxerit</strong></span> <span class='ocrx_word' id='word_1_52' title='bbox 1292 687 1346 738; x_wconf 91' lang='lat' dir='ltr'><strong>in</strong></span> <span class='ocrx_word' id='word_1_53' title='bbox 1369 683 1730 755; x_wconf 83' lang='lat' dir='ltr'><strong>conjugium,</strong></span> <span class='ocrx_word' id='word_1_54' title='bbox 1759 702 1902 739; x_wconf 82' lang='lat' dir='ltr'><strong>ana-</strong></span> 
     </span>
    </p>
   </div>
   <div class='ocr_carea' id='block_1_9' title="bbox 238 775 1899 844">
    <p class='ocr_par' dir='ltr' id='par_1_9' title="bbox 238 775 1899 844">
     <span class='ocr_line' id='line_1_9' title="bbox 238 775 1899 844; baseline -0.001 -14"><span class='ocrx_word' id='word_1_55' title='bbox 238 777 440 830; x_wconf 85' lang='lat' dir='ltr'><strong>thema</strong></span> <span class='ocrx_word' id='word_1_56' title='bbox 470 775 563 830; x_wconf 91' lang='lat' dir='ltr'>sit.</span> <span class='ocrx_word' id='word_1_57' title='bbox 592 775 647 830; x_wconf 91' lang='lat' dir='ltr'><strong>Si</strong></span> <span class='ocrx_word' id='word_1_58' title='bbox 675 775 807 844; x_wconf 87' lang='lat' dir='ltr'>quis</span> <span class='ocrx_word' id='word_1_59' title='bbox 851 790 1156 828; x_wconf 81' lang='lat' dir='ltr'><strong>novercam</strong></span> <span class='ocrx_word' id='word_1_60' title='bbox 1185 781 1512 827; x_wconf 86' lang='lat' dir='ltr'><strong>autnurum</strong></span> <span class='ocrx_word' id='word_1_61' title='bbox 1536 790 1701 828; x_wconf 89' lang='lat' dir='ltr'><strong>suam</strong></span> <span class='ocrx_word' id='word_1_62' title='bbox 1719 775 1899 828; x_wconf 86' lang='lat' dir='ltr'><strong>duxe-</strong></span> 
     </span>
    </p>
   </div>
   <div class='ocr_carea' id='block_1_10' title="bbox 240 863 1899 934">
    <p class='ocr_par' dir='ltr' id='par_1_10' title="bbox 240 863 1899 934">
     <span class='ocr_line' id='line_1_10' title="bbox 240 863 1899 934; baseline -0.001 -15"><span class='ocrx_word' id='word_1_63' title='bbox 240 866 337 931; x_wconf 90' lang='lat' dir='ltr'><strong>rit,</strong></span> <span class='ocrx_word' id='word_1_64' title='bbox 373 864 687 918; x_wconf 80' lang='lat' dir='ltr'><strong>anathema</strong></span> <span class='ocrx_word' id='word_1_65' title='bbox 718 863 816 918; x_wconf 86' lang='lat' dir='ltr'><strong>sit.</strong></span> <span class='ocrx_word' id='word_1_66' title='bbox 843 864 899 916; x_wconf 86' lang='lat' dir='ltr'>Si</span> <span class='ocrx_word' id='word_1_67' title='bbox 934 863 1068 934; x_wconf 86' lang='lat' dir='ltr'>quis</span> <span class='ocrx_word' id='word_1_68' title='bbox 1092 863 1505 918; x_wconf 80' lang='lat' dir='ltr'><strong>consobrinam</strong></span> <span class='ocrx_word' id='word_1_69' title='bbox 1525 879 1692 916; x_wconf 89' lang='lat' dir='ltr'><strong>suam</strong></span> <span class='ocrx_word' id='word_1_70' title='bbox 1720 865 1899 918; x_wconf 86' lang='lat' dir='ltr'><strong>duxe-</strong></span> 
     </span>
    </p>
   </div>
   <div class='ocr_carea' id='block_1_11' title="bbox 241 951 1894 1024">
    <p class='ocr_par' dir='ltr' id='par_1_11' title="bbox 241 951 1894 1024">
     <span class='ocr_line' id='line_1_11' title="bbox 241 951 1894 1024; baseline -0.001 -17"><span class='ocrx_word' id='word_1_71' title='bbox 241 953 338 1020; x_wconf 88' lang='lat' dir='ltr'><strong>rit,</strong></span> <span class='ocrx_word' id='word_1_72' title='bbox 375 953 691 1009; x_wconf 82' lang='lat' dir='ltr'><strong>anathema</strong></span> <span class='ocrx_word' id='word_1_73' title='bbox 722 953 818 1007; x_wconf 89' lang='lat' dir='ltr'>sit.</span> <span class='ocrx_word' id='word_1_74' title='bbox 854 951 911 1007; x_wconf 89' lang='lat' dir='ltr'>Si</span> <span class='ocrx_word' id='word_1_75' title='bbox 947 953 1082 1023; x_wconf 90' lang='lat' dir='ltr'>quis</span> <span class='ocrx_word' id='word_1_76' title='bbox 1116 952 1186 1006; x_wconf 91' lang='lat' dir='ltr'><strong>de</strong></span> <span class='ocrx_word' id='word_1_77' title='bbox 1234 952 1467 1023; x_wconf 89' lang='lat' dir='ltr'><strong>propria</strong></span> <span class='ocrx_word' id='word_1_78' title='bbox 1522 952 1894 1024; x_wconf 85' lang='lat' dir='ltr'><strong>cognatione,</strong></span> 
     </span>
    </p>
   </div>
   <div class='ocr_carea' id='block_1_12' title="bbox 231 1040 1896 1113">
    <p class='ocr_par' dir='ltr' id='par_1_12' title="bbox 231 1040 1896 1113">
     <span class='ocr_line' id='line_1_12' title="bbox 231 1040 1896 1113; baseline 0.001 -19"><span class='ocrx_word' id='word_1_79' title='bbox 231 1041 326 1098; x_wconf 90' lang='lat' dir='ltr'><strong>vel</strong></span> <span class='ocrx_word' id='word_1_80' title='bbox 359 1059 533 1113; x_wconf 89' lang='lat' dir='ltr'><strong>quam</strong></span> <span class='ocrx_word' id='word_1_81' title='bbox 568 1047 854 1113; x_wconf 86' lang='lat' dir='ltr'><strong>cognatus</strong></span> <span class='ocrx_word' id='word_1_82' title='bbox 899 1040 1128 1107; x_wconf 87' lang='lat' dir='ltr'><strong>habuit,</strong></span> <span class='ocrx_word' id='word_1_83' title='bbox 1164 1041 1395 1095; x_wconf 78' lang='lat' dir='ltr'><strong>duxerit</strong></span> <span class='ocrx_word' id='word_1_84' title='bbox 1431 1040 1489 1094; x_wconf 91' lang='lat' dir='ltr'><strong>in</strong></span> <span class='ocrx_word' id='word_1_85' title='bbox 1526 1041 1896 1112; x_wconf 88' lang='lat' dir='ltr'><strong>conjugium,</strong></span> 
     </span>
    </p>
   </div>
   <div class='ocr_carea' id='block_1_13' title="bbox 245 1130 691 1188">
    <p class='ocr_par' dir='ltr' id='par_1_13' title="bbox 245 1130 691 1188">
     <span class='ocr_line' id='line_1_13' title="bbox 245 1130 691 1188; baseline -0.004 -2"><span class='ocrx_word' id='word_1_86' title='bbox 245 1130 558 1188; x_wconf 83' lang='lat' dir='ltr'><strong>anathema</strong></span> <span class='ocrx_word' id='word_1_87' title='bbox 596 1131 691 1185; x_wconf 86' lang='lat' dir='ltr'><strong>sit.</strong></span> 
     </span>
    </p>
   </div>
   <div class='ocr_carea' id='block_1_14' title="bbox 231 1245 1898 1316">
    <p class='ocr_par' dir='ltr' id='par_1_14' title="bbox 231 1245 1898 1316">
     <span class='ocr_line' id='line_1_14' title="bbox 231 1245 1898 1316; baseline -0.002 -13"><span class='ocrx_word' id='word_1_88' title='bbox 231 1247 369 1303; x_wconf 73' lang='lat' dir='ltr'><strong>CAP.</strong></span> <span class='ocrx_word' id='word_1_89' title='bbox 403 1246 493 1300; x_wconf 88' lang='grc'><strong>20.</strong></span> <span class='ocrx_word' id='word_1_90' title='bbox 531 1277 596 1286; x_wconf 89' lang='grc'><strong><em>-</em></strong></span> <span class='ocrx_word' id='word_1_91' title='bbox 640 1247 704 1302; x_wconf 93' lang='lat' dir='ltr'><strong>Ut</strong></span> <span class='ocrx_word' id='word_1_92' title='bbox 754 1245 1061 1300; x_wconf 78' lang='lat' dir='ltr'>Christiani</span> <span class='ocrx_word' id='word_1_93' title='bbox 1112 1246 1258 1299; x_wconf 81' lang='lat' dir='ltr'><strong>inter</strong></span> <span class='ocrx_word' id='word_1_94' title='bbox 1303 1261 1357 1300; x_wconf 89' lang='lat' dir='ltr'><strong>se</strong></span> <span class='ocrx_word' id='word_1_95' title='bbox 1406 1261 1514 1301; x_wconf 87' lang='lat' dir='ltr'><strong>non</strong></span> <span class='ocrx_word' id='word_1_96' title='bbox 1573 1247 1898 1316; x_wconf 80' lang='lat' dir='ltr'><strong>copulentur</strong></span> 
     </span>
    </p>
   </div>
   <div class='ocr_carea' id='block_1_15' title="bbox 310 1318 1892 1389">
    <p class='ocr_par' dir='ltr' id='par_1_15' title="bbox 310 1318 1892 1389">
     <span class='ocr_line' id='line_1_15' title="bbox 310 1318 1892 1389; baseline 0.001 -18"><span class='ocrx_word' id='word_1_97' title='bbox 310 1334 483 1388; x_wconf 86' lang='lat' dir='ltr'><strong>usque</strong></span> <span class='ocrx_word' id='word_1_98' title='bbox 513 1318 643 1372; x_wconf 85' lang='lat' dir='ltr'><strong>dum</strong></span> <span class='ocrx_word' id='word_1_99' title='bbox 674 1333 730 1371; x_wconf 87' lang='lat' dir='ltr'><strong>se</strong></span> <span class='ocrx_word' id='word_1_100' title='bbox 751 1319 1125 1384; x_wconf 84' lang='lat' dir='ltr'><strong>cog-noverint.</strong></span> <span class='ocrx_word' id='word_1_101' title='bbox 1159 1318 1454 1372; x_wconf 76' lang='lat' dir='ltr'><strong>Zacharias</strong></span> <span class='ocrx_word' id='word_1_102' title='bbox 1511 1334 1678 1388; x_wconf 85' lang='lat' dir='ltr'><strong>papa,</strong></span> <span class='ocrx_word' id='word_1_103' title='bbox 1711 1335 1832 1389; x_wconf 82' lang='lat' dir='ltr'><strong>cap.</strong></span> <span class='ocrx_word' id='word_1_104' title='bbox 1866 1319 1892 1372; x_wconf 92' lang='grc'>1</span> 
     </span>
    </p>
   </div>
   <div class='ocr_carea' id='block_1_16' title="bbox 301 1389 1335 1460">
    <p class='ocr_par' dir='ltr' id='par_1_16' title="bbox 301 1389 1335 1460">
     <span class='ocr_line' id='line_1_16' title="bbox 301 1389 1335 1460; baseline -0.001 -16"><span class='ocrx_word' id='word_1_105' title='bbox 301 1389 484 1460; x_wconf 86' lang='lat' dir='ltr'><strong>(Greg.</strong></span> <span class='ocrx_word' id='word_1_106' title='bbox 519 1394 564 1456; x_wconf 88' lang='lat' dir='ltr'><strong>l,</strong></span> <span class='ocrx_word' id='word_1_107' title='bbox 599 1389 670 1443; x_wconf 87' lang='lat' dir='ltr'><strong>ad</strong></span> <span class='ocrx_word' id='word_1_108' title='bbox 699 1391 734 1441; x_wconf 86' lang='lat'>6</span> <span class='ocrx_word' id='word_1_109' title='bbox 761 1392 1032 1456; x_wconf 82' lang='lat' dir='ltr'><strong>interrog.</strong></span> <span class='ocrx_word' id='word_1_110' title='bbox 1062 1389 1335 1459; x_wconf 84' lang='lat' dir='ltr'><strong>August.).</strong></span> 
     </span>
    </p>
   </div>
   <div class='ocr_carea' id='block_1_17' title="bbox 308 1495 1892 1567">
    <p class='ocr_par' dir='ltr' id='par_1_17' title="bbox 308 1495 1892 1567">
     <span class='ocr_line' id='line_1_17' title="bbox 308 1495 1892 1567; baseline 0.001 -16"><span class='ocrx_word' id='word_1_111' title='bbox 308 1497 721 1552; x_wconf 81' lang='lat' dir='ltr'><strong>Asserentibus</strong></span> <span class='ocrx_word' id='word_1_112' title='bbox 751 1495 1094 1550; x_wconf 87' lang='lat' dir='ltr'><strong>hominibus</strong></span> <span class='ocrx_word' id='word_1_113' title='bbox 1127 1496 1198 1550; x_wconf 89' lang='lat' dir='ltr'><strong>de</strong></span> <span class='ocrx_word' id='word_1_114' title='bbox 1229 1496 1559 1550; x_wconf 78' lang='lat' dir='ltr'><strong>Germaniae</strong></span> <span class='ocrx_word' id='word_1_115' title='bbox 1605 1496 1892 1567; x_wconf 88' lang='lat' dir='ltr'><strong>partibus,</strong></span> 
     </span>
    </p>
   </div>
   <div class='ocr_carea' id='block_1_18' title="bbox 248 1584 1892 1657">
    <p class='ocr_par' dir='ltr' id='par_1_18' title="bbox 248 1584 1892 1657">
     <span class='ocr_line' id='line_1_18' title="bbox 248 1584 1892 1657; baseline 0.001 -18"><span class='ocrx_word' id='word_1_116' title='bbox 248 1585 429 1640; x_wconf 89' lang='lat' dir='ltr'>didici</span> <span class='ocrx_word' id='word_1_117' title='bbox 460 1585 612 1657; x_wconf 91' lang='lat' dir='ltr'><strong>quod</strong></span> <span class='ocrx_word' id='word_1_118' title='bbox 647 1586 826 1640; x_wconf 66' lang='lat' dir='ltr'><strong>beatae</strong></span> <span class='ocrx_word' id='word_1_119' title='bbox 868 1584 1290 1641; x_wconf 84' lang='lat' dir='ltr'><strong>recordationis</strong></span> <span class='ocrx_word' id='word_1_120' title='bbox 1347 1602 1496 1656; x_wconf 87' lang='lat' dir='ltr'><strong>papa</strong></span> <span class='ocrx_word' id='word_1_121' title='bbox 1555 1585 1892 1654; x_wconf 81' lang='lat' dir='ltr'><strong>Gregorius,</strong></span> 
     </span>
    </p>
   </div>
   <div class='ocr_carea' id='block_1_19' title="bbox 242 1673 1894 1746">
    <p class='ocr_par' dir='ltr' id='par_1_19' title="bbox 242 1673 1894 1746">
     <span class='ocr_line' id='line_1_19' title="bbox 242 1673 1894 1746; baseline -0.001 -17"><span class='ocrx_word' id='word_1_122' title='bbox 242 1675 386 1729; x_wconf 91' lang='lat' dir='ltr'><strong>dum</strong></span> <span class='ocrx_word' id='word_1_123' title='bbox 412 1690 512 1730; x_wconf 87' lang='lat' dir='ltr'><strong>eos</strong></span> <span class='ocrx_word' id='word_1_124' title='bbox 533 1675 601 1730; x_wconf 86' lang='lat' dir='ltr'><strong>ad</strong></span> <span class='ocrx_word' id='word_1_125' title='bbox 639 1675 980 1746; x_wconf 79' lang='lat' dir='ltr'><strong>religionem</strong></span> <span class='ocrx_word' id='word_1_126' title='bbox 1013 1673 1470 1729; x_wconf 89' lang='lat' dir='ltr'><strong>Christianitatis</strong></span> <span class='ocrx_word' id='word_1_127' title='bbox 1485 1673 1679 1729; x_wconf 90' lang='lat' dir='ltr'><strong>divina</strong></span> <span class='ocrx_word' id='word_1_128' title='bbox 1707 1675 1894 1745; x_wconf 85' lang='lat' dir='ltr'><strong>gratia</strong></span> 
     </span>
    </p>
   </div>
   <div class='ocr_carea' id='block_1_20' title="bbox 239 1745 1970 1833">
    <p class='ocr_par' dir='ltr' id='par_1_20' title="bbox 239 1745 1970 1833">
     <span class='ocr_line' id='line_1_20' title="bbox 239 1745 1970 1833; baseline 0 -16"><span class='ocrx_word' id='word_1_129' title='bbox 239 1763 589 1833; x_wconf 82' lang='lat' dir='ltr'><strong>illustraret,</strong></span> <span class='ocrx_word' id='word_1_130' title='bbox 616 1763 910 1818; x_wconf 86' lang='lat' dir='ltr'><strong>licentiam</strong></span> <span class='ocrx_word' id='word_1_131' title='bbox 945 1763 1061 1818; x_wconf 90' lang='lat' dir='ltr'><strong>illis</strong></span> <span class='ocrx_word' id='word_1_132' title='bbox 1095 1763 1356 1818; x_wconf 82' lang='lat' dir='ltr'><strong>dedisset</strong></span> <span class='ocrx_word' id='word_1_133' title='bbox 1408 1765 1469 1816; x_wconf 93' lang='lat' dir='ltr'><strong>in</strong></span> <span class='ocrx_word' id='word_1_134' title='bbox 1516 1768 1725 1833; x_wconf 89' lang='lat' dir='ltr'><strong>quarta</strong></span> <span class='ocrx_word' id='word_1_135' title='bbox 1769 1779 1893 1817; x_wconf 76' lang='lat' dir='ltr'><strong>sese</strong></span> <span class='ocrx_word' id='word_1_136' title='bbox 1925 1745 1970 1809; x_wconf 84' lang='grc' dir='ltr'><strong>Β</strong></span> 
     </span>
    </p>
   </div>
   <div class='ocr_carea' id='block_1_21' title="bbox 230 1851 1890 1925">
    <p class='ocr_par' dir='ltr' id='par_1_21' title="bbox 230 1851 1890 1925">
     <span class='ocr_line' id='line_1_21' title="bbox 230 1851 1890 1925; baseline -0.002 -18"><span class='ocrx_word' id='word_1_137' title='bbox 230 1852 494 1924; x_wconf 89' lang='lat' dir='ltr'><strong>copulari</strong></span> <span class='ocrx_word' id='word_1_138' title='bbox 557 1853 951 1925; x_wconf 81' lang='lat' dir='ltr'><strong>generatione.</strong></span> <span class='ocrx_word' id='word_1_139' title='bbox 988 1853 1150 1918; x_wconf 82' lang='lat' dir='ltr'><strong>Quod</strong></span> <span class='ocrx_word' id='word_1_140' title='bbox 1177 1853 1410 1922; x_wconf 91' lang='lat' dir='ltr'><strong>quidem</strong></span> <span class='ocrx_word' id='word_1_141' title='bbox 1445 1851 1795 1907; x_wconf 86' lang='lat' dir='ltr'><strong>Christianis</strong></span> <span class='ocrx_word' id='word_1_142' title='bbox 1820 1851 1890 1905; x_wconf 90' lang='lat' dir='ltr'><strong>li-</strong></span> 
     </span>
    </p>
   </div>
   <div class='ocr_carea' id='block_1_22' title="bbox 239 1941 1889 2012">
    <p class='ocr_par' dir='ltr' id='par_1_22' title="bbox 239 1941 1889 2012">
     <span class='ocr_line' id='line_1_22' title="bbox 239 1941 1889 2012; baseline 0 -16"><span class='ocrx_word' id='word_1_143' title='bbox 239 1942 424 1996; x_wconf 88' lang='lat' dir='ltr'><strong>citum</strong></span> <span class='ocrx_word' id='word_1_144' title='bbox 458 1959 571 1997; x_wconf 88' lang='lat' dir='ltr'><strong>non</strong></span> <span class='ocrx_word' id='word_1_145' title='bbox 606 1947 716 2011; x_wconf 86' lang='lat' dir='ltr'><strong>est,</strong></span> <span class='ocrx_word' id='word_1_146' title='bbox 737 1942 874 1997; x_wconf 92' lang='lat' dir='ltr'><strong>dum</strong></span> <span class='ocrx_word' id='word_1_147' title='bbox 905 1958 1167 2012; x_wconf 88' lang='lat' dir='ltr'><strong>usquese</strong></span> <span class='ocrx_word' id='word_1_148' title='bbox 1199 1941 1722 2012; x_wconf 89' lang='lat' dir='ltr'><strong>cognoverint.Sed</strong></span> <span class='ocrx_word' id='word_1_149' title='bbox 1750 1942 1889 1996; x_wconf 91' lang='lat' dir='ltr'><strong>dum</strong></span> 
     </span>
    </p>
   </div>
   <div class='ocr_carea' id='block_1_23' title="bbox 232 2030 1892 2102">
    <p class='ocr_par' dir='ltr' id='par_1_23' title="bbox 232 2030 1892 2102">
     <span class='ocr_line' id='line_1_23' title="bbox 232 2030 1892 2102; baseline 0.001 -18"><span class='ocrx_word' id='word_1_150' title='bbox 232 2031 415 2086; x_wconf 87' lang='lat' dir='ltr'><strong>rudes</strong></span> <span class='ocrx_word' id='word_1_151' title='bbox 446 2036 614 2086; x_wconf 90' lang='lat' dir='ltr'><strong>erant</strong></span> <span class='ocrx_word' id='word_1_152' title='bbox 644 2031 928 2086; x_wconf 87' lang='lat' dir='ltr'><strong>invitandi</strong></span> <span class='ocrx_word' id='word_1_153' title='bbox 951 2031 1021 2085; x_wconf 89' lang='lat' dir='ltr'><strong>ad</strong></span> <span class='ocrx_word' id='word_1_154' title='bbox 1047 2031 1246 2092; x_wconf 79' lang='lat' dir='ltr'><strong>fidem,</strong></span> <span class='ocrx_word' id='word_1_155' title='bbox 1273 2046 1614 2102; x_wconf 88' lang='lat' dir='ltr'><strong>quanquam</strong></span> <span class='ocrx_word' id='word_1_156' title='bbox 1650 2030 1892 2085; x_wconf 89' lang='lat' dir='ltr'><strong>minime</strong></span> 
     </span>
    </p>
   </div>
   <div class='ocr_carea' id='block_1_24' title="bbox 236 2119 1484 2192">
    <p class='ocr_par' dir='ltr' id='par_1_24' title="bbox 236 2119 1484 2192">
     <span class='ocr_line' id='line_1_24' title="bbox 236 2119 1484 2192; baseline -0.001 -17"><span class='ocrx_word' id='word_1_157' title='bbox 236 2119 523 2192; x_wconf 84' lang='lat' dir='ltr'><strong>scriptum</strong></span> <span class='ocrx_word' id='word_1_158' title='bbox 560 2121 909 2192; x_wconf 89' lang='lat' dir='ltr'><strong>reperimus,</strong></span> <span class='ocrx_word' id='word_1_159' title='bbox 941 2136 1056 2174; x_wconf 92' lang='lat' dir='ltr'><strong>non</strong></span> <span class='ocrx_word' id='word_1_160' title='bbox 1089 2119 1484 2191; x_wconf 88' lang='lat' dir='ltr'><strong>ambigamus.</strong></span> 
     </span>
    </p>
   </div>
   <div class='ocr_carea' id='block_1_25' title="bbox 236 2236 1892 2310">
    <p class='ocr_par' dir='ltr' id='par_1_25' title="bbox 236 2236 1892 2310">
     <span class='ocr_line' id='line_1_25' title="bbox 236 2236 1892 2310; baseline 0 -18"><span class='ocrx_word' id='word_1_161' title='bbox 236 2236 373 2292; x_wconf 77' lang='lat' dir='ltr'><strong>CAP.</strong></span> <span class='ocrx_word' id='word_1_162' title='bbox 407 2239 497 2292; x_wconf 82' lang='lat' dir='ltr'><strong>2t.</strong></span> <span class='ocrx_word' id='word_1_163' title='bbox 530 2269 597 2276; x_wconf 92' lang='lat'><em>—</em></span> <span class='ocrx_word' id='word_1_164' title='bbox 629 2241 764 2307; x_wconf 69' lang='lat' dir='ltr'><strong>Quae</strong></span> <span class='ocrx_word' id='word_1_165' title='bbox 795 2251 1044 2310; x_wconf 65' lang='lat' dir='ltr'><strong>personae</strong></span> <span class='ocrx_word' id='word_1_166' title='bbox 1090 2236 1152 2291; x_wconf 89' lang='lat' dir='ltr'><strong>ob</strong></span> <span class='ocrx_word' id='word_1_167' title='bbox 1211 2238 1555 2310; x_wconf 76' lang='lat' dir='ltr'><strong>agnationem</strong></span> <span class='ocrx_word' id='word_1_168' title='bbox 1611 2236 1737 2292; x_wconf 83' lang='lat' dir='ltr'><strong>duci</strong></span> <span class='ocrx_word' id='word_1_169' title='bbox 1778 2253 1892 2292; x_wconf 89' lang='lat' dir='ltr'><strong>non</strong></span> 
     </span>
    </p>
   </div>
   <div class='ocr_carea' id='block_1_26' title="bbox 824 2309 1318 2386">
    <p class='ocr_par' dir='ltr' id='par_1_26' title="bbox 824 2309 1318 2386">
     <span class='ocr_line' id='line_1_26' title="bbox 824 2309 1318 2386; baseline -0.002 -24"><span class='ocrx_word' id='word_1_170' title='bbox 824 2310 1072 2386; x_wconf 77' lang='lat' dir='ltr'><strong>possint,</strong></span> <span class='ocrx_word' id='word_1_171' title='bbox 1102 2323 1233 2379; x_wconf 95' lang='lat' dir='ltr'><strong>cap.</strong></span> <span class='ocrx_word' id='word_1_172' title='bbox 1265 2309 1318 2361; x_wconf 82' lang='grc'><strong>5·</strong></span> 
     </span>
    </p>
   </div>
   <div class='ocr_carea' id='block_1_27' title="bbox 314 2405 1890 2477">
    <p class='ocr_par' dir='ltr' id='par_1_27' title="bbox 314 2405 1890 2477">
     <span class='ocr_line' id='line_1_27' title="bbox 314 2405 1890 2477; baseline 0 -16"><span class='ocrx_word' id='word_1_173' title='bbox 314 2405 385 2461; x_wconf 90' lang='lat' dir='ltr'><strong>Ut</strong></span> <span class='ocrx_word' id='word_1_174' title='bbox 417 2406 852 2474; x_wconf 87' lang='lat' dir='ltr'><strong>consobrinam,</strong></span> <span class='ocrx_word' id='word_1_175' title='bbox 885 2410 1142 2477; x_wconf 87' lang='lat' dir='ltr'><strong>neptem,</strong></span> <span class='ocrx_word' id='word_1_176' title='bbox 1177 2422 1484 2461; x_wconf 87' lang='lat' dir='ltr'><strong>novercam</strong></span> <span class='ocrx_word' id='word_1_177' title='bbox 1519 2405 1716 2462; x_wconf 85' lang='lat' dir='ltr'><strong>fratris</strong></span> <span class='ocrx_word' id='word_1_178' title='bbox 1747 2423 1890 2461; x_wconf 84' lang='lat' dir='ltr'><strong>uxo-</strong></span> 
     </span>
    </p>
   </div>
   <div class='ocr_carea' id='block_1_28' title="bbox 241 2493 1889 2568">
    <p class='ocr_par' dir='ltr' id='par_1_28' title="bbox 241 2493 1889 2568">
     <span class='ocr_line' id='line_1_28' title="bbox 241 2493 1889 2568; baseline 0 -18"><span class='ocrx_word' id='word_1_179' title='bbox 241 2511 362 2550; x_wconf 89' lang='lat' dir='ltr'><strong>rem</strong></span> <span class='ocrx_word' id='word_1_180' title='bbox 394 2494 482 2550; x_wconf 93' lang='lat' dir='ltr'><strong>vel</strong></span> <span class='ocrx_word' id='word_1_181' title='bbox 515 2496 585 2551; x_wconf 90' lang='lat' dir='ltr'><strong>de</strong></span> <span class='ocrx_word' id='word_1_182' title='bbox 618 2495 854 2567; x_wconf 87' lang='lat' dir='ltr'><strong>prOpria</strong></span> <span class='ocrx_word' id='word_1_183' title='bbox 885 2495 1250 2566; x_wconf 82' lang='lat' dir='ltr'><strong>cognatione,</strong></span> <span class='ocrx_word' id='word_1_184' title='bbox 1276 2493 1361 2549; x_wconf 92' lang='lat' dir='ltr'><strong>vel</strong></span> <span class='ocrx_word' id='word_1_185' title='bbox 1398 2512 1572 2566; x_wconf 89' lang='lat' dir='ltr'><strong>quam</strong></span> <span class='ocrx_word' id='word_1_186' title='bbox 1607 2499 1889 2568; x_wconf 85' lang='lat' dir='ltr'><strong>cognatus</strong></span> 
     </span>
    </p>
   </div>
   <div class='ocr_carea' id='block_1_29' title="bbox 243 2583 1888 2656">
    <p class='ocr_par' dir='ltr' id='par_1_29' title="bbox 243 2583 1888 2656">
     <span class='ocr_line' id='line_1_29' title="bbox 243 2583 1888 2656; baseline -0.001 -18"><span class='ocrx_word' id='word_1_187' title='bbox 243 2583 472 2654; x_wconf 86' lang='lat' dir='ltr'><strong>habuit,</strong></span> <span class='ocrx_word' id='word_1_188' title='bbox 500 2583 702 2639; x_wconf 88' lang='lat' dir='ltr'><strong>nullus</strong></span> <span class='ocrx_word' id='word_1_189' title='bbox 735 2585 950 2640; x_wconf 85' lang='lat' dir='ltr'><strong>audeat</strong></span> <span class='ocrx_word' id='word_1_190' title='bbox 979 2583 1091 2639; x_wconf 87' lang='lat' dir='ltr'>sibi</span> <span class='ocrx_word' id='word_1_191' title='bbox 1123 2585 1182 2638; x_wconf 90' lang='lat' dir='ltr'><strong>in</strong></span> <span class='ocrx_word' id='word_1_192' title='bbox 1216 2584 1486 2655; x_wconf 81' lang='lat' dir='ltr'><strong>coniugio</strong></span> <span class='ocrx_word' id='word_1_193' title='bbox 1518 2583 1888 2656; x_wconf 82' lang='lat' dir='ltr'><strong>copuiare.Si</strong></span> 
     </span>
    </p>
   </div>
   <div class='ocr_carea' id='block_1_30' title="bbox 239 2673 1888 2745">
    <p class='ocr_par' dir='ltr' id='par_1_30' title="bbox 239 2673 1888 2745">
     <span class='ocr_line' id='line_1_30' title="bbox 239 2673 1888 2745; baseline -0.001 -17"><span class='ocrx_word' id='word_1_194' title='bbox 239 2673 375 2745; x_wconf 90' lang='lat' dir='ltr'>quis</span> <span class='ocrx_word' id='word_1_195' title='bbox 402 2673 537 2729; x_wconf 87' lang='lat' dir='ltr'><strong>huic</strong></span> <span class='ocrx_word' id='word_1_196' title='bbox 569 2673 672 2729; x_wconf 89' lang='lat' dir='ltr'><strong>tali</strong></span> <span class='ocrx_word' id='word_1_197' title='bbox 705 2673 928 2729; x_wconf 88' lang='lat' dir='ltr'><strong>nefario</strong></span> <span class='ocrx_word' id='word_1_198' title='bbox 960 2674 1234 2745; x_wconf 85' lang='lat' dir='ltr'><strong>conjugio</strong></span> <span class='ocrx_word' id='word_1_199' title='bbox 1257 2673 1610 2739; x_wconf 89' lang='lat' dir='ltr'><strong>convenerit,</strong></span> <span class='ocrx_word' id='word_1_200' title='bbox 1645 2677 1702 2728; x_wconf 92' lang='lat' dir='ltr'><strong>et</strong></span> <span class='ocrx_word' id='word_1_201' title='bbox 1731 2673 1788 2726; x_wconf 93' lang='lat' dir='ltr'><strong>in</strong></span> <span class='ocrx_word' id='word_1_202' title='bbox 1821 2689 1888 2727; x_wconf 92' lang='lat' dir='ltr'><strong>eo</strong></span> 
     </span>
    </p>
   </div>
   <div class='ocr_carea' id='block_1_31' title="bbox 238 2761 1887 2835">
    <p class='ocr_par' dir='ltr' id='par_1_31' title="bbox 238 2761 1887 2835">
     <span class='ocr_line' id='line_1_31' title="bbox 238 2761 1887 2835; baseline -0.001 -17"><span class='ocrx_word' id='word_1_203' title='bbox 238 2763 652 2835; x_wconf 88' lang='lat' dir='ltr'><strong>permanserit,</strong></span> <span class='ocrx_word' id='word_1_204' title='bbox 685 2763 833 2818; x_wconf 87' lang='lat' dir='ltr'><strong>sciat</strong></span> <span class='ocrx_word' id='word_1_205' title='bbox 850 2779 911 2818; x_wconf 89' lang='lat' dir='ltr'><strong>se</strong></span> <span class='ocrx_word' id='word_1_206' title='bbox 932 2762 1254 2834; x_wconf 85' lang='lat' dir='ltr'><strong>apostolica</strong></span> <span class='ocrx_word' id='word_1_207' title='bbox 1275 2762 1619 2817; x_wconf 86' lang='lat' dir='ltr'><strong>auctoritate</strong></span> <span class='ocrx_word' id='word_1_208' title='bbox 1643 2761 1887 2816; x_wconf 84' lang='lat' dir='ltr'><strong>anathe-</strong></span> 
     </span>
    </p>
   </div>
   <div class='ocr_carea' id='block_1_32' title="bbox 237 2849 1887 2918">
    <p class='ocr_par' dir='ltr' id='par_1_32' title="bbox 237 2849 1887 2918">
     <span class='ocr_line' id='line_1_32' title="bbox 237 2849 1887 2918; baseline -0.001 -12"><span class='ocrx_word' id='word_1_209' title='bbox 237 2850 414 2906; x_wconf 87' lang='lat' dir='ltr'><strong>matis</strong></span> <span class='ocrx_word' id='word_1_210' title='bbox 449 2850 699 2907; x_wconf 82' lang='lat' dir='ltr'><strong>vinculis</strong></span> <span class='ocrx_word' id='word_1_211' title='bbox 740 2867 869 2907; x_wconf 88' lang='lat' dir='ltr'><strong>esse</strong></span> <span class='ocrx_word' id='word_1_212' title='bbox 916 2850 1284 2918; x_wconf 89' lang='lat' dir='ltr'><strong>innodatum,</strong></span> <span class='ocrx_word' id='word_1_213' title='bbox 1317 2855 1372 2907; x_wconf 89' lang='lat' dir='ltr'><strong>et</strong></span> <span class='ocrx_word' id='word_1_214' title='bbox 1396 2849 1592 2906; x_wconf 89' lang='lat' dir='ltr'><strong>nullus</strong></span> <span class='ocrx_word' id='word_1_215' title='bbox 1616 2851 1887 2905; x_wconf 87' lang='lat' dir='ltr'><strong>sacerdos</strong></span> 
     </span>
    </p>
   </div>
   <div class='ocr_carea' id='block_1_33' title="bbox 238 2938 1890 2995">
    <p class='ocr_par' dir='ltr' id='par_1_33' title="bbox 238 2938 1890 2995">
     <span class='ocr_line' id='line_1_33' title="bbox 238 2938 1890 2995; baseline -0.001 0"><span class='ocrx_word' id='word_1_216' title='bbox 238 2939 525 2995; x_wconf 91' lang='lat' dir='ltr'><strong>tribuatei</strong></span> <span class='ocrx_word' id='word_1_217' title='bbox 545 2940 1043 2995; x_wconf 88' lang='lat' dir='ltr'><strong>communionem.</strong></span> <span class='ocrx_word' id='word_1_218' title='bbox 1070 2939 1128 2995; x_wconf 91' lang='lat' dir='ltr'><strong>Si</strong></span> <span class='ocrx_word' id='word_1_219' title='bbox 1151 2956 1284 2994; x_wconf 89' lang='lat' dir='ltr'><strong>vero</strong></span> <span class='ocrx_word' id='word_1_220' title='bbox 1307 2956 1620 2994; x_wconf 89' lang='lat' dir='ltr'><strong>conversus</strong></span> <span class='ocrx_word' id='word_1_221' title='bbox 1644 2938 1890 2994; x_wconf 86' lang='lat' dir='ltr'><strong>divisus-</strong></span> 
     </span>
    </p>
   </div>
   <div class='ocr_carea' id='block_1_34' title="bbox 236 3028 1886 3100">
    <p class='ocr_par' dir='ltr' id='par_1_34' title="bbox 236 3028 1886 3100">
     <span class='ocr_line' id='line_1_34' title="bbox 236 3028 1886 3100; baseline -0.001 -16"><span class='ocrx_word' id='word_1_222' title='bbox 236 3044 348 3099; x_wconf 87' lang='lat' dir='ltr'><strong>que</strong></span> <span class='ocrx_word' id='word_1_223' title='bbox 366 3029 538 3084; x_wconf 89' lang='lat' dir='ltr'><strong>fuerit</strong></span> <span class='ocrx_word' id='word_1_224' title='bbox 561 3047 594 3084; x_wconf 89' lang='lat' dir='ltr'><strong>a</strong></span> <span class='ocrx_word' id='word_1_225' title='bbox 617 3029 716 3084; x_wconf 89' lang='lat' dir='ltr'><strong>tali</strong></span> <span class='ocrx_word' id='word_1_226' title='bbox 739 3028 1131 3100; x_wconf 87' lang='lat' dir='ltr'><strong>copulatione,</strong></span> <span class='ocrx_word' id='word_1_227' title='bbox 1157 3029 1342 3099; x_wconf 82' lang='lat' dir='ltr'><strong>dignae</strong></span> <span class='ocrx_word' id='word_1_228' title='bbox 1368 3028 1721 3100; x_wconf 60' lang='lat' dir='ltr'><strong>paenitentiae</strong></span> <span class='ocrx_word' id='word_1_229' title='bbox 1745 3029 1886 3083; x_wconf 90' lang='lat' dir='ltr'><strong>sub-</strong></span> 
     </span>
    </p>
   </div>
   <div class='ocr_carea' id='block_1_35' title="bbox 235 3117 1575 3187">
    <p class='ocr_par' dir='ltr' id='par_1_35' title="bbox 235 3117 1575 3187">
     <span class='ocr_line' id='line_1_35' title="bbox 235 3117 1575 3187; baseline -0.001 -14"><span class='ocrx_word' id='word_1_230' title='bbox 235 3117 528 3187; x_wconf 86' lang='lat' dir='ltr'><strong>mittatur,</strong></span> <span class='ocrx_word' id='word_1_231' title='bbox 562 3123 625 3173; x_wconf 92' lang='lat' dir='ltr'>ut</span> <span class='ocrx_word' id='word_1_232' title='bbox 655 3119 927 3174; x_wconf 89' lang='lat' dir='ltr'><strong>sacerdos</strong></span> <span class='ocrx_word' id='word_1_233' title='bbox 961 3118 1068 3173; x_wconf 91' lang='lat' dir='ltr'><strong>loci</strong></span> <span class='ocrx_word' id='word_1_234' title='bbox 1100 3117 1575 3174; x_wconf 88' lang='lat' dir='ltr'><strong>consideraverit.</strong></span> 
     </span>
    </p>
   </div>
   <div class='ocr_carea' id='block_1_36' title="bbox 239 3243 1885 3314">
    <p class='ocr_par' dir='ltr' id='par_1_36' title="bbox 239 3243 1885 3314">
     <span class='ocr_line' id='line_1_36' title="bbox 239 3243 1885 3314; baseline -0.001 -16"><span class='ocrx_word' id='word_1_235' title='bbox 239 3243 376 3298; x_wconf 78' lang='lat' dir='ltr'><strong>CAP.</strong></span> <span class='ocrx_word' id='word_1_236' title='bbox 402 3245 493 3297; x_wconf 82' lang='grc'><strong>22.</strong></span> <span class='ocrx_word' id='word_1_237' title='bbox 526 3274 591 3284; x_wconf 91' lang='grc'><strong>-</strong></span> <span class='ocrx_word' id='word_1_238' title='bbox 625 3243 775 3311; x_wconf 83' lang='lat' dir='ltr'><strong>Quod</strong></span> <span class='ocrx_word' id='word_1_239' title='bbox 799 3245 1090 3298; x_wconf 81' lang='lat' dir='ltr'><strong>maledicti</strong></span> <span class='ocrx_word' id='word_1_240' title='bbox 1119 3245 1474 3314; x_wconf 80' lang='lat' dir='ltr'><strong>appellantur</strong></span> <span class='ocrx_word' id='word_1_241' title='bbox 1534 3245 1586 3297; x_wconf 86' lang='lat' dir='ltr'><strong>et</strong></span> <span class='ocrx_word' id='word_1_242' title='bbox 1628 3244 1885 3312; x_wconf 79' lang='lat' dir='ltr'><strong>infames,</strong></span> 
     </span>
    </p>
   </div>
   <div class='ocr_carea' id='block_1_37' title="bbox 307 3314 1888 3439">
    <p class='ocr_par' dir='ltr' id='par_1_37' title="bbox 307 3314 1888 3439">
     <span class='ocr_line' id='line_1_37' title="bbox 307 3314 1888 3439; baseline 0.001 -71"><span class='ocrx_word' id='word_1_243' title='bbox 307 3315 402 3397; x_wconf 75' lang='lat' dir='ltr'><strong>qui</strong></span> <span class='ocrx_word' id='word_1_244' title='bbox 423 3318 868 3396; x_wconf 81' lang='lat' dir='ltr'><strong>consanguineas</strong></span> <span class='ocrx_word' id='word_1_245' title='bbox 915 3315 1123 3370; x_wconf 88' lang='lat' dir='ltr'><strong>ducunt</strong></span> <span class='ocrx_word' id='word_1_246' title='bbox 1173 3331 1393 3396; x_wconf 73' lang='lat' dir='ltr'><strong>uxores.</strong></span> <span class='ocrx_word' id='word_1_247' title='bbox 1447 3314 1696 3368; x_wconf 73' lang='lat' dir='ltr'><strong>Calixtus</strong></span> <span class='ocrx_word' id='word_1_248' title='bbox 1740 3331 1888 3439; x_wconf 68' lang='lat' dir='ltr'><strong>papa</strong></span> 
     </span>
     <span class='ocr_line' id='line_1_38' title="bbox 312 3385 1826 3439; baseline 0 0"><span class='ocrx_word' id='word_1_249' title='bbox 312 3389 575 3439; x_wconf 78' lang='lat' dir='ltr'><strong>episcopis</strong></span> <span class='ocrx_word' id='word_1_250' title='bbox 605 3386 822 3439; x_wconf 74' lang='lat' dir='ltr'><strong>Galliae.</strong></span> <span class='ocrx_word' id='word_1_251' title='bbox 855 3403 970 3439; x_wconf 84' lang='lat' dir='ltr'><strong>can.</strong></span> <span class='ocrx_word' id='word_1_252' title='bbox 1009 3389 1040 3439; x_wconf 80' lang='grc'>4</span> <span class='ocrx_word' id='word_1_253' title='bbox 1071 3389 1246 3439; x_wconf 83' lang='lat' dir='ltr'><strong>(emst.</strong></span> <span class='ocrx_word' id='word_1_254' title='bbox 1278 3387 1401 3439; x_wconf 85' lang='lat' dir='ltr'><strong>2ad</strong></span> <span class='ocrx_word' id='word_1_255' title='bbox 1430 3388 1598 3439; x_wconf 77' lang='lat' dir='ltr'><strong>enise.</strong></span> <span class='ocrx_word' id='word_1_256' title='bbox 1635 3385 1733 3439; x_wconf 87' lang='lat' dir='ltr'><strong>Gal</strong></span> <span class='ocrx_word' id='word_1_257' title='bbox 1768 3387 1826 3439; x_wconf 80' lang='lat' dir='ltr'><strong>.l.</strong></span> 
     </span>
    </p>
   </div>
   <div class='ocr_carea' id='block_1_38' title="bbox 312 3385 1826 3458">
    <p class='ocr_par' dir='ltr' id='par_1_38' title="bbox 312 3385 1826 3458">
     <span class='ocr_line' id='line_1_39' title="bbox 312 3385 1826 3458; baseline -0.001 -18"><span class='ocrx_word' id='word_1_258' title='bbox 312 3388 575 3458; x_wconf 81' lang='lat' dir='ltr'><strong>episcopis</strong></span> <span class='ocrx_word' id='word_1_259' title='bbox 605 3386 822 3456; x_wconf 68' lang='lat' dir='ltr'><strong>Galliae,</strong></span> <span class='ocrx_word' id='word_1_260' title='bbox 855 3403 970 3458; x_wconf 89' lang='lat' dir='ltr'><strong>cap.</strong></span> <span class='ocrx_word' id='word_1_261' title='bbox 1009 3389 1040 3440; x_wconf 80' lang='grc'>4</span> <span class='ocrx_word' id='word_1_262' title='bbox 1071 3389 1246 3457; x_wconf 85' lang='lat' dir='ltr'><strong>(epist.</strong></span> <span class='ocrx_word' id='word_1_263' title='bbox 1278 3391 1311 3440; x_wconf 86' lang='lat'><strong>2</strong></span> <span class='ocrx_word' id='word_1_264' title='bbox 1331 3387 1401 3441; x_wconf 88' lang='lat' dir='ltr'><strong>ad</strong></span> <span class='ocrx_word' id='word_1_265' title='bbox 1430 3388 1598 3457; x_wconf 81' lang='lat' dir='ltr'><strong>epise.</strong></span> <span class='ocrx_word' id='word_1_266' title='bbox 1635 3385 1826 3456; x_wconf 87' lang='lat' dir='ltr'><strong>Gall.).</strong></span> 
     </span>
    </p>
   </div>
   <div class='ocr_carea' id='block_1_39' title="bbox 303 3491 1887 3564">
    <p class='ocr_par' dir='ltr' id='par_1_39' title="bbox 303 3491 1887 3564">
     <span class='ocr_line' id='line_1_40' title="bbox 303 3491 1887 3564; baseline 0 -18"><span class='ocrx_word' id='word_1_267' title='bbox 303 3491 761 3561; x_wconf 84' lang='lat' dir='ltr'><strong>Conjunctiones</strong></span> <span class='ocrx_word' id='word_1_268' title='bbox 793 3491 1367 3564; x_wconf 83' lang='lat' dir='ltr'><strong>consanguineorum</strong></span> <span class='ocrx_word' id='word_1_269' title='bbox 1407 3492 1531 3546; x_wconf 83' lang='lat' dir='ltr'><strong>fieri</strong></span> <span class='ocrx_word' id='word_1_270' title='bbox 1572 3491 1887 3562; x_wconf 88' lang='lat' dir='ltr'><strong>prohiben-</strong></span> 
     </span>
    </p>
   </div>
   <div class='ocr_carea' id='block_1_40' title="bbox 234 3579 1884 3652">
    <p class='ocr_par' dir='ltr' id='par_1_40' title="bbox 234 3579 1884 3652">
     <span class='ocr_line' id='line_1_41' title="bbox 234 3579 1884 3652; baseline 0.001 -19"><span class='ocrx_word' id='word_1_271' title='bbox 234 3582 355 3650; x_wconf 85' lang='lat' dir='ltr'><strong>tur,</strong></span> <span class='ocrx_word' id='word_1_272' title='bbox 387 3583 526 3652; x_wconf 87' lang='lat' dir='ltr'><strong>quia</strong></span> <span class='ocrx_word' id='word_1_273' title='bbox 558 3581 664 3636; x_wconf 90' lang='lat' dir='ltr'><strong>has</strong></span> <span class='ocrx_word' id='word_1_274' title='bbox 697 3587 752 3635; x_wconf 89' lang='lat' dir='ltr'><strong>et</strong></span> <span class='ocrx_word' id='word_1_275' title='bbox 782 3580 990 3636; x_wconf 59' lang='lat' dir='ltr'><strong>divina</strong></span> <span class='ocrx_word' id='word_1_276' title='bbox 1008 3585 1064 3636; x_wconf 91' lang='lat' dir='ltr'><strong>et</strong></span> <span class='ocrx_word' id='word_1_277' title='bbox 1087 3580 1284 3636; x_wconf 78' lang='lat' dir='ltr'><strong>saeculi</strong></span> <span class='ocrx_word' id='word_1_278' title='bbox 1322 3580 1445 3635; x_wconf 87' lang='lat' dir='ltr'><strong>lieri</strong></span> <span class='ocrx_word' id='word_1_279' title='bbox 1476 3579 1884 3651; x_wconf 89' lang='lat' dir='ltr'><strong>prohibentle-</strong></span> 
     </span>
    </p>
   </div>
   <div class='ocr_carea' id='block_1_41' title="bbox 224 3668 1886 3741">
    <p class='ocr_par' dir='ltr' id='par_1_41' title="bbox 224 3668 1886 3741">
     <span class='ocr_line' id='line_1_42' title="bbox 224 3668 1886 3741; baseline 0 -17"><span class='ocrx_word' id='word_1_280' title='bbox 224 3685 353 3740; x_wconf 83' lang='lat' dir='ltr'><strong>ges.</strong></span> <span class='ocrx_word' id='word_1_281' title='bbox 389 3671 570 3741; x_wconf 84' lang='lat' dir='ltr'><strong>Leges</strong></span> <span class='ocrx_word' id='word_1_282' title='bbox 601 3685 738 3741; x_wconf 88' lang='lat' dir='ltr'><strong>ergo</strong></span> <span class='ocrx_word' id='word_1_283' title='bbox 768 3670 976 3724; x_wconf 87' lang='lat' dir='ltr'><strong>divinae</strong></span> <span class='ocrx_word' id='word_1_284' title='bbox 1011 3670 1118 3725; x_wconf 90' lang='lat' dir='ltr'><strong>hoc</strong></span> <span class='ocrx_word' id='word_1_285' title='bbox 1154 3674 1416 3741; x_wconf 88' lang='lat' dir='ltr'><strong>agentes,</strong></span> <span class='ocrx_word' id='word_1_286' title='bbox 1453 3675 1507 3724; x_wconf 90' lang='lat' dir='ltr'><strong>et</strong></span> <span class='ocrx_word' id='word_1_287' title='bbox 1535 3686 1634 3724; x_wconf 92' lang='lat' dir='ltr'><strong>eos</strong></span> <span class='ocrx_word' id='word_1_288' title='bbox 1669 3668 1769 3740; x_wconf 93' lang='lat' dir='ltr'>qui</span> <span class='ocrx_word' id='word_1_289' title='bbox 1818 3686 1886 3724; x_wconf 84' lang='lat' dir='ltr'><strong>ex</strong></span> 
     </span>
    </p>
   </div>
   <div class='ocr_carea' id='block_1_42' title="bbox 227 3758 1884 3829">
    <p class='ocr_par' dir='ltr' id='par_1_42' title="bbox 227 3758 1884 3829">
     <span class='ocr_line' id='line_1_43' title="bbox 227 3758 1884 3829; baseline 0.001 -17"><span class='ocrx_word' id='word_1_290' title='bbox 227 3758 318 3812; x_wconf 88' lang='lat' dir='ltr'>eis</span> <span class='ocrx_word' id='word_1_291' title='bbox 351 3759 641 3829; x_wconf 88' lang='lat' dir='ltr'><strong>prodeunt</strong></span> <span class='ocrx_word' id='word_1_292' title='bbox 672 3775 787 3814; x_wconf 92' lang='lat' dir='ltr'><strong>non</strong></span> <span class='ocrx_word' id='word_1_293' title='bbox 820 3759 1010 3816; x_wconf 91' lang='lat' dir='ltr'><strong>solum</strong></span> <span class='ocrx_word' id='word_1_294' title='bbox 1044 3759 1310 3828; x_wconf 87' lang='lat' dir='ltr'><strong>ejiciunt,</strong></span> <span class='ocrx_word' id='word_1_295' title='bbox 1335 3760 1432 3814; x_wconf 88' lang='lat' dir='ltr'><strong>sed</strong></span> <span class='ocrx_word' id='word_1_296' title='bbox 1459 3766 1510 3814; x_wconf 81' lang='lat' dir='ltr'><strong>et</strong></span> <span class='ocrx_word' id='word_1_297' title='bbox 1538 3758 1884 3814; x_wconf 86' lang='lat' dir='ltr'><strong>maledictos</strong></span> 
     </span>
    </p>
   </div>
   <div class='ocr_carea' id='block_1_43' title="bbox 231 3844 1882 3918">
    <p class='ocr_par' dir='ltr' id='par_1_43' title="bbox 231 3844 1882 3918">
     <span class='ocr_line' id='line_1_44' title="bbox 231 3844 1882 3918; baseline 0.001 -19"><span class='ocrx_word' id='word_1_298' title='bbox 231 3844 549 3915; x_wconf 88' lang='lat' dir='ltr'><strong>appellant.</strong></span> <span class='ocrx_word' id='word_1_299' title='bbox 585 3845 762 3916; x_wconf 86' lang='lat' dir='ltr'><strong>Leges</strong></span> <span class='ocrx_word' id='word_1_300' title='bbox 792 3862 930 3918; x_wconf 88' lang='lat' dir='ltr'><strong>ergo</strong></span> <span class='ocrx_word' id='word_1_301' title='bbox 963 3847 1160 3902; x_wconf 68' lang='lat' dir='ltr'><strong>saeculi</strong></span> <span class='ocrx_word' id='word_1_302' title='bbox 1195 3846 1442 3902; x_wconf 86' lang='lat' dir='ltr'><strong>infames</strong></span> <span class='ocrx_word' id='word_1_303' title='bbox 1476 3845 1620 3902; x_wconf 88' lang='lat' dir='ltr'><strong>tales</strong></span> <span class='ocrx_word' id='word_1_304' title='bbox 1652 3850 1882 3914; x_wconf 80' lang='lat' dir='ltr'><strong>vocant,</strong></span> 
     </span>
    </p>
   </div>
   <div class='ocr_carea' id='block_1_44' title="bbox 233 3934 1886 4008">
    <p class='ocr_par' dir='ltr' id='par_1_44' title="bbox 233 3934 1886 4008">
     <span class='ocr_line' id='line_1_45' title="bbox 233 3934 1886 4008; baseline 0.001 -20"><span class='ocrx_word' id='word_1_305' title='bbox 233 3938 294 3989; x_wconf 87' lang='lat' dir='ltr'><strong>et</strong></span> <span class='ocrx_word' id='word_1_306' title='bbox 323 3935 394 3988; x_wconf 88' lang='lat' dir='ltr'><strong>ab</strong></span> <span class='ocrx_word' id='word_1_307' title='bbox 427 3934 762 3989; x_wconf 67' lang='lat' dir='ltr'><strong>haereditate</strong></span> <span class='ocrx_word' id='word_1_308' title='bbox 794 3934 1104 4006; x_wconf 89' lang='lat' dir='ltr'><strong>repellunt.</strong></span> <span class='ocrx_word' id='word_1_309' title='bbox 1140 3935 1257 3991; x_wconf 91' lang='lat' dir='ltr'><strong>Nos</strong></span> <span class='ocrx_word' id='word_1_310' title='bbox 1287 3953 1419 3992; x_wconf 89' lang='lat' dir='ltr'><strong>vero</strong></span> <span class='ocrx_word' id='word_1_311' title='bbox 1451 3941 1765 4008; x_wconf 79' lang='lat' dir='ltr'><strong>sequentes</strong></span> <span class='ocrx_word' id='word_1_312' title='bbox 1786 3939 1886 3990; x_wconf 85' lang='lat' dir='ltr'><strong>Pa-</strong></span> 
     </span>
    </p>
   </div>
   <div class='ocr_carea' id='block_1_45' title="bbox 233 4016 1884 4094">
    <p class='ocr_par' dir='ltr' id='par_1_45' title="bbox 233 4016 1884 4094">
     <span class='ocr_line' id='line_1_46' title="bbox 233 4016 1884 4094; baseline 0 -16"><span class='ocrx_word' id='word_1_313' title='bbox 233 4028 353 4078; x_wconf 87' lang='lat' dir='ltr'><strong>tres</strong></span> <span class='ocrx_word' id='word_1_314' title='bbox 402 4028 655 4088; x_wconf 88' lang='lat' dir='ltr'><strong>nostros,</strong></span> <span class='ocrx_word' id='word_1_315' title='bbox 688 4024 945 4078; x_wconf 71' lang='lat' dir='ltr'><strong>infamiae</strong></span> <span class='ocrx_word' id='word_1_316' title='bbox 989 4024 1235 4079; x_wconf 90' lang='lat' dir='ltr'><strong>maculis</strong></span> <span class='ocrx_word' id='word_1_317' title='bbox 1293 4029 1434 4079; x_wconf 89' lang='lat' dir='ltr'><strong>sunt</strong></span> <span class='ocrx_word' id='word_1_318' title='bbox 1469 4016 1711 4094; x_wconf 85' lang='lat' dir='ltr'><strong>aspersi.</strong></span> <span class='ocrx_word' id='word_1_319' title='bbox 1771 4025 1884 4078; x_wconf 90' lang='lat' dir='ltr'><strong>Nec</strong></span> 
     </span>
    </p>
   </div>
   <div class='ocr_carea' id='block_1_46' title="bbox 233 4111 1882 4184">
    <p class='ocr_par' dir='ltr' id='par_1_46' title="bbox 233 4111 1882 4184">
     <span class='ocr_line' id='line_1_47' title="bbox 233 4111 1882 4184; baseline -0.001 -17"><span class='ocrx_word' id='word_1_320' title='bbox 233 4127 336 4167; x_wconf 89' lang='lat' dir='ltr'><strong>eos</strong></span> <span class='ocrx_word' id='word_1_321' title='bbox 369 4111 542 4180; x_wconf 90' lang='lat' dir='ltr'><strong>viros,</strong></span> <span class='ocrx_word' id='word_1_322' title='bbox 579 4128 682 4167; x_wconf 91' lang='lat' dir='ltr'><strong>nec</strong></span> <span class='ocrx_word' id='word_1_323' title='bbox 714 4129 916 4167; x_wconf 90' lang='lat' dir='ltr'><strong>eorum</strong></span> <span class='ocrx_word' id='word_1_324' title='bbox 948 4113 1356 4168; x_wconf 83' lang='lat' dir='ltr'><strong>accusationes</strong></span> <span class='ocrx_word' id='word_1_325' title='bbox 1387 4129 1534 4183; x_wconf 89' lang='lat' dir='ltr'><strong>quos</strong></span> <span class='ocrx_word' id='word_1_326' title='bbox 1568 4112 1724 4184; x_wconf 87' lang='lat' dir='ltr'><strong>leges</strong></span> <span class='ocrx_word' id='word_1_327' title='bbox 1773 4129 1882 4167; x_wconf 86' lang='lat' dir='ltr'><strong>sae-</strong></span> 
     </span>
    </p>
   </div>
   <div class='ocr_carea' id='block_1_47' title="bbox 230 4199 1884 4272">
    <p class='ocr_par' dir='ltr' id='par_1_47' title="bbox 230 4199 1884 4272">
     <span class='ocr_line' id='line_1_48' title="bbox 230 4199 1884 4272; baseline 0 -16"><span class='ocrx_word' id='word_1_328' title='bbox 230 4199 348 4256; x_wconf 88' lang='lat' dir='ltr'><strong>culi</strong></span> <span class='ocrx_word' id='word_1_329' title='bbox 383 4200 678 4270; x_wconf 90' lang='lat' dir='ltr'><strong>rejiciunt,</strong></span> <span class='ocrx_word' id='word_1_330' title='bbox 712 4200 1012 4272; x_wconf 90' lang='lat' dir='ltr'><strong>suscipere</strong></span> <span class='ocrx_word' id='word_1_331' title='bbox 1057 4202 1365 4256; x_wconf 89' lang='lat' dir='ltr'><strong>debemus.</strong></span> <span class='ocrx_word' id='word_1_332' title='bbox 1398 4203 1573 4257; x_wconf 86' lang='lat' dir='ltr'><strong>Paulo</strong></span> <span class='ocrx_word' id='word_1_333' title='bbox 1603 4205 1740 4270; x_wconf 85' lang='lat' dir='ltr'><strong>post.</strong></span> <span class='ocrx_word' id='word_1_334' title='bbox 1773 4205 1884 4256; x_wconf 90' lang='lat' dir='ltr'><strong>Eos</strong></span> 
     </span>
    </p>
   </div>
   <div class='ocr_carea' id='block_1_48' title="bbox 232 4289 1884 4362">
    <p class='ocr_par' dir='ltr' id='par_1_48' title="bbox 232 4289 1884 4362">
     <span class='ocr_line' id='line_1_49' title="bbox 232 4289 1884 4362; baseline 0 -16"><span class='ocrx_word' id='word_1_335' title='bbox 232 4294 430 4346; x_wconf 85' lang='lat' dir='ltr'><strong>autem</strong></span> <span class='ocrx_word' id='word_1_336' title='bbox 455 4290 928 4360; x_wconf 88' lang='lat' dir='ltr'><strong>consanguineos</strong></span> <span class='ocrx_word' id='word_1_337' title='bbox 947 4289 1385 4360; x_wconf 87' lang='lat' dir='ltr'><strong>dicimus,quos</strong></span> <span class='ocrx_word' id='word_1_338' title='bbox 1408 4290 1615 4345; x_wconf 67' lang='lat' dir='ltr'><strong>divinae</strong></span> <span class='ocrx_word' id='word_1_339' title='bbox 1639 4290 1884 4362; x_wconf 88' lang='lat' dir='ltr'><strong>etimpe-</strong></span> 
     </span>
    </p>
   </div>
   <div class='ocr_carea' id='block_1_49' title="bbox 237 4378 1882 4450">
    <p class='ocr_par' dir='ltr' id='par_1_49' title="bbox 237 4378 1882 4450">
     <span class='ocr_line' id='line_1_50' title="bbox 237 4378 1882 4450; baseline 0.001 -17"><span class='ocrx_word' id='word_1_340' title='bbox 237 4382 526 4446; x_wconf 87' lang='lat' dir='ltr'><strong>ratorum,</strong></span> <span class='ocrx_word' id='word_1_341' title='bbox 554 4395 620 4433; x_wconf 89' lang='lat' dir='ltr'><strong>ac</strong></span> <span class='ocrx_word' id='word_1_342' title='bbox 664 4378 1086 4448; x_wconf 84' lang='lat' dir='ltr'><strong>Romanorum,</strong></span> <span class='ocrx_word' id='word_1_343' title='bbox 1119 4383 1295 4449; x_wconf 86' lang='lat' dir='ltr'><strong>atque</strong></span> <span class='ocrx_word' id='word_1_344' title='bbox 1346 4378 1678 4434; x_wconf 70' lang='lat' dir='ltr'><strong>Graecorum</strong></span> <span class='ocrx_word' id='word_1_345' title='bbox 1726 4379 1882 4450; x_wconf 81' lang='lat' dir='ltr'><strong>leges</strong></span> 
     </span>
    </p>
   </div>
   <div class='ocr_carea' id='block_1_50' title="bbox 2014 462 3670 534">
    <p class='ocr_par' dir='ltr' id='par_1_50' title="bbox 2014 462 3670 534">
     <span class='ocr_line' id='line_1_51' title="bbox 2014 462 3670 534; baseline 0.004 -17"><span class='ocrx_word' id='word_1_346' title='bbox 2014 462 2277 518; x_wconf 90' lang='lat' dir='ltr'><strong>seniores</strong></span> <span class='ocrx_word' id='word_1_347' title='bbox 2313 462 2614 534; x_wconf 88' lang='lat' dir='ltr'><strong>impetunt</strong></span> <span class='ocrx_word' id='word_1_348' title='bbox 2647 463 2766 517; x_wconf 75' lang='lat' dir='ltr'><strong>ﬁeri</strong></span> <span class='ocrx_word' id='word_1_349' title='bbox 2801 480 3128 520; x_wconf 86' lang='lat' dir='ltr'><strong>censemus.</strong></span> <span class='ocrx_word' id='word_1_350' title='bbox 3165 464 3278 521; x_wconf 89' lang='lat' dir='ltr'><strong>Hos</strong></span> <span class='ocrx_word' id='word_1_351' title='bbox 3309 485 3438 524; x_wconf 88' lang='lat' dir='ltr'><strong>vero</strong></span> <span class='ocrx_word' id='word_1_352' title='bbox 3471 469 3670 524; x_wconf 68' lang='lat' dir='ltr'><strong>saeculi</strong></span> 
     </span>
    </p>
   </div>
   <div class='ocr_carea' id='block_1_51' title="bbox 2009 550 3671 625">
    <p class='ocr_par' dir='ltr' id='par_1_51' title="bbox 2009 550 3671 625">
     <span class='ocr_line' id='line_1_52' title="bbox 2009 550 3671 625; baseline 0.005 -21"><span class='ocrx_word' id='word_1_353' title='bbox 2009 550 2168 622; x_wconf 87' lang='lat' dir='ltr'><strong>leges</strong></span> <span class='ocrx_word' id='word_1_354' title='bbox 2204 552 2592 620; x_wconf 84' lang='lat' dir='ltr'><strong>interficiunt,</strong></span> <span class='ocrx_word' id='word_1_355' title='bbox 2628 554 2727 608; x_wconf 91' lang='lat' dir='ltr'><strong>scd</strong></span> <span class='ocrx_word' id='word_1_356' title='bbox 2764 571 2869 609; x_wconf 84' lang='lat' dir='ltr'><strong>nos</strong></span> <span class='ocrx_word' id='word_1_357' title='bbox 2911 559 3208 625; x_wconf 80' lang='lat' dir='ltr'><strong>praeeunte</strong></span> <span class='ocrx_word' id='word_1_358' title='bbox 3267 557 3671 614; x_wconf 87' lang='lat' dir='ltr'><strong>misericordia</strong></span> 
     </span>
    </p>
   </div>
   <div class='ocr_carea' id='block_1_52' title="bbox 2014 640 3667 717">
    <p class='ocr_par' dir='ltr' id='par_1_52' title="bbox 2014 640 3667 717">
     <span class='ocr_line' id='line_1_53' title="bbox 2014 640 3667 717; baseline 0.005 -23"><span class='ocrx_word' id='word_1_359' title='bbox 2014 640 2392 696; x_wconf 78' lang='lat' dir='ltr'><strong>subinfamiae</strong></span> <span class='ocrx_word' id='word_1_360' title='bbox 2417 646 2552 697; x_wconf 89' lang='lat' dir='ltr'><strong>nota</strong></span> <span class='ocrx_word' id='word_1_361' title='bbox 2577 643 2644 696; x_wconf 89' lang='lat' dir='ltr'><strong>ad</strong></span> <span class='ocrx_word' id='word_1_362' title='bbox 2677 642 3080 713; x_wconf 79' lang='lat' dir='ltr'><strong>pmnitentiam</strong></span> <span class='ocrx_word' id='word_1_363' title='bbox 3106 645 3438 716; x_wconf 89' lang='lat' dir='ltr'><strong>recipimus.</strong></span> <span class='ocrx_word' id='word_1_364' title='bbox 3472 648 3667 717; x_wconf 86' lang='lat' dir='ltr'><strong>Ipsam</strong></span> 
     </span>
    </p>
   </div>
   <div class='ocr_carea' id='block_1_53' title="bbox 2013 730 3665 806">
    <p class='ocr_par' dir='ltr' id='par_1_53' title="bbox 2013 730 3665 806">
     <span class='ocr_line' id='line_1_54' title="bbox 2013 730 3665 806; baseline 0.004 -23"><span class='ocrx_word' id='word_1_365' title='bbox 2013 746 2250 800; x_wconf 87' lang='lat' dir='ltr'><strong>quoque</strong></span> <span class='ocrx_word' id='word_1_366' title='bbox 2281 731 2585 786; x_wconf 75' lang='lat' dir='ltr'><strong>infamiam</strong></span> <span class='ocrx_word' id='word_1_367' title='bbox 2615 730 2807 786; x_wconf 85' lang='lat' dir='ltr'><strong>delere</strong></span> <span class='ocrx_word' id='word_1_368' title='bbox 2838 750 2950 786; x_wconf 91' lang='lat' dir='ltr'><strong>non</strong></span> <span class='ocrx_word' id='word_1_369' title='bbox 2981 750 3299 803; x_wconf 84' lang='lat' dir='ltr'><strong>possumus</strong></span> <span class='ocrx_word' id='word_1_370' title='bbox 3356 753 3472 806; x_wconf 89' lang='lat' dir='ltr'><strong>qua</strong></span> <span class='ocrx_word' id='word_1_371' title='bbox 3524 743 3665 792; x_wconf 88' lang='lat' dir='ltr'><strong>sunt</strong></span> 
     </span>
    </p>
   </div>
   <div class='ocr_carea' id='block_1_54' title="bbox 2012 820 3667 896">
    <p class='ocr_par' dir='ltr' id='par_1_54' title="bbox 2012 820 3667 896">
     <span class='ocr_line' id='line_1_55' title="bbox 2012 820 3667 896; baseline 0.004 -24"><span class='ocrx_word' id='word_1_372' title='bbox 2012 820 2260 889; x_wconf 85' lang='lat' dir='ltr'><strong>aspersi,</strong></span> <span class='ocrx_word' id='word_1_373' title='bbox 2293 821 2393 875; x_wconf 88' lang='lat' dir='ltr'><strong>sed</strong></span> <span class='ocrx_word' id='word_1_374' title='bbox 2428 820 2657 875; x_wconf 87' lang='lat' dir='ltr'><strong>animas</strong></span> <span class='ocrx_word' id='word_1_375' title='bbox 2686 838 2886 876; x_wconf 87' lang='lat' dir='ltr'><strong>eorum</strong></span> <span class='ocrx_word' id='word_1_376' title='bbox 2919 839 3022 892; x_wconf 87' lang='lat' dir='ltr'><strong>per</strong></span> <span class='ocrx_word' id='word_1_377' title='bbox 3051 822 3452 892; x_wconf 77' lang='lat' dir='ltr'><strong>pmnitentiam</strong></span> <span class='ocrx_word' id='word_1_378' title='bbox 3479 825 3667 896; x_wconf 90' lang='lat' dir='ltr'><strong>publi-</strong></span> 
     </span>
    </p>
   </div>
   <div class='ocr_carea' id='block_1_55' title="bbox 2011 909 3659 983">
    <p class='ocr_par' dir='ltr' id='par_1_55' title="bbox 2011 909 3659 983">
     <span class='ocr_line' id='line_1_56' title="bbox 2011 909 3659 983; baseline 0.004 -21"><span class='ocrx_word' id='word_1_379' title='bbox 2011 925 2138 963; x_wconf 90' lang='lat' dir='ltr'><strong>cam</strong></span> <span class='ocrx_word' id='word_1_380' title='bbox 2171 917 2229 964; x_wconf 88' lang='lat' dir='ltr'><strong>et</strong></span> <span class='ocrx_word' id='word_1_381' title='bbox 2261 909 2528 964; x_wconf 68' lang='lat' dir='ltr'><strong>Ecclesiae</strong></span> <span class='ocrx_word' id='word_1_382' title='bbox 2578 910 3038 966; x_wconf 86' lang='lat' dir='ltr'><strong>satisfactionem</strong></span> <span class='ocrx_word' id='word_1_383' title='bbox 3099 927 3307 966; x_wconf 87' lang='lat' dir='ltr'><strong>sanare</strong></span> <span class='ocrx_word' id='word_1_384' title='bbox 3365 914 3659 983; x_wconf 89' lang='lat' dir='ltr'><strong>cupimus,</strong></span> 
     </span>
    </p>
   </div>
   <div class='ocr_carea' id='block_1_56' title="bbox 2007 997 3664 1069">
    <p class='ocr_par' dir='ltr' id='par_1_56' title="bbox 2007 997 3664 1069">
     <span class='ocr_line' id='line_1_57' title="bbox 2007 997 3664 1069; baseline 0.004 -18"><span class='ocrx_word' id='word_1_385' title='bbox 2007 997 2148 1068; x_wconf 86' lang='lat' dir='ltr'><strong>quia</strong></span> <span class='ocrx_word' id='word_1_386' title='bbox 2169 998 2484 1054; x_wconf 86' lang='lat' dir='ltr'><strong>manifesta</strong></span> <span class='ocrx_word' id='word_1_387' title='bbox 2503 1004 2742 1069; x_wconf 86' lang='lat' dir='ltr'><strong>peccata</strong></span> <span class='ocrx_word' id='word_1_388' title='bbox 2765 1016 2877 1055; x_wconf 91' lang='lat' dir='ltr'><strong>non</strong></span> <span class='ocrx_word' id='word_1_389' title='bbox 2900 1004 3037 1054; x_wconf 92' lang='lat' dir='ltr'><strong>sunt</strong></span> <span class='ocrx_word' id='word_1_390' title='bbox 3057 999 3284 1055; x_wconf 86' lang='lat' dir='ltr'><strong>occulta</strong></span> <span class='ocrx_word' id='word_1_391' title='bbox 3303 1002 3664 1058; x_wconf 86' lang='lat' dir='ltr'><strong>correctione</strong></span> 
     </span>
    </p>
   </div>
   <div class='ocr_carea' id='block_1_57' title="bbox 2011 1089 2339 1158">
    <p class='ocr_par' dir='ltr' id='par_1_57' title="bbox 2011 1089 2339 1158">
     <span class='ocr_line' id='line_1_58' title="bbox 2011 1089 2339 1158; baseline 0.003 -17"><span class='ocrx_word' id='word_1_392' title='bbox 2011 1089 2339 1158; x_wconf 90' lang='lat' dir='ltr'><strong>purganda.</strong></span> 
     </span>
    </p>
   </div>
   <div class='ocr_carea' id='block_1_58' title="bbox 2007 1183 3659 1258">
    <p class='ocr_par' dir='ltr' id='par_1_58' title="bbox 2007 1183 3659 1258">
     <span class='ocr_line' id='line_1_59' title="bbox 2007 1183 3659 1258; baseline 0.002 -20"><span class='ocrx_word' id='word_1_393' title='bbox 2007 1183 2138 1239; x_wconf 64' lang='lat' dir='ltr'><strong>Car.</strong></span> <span class='ocrx_word' id='word_1_394' title='bbox 2168 1185 2258 1239; x_wconf 73' lang='grc'>24.</span> <span class='ocrx_word' id='word_1_395' title='bbox 2291 1186 2465 1258; x_wconf 78' lang='lat' dir='ltr'><strong>—_De</strong></span> <span class='ocrx_word' id='word_1_396' title='bbox 2495 1185 2783 1258; x_wconf 85' lang='lat' dir='ltr'><strong>decennali</strong></span> <span class='ocrx_word' id='word_1_397' title='bbox 2813 1185 3139 1256; x_wconf 55' lang='lat' dir='ltr'><strong>paenitentia</strong></span> <span class='ocrx_word' id='word_1_398' title='bbox 3177 1203 3361 1241; x_wconf 86' lang='lat' dir='ltr'><strong>eorum</strong></span> <span class='ocrx_word' id='word_1_399' title='bbox 3391 1187 3488 1258; x_wconf 87' lang='lat' dir='ltr'><strong>qui</strong></span> <span class='ocrx_word' id='word_1_400' title='bbox 3527 1203 3659 1244; x_wconf 87' lang='lat' dir='ltr'><strong>con-</strong></span> 
     </span>
    </p>
   </div>
   <div class='ocr_carea' id='block_1_59' title="bbox 2076 1256 3574 1330">
    <p class='ocr_par' dir='ltr' id='par_1_59' title="bbox 2076 1256 3574 1330">
     <span class='ocr_line' id='line_1_60' title="bbox 2076 1256 3574 1330; baseline 0.002 -20"><span class='ocrx_word' id='word_1_401' title='bbox 2076 1259 2326 1311; x_wconf 83' lang='lat' dir='ltr'><strong>sentiunt</strong></span> <span class='ocrx_word' id='word_1_402' title='bbox 2358 1256 2703 1312; x_wconf 76' lang='lat' dir='ltr'><strong>incestumis.</strong></span> <span class='ocrx_word' id='word_1_403' title='bbox 2737 1260 3094 1329; x_wconf 86' lang='lat' dir='ltr'><strong>Ancyranum</strong></span> <span class='ocrx_word' id='word_1_404' title='bbox 3124 1275 3299 1323; x_wconf 89' lang='lat' dir='ltr'><strong>conc.,</strong></span> <span class='ocrx_word' id='word_1_405' title='bbox 3333 1256 3452 1330; x_wconf 76' lang='lat' dir='ltr'><strong>cap.</strong></span> <span class='ocrx_word' id='word_1_406' title='bbox 3484 1260 3574 1326; x_wconf 73' lang='grc'><strong>24,</strong></span> 
     </span>
    </p>
   </div>
   <div class='ocr_carea' id='block_1_60' title="bbox 2077 1345 3654 1418">
    <p class='ocr_par' dir='ltr' id='par_1_60' title="bbox 2077 1345 3654 1418">
     <span class='ocr_line' id='line_1_61' title="bbox 2077 1345 3654 1418; baseline 0.001 -19"><span class='ocrx_word' id='word_1_407' title='bbox 2077 1345 2325 1410; x_wconf 88' lang='lat' dir='ltr'><strong>Quidam</strong></span> <span class='ocrx_word' id='word_1_408' title='bbox 2359 1363 2638 1418; x_wconf 88' lang='lat' dir='ltr'><strong>sponsam</strong></span> <span class='ocrx_word' id='word_1_409' title='bbox 2675 1346 2920 1415; x_wconf 87' lang='lat' dir='ltr'><strong>habens,</strong></span> <span class='ocrx_word' id='word_1_410' title='bbox 2942 1363 3201 1402; x_wconf 88' lang='lat' dir='ltr'><strong>sororem</strong></span> <span class='ocrx_word' id='word_1_411' title='bbox 3236 1348 3364 1416; x_wconf 83' lang='lat' dir='ltr'><strong>ejus</strong></span> <span class='ocrx_word' id='word_1_412' title='bbox 3395 1348 3654 1415; x_wconf 86' lang='lat' dir='ltr'><strong>violavit,</strong></span> 
     </span>
    </p>
   </div>
   <div class='ocr_carea' id='block_1_61' title="bbox 2006 1434 3655 1508">
    <p class='ocr_par' dir='ltr' id='par_1_61' title="bbox 2006 1434 3655 1508">
     <span class='ocr_line' id='line_1_62' title="bbox 2006 1434 3655 1508; baseline 0.004 -21"><span class='ocrx_word' id='word_1_413' title='bbox 2006 1437 2062 1487; x_wconf 92' lang='lat' dir='ltr'><strong>et</strong></span> <span class='ocrx_word' id='word_1_414' title='bbox 2120 1434 2420 1504; x_wconf 90' lang='lat' dir='ltr'><strong>gravidam</strong></span> <span class='ocrx_word' id='word_1_415' title='bbox 2483 1434 2759 1504; x_wconf 86' lang='lat' dir='ltr'><strong>reddidit,</strong></span> <span class='ocrx_word' id='word_1_416' title='bbox 2795 1435 3170 1505; x_wconf 86' lang='lat' dir='ltr'><strong>postmodum</strong></span> <span class='ocrx_word' id='word_1_417' title='bbox 3237 1437 3655 1508; x_wconf 86' lang='lat' dir='ltr'><strong>desponsatam</strong></span> 
     </span>
    </p>
   </div>
   <div class='ocr_carea' id='block_1_62' title="bbox 2006 1523 3658 1598">
    <p class='ocr_par' dir='ltr' id='par_1_62' title="bbox 2006 1523 3658 1598">
     <span class='ocr_line' id='line_1_63' title="bbox 2006 1523 3658 1598; baseline 0.004 -23"><span class='ocrx_word' id='word_1_418' title='bbox 2006 1523 2172 1576; x_wconf 84' lang='lat' dir='ltr'><strong>duxit</strong></span> <span class='ocrx_word' id='word_1_419' title='bbox 2204 1539 2461 1578; x_wconf 78' lang='lat' dir='ltr'><strong>uxorem.</strong></span> <span class='ocrx_word' id='word_1_420' title='bbox 2492 1523 2594 1578; x_wconf 88' lang='lat' dir='ltr'><strong>llla</strong></span> <span class='ocrx_word' id='word_1_421' title='bbox 2613 1541 2744 1579; x_wconf 90' lang='lat' dir='ltr'><strong>vero</strong></span> <span class='ocrx_word' id='word_1_422' title='bbox 2769 1541 2896 1594; x_wconf 79' lang='lat' dir='ltr'><strong>quae</strong></span> <span class='ocrx_word' id='word_1_423' title='bbox 2919 1529 3196 1596; x_wconf 89' lang='lat' dir='ltr'><strong>corrupta</strong></span> <span class='ocrx_word' id='word_1_424' title='bbox 3223 1530 3334 1591; x_wconf 90' lang='lat' dir='ltr'><strong>est,</strong></span> <span class='ocrx_word' id='word_1_425' title='bbox 3364 1526 3576 1598; x_wconf 89' lang='lat' dir='ltr'><strong>laqueo</strong></span> <span class='ocrx_word' id='word_1_426' title='bbox 3595 1544 3658 1582; x_wconf 89' lang='lat' dir='ltr'><strong>se</strong></span> 
     </span>
    </p>
   </div>
   <div class='ocr_carea' id='block_1_63' title="bbox 2006 1613 3657 1686">
    <p class='ocr_par' dir='ltr' id='par_1_63' title="bbox 2006 1613 3657 1686">
     <span class='ocr_line' id='line_1_64' title="bbox 2006 1613 3657 1686; baseline 0.004 -21"><span class='ocrx_word' id='word_1_427' title='bbox 2006 1613 2269 1682; x_wconf 84' lang='lat' dir='ltr'><strong>peremit.</strong></span> <span class='ocrx_word' id='word_1_428' title='bbox 2301 1613 2368 1667; x_wconf 86' lang='lat' dir='ltr'>Hi</span> <span class='ocrx_word' id='word_1_429' title='bbox 2401 1613 2499 1684; x_wconf 91' lang='lat' dir='ltr'><strong>qui</strong></span> <span class='ocrx_word' id='word_1_430' title='bbox 2536 1613 2772 1668; x_wconf 85' lang='lat' dir='ltr'><strong>fuerunt</strong></span> <span class='ocrx_word' id='word_1_431' title='bbox 2802 1614 3019 1669; x_wconf 89' lang='lat' dir='ltr'><strong>conscii</strong></span> <span class='ocrx_word' id='word_1_432' title='bbox 3052 1620 3180 1686; x_wconf 87' lang='lat' dir='ltr'><strong>post</strong></span> <span class='ocrx_word' id='word_1_433' title='bbox 3211 1617 3527 1673; x_wconf 90' lang='lat' dir='ltr'><strong>decennem</strong></span> <span class='ocrx_word' id='word_1_434' title='bbox 3563 1635 3657 1672; x_wconf 89' lang='lat' dir='ltr'><strong>sa-</strong></span> 
     </span>
    </p>
   </div>
   <div class='ocr_carea' id='block_1_64' title="bbox 2005 1701 3656 1778">
    <p class='ocr_par' dir='ltr' id='par_1_64' title="bbox 2005 1701 3656 1778">
     <span class='ocr_line' id='line_1_65' title="bbox 2005 1701 3656 1778; baseline 0.004 -24"><span class='ocrx_word' id='word_1_435' title='bbox 2005 1701 2396 1756; x_wconf 76' lang='lat' dir='ltr'><strong>tisfactionem</strong></span> <span class='ocrx_word' id='word_1_436' title='bbox 2425 1703 2580 1772; x_wconf 87' lang='lat' dir='ltr'><strong>jussi</strong></span> <span class='ocrx_word' id='word_1_437' title='bbox 2613 1708 2750 1758; x_wconf 76' lang='lat' dir='ltr'><strong>sunt</strong></span> <span class='ocrx_word' id='word_1_438' title='bbox 2779 1703 2999 1774; x_wconf 89' lang='lat' dir='ltr'><strong>suscipi</strong></span> <span class='ocrx_word' id='word_1_439' title='bbox 3049 1707 3376 1760; x_wconf 89' lang='lat' dir='ltr'><strong>secundum</strong></span> <span class='ocrx_word' id='word_1_440' title='bbox 3436 1706 3656 1778; x_wconf 89' lang='lat' dir='ltr'><strong>gradus</strong></span> 
     </span>
    </p>
   </div>
   <div class='ocr_carea' id='block_1_65' title="bbox 2005 1791 2762 1861">
    <p class='ocr_par' dir='ltr' id='par_1_65' title="bbox 2005 1791 2762 1861">
     <span class='ocr_line' id='line_1_66' title="bbox 2005 1791 2762 1861; baseline 0.001 -16"><span class='ocrx_word' id='word_1_441' title='bbox 2005 1791 2357 1861; x_wconf 78' lang='lat' dir='ltr'><strong>pmnitentize</strong></span> <span class='ocrx_word' id='word_1_442' title='bbox 2391 1791 2762 1846; x_wconf 86' lang='lat' dir='ltr'><strong>constitutos.</strong></span> 
     </span>
    </p>
   </div>
   <div class='ocr_carea' id='block_1_66' title="bbox 2002 1879 3654 1956">
    <p class='ocr_par' dir='ltr' id='par_1_66' title="bbox 2002 1879 3654 1956">
     <span class='ocr_line' id='line_1_67' title="bbox 2002 1879 3654 1956; baseline 0.004 -22"><span class='ocrx_word' id='word_1_443' title='bbox 2002 1879 2134 1934; x_wconf 83' lang='lat' dir='ltr'><strong>CAP.</strong></span> <span class='ocrx_word' id='word_1_444' title='bbox 2160 1881 2253 1956; x_wconf 62' lang='lat'><strong>25,</strong></span> <span class='ocrx_word' id='word_1_445' title='bbox 2273 1912 2339 1920; x_wconf 93' lang='lat'><strong><em>—</em></strong></span> <span class='ocrx_word' id='word_1_446' title='bbox 2365 1881 2470 1948; x_wconf 90' lang='lat' dir='ltr'><strong>Qui</strong></span> <span class='ocrx_word' id='word_1_447' title='bbox 2488 1881 2600 1956; x_wconf 77' lang='lat' dir='ltr'><strong>sint</strong></span> <span class='ocrx_word' id='word_1_448' title='bbox 2628 1883 2939 1956; x_wconf 83' lang='lat' dir='ltr'><strong>incesluosi.</strong></span> <span class='ocrx_word' id='word_1_449' title='bbox 2966 1884 3048 1936; x_wconf 77' lang='lat' dir='ltr'><strong>Ex</strong></span> <span class='ocrx_word' id='word_1_450' title='bbox 3067 1884 3239 1938; x_wconf 68' lang='lat' dir='ltr'><strong>conci!</strong></span> <span class='ocrx_word' id='word_1_451' title='bbox 3247 1885 3296 1939; x_wconf 86' lang='lat' dir='ltr'><strong>io</strong></span> <span class='ocrx_word' id='word_1_452' title='bbox 3333 1885 3654 1956; x_wconf 78' lang='lat' dir='ltr'><strong>Agathensi,</strong></span> 
     </span>
    </p>
   </div>
   <div class='ocr_carea' id='block_1_67' title="bbox 2072 1953 3561 2028">
    <p class='ocr_par' dir='ltr' id='par_1_67' title="bbox 2072 1953 3561 2028">
     <span class='ocr_line' id='line_1_68' title="bbox 2072 1953 3561 2028; baseline 0.005 -23"><span class='ocrx_word' id='word_1_453' title='bbox 2072 1968 2194 2022; x_wconf 87' lang='lat' dir='ltr'><strong>cap.</strong></span> <span class='ocrx_word' id='word_1_454' title='bbox 2225 1953 2260 2005; x_wconf 87' lang='lat'>6</span> <span class='ocrx_word' id='word_1_455' title='bbox 2289 1956 2464 2020; x_wconf 76' lang='lat' dir='ltr'><strong>(eone.</strong></span> <span class='ocrx_word' id='word_1_456' title='bbox 2503 1955 2738 2023; x_wconf 83' lang='lat' dir='ltr'><strong>Epaun.,</strong></span> <span class='ocrx_word' id='word_1_457' title='bbox 2765 1970 2812 2008; x_wconf 91' lang='lat' dir='ltr'><strong>c.</strong></span> <span class='ocrx_word' id='word_1_458' title='bbox 2846 1955 2936 2020; x_wconf 83' lang='lat'>30,</span> <span class='ocrx_word' id='word_1_459' title='bbox 2969 1959 3020 2008; x_wconf 86' lang='lat' dir='ltr'>et</span> <span class='ocrx_word' id='word_1_460' title='bbox 3048 1956 3255 2010; x_wconf 75' lang='lat' dir='ltr'><strong>Arelat.</strong></span> <span class='ocrx_word' id='word_1_461' title='bbox 3292 1973 3376 2026; x_wconf 86' lang='grc' dir='ltr'><strong>ιιι,</strong></span> <span class='ocrx_word' id='word_1_462' title='bbox 3407 1973 3453 2011; x_wconf 88' lang='lat' dir='ltr'><strong>c.</strong></span> <span class='ocrx_word' id='word_1_463' title='bbox 3485 1958 3561 2028; x_wconf 88' lang='lat'><strong>2).</strong></span> 
     </span>
    </p>
   </div>
   <div class='ocr_carea' id='block_1_68' title="bbox 2074 2041 3652 2116">
    <p class='ocr_par' dir='ltr' id='par_1_68' title="bbox 2074 2041 3652 2116">
     <span class='ocr_line' id='line_1_69' title="bbox 2074 2041 3652 2116; baseline 0.006 -24"><span class='ocrx_word' id='word_1_464' title='bbox 2074 2041 2188 2109; x_wconf 84' lang='lat'>(35,</span> <span class='ocrx_word' id='word_1_465' title='bbox 2221 2058 2272 2111; x_wconf 92' lang='lat' dir='ltr'>q.</span> <span class='ocrx_word' id='word_1_466' title='bbox 2305 2042 2339 2094; x_wconf 89' lang='lat'><strong><em>2</em></strong></span> <span class='ocrx_word' id='word_1_467' title='bbox 2369 2052 2418 2097; x_wconf 88' lang='lat' dir='ltr'><strong>et</strong></span> <span class='ocrx_word' id='word_1_468' title='bbox 2447 2043 2480 2094; x_wconf 93' lang='lat'>3</span> <span class='ocrx_word' id='word_1_469' title='bbox 2503 2059 2549 2097; x_wconf 91' lang='lat' dir='ltr'><strong>c.</strong></span> <span class='ocrx_word' id='word_1_470' title='bbox 2581 2043 2654 2096; x_wconf 88' lang='lat' dir='ltr'><strong>De</strong></span> <span class='ocrx_word' id='word_1_471' title='bbox 2698 2042 2922 2098; x_wconf 84' lang='lat' dir='ltr'><strong>incestis</strong></span> <span class='ocrx_word' id='word_1_472' title='bbox 2977 2043 3495 2116; x_wconf 81' lang='lat' dir='ltr'><strong>conjunctionibus.)</strong></span> <span class='ocrx_word' id='word_1_473' title='bbox 3560 2048 3652 2101; x_wconf 91' lang='lat' dir='ltr'><strong>In-</strong></span> 
     </span>
    </p>
   </div>
   <div class='ocr_carea' id='block_1_69' title="bbox 2002 2130 3654 2204">
    <p class='ocr_par' dir='ltr' id='par_1_69' title="bbox 2002 2130 3654 2204">
     <span class='ocr_line' id='line_1_70' title="bbox 2002 2130 3654 2204; baseline 0.002 -21"><span class='ocrx_word' id='word_1_474' title='bbox 2002 2134 2190 2184; x_wconf 87' lang='lat' dir='ltr'><strong>cestos</strong></span> <span class='ocrx_word' id='word_1_475' title='bbox 2215 2130 2628 2202; x_wconf 85' lang='lat' dir='ltr'><strong>[incestuosos]</strong></span> <span class='ocrx_word' id='word_1_476' title='bbox 2650 2131 2813 2187; x_wconf 92' lang='lat' dir='ltr'><strong>nullo</strong></span> <span class='ocrx_word' id='word_1_477' title='bbox 2831 2132 3086 2204; x_wconf 90' lang='lat' dir='ltr'><strong>conjugii</strong></span> <span class='ocrx_word' id='word_1_478' title='bbox 3113 2131 3347 2188; x_wconf 90' lang='lat' dir='ltr'><strong>nomine</strong></span> <span class='ocrx_word' id='word_1_479' title='bbox 3368 2135 3654 2204; x_wconf 83' lang='lat' dir='ltr'><strong>deputan-</strong></span> 
     </span>
    </p>
   </div>
   <div class='ocr_carea' id='block_1_70' title="bbox 2001 2219 3655 2292">
    <p class='ocr_par' dir='ltr' id='par_1_70' title="bbox 2001 2219 3655 2292">
     <span class='ocr_line' id='line_1_71' title="bbox 2001 2219 3655 2292; baseline 0.004 -20"><span class='ocrx_word' id='word_1_480' title='bbox 2001 2219 2106 2273; x_wconf 91' lang='lat' dir='ltr'><strong>dos</strong></span> <span class='ocrx_word' id='word_1_481' title='bbox 2133 2224 2304 2290; x_wconf 90' lang='lat' dir='ltr'>(quos</span> <span class='ocrx_word' id='word_1_482' title='bbox 2336 2220 2509 2275; x_wconf 80' lang='lat' dir='ltr'><strong>etiam</strong></span> <span class='ocrx_word' id='word_1_483' title='bbox 2557 2221 2866 2292; x_wconf 88' lang='lat' dir='ltr'><strong>designare</strong></span> <span class='ocrx_word' id='word_1_484' title='bbox 2898 2221 3196 2276; x_wconf 84' lang='lat' dir='ltr'><strong>funestum</strong></span> <span class='ocrx_word' id='word_1_485' title='bbox 3230 2225 3343 2290; x_wconf 89' lang='lat' dir='ltr'><strong>est)</strong></span> <span class='ocrx_word' id='word_1_486' title='bbox 3394 2223 3496 2278; x_wconf 89' lang='lat' dir='ltr'><strong>hos</strong></span> <span class='ocrx_word' id='word_1_487' title='bbox 3526 2238 3655 2285; x_wconf 87' lang='lat' dir='ltr'><strong>esse</strong></span> 
     </span>
    </p>
   </div>
   <div class='ocr_carea' id='block_1_71' title="bbox 2000 2308 3652 2381">
    <p class='ocr_par' dir='ltr' id='par_1_71' title="bbox 2000 2308 3652 2381">
     <span class='ocr_line' id='line_1_72' title="bbox 2000 2308 3652 2381; baseline 0.003 -21"><span class='ocrx_word' id='word_1_488' title='bbox 2000 2323 2333 2363; x_wconf 87' lang='lat' dir='ltr'><strong>censemus.</strong></span> <span class='ocrx_word' id='word_1_489' title='bbox 2371 2308 2429 2363; x_wconf 91' lang='lat' dir='ltr'><strong>Si</strong></span> <span class='ocrx_word' id='word_1_490' title='bbox 2464 2308 2595 2380; x_wconf 91' lang='lat' dir='ltr'><strong>quis</strong></span> <span class='ocrx_word' id='word_1_491' title='bbox 2623 2309 2885 2364; x_wconf 88' lang='lat' dir='ltr'><strong>relictam</strong></span> <span class='ocrx_word' id='word_1_492' title='bbox 2919 2310 3114 2365; x_wconf 83' lang='lat' dir='ltr'><strong>fratris</strong></span> <span class='ocrx_word' id='word_1_493' title='bbox 3147 2310 3366 2365; x_wconf 85' lang='lat' dir='ltr'><strong>carnali</strong></span> <span class='ocrx_word' id='word_1_494' title='bbox 3400 2312 3652 2381; x_wconf 86' lang='lat' dir='ltr'><strong>conjun-</strong></span> 
     </span>
    </p>
   </div>
   <div class='ocr_carea' id='block_1_72' title="bbox 1998 2395 3649 2469">
    <p class='ocr_par' dir='ltr' id='par_1_72' title="bbox 1998 2395 3649 2469">
     <span class='ocr_line' id='line_1_73' title="bbox 1998 2395 3649 2469; baseline 0.002 -19"><span class='ocrx_word' id='word_1_495' title='bbox 1998 2395 2191 2450; x_wconf 90' lang='lat' dir='ltr'><strong>ctione</strong></span> <span class='ocrx_word' id='word_1_496' title='bbox 2224 2395 2523 2467; x_wconf 90' lang='lat' dir='ltr'><strong>polluerit,</strong></span> <span class='ocrx_word' id='word_1_497' title='bbox 2558 2396 2608 2451; x_wconf 90' lang='lat' dir='ltr'><strong>si</strong></span> <span class='ocrx_word' id='word_1_498' title='bbox 2640 2396 2772 2468; x_wconf 89' lang='lat' dir='ltr'><strong>quis</strong></span> <span class='ocrx_word' id='word_1_499' title='bbox 2804 2398 2980 2452; x_wconf 81' lang='lat' dir='ltr'><strong>frater</strong></span> <span class='ocrx_word' id='word_1_500' title='bbox 3001 2413 3348 2469; x_wconf 87' lang='lat' dir='ltr'><strong>germanam</strong></span> <span class='ocrx_word' id='word_1_501' title='bbox 3411 2415 3649 2454; x_wconf 87' lang='lat' dir='ltr'><strong>uxorem</strong></span> 
     </span>
    </p>
   </div>
   <div class='ocr_carea' id='block_1_73' title="bbox 1999 2484 3653 2556">
    <p class='ocr_par' dir='ltr' id='par_1_73' title="bbox 1999 2484 3653 2556">
     <span class='ocr_line' id='line_1_74' title="bbox 1999 2484 3653 2556; baseline 0.002 -18"><span class='ocrx_word' id='word_1_502' title='bbox 1999 2484 2308 2555; x_wconf 87' lang='lat' dir='ltr'><strong>acceperit,</strong></span> <span class='ocrx_word' id='word_1_503' title='bbox 2345 2485 2392 2539; x_wconf 89' lang='lat' dir='ltr'>si</span> <span class='ocrx_word' id='word_1_504' title='bbox 2427 2485 2560 2555; x_wconf 90' lang='lat' dir='ltr'>quis</span> <span class='ocrx_word' id='word_1_505' title='bbox 2593 2501 2899 2539; x_wconf 88' lang='lat' dir='ltr'><strong>novercam</strong></span> <span class='ocrx_word' id='word_1_506' title='bbox 2933 2485 3189 2554; x_wconf 87' lang='lat' dir='ltr'><strong>duxerit,</strong></span> <span class='ocrx_word' id='word_1_507' title='bbox 3216 2485 3265 2539; x_wconf 90' lang='lat' dir='ltr'><strong>si</strong></span> <span class='ocrx_word' id='word_1_508' title='bbox 3289 2487 3422 2556; x_wconf 91' lang='lat' dir='ltr'>quis</span> <span class='ocrx_word' id='word_1_509' title='bbox 3446 2503 3653 2542; x_wconf 88' lang='lat' dir='ltr'><strong>conso-</strong></span> 
     </span>
    </p>
   </div>
   <div class='ocr_carea' id='block_1_74' title="bbox 1999 2571 3651 2643">
    <p class='ocr_par' dir='ltr' id='par_1_74' title="bbox 1999 2571 3651 2643">
     <span class='ocr_line' id='line_1_75' title="bbox 1999 2571 3651 2643; baseline 0.002 -17"><span class='ocrx_word' id='word_1_510' title='bbox 1999 2571 2180 2626; x_wconf 70' lang='lat' dir='ltr'><strong>brinis</strong></span> <span class='ocrx_word' id='word_1_511' title='bbox 2201 2588 2262 2626; x_wconf 91' lang='lat' dir='ltr'><strong>se</strong></span> <span class='ocrx_word' id='word_1_512' title='bbox 2288 2572 2616 2639; x_wconf 86' lang='lat' dir='ltr'><strong>sociaverit,</strong></span> <span class='ocrx_word' id='word_1_513' title='bbox 2641 2573 2689 2627; x_wconf 91' lang='lat' dir='ltr'><strong>si</strong></span> <span class='ocrx_word' id='word_1_514' title='bbox 2714 2573 2848 2643; x_wconf 90' lang='lat' dir='ltr'>quis</span> <span class='ocrx_word' id='word_1_515' title='bbox 2875 2573 3089 2629; x_wconf 71' lang='lat' dir='ltr'><strong>relictae</strong></span> <span class='ocrx_word' id='word_1_516' title='bbox 3108 2573 3193 2628; x_wconf 89' lang='lat' dir='ltr'><strong>vel</strong></span> <span class='ocrx_word' id='word_1_517' title='bbox 3217 2573 3350 2629; x_wconf 66' lang='lat' dir='ltr'><strong>tiliae</strong></span> <span class='ocrx_word' id='word_1_518' title='bbox 3375 2575 3651 2630; x_wconf 88' lang='lat' dir='ltr'><strong>avunculi</strong></span> 
     </span>
    </p>
   </div>
   <div class='ocr_carea' id='block_1_75' title="bbox 2000 2660 3652 2734">
    <p class='ocr_par' dir='ltr' id='par_1_75' title="bbox 2000 2660 3652 2734">
     <span class='ocr_line' id='line_1_76' title="bbox 2000 2660 3652 2734; baseline 0.004 -21"><span class='ocrx_word' id='word_1_519' title='bbox 2000 2661 2335 2725; x_wconf 88' lang='lat' dir='ltr'><strong>misceatur,</strong></span> <span class='ocrx_word' id='word_1_520' title='bbox 2370 2664 2471 2714; x_wconf 88' lang='lat' dir='ltr'><strong>aut</strong></span> <span class='ocrx_word' id='word_1_521' title='bbox 2503 2661 2695 2732; x_wconf 89' lang='lat' dir='ltr'><strong>patrui</strong></span> <span class='ocrx_word' id='word_1_522' title='bbox 2729 2660 2863 2716; x_wconf 67' lang='lat' dir='ltr'><strong>ﬁlim</strong></span> <span class='ocrx_word' id='word_1_523' title='bbox 2889 2661 2977 2716; x_wconf 90' lang='lat' dir='ltr'><strong>vel</strong></span> <span class='ocrx_word' id='word_1_524' title='bbox 3040 2662 3318 2734; x_wconf 68' lang='lat' dir='ltr'><strong>privignis</strong></span> <span class='ocrx_word' id='word_1_525' title='bbox 3378 2681 3518 2732; x_wconf 80' lang='lat' dir='ltr'><strong>suae,</strong></span> <span class='ocrx_word' id='word_1_526' title='bbox 3547 2669 3652 2720; x_wconf 88' lang='lat' dir='ltr'><strong>aut</strong></span> 
     </span>
    </p>
   </div>
   <div class='ocr_carea' id='block_1_76' title="bbox 1996 2749 3646 2824">
    <p class='ocr_par' dir='ltr' id='par_1_76' title="bbox 1996 2749 3646 2824">
     <span class='ocr_line' id='line_1_77' title="bbox 1996 2749 3646 2824; baseline 0.004 -22"><span class='ocrx_word' id='word_1_527' title='bbox 1996 2750 2093 2820; x_wconf 89' lang='lat' dir='ltr'><strong>qui</strong></span> <span class='ocrx_word' id='word_1_528' title='bbox 2125 2766 2192 2804; x_wconf 85' lang='lat' dir='ltr'><strong>ex</strong></span> <span class='ocrx_word' id='word_1_529' title='bbox 2226 2749 2457 2820; x_wconf 88' lang='lat' dir='ltr'><strong>propria</strong></span> <span class='ocrx_word' id='word_1_530' title='bbox 2488 2751 3001 2822; x_wconf 85' lang='lat' dir='ltr'><strong>consanguinitate</strong></span> <span class='ocrx_word' id='word_1_531' title='bbox 3033 2751 3314 2822; x_wconf 89' lang='lat' dir='ltr'><strong>aliquam,</strong></span> <span class='ocrx_word' id='word_1_532' title='bbox 3347 2757 3450 2807; x_wconf 89' lang='lat' dir='ltr'><strong>aut</strong></span> <span class='ocrx_word' id='word_1_533' title='bbox 3471 2770 3646 2824; x_wconf 85' lang='lat' dir='ltr'><strong>quam</strong></span> 
     </span>
    </p>
   </div>
   <div class='ocr_carea' id='block_1_77' title="bbox 1997 2837 3644 2912">
    <p class='ocr_par' dir='ltr' id='par_1_77' title="bbox 1997 2837 3644 2912">
     <span class='ocr_line' id='line_1_78' title="bbox 1997 2837 3644 2912; baseline 0.003 -20"><span class='ocrx_word' id='word_1_534' title='bbox 1997 2838 2472 2908; x_wconf 85' lang='lat' dir='ltr'><strong>consanguineus</strong></span> <span class='ocrx_word' id='word_1_535' title='bbox 2492 2837 3037 2905; x_wconf 89' lang='lat' dir='ltr'><strong>habuit,concubitu</strong></span> <span class='ocrx_word' id='word_1_536' title='bbox 3055 2840 3332 2912; x_wconf 89' lang='lat' dir='ltr'><strong>polluerit</strong></span> <span class='ocrx_word' id='word_1_537' title='bbox 3349 2847 3451 2896; x_wconf 91' lang='lat' dir='ltr'><strong>aut</strong></span> <span class='ocrx_word' id='word_1_538' title='bbox 3468 2844 3644 2897; x_wconf 87' lang='lat' dir='ltr'><strong>duxe-</strong></span> 
     </span>
    </p>
   </div>
   <div class='ocr_carea' id='block_1_78' title="bbox 1999 2928 3652 3002">
    <p class='ocr_par' dir='ltr' id='par_1_78' title="bbox 1999 2928 3652 3002">
     <span class='ocr_line' id='line_1_79' title="bbox 1999 2928 3652 3002; baseline 0.002 -20"><span class='ocrx_word' id='word_1_539' title='bbox 1999 2929 2071 2982; x_wconf 89' lang='lat' dir='ltr'><strong>rit</strong></span> <span class='ocrx_word' id='word_1_540' title='bbox 2102 2943 2358 2982; x_wconf 85' lang='lat' dir='ltr'><strong>uxorem.</strong></span> <span class='ocrx_word' id='word_1_541' title='bbox 2393 2929 2522 2982; x_wconf 88' lang='lat' dir='ltr'><strong>Item</strong></span> <span class='ocrx_word' id='word_1_542' title='bbox 2551 2928 2735 2982; x_wconf 78' lang='lat' dir='ltr'><strong>eodem</strong></span> <span class='ocrx_word' id='word_1_543' title='bbox 2765 2945 2886 3000; x_wconf 89' lang='lat' dir='ltr'><strong>cap.</strong></span> <span class='ocrx_word' id='word_1_544' title='bbox 2945 2929 3096 2985; x_wconf 87' lang='lat' dir='ltr'><strong>Sane</strong></span> <span class='ocrx_word' id='word_1_545' title='bbox 3141 2930 3356 3000; x_wconf 89' lang='lat' dir='ltr'><strong>quibus</strong></span> <span class='ocrx_word' id='word_1_546' title='bbox 3402 2932 3652 3002; x_wconf 86' lang='lat' dir='ltr'><strong>conjun-</strong></span> 
     </span>
    </p>
   </div>
   <div class='ocr_carea' id='block_1_79' title="bbox 1996 3015 3645 3076">
    <p class='ocr_par' dir='ltr' id='par_1_79' title="bbox 1996 3015 3645 3076">
     <span class='ocr_line' id='line_1_80' title="bbox 1996 3015 3645 3076; baseline 0.003 -5"><span class='ocrx_word' id='word_1_547' title='bbox 1996 3015 2108 3072; x_wconf 93' lang='lat' dir='ltr'><strong>ctio</strong></span> <span class='ocrx_word' id='word_1_548' title='bbox 2140 3016 2350 3071; x_wconf 90' lang='lat' dir='ltr'><strong>illicita</strong></span> <span class='ocrx_word' id='word_1_549' title='bbox 2379 3015 2752 3071; x_wconf 89' lang='lat' dir='ltr'><strong>interdicitur</strong></span> <span class='ocrx_word' id='word_1_550' title='bbox 2782 3017 3081 3073; x_wconf 88' lang='lat' dir='ltr'><strong>habebunt</strong></span> <span class='ocrx_word' id='word_1_551' title='bbox 3109 3017 3354 3074; x_wconf 90' lang='lat' dir='ltr'><strong>ineundi</strong></span> <span class='ocrx_word' id='word_1_552' title='bbox 3387 3019 3645 3076; x_wconf 88' lang='lat' dir='ltr'><strong>melioris</strong></span> 
     </span>
    </p>
   </div>
   <div class='ocr_carea' id='block_1_80' title="bbox 1913 3105 2637 3179">
    <p class='ocr_par' dir='ltr' id='par_1_80' title="bbox 1913 3105 2637 3179">
     <span class='ocr_line' id='line_1_81' title="bbox 1913 3105 2637 3179; baseline 0.001 -19"><span class='ocrx_word' id='word_1_553' title='bbox 1913 3113 1954 3179; x_wconf 72' lang='grc' dir='ltr'>α</span> <span class='ocrx_word' id='word_1_554' title='bbox 1996 3106 2253 3176; x_wconf 88' lang='lat' dir='ltr'><strong>conjugii</strong></span> <span class='ocrx_word' id='word_1_555' title='bbox 2286 3105 2637 3161; x_wconf 88' lang='lat' dir='ltr'><strong>libertatem.</strong></span> 
     </span>
    </p>
   </div>
   <div class='ocr_carea' id='block_1_81' title="bbox 2070 3195 3648 3277">
    <p class='ocr_par' dir='ltr' id='par_1_81' title="bbox 2070 3195 3648 3277">
     <span class='ocr_line' id='line_1_82' title="bbox 2070 3195 3648 3277; baseline 0.003 -29"><span class='ocrx_word' id='word_1_556' title='bbox 2070 3197 2202 3277; x_wconf 51' lang='lat' dir='ltr'><strong>CAP:</strong></span> <span class='ocrx_word' id='word_1_557' title='bbox 2246 3197 2340 3277; x_wconf 65' lang='grc' dir='ltr'><strong>26ἱ</strong></span> <span class='ocrx_word' id='word_1_558' title='bbox 2369 3226 2439 3234; x_wconf 94' lang='lat'><strong><em>—</em></strong></span> <span class='ocrx_word' id='word_1_559' title='bbox 2471 3195 2624 3277; x_wconf 74' lang='lat' dir='ltr'><strong>Quod</strong></span> <span class='ocrx_word' id='word_1_560' title='bbox 2653 3211 2826 3277; x_wconf 76' lang='lat' dir='ltr'><strong>usque</strong></span> <span class='ocrx_word' id='word_1_561' title='bbox 2846 3195 2916 3277; x_wconf 76' lang='lat' dir='ltr'><strong>ad</strong></span> <span class='ocrx_word' id='word_1_562' title='bbox 2935 3199 3211 3277; x_wconf 76' lang='lat' dir='ltr'><strong>septinam</strong></span> <span class='ocrx_word' id='word_1_563' title='bbox 3242 3198 3648 3277; x_wconf 70' lang='lat' dir='ltr'><strong>generationem</strong></span> 
     </span>
    </p>
   </div>
   <div class='ocr_carea' id='block_1_82' title="bbox 2068 3267 3651 3340">
    <p class='ocr_par' dir='ltr' id='par_1_82' title="bbox 2068 3267 3651 3340">
     <span class='ocr_line' id='line_1_83' title="bbox 2068 3267 3651 3340; baseline 0.003 -20"><span class='ocrx_word' id='word_1_564' title='bbox 2068 3267 2348 3340; x_wconf 19' lang='lat' dir='ltr'><strong>conjungi,</strong></span> <span class='ocrx_word' id='word_1_565' title='bbox 2388 3284 2503 3320; x_wconf 86' lang='lat' dir='ltr'><strong>non</strong></span> <span class='ocrx_word' id='word_1_566' title='bbox 2533 3267 2763 3322; x_wconf 85' lang='lat' dir='ltr'><strong>debeant</strong></span> <span class='ocrx_word' id='word_1_567' title='bbox 2789 3268 2994 3337; x_wconf 84' lang='lat' dir='ltr'><strong>ﬁdeles,</strong></span> <span class='ocrx_word' id='word_1_568' title='bbox 3027 3267 3317 3339; x_wconf 82' lang='lat' dir='ltr'><strong>Gregorius</strong></span> <span class='ocrx_word' id='word_1_569' title='bbox 3341 3269 3514 3325; x_wconf 68' lang='lat' dir='ltr'><strong>Felici</strong></span> <span class='ocrx_word' id='word_1_570' title='bbox 3535 3273 3651 3340; x_wconf 84' lang='lat' dir='ltr'><strong>epi-</strong></span> 
     </span>
    </p>
   </div>
   <div class='ocr_carea' id='block_1_83' title="bbox 2067 3339 2993 3409">
    <p class='ocr_par' dir='ltr' id='par_1_83' title="bbox 2067 3339 2993 3409">
     <span class='ocr_line' id='line_1_84' title="bbox 2067 3339 2993 3409; baseline 0.001 -17"><span class='ocrx_word' id='word_1_571' title='bbox 2067 3354 2225 3409; x_wconf 83' lang='lat' dir='ltr'><strong>scopo</strong></span> <span class='ocrx_word' id='word_1_572' title='bbox 2261 3339 2381 3408; x_wconf 87' lang='lat' dir='ltr'><strong>(lib.</strong></span> <span class='ocrx_word' id='word_1_573' title='bbox 2415 3356 2517 3403; x_wconf 85' lang='lat' dir='ltr'><strong>xu,</strong></span> <span class='ocrx_word' id='word_1_574' title='bbox 2551 3355 2634 3409; x_wconf 89' lang='lat' dir='ltr'><strong>ep.</strong></span> <span class='ocrx_word' id='word_1_575' title='bbox 2667 3341 2728 3393; x_wconf 82' lang='lat'>31</span> <span class='ocrx_word' id='word_1_576' title='bbox 2764 3341 2851 3394; x_wconf 80' lang='lat' dir='ltr'><strong>vel</strong></span> <span class='ocrx_word' id='word_1_577' title='bbox 2880 3341 2993 3408; x_wconf 80' lang='grc'>32).</span> 
     </span>
    </p>
   </div>
   <div class='ocr_carea' id='block_1_84' title="bbox 2069 3427 3645 3500">
    <p class='ocr_par' dir='ltr' id='par_1_84' title="bbox 2069 3427 3645 3500">
     <span class='ocr_line' id='line_1_85' title="bbox 2069 3427 3645 3500; baseline 0.003 -20"><span class='ocrx_word' id='word_1_578' title='bbox 2069 3427 2183 3494; x_wconf 86' lang='grc'><strong>(35,</strong></span> <span class='ocrx_word' id='word_1_579' title='bbox 2220 3444 2269 3497; x_wconf 89' lang='lat' dir='ltr'>q.</span> <span class='ocrx_word' id='word_1_580' title='bbox 2304 3428 2337 3479; x_wconf 87' lang='lat'><em>2</em></span> <span class='ocrx_word' id='word_1_581' title='bbox 2369 3431 2419 3481; x_wconf 87' lang='lat' dir='ltr'><strong>et</strong></span> <span class='ocrx_word' id='word_1_582' title='bbox 2483 3427 2536 3489; x_wconf 91' lang='lat'>3,</span> <span class='ocrx_word' id='word_1_583' title='bbox 2567 3443 2616 3482; x_wconf 89' lang='lat' dir='ltr'><strong>c.</strong></span> <span class='ocrx_word' id='word_1_584' title='bbox 2650 3427 3017 3498; x_wconf 83' lang='lat' dir='ltr'><strong>Progeniem.)</strong></span> <span class='ocrx_word' id='word_1_585' title='bbox 3075 3428 3414 3500; x_wconf 87' lang='lat' dir='ltr'><strong>Progeniem</strong></span> <span class='ocrx_word' id='word_1_586' title='bbox 3473 3446 3645 3484; x_wconf 86' lang='lat' dir='ltr'><strong>suam</strong></span> 
     </span>
    </p>
   </div>
   <div class='ocr_carea' id='block_1_85' title="bbox 2000 3515 3650 3588">
    <p class='ocr_par' dir='ltr' id='par_1_85' title="bbox 2000 3515 3650 3588">
     <span class='ocr_line' id='line_1_86' title="bbox 2000 3515 3650 3588; baseline 0.002 -19"><span class='ocrx_word' id='word_1_587' title='bbox 2000 3531 2505 3586; x_wconf 90' lang='lat' dir='ltr'><strong>unumquemque,</strong></span> <span class='ocrx_word' id='word_1_588' title='bbox 2540 3517 2611 3570; x_wconf 90' lang='lat' dir='ltr'><strong>de</strong></span> <span class='ocrx_word' id='word_1_589' title='bbox 2642 3515 2735 3570; x_wconf 91' lang='lat' dir='ltr'><strong>his</strong></span> <span class='ocrx_word' id='word_1_590' title='bbox 2769 3518 2867 3586; x_wconf 92' lang='lat' dir='ltr'><strong>qui</strong></span> <span class='ocrx_word' id='word_1_591' title='bbox 2901 3517 3150 3572; x_wconf 84' lang='lat' dir='ltr'><strong>fideliter</strong></span> <span class='ocrx_word' id='word_1_592' title='bbox 3179 3519 3365 3573; x_wconf 84' lang='lat' dir='ltr'><strong>edocti</strong></span> <span class='ocrx_word' id='word_1_593' title='bbox 3399 3525 3562 3588; x_wconf 78' lang='lat' dir='ltr'><strong>sunt,</strong></span> <span class='ocrx_word' id='word_1_594' title='bbox 3593 3523 3650 3573; x_wconf 88' lang='lat' dir='ltr'><strong>et</strong></span> 
     </span>
    </p>
   </div>
   <div class='ocr_carea' id='block_1_86' title="bbox 1989 3604 3646 3677">
    <p class='ocr_par' dir='ltr' id='par_1_86' title="bbox 1989 3604 3646 3677">
     <span class='ocr_line' id='line_1_87' title="bbox 1989 3604 3646 3677; baseline 0.001 -17"><span class='ocrx_word' id='word_1_595' title='bbox 1989 3607 2117 3676; x_wconf 88' lang='lat' dir='ltr'><strong>jam</strong></span> <span class='ocrx_word' id='word_1_596' title='bbox 2141 3605 2313 3658; x_wconf 86' lang='lat' dir='ltr'><strong>ﬁrma</strong></span> <span class='ocrx_word' id='word_1_597' title='bbox 2339 3604 2535 3658; x_wconf 88' lang='lat' dir='ltr'><strong>radice</strong></span> <span class='ocrx_word' id='word_1_598' title='bbox 2555 3604 2797 3674; x_wconf 85' lang='lat' dir='ltr'><strong>plantati</strong></span> <span class='ocrx_word' id='word_1_599' title='bbox 2822 3610 2978 3659; x_wconf 90' lang='lat' dir='ltr'><strong>stant</strong></span> <span class='ocrx_word' id='word_1_600' title='bbox 2995 3605 3344 3673; x_wconf 89' lang='lat' dir='ltr'><strong>inconvulsi,</strong></span> <span class='ocrx_word' id='word_1_601' title='bbox 3367 3623 3554 3677; x_wconf 89' lang='lat' dir='ltr'><strong>usque</strong></span> <span class='ocrx_word' id='word_1_602' title='bbox 3571 3608 3646 3661; x_wconf 88' lang='lat' dir='ltr'><strong>ad</strong></span> 
     </span>
    </p>
   </div>
   <div class='ocr_carea' id='block_1_87' title="bbox 1997 3693 3649 3766">
    <p class='ocr_par' dir='ltr' id='par_1_87' title="bbox 1997 3693 3649 3766">
     <span class='ocr_line' id='line_1_88' title="bbox 1997 3693 3649 3766; baseline 0.001 -17"><span class='ocrx_word' id='word_1_603' title='bbox 1997 3693 2306 3763; x_wconf 89' lang='lat' dir='ltr'><strong>septimam</strong></span> <span class='ocrx_word' id='word_1_604' title='bbox 2343 3694 2653 3748; x_wconf 90' lang='lat' dir='ltr'><strong>observare</strong></span> <span class='ocrx_word' id='word_1_605' title='bbox 2684 3695 3058 3750; x_wconf 89' lang='lat' dir='ltr'><strong>decernimus</strong></span> <span class='ocrx_word' id='word_1_606' title='bbox 3102 3696 3560 3766; x_wconf 87' lang='lat' dir='ltr'><strong>generationem,</strong></span> <span class='ocrx_word' id='word_1_607' title='bbox 3592 3703 3649 3751; x_wconf 88' lang='lat' dir='ltr'><strong>et</strong></span> 
     </span>
    </p>
   </div>
   <div class='ocr_carea' id='block_1_88' title="bbox 1997 3783 3650 3855">
    <p class='ocr_par' dir='ltr' id='par_1_88' title="bbox 1997 3783 3650 3855">
     <span class='ocr_line' id='line_1_89' title="bbox 1997 3783 3650 3855; baseline 0.001 -19"><span class='ocrx_word' id='word_1_608' title='bbox 1997 3783 2257 3854; x_wconf 88' lang='lat' dir='ltr'><strong>quandiu</strong></span> <span class='ocrx_word' id='word_1_609' title='bbox 2292 3799 2354 3836; x_wconf 91' lang='lat' dir='ltr'><strong>se</strong></span> <span class='ocrx_word' id='word_1_610' title='bbox 2393 3787 2724 3853; x_wconf 86' lang='lat' dir='ltr'><strong>agnoscunt</strong></span> <span class='ocrx_word' id='word_1_611' title='bbox 2742 3783 3028 3837; x_wconf 85' lang='lat' dir='ltr'><strong>afﬁnitate</strong></span> <span class='ocrx_word' id='word_1_612' title='bbox 3048 3784 3429 3855; x_wconf 90' lang='lat' dir='ltr'><strong>propinquos,</strong></span> <span class='ocrx_word' id='word_1_613' title='bbox 3451 3785 3520 3838; x_wconf 89' lang='lat' dir='ltr'><strong>ad</strong></span> <span class='ocrx_word' id='word_1_614' title='bbox 3547 3785 3650 3839; x_wconf 87' lang='lat' dir='ltr'><strong>hu-</strong></span> 
     </span>
    </p>
   </div>
   <div class='ocr_carea' id='block_1_89' title="bbox 1988 3870 3651 3943">
    <p class='ocr_par' dir='ltr' id='par_1_89' title="bbox 1988 3870 3651 3943">
     <span class='ocr_line' id='line_1_90' title="bbox 1988 3870 3651 3943; baseline 0.001 -18"><span class='ocrx_word' id='word_1_615' title='bbox 1988 3873 2088 3941; x_wconf 88' lang='lat' dir='ltr'><strong>jus</strong></span> <span class='ocrx_word' id='word_1_616' title='bbox 2123 3870 2344 3940; x_wconf 74' lang='lat' dir='ltr'><strong>copulae</strong></span> <span class='ocrx_word' id='word_1_617' title='bbox 2377 3887 2492 3924; x_wconf 88' lang='lat' dir='ltr'><strong>non</strong></span> <span class='ocrx_word' id='word_1_618' title='bbox 2525 3870 2799 3925; x_wconf 90' lang='lat' dir='ltr'><strong>accedere</strong></span> <span class='ocrx_word' id='word_1_619' title='bbox 2829 3887 2892 3925; x_wconf 91' lang='lat' dir='ltr'><strong>se</strong></span> <span class='ocrx_word' id='word_1_620' title='bbox 2923 3871 3256 3926; x_wconf 87' lang='lat' dir='ltr'><strong>societatem</strong></span> <span class='ocrx_word' id='word_1_621' title='bbox 3291 3876 3651 3943; x_wconf 73' lang='lat' dir='ltr'><strong>praesumant</strong></span> 
     </span>
    </p>
   </div>
   <div class='ocr_carea' id='block_1_90' title="bbox 1995 3959 3648 4031">
    <p class='ocr_par' dir='ltr' id='par_1_90' title="bbox 1995 3959 3648 4031">
     <span class='ocr_line' id='line_1_91' title="bbox 1995 3959 3648 4031; baseline 0 -16"><span class='ocrx_word' id='word_1_622' title='bbox 1995 3976 2100 4015; x_wconf 90' lang='lat' dir='ltr'><strong>nec</strong></span> <span class='ocrx_word' id='word_1_623' title='bbox 2131 3975 2261 4014; x_wconf 88' lang='lat' dir='ltr'><strong>eam</strong></span> <span class='ocrx_word' id='word_1_624' title='bbox 2292 3975 2472 4029; x_wconf 88' lang='lat' dir='ltr'><strong>quam</strong></span> <span class='ocrx_word' id='word_1_625' title='bbox 2508 3959 2723 4030; x_wconf 86' lang='lat' dir='ltr'><strong>aliquis</strong></span> <span class='ocrx_word' id='word_1_626' title='bbox 2749 3976 2817 4014; x_wconf 87' lang='lat' dir='ltr'><strong>ex</strong></span> <span class='ocrx_word' id='word_1_627' title='bbox 2857 3961 3093 4031; x_wconf 88' lang='lat' dir='ltr'><strong>propria</strong></span> <span class='ocrx_word' id='word_1_628' title='bbox 3142 3961 3648 4030; x_wconf 77' lang='lat' dir='ltr'><strong>consanguinitate</strong></span> 
     </span>
    </p>
   </div>
   <div class='ocr_carea' id='block_1_91' title="bbox 1995 4048 3650 4120">
    <p class='ocr_par' dir='ltr' id='par_1_91' title="bbox 1995 4048 3650 4120">
     <span class='ocr_line' id='line_1_92' title="bbox 1995 4048 3650 4120; baseline 0.001 -18"><span class='ocrx_word' id='word_1_629' title='bbox 1995 4049 2304 4119; x_wconf 85' lang='lat' dir='ltr'><strong>conjugem</strong></span> <span class='ocrx_word' id='word_1_630' title='bbox 2331 4048 2556 4112; x_wconf 90' lang='lat' dir='ltr'><strong>habuit,</strong></span> <span class='ocrx_word' id='word_1_631' title='bbox 2582 4048 2671 4102; x_wconf 86' lang='lat' dir='ltr'><strong>vel</strong></span> <span class='ocrx_word' id='word_1_632' title='bbox 2690 4048 2888 4120; x_wconf 89' lang='lat' dir='ltr'><strong>aliqua</strong></span> <span class='ocrx_word' id='word_1_633' title='bbox 2906 4048 3107 4103; x_wconf 90' lang='lat' dir='ltr'><strong>illicita</strong></span> <span class='ocrx_word' id='word_1_634' title='bbox 3121 4048 3440 4118; x_wconf 90' lang='lat' dir='ltr'><strong>pollutione</strong></span> <span class='ocrx_word' id='word_1_635' title='bbox 3455 4065 3650 4103; x_wconf 86' lang='lat' dir='ltr'><strong>macu-</strong></span> 
     </span>
    </p>
   </div>
   <div class='ocr_carea' id='block_1_92' title="bbox 1995 4136 3643 4208">
    <p class='ocr_par' dir='ltr' id='par_1_92' title="bbox 1995 4136 3643 4208">
     <span class='ocr_line' id='line_1_93' title="bbox 1995 4136 3643 4208; baseline 0.001 -17"><span class='ocrx_word' id='word_1_636' title='bbox 1995 4138 2158 4207; x_wconf 87' lang='lat' dir='ltr'><strong>lavit,</strong></span> <span class='ocrx_word' id='word_1_637' title='bbox 2187 4137 2246 4191; x_wconf 88' lang='lat' dir='ltr'><strong>in</strong></span> <span class='ocrx_word' id='word_1_638' title='bbox 2279 4138 2557 4208; x_wconf 82' lang='lat' dir='ltr'><strong>conjugio</strong></span> <span class='ocrx_word' id='word_1_639' title='bbox 2590 4138 2802 4191; x_wconf 89' lang='lat' dir='ltr'><strong>ducere</strong></span> <span class='ocrx_word' id='word_1_640' title='bbox 2838 4136 2939 4190; x_wconf 92' lang='lat' dir='ltr'><strong>ulli</strong></span> <span class='ocrx_word' id='word_1_641' title='bbox 2968 4138 3227 4207; x_wconf 74' lang='lat' dir='ltr'><strong>profecto</strong></span> <span class='ocrx_word' id='word_1_642' title='bbox 3279 4137 3643 4193; x_wconf 89' lang='lat' dir='ltr'><strong>Christiano-</strong></span> 
     </span>
    </p>
   </div>
   <div class='ocr_carea' id='block_1_93' title="bbox 1997 4225 3645 4297">
    <p class='ocr_par' dir='ltr' id='par_1_93' title="bbox 1997 4225 3645 4297">
     <span class='ocr_line' id='line_1_94' title="bbox 1997 4225 3645 4297; baseline 0.001 -16"><span class='ocrx_word' id='word_1_643' title='bbox 1997 4243 2125 4281; x_wconf 88' lang='lat' dir='ltr'><strong>rum</strong></span> <span class='ocrx_word' id='word_1_644' title='bbox 2161 4225 2316 4291; x_wconf 90' lang='lat' dir='ltr'><strong>licet,</strong></span> <span class='ocrx_word' id='word_1_645' title='bbox 2353 4225 2439 4279; x_wconf 90' lang='lat' dir='ltr'><strong>vel</strong></span> <span class='ocrx_word' id='word_1_646' title='bbox 2475 4225 2692 4294; x_wconf 88' lang='lat' dir='ltr'><strong>licebit,</strong></span> <span class='ocrx_word' id='word_1_647' title='bbox 2729 4225 2867 4297; x_wconf 88' lang='lat' dir='ltr'><strong>quia</strong></span> <span class='ocrx_word' id='word_1_648' title='bbox 2899 4225 3157 4281; x_wconf 86' lang='lat' dir='ltr'><strong>incestus</strong></span> <span class='ocrx_word' id='word_1_649' title='bbox 3179 4232 3268 4281; x_wconf 89' lang='lat' dir='ltr'><strong>est</strong></span> <span class='ocrx_word' id='word_1_650' title='bbox 3290 4226 3423 4281; x_wconf 87' lang='lat' dir='ltr'><strong>talis</strong></span> <span class='ocrx_word' id='word_1_651' title='bbox 3455 4227 3645 4282; x_wconf 90' lang='lat' dir='ltr'><strong>coitus</strong></span> 
     </span>
    </p>
   </div>
   <div class='ocr_carea' id='block_1_94' title="bbox 1994 4313 3641 4372">
    <p class='ocr_par' dir='ltr' id='par_1_94' title="bbox 1994 4313 3641 4372">
     <span class='ocr_line' id='line_1_95' title="bbox 1994 4313 3641 4372; baseline 0.002 -3"><span class='ocrx_word' id='word_1_652' title='bbox 1994 4321 2054 4369; x_wconf 91' lang='lat' dir='ltr'><strong>et</strong></span> <span class='ocrx_word' id='word_1_653' title='bbox 2083 4313 2497 4369; x_wconf 87' lang='lat' dir='ltr'><strong>abominabilis</strong></span> <span class='ocrx_word' id='word_1_654' title='bbox 2529 4318 2643 4368; x_wconf 90' lang='lat' dir='ltr'><strong>Deo</strong></span> <span class='ocrx_word' id='word_1_655' title='bbox 2677 4318 2733 4368; x_wconf 88' lang='lat' dir='ltr'><strong>et</strong></span> <span class='ocrx_word' id='word_1_656' title='bbox 2785 4314 3014 4369; x_wconf 91' lang='lat' dir='ltr'><strong>cunctis</strong></span> <span class='ocrx_word' id='word_1_657' title='bbox 3079 4314 3250 4371; x_wconf 89' lang='lat' dir='ltr'><strong>bonis</strong></span> <span class='ocrx_word' id='word_1_658' title='bbox 3299 4315 3641 4372; x_wconf 90' lang='lat' dir='ltr'><strong>homnibus.</strong></span> 
     </span>
    </p>
   </div>
   <div class='ocr_carea' id='block_1_95' title="bbox 1995 4403 3641 4476">
    <p class='ocr_par' dir='ltr' id='par_1_95' title="bbox 1995 4403 3641 4476">
     <span class='ocr_line' id='line_1_96' title="bbox 1995 4403 3641 4476; baseline 0.002 -19"><span class='ocrx_word' id='word_1_659' title='bbox 1995 4404 2369 4457; x_wconf 86' lang='lat' dir='ltr'><strong>lncestuosos</strong></span> <span class='ocrx_word' id='word_1_660' title='bbox 2440 4419 2573 4457; x_wconf 86' lang='lat' dir='ltr'><strong>vero</strong></span> <span class='ocrx_word' id='word_1_661' title='bbox 2637 4403 2898 4475; x_wconf 89' lang='lat' dir='ltr'><strong>conjugii</strong></span> <span class='ocrx_word' id='word_1_662' title='bbox 2966 4403 3203 4459; x_wconf 91' lang='lat' dir='ltr'><strong>nomine</strong></span> <span class='ocrx_word' id='word_1_663' title='bbox 3271 4405 3641 4476; x_wconf 86' lang='lat' dir='ltr'><strong>deputandos</strong></span> 
     </span>
    </p>
   </div>
   <div class='ocr_carea' id='block_1_96' title="bbox 236 4466 3643 4565">
    <p class='ocr_par' dir='ltr' id='par_1_96' title="bbox 236 4466 3643 4565">
     <span class='ocr_line' id='line_1_97' title="bbox 236 4466 3643 4565; baseline 0.002 -21"><span class='ocrx_word' id='word_1_664' title='bbox 236 4467 708 4565; x_wconf 55' lang='grc' dir='ltr'><strong>θξωδξωεξυίηοοε</strong></span> <span class='ocrx_word' id='word_1_665' title='bbox 736 4466 1058 4565; x_wconf 56' lang='grc' dir='ltr'><strong>ξΡΡθΠθῖην</strong></span> <span class='ocrx_word' id='word_1_666' title='bbox 1092 4473 1150 4565; x_wconf 50' lang='lat' dir='ltr'><strong>ei}</strong></span> <span class='ocrx_word' id='word_1_667' title='bbox 1180 4467 1248 4565; x_wconf 54' lang='lat' dir='ltr'>i3</span> <span class='ocrx_word' id='word_1_668' title='bbox 1274 4467 1672 4565; x_wconf 56' lang='grc' dir='ltr'><strong>Ῑξξθνθίίίίεξίθω</strong></span> <span class='ocrx_word' id='word_1_669' title='bbox 1693 4468 1878 4565; x_wconf 59' lang='grc' dir='ltr'><strong>ειξδεί·</strong></span> <span class='ocrx_word' id='word_1_670' title='bbox 1915 4483 1960 4546; x_wconf 84' lang='grc' dir='ltr'><strong>Ι)</strong></span> <span class='ocrx_word' id='word_1_671' title='bbox 1991 4511 2025 4549; x_wconf 90' lang='lat' dir='ltr'><strong>a</strong></span> <span class='ocrx_word' id='word_1_672' title='bbox 2050 4491 2270 4548; x_wconf 88' lang='lat' dir='ltr'><strong>sanctis</strong></span> <span class='ocrx_word' id='word_1_673' title='bbox 2301 4491 2575 4547; x_wconf 85' lang='lat' dir='ltr'><strong>Patribus</strong></span> <span class='ocrx_word' id='word_1_674' title='bbox 2603 4466 3144 4547; x_wconf 53' lang='lat' dir='ltr'><strong>dudumvstatutum</strong></span> <span class='ocrx_word' id='word_1_675' title='bbox 3189 4511 3317 4549; x_wconf 91' lang='lat' dir='ltr'><strong>esse</strong></span> <span class='ocrx_word' id='word_1_676' title='bbox 3349 4466 3643 4565; x_wconf 43' lang='lat' dir='ltr'><strong>.legimus.</strong></span> 
     </span>
    </p>
   </div>
   <div class='ocr_carea' id='block_1_97' title="bbox 234 4555 1885 4629">
    <p class='ocr_par' dir='ltr' id='par_1_97' title="bbox 234 4555 1885 4629">
     <span class='ocr_line' id='line_1_98' title="bbox 234 4555 1885 4629; baseline 0.001 -20"><span class='ocrx_word' id='word_1_677' title='bbox 234 4555 428 4627; x_wconf 91' lang='lat' dir='ltr'><strong>piunt,</strong></span> <span class='ocrx_word' id='word_1_678' title='bbox 463 4572 567 4611; x_wconf 92' lang='lat' dir='ltr'><strong>nec</strong></span> <span class='ocrx_word' id='word_1_679' title='bbox 598 4555 877 4629; x_wconf 89' lang='lat' dir='ltr'><strong>repellere</strong></span> <span class='ocrx_word' id='word_1_680' title='bbox 909 4559 1177 4627; x_wconf 88' lang='lat' dir='ltr'><strong>possunt.</strong></span> <span class='ocrx_word' id='word_1_681' title='bbox 1203 4555 1434 4611; x_wconf 89' lang='lat' dir='ltr'><strong>Talium</strong></span> <span class='ocrx_word' id='word_1_682' title='bbox 1459 4557 1613 4612; x_wconf 81' lang='lat' dir='ltr'><strong>enim</strong></span> <span class='ocrx_word' id='word_1_683' title='bbox 1633 4557 1885 4627; x_wconf 89' lang='lat' dir='ltr'><strong>conjun-</strong></span> 
     </span>
    </p>
   </div>
   <div class='ocr_carea' id='block_1_98' title="bbox 234 4645 1884 4718">
    <p class='ocr_par' dir='ltr' id='par_1_98' title="bbox 234 4645 1884 4718">
     <span class='ocr_line' id='line_1_99' title="bbox 234 4645 1884 4718; baseline 0 -19"><span class='ocrx_word' id='word_1_684' title='bbox 234 4645 460 4700; x_wconf 89' lang='lat' dir='ltr'><strong>ctiones</strong></span> <span class='ocrx_word' id='word_1_685' title='bbox 493 4661 597 4700; x_wconf 92' lang='lat' dir='ltr'><strong>nec</strong></span> <span class='ocrx_word' id='word_1_686' title='bbox 631 4645 903 4717; x_wconf 75' lang='lat' dir='ltr'><strong>legitimae</strong></span> <span class='ocrx_word' id='word_1_687' title='bbox 924 4648 1083 4712; x_wconf 88' lang='lat' dir='ltr'><strong>sunt,</strong></span> <span class='ocrx_word' id='word_1_688' title='bbox 1109 4660 1213 4700; x_wconf 90' lang='lat' dir='ltr'><strong>nec</strong></span> <span class='ocrx_word' id='word_1_689' title='bbox 1232 4661 1468 4701; x_wconf 90' lang='lat' dir='ltr'><strong>manere</strong></span> <span class='ocrx_word' id='word_1_690' title='bbox 1491 4651 1759 4718; x_wconf 89' lang='lat' dir='ltr'><strong>possunt;</strong></span> <span class='ocrx_word' id='word_1_691' title='bbox 1782 4646 1884 4701; x_wconf 88' lang='lat' dir='ltr'><strong>sed</strong></span> 
     </span>
    </p>
   </div>
   <div class='ocr_carea' id='block_1_99' title="bbox 235 4733 748 4802">
    <p class='ocr_par' dir='ltr' id='par_1_99' title="bbox 235 4733 748 4802">
     <span class='ocr_line' id='line_1_100' title="bbox 235 4733 748 4802; baseline 0.002 -15"><span class='ocrx_word' id='word_1_692' title='bbox 235 4733 568 4802; x_wconf 76' lang='lat' dir='ltr'><strong>rejiciendze</strong></span> <span class='ocrx_word' id='word_1_693' title='bbox 591 4738 748 4789; x_wconf 90' lang='lat' dir='ltr'><strong>sunt.</strong></span> 
     </span>
    </p>
   </div>
   <div class='ocr_carea' id='block_1_100' title="bbox 237 4857 1888 4928">
    <p class='ocr_par' dir='ltr' id='par_1_100' title="bbox 237 4857 1888 4928">
     <span class='ocr_line' id='line_1_101' title="bbox 237 4857 1888 4928; baseline 0 -16"><span class='ocrx_word' id='word_1_694' title='bbox 237 4857 363 4913; x_wconf 80' lang='lat' dir='ltr'><strong>CAP.</strong></span> <span class='ocrx_word' id='word_1_695' title='bbox 398 4859 487 4914; x_wconf 84' lang='lat'><strong>23.</strong></span> <span class='ocrx_word' id='word_1_696' title='bbox 522 4890 586 4900; x_wconf 90' lang='lat'>—</span> <span class='ocrx_word' id='word_1_697' title='bbox 620 4858 771 4926; x_wconf 85' lang='lat' dir='ltr'><strong>Quod</strong></span> <span class='ocrx_word' id='word_1_698' title='bbox 820 4859 1069 4928; x_wconf 85' lang='lat' dir='ltr'><strong>infamia</strong></span> <span class='ocrx_word' id='word_1_699' title='bbox 1117 4859 1550 4913; x_wconf 80' lang='lat' dir='ltr'><strong>ineestuosorum</strong></span> <span class='ocrx_word' id='word_1_700' title='bbox 1578 4858 1750 4913; x_wconf 88' lang='lat' dir='ltr'><strong>deleri</strong></span> <span class='ocrx_word' id='word_1_701' title='bbox 1779 4873 1888 4913; x_wconf 88' lang='lat' dir='ltr'><strong>non</strong></span> 
     </span>
    </p>
   </div>
   <div class='ocr_carea' id='block_1_101' title="bbox 312 4931 1676 5002">
    <p class='ocr_par' dir='ltr' id='par_1_101' title="bbox 312 4931 1676 5002">
     <span class='ocr_line' id='line_1_102' title="bbox 312 4931 1676 5002; baseline -0.001 -18"><span class='ocrx_word' id='word_1_702' title='bbox 312 4934 506 5001; x_wconf 79' lang='lat' dir='ltr'><strong>potest,</strong></span> <span class='ocrx_word' id='word_1_703' title='bbox 537 4935 760 5002; x_wconf 78' lang='lat' dir='ltr'><strong>peccata</strong></span> <span class='ocrx_word' id='word_1_704' title='bbox 786 4934 968 4985; x_wconf 88' lang='lat' dir='ltr'><strong>autem</strong></span> <span class='ocrx_word' id='word_1_705' title='bbox 998 4933 1243 5000; x_wconf 78' lang='lat' dir='ltr'><strong>possunt.</strong></span> <span class='ocrx_word' id='word_1_706' title='bbox 1276 4931 1432 4995; x_wconf 88' lang='lat' dir='ltr'><strong>Item,</strong></span> <span class='ocrx_word' id='word_1_707' title='bbox 1464 4946 1584 5001; x_wconf 87' lang='lat' dir='ltr'><strong>cap.</strong></span> <span class='ocrx_word' id='word_1_708' title='bbox 1625 4935 1676 4983; x_wconf 84' lang='lat'><strong>5.</strong></span> 
     </span>
    </p>
   </div>
   <div class='ocr_carea' id='block_1_102' title="bbox 307 5035 1892 5107">
    <p class='ocr_par' dir='ltr' id='par_1_102' title="bbox 307 5035 1892 5107">
     <span class='ocr_line' id='line_1_103' title="bbox 307 5035 1892 5107; baseline 0.001 -18"><span class='ocrx_word' id='word_1_709' title='bbox 307 5035 587 5106; x_wconf 88' lang='lat' dir='ltr'><strong>Quisquis</strong></span> <span class='ocrx_word' id='word_1_710' title='bbox 615 5053 730 5090; x_wconf 92' lang='lat' dir='ltr'><strong>non</strong></span> <span class='ocrx_word' id='word_1_711' title='bbox 768 5041 858 5091; x_wconf 89' lang='lat' dir='ltr'><strong>est</strong></span> <span class='ocrx_word' id='word_1_712' title='bbox 888 5035 1150 5106; x_wconf 88' lang='lat' dir='ltr'><strong>legitime</strong></span> <span class='ocrx_word' id='word_1_713' title='bbox 1171 5037 1540 5105; x_wconf 87' lang='lat' dir='ltr'><strong>conjunctus,</strong></span> <span class='ocrx_word' id='word_1_714' title='bbox 1563 5036 1647 5092; x_wconf 91' lang='lat' dir='ltr'><strong>vel</strong></span> <span class='ocrx_word' id='word_1_715' title='bbox 1671 5037 1892 5107; x_wconf 77' lang='lat' dir='ltr'><strong>alisque</strong></span> 
     </span>
    </p>
   </div>
   <div class='ocr_carea' id='block_1_103' title="bbox 238 5124 1893 5195">
    <p class='ocr_par' dir='ltr' id='par_1_103' title="bbox 238 5124 1893 5195">
     <span class='ocr_line' id='line_1_104' title="bbox 238 5124 1893 5195; baseline -0.001 -17"><span class='ocrx_word' id='word_1_716' title='bbox 238 5124 420 5178; x_wconf 88' lang='lat' dir='ltr'><strong>dotali</strong></span> <span class='ocrx_word' id='word_1_717' title='bbox 435 5124 604 5179; x_wconf 76' lang='lat' dir='ltr'><strong>titulo</strong></span> <span class='ocrx_word' id='word_1_718' title='bbox 621 5141 686 5180; x_wconf 87' lang='lat' dir='ltr'><strong>ac</strong></span> <span class='ocrx_word' id='word_1_719' title='bbox 703 5125 1068 5180; x_wconf 83' lang='lat' dir='ltr'><strong>benediction</strong></span> <span class='ocrx_word' id='word_1_720' title='bbox 1081 5141 1109 5179; x_wconf 90' lang='lat' dir='ltr'><strong>e</strong></span> <span class='ocrx_word' id='word_1_721' title='bbox 1131 5124 1451 5195; x_wconf 84' lang='lat' dir='ltr'><strong>sacerdotis</strong></span> <span class='ocrx_word' id='word_1_722' title='bbox 1467 5129 1696 5180; x_wconf 89' lang='lat' dir='ltr'><strong>constat</strong></span> <span class='ocrx_word' id='word_1_723' title='bbox 1713 5142 1893 5195; x_wconf 90' lang='lat' dir='ltr'><strong>copu-</strong></span> 
     </span>
    </p>
   </div>
   <div class='ocr_carea' id='block_1_104' title="bbox 234 5211 1892 5284">
    <p class='ocr_par' dir='ltr' id='par_1_104' title="bbox 234 5211 1892 5284">
     <span class='ocr_line' id='line_1_105' title="bbox 234 5211 1892 5284; baseline 0.001 -17"><span class='ocrx_word' id='word_1_724' title='bbox 234 5211 412 5284; x_wconf 88' lang='lat' dir='ltr'><strong>latus,</strong></span> <span class='ocrx_word' id='word_1_725' title='bbox 447 5215 802 5280; x_wconf 89' lang='lat' dir='ltr'><strong>sacerdotes,</strong></span> <span class='ocrx_word' id='word_1_726' title='bbox 836 5213 923 5268; x_wconf 85' lang='lat' dir='ltr'><strong>vel</strong></span> <span class='ocrx_word' id='word_1_727' title='bbox 953 5213 1217 5284; x_wconf 87' lang='lat' dir='ltr'><strong>legitime</strong></span> <span class='ocrx_word' id='word_1_728' title='bbox 1249 5216 1592 5277; x_wconf 73' lang='lat' dir='ltr'><strong>coniunctos</strong></span> <span class='ocrx_word' id='word_1_729' title='bbox 1617 5214 1892 5268; x_wconf 88' lang='lat' dir='ltr'><strong>crimina-</strong></span> 
     </span>
    </p>
   </div>
   <div class='ocr_carea' id='block_1_105' title="bbox 235 5300 1897 5372">
    <p class='ocr_par' dir='ltr' id='par_1_105' title="bbox 235 5300 1897 5372">
     <span class='ocr_line' id='line_1_106' title="bbox 235 5300 1897 5372; baseline 0.001 -18"><span class='ocrx_word' id='word_1_730' title='bbox 235 5300 305 5368; x_wconf 87' lang='lat' dir='ltr'><strong>ri,</strong></span> <span class='ocrx_word' id='word_1_731' title='bbox 322 5303 406 5355; x_wconf 85' lang='lat' dir='ltr'><strong>vel</strong></span> <span class='ocrx_word' id='word_1_732' title='bbox 434 5302 487 5356; x_wconf 93' lang='lat' dir='ltr'><strong>in</strong></span> <span class='ocrx_word' id='word_1_733' title='bbox 511 5319 609 5357; x_wconf 90' lang='lat' dir='ltr'><strong>eos</strong></span> <span class='ocrx_word' id='word_1_734' title='bbox 634 5302 931 5358; x_wconf 83' lang='lat' dir='ltr'><strong>testificari</strong></span> <span class='ocrx_word' id='word_1_735' title='bbox 953 5319 1062 5356; x_wconf 91' lang='lat' dir='ltr'><strong>non</strong></span> <span class='ocrx_word' id='word_1_736' title='bbox 1085 5303 1587 5372; x_wconf 87' lang='lat' dir='ltr'><strong>potest.Quoniam</strong></span> <span class='ocrx_word' id='word_1_737' title='bbox 1607 5302 1800 5358; x_wconf 90' lang='lat' dir='ltr'><strong>omnis</strong></span> <span class='ocrx_word' id='word_1_738' title='bbox 1820 5301 1897 5356; x_wconf 89' lang='lat' dir='ltr'><strong>in-</strong></span> 
     </span>
    </p>
   </div>
   <div class='ocr_carea' id='block_1_106' title="bbox 237 5390 1898 5465">
    <p class='ocr_par' dir='ltr' id='par_1_106' title="bbox 237 5390 1898 5465">
     <span class='ocr_line' id='line_1_107' title="bbox 237 5390 1898 5465; baseline 0.002 -20"><span class='ocrx_word' id='word_1_739' title='bbox 237 5390 381 5446; x_wconf 89' lang='lat' dir='ltr'><strong>cesti</strong></span> <span class='ocrx_word' id='word_1_740' title='bbox 401 5391 634 5447; x_wconf 89' lang='lat' dir='ltr'><strong>macula</strong></span> <span class='ocrx_word' id='word_1_741' title='bbox 664 5391 927 5465; x_wconf 90' lang='lat' dir='ltr'><strong>pollutus</strong></span> <span class='ocrx_word' id='word_1_742' title='bbox 951 5390 1189 5446; x_wconf 85' lang='lat' dir='ltr'><strong>infamis</strong></span> <span class='ocrx_word' id='word_1_743' title='bbox 1207 5394 1379 5457; x_wconf 89' lang='lat' dir='ltr'><strong>est,et</strong></span> <span class='ocrx_word' id='word_1_744' title='bbox 1397 5409 1669 5448; x_wconf 84' lang='lat' dir='ltr'><strong>accusare</strong></span> <span class='ocrx_word' id='word_1_745' title='bbox 1689 5409 1898 5463; x_wconf 81' lang='lat' dir='ltr'><strong>supra-</strong></span> 
     </span>
    </p>
   </div>
   <div class='ocr_carea' id='block_1_107' title="bbox 241 5478 1900 5553">
    <p class='ocr_par' dir='ltr' id='par_1_107' title="bbox 241 5478 1900 5553">
     <span class='ocr_line' id='line_1_108' title="bbox 241 5478 1900 5553; baseline 0.001 -19"><span class='ocrx_word' id='word_1_746' title='bbox 241 5478 432 5536; x_wconf 88' lang='lat' dir='ltr'><strong>dictos</strong></span> <span class='ocrx_word' id='word_1_747' title='bbox 451 5497 564 5536; x_wconf 91' lang='lat' dir='ltr'><strong>non</strong></span> <span class='ocrx_word' id='word_1_748' title='bbox 583 5481 964 5553; x_wconf 87' lang='lat' dir='ltr'><strong>permittitur.</strong></span> <span class='ocrx_word' id='word_1_749' title='bbox 1016 5479 1140 5535; x_wconf 89' lang='lat' dir='ltr'><strong>Non</strong></span> <span class='ocrx_word' id='word_1_750' title='bbox 1167 5479 1358 5535; x_wconf 88' lang='lat' dir='ltr'><strong>solum</strong></span> <span class='ocrx_word' id='word_1_751' title='bbox 1391 5498 1528 5552; x_wconf 83' lang='lat' dir='ltr'><strong>ergo</strong></span> <span class='ocrx_word' id='word_1_752' title='bbox 1546 5482 1602 5535; x_wconf 86' lang='lat' dir='ltr'><strong>hi</strong></span> <span class='ocrx_word' id='word_1_753' title='bbox 1635 5483 1900 5553; x_wconf 85' lang='lat' dir='ltr'><strong>rejicien-</strong></span> 
     </span>
    </p>
   </div>
   <div class='ocr_carea' id='block_1_108' title="bbox 241 5567 1900 5639">
    <p class='ocr_par' dir='ltr' id='par_1_108' title="bbox 241 5567 1900 5639">
     <span class='ocr_line' id='line_1_109' title="bbox 241 5567 1900 5639; baseline 0.001 -15"><span class='ocrx_word' id='word_1_754' title='bbox 241 5568 300 5624; x_wconf 88' lang='lat' dir='ltr'><strong>di</strong></span> <span class='ocrx_word' id='word_1_755' title='bbox 332 5575 475 5626; x_wconf 87' lang='lat' dir='ltr'><strong>sunt</strong></span> <span class='ocrx_word' id='word_1_756' title='bbox 501 5575 558 5626; x_wconf 86' lang='lat' dir='ltr'><strong>et</strong></span> <span class='ocrx_word' id='word_1_757' title='bbox 590 5569 841 5627; x_wconf 85' lang='lat' dir='ltr'><strong>infames</strong></span> <span class='ocrx_word' id='word_1_758' title='bbox 873 5567 1229 5639; x_wconf 82' lang='lat' dir='ltr'><strong>efficiuntur,</strong></span> <span class='ocrx_word' id='word_1_759' title='bbox 1262 5568 1360 5625; x_wconf 89' lang='lat' dir='ltr'><strong>sed</strong></span> <span class='ocrx_word' id='word_1_760' title='bbox 1387 5567 1561 5626; x_wconf 85' lang='lat' dir='ltr'><strong>etiam</strong></span> <span class='ocrx_word' id='word_1_761' title='bbox 1587 5586 1792 5627; x_wconf 86' lang='lat' dir='ltr'><strong>omnes</strong></span> <span class='ocrx_word' id='word_1_762' title='bbox 1813 5570 1900 5626; x_wconf 89' lang='lat' dir='ltr'><strong>eis</strong></span> 
     </span>
    </p>
   </div>
   <div class='ocr_carea' id='block_1_109' title="bbox 1992 4589 3640 4659">
    <p class='ocr_par' dir='ltr' id='par_1_109' title="bbox 1992 4589 3640 4659">
     <span class='ocr_line' id='line_1_110' title="bbox 1992 4589 3640 4659; baseline 0.001 -13"><span class='ocrx_word' id='word_1_763' title='bbox 1992 4592 2127 4646; x_wconf 78' lang='lat' dir='ltr'><strong>CAP.</strong></span> <span class='ocrx_word' id='word_1_764' title='bbox 2159 4591 2250 4644; x_wconf 82' lang='lat'><strong>27.</strong></span> <span class='ocrx_word' id='word_1_765' title='bbox 2282 4619 2352 4630; x_wconf 85' lang='lat'><strong>—-</strong></span> <span class='ocrx_word' id='word_1_766' title='bbox 2399 4589 2555 4659; x_wconf 83' lang='lat' dir='ltr'><strong>Quod</strong></span> <span class='ocrx_word' id='word_1_767' title='bbox 2610 4589 2820 4644; x_wconf 85' lang='lat' dir='ltr'><strong>duobus</strong></span> <span class='ocrx_word' id='word_1_768' title='bbox 2849 4591 3120 4659; x_wconf 83' lang='lat' dir='ltr'><strong>fratribus</strong></span> <span class='ocrx_word' id='word_1_769' title='bbox 3151 4593 3288 4646; x_wconf 73' lang='lat' dir='ltr'><strong>(luas</strong></span> <span class='ocrx_word' id='word_1_770' title='bbox 3317 4609 3528 4648; x_wconf 82' lang='lat' dir='ltr'><strong>sorores</strong></span> <span class='ocrx_word' id='word_1_771' title='bbox 3571 4596 3640 4647; x_wconf 85' lang='lat' dir='ltr'><strong>li-</strong></span> 
     </span>
    </p>
   </div>
   <div class='ocr_carea' id='block_1_110' title="bbox 2065 4661 3635 4734">
    <p class='ocr_par' dir='ltr' id='par_1_110' title="bbox 2065 4661 3635 4734">
     <span class='ocr_line' id='line_1_111' title="bbox 2065 4661 3635 4734; baseline 0.001 -17"><span class='ocrx_word' id='word_1_772' title='bbox 2065 4667 2181 4717; x_wconf 90' lang='lat' dir='ltr'><strong>ceat</strong></span> <span class='ocrx_word' id='word_1_773' title='bbox 2213 4678 2414 4716; x_wconf 73' lang='lat' dir='ltr'><strong>uxores</strong></span> <span class='ocrx_word' id='word_1_774' title='bbox 2442 4663 2712 4734; x_wconf 78' lang='lat' dir='ltr'><strong>accipere.</strong></span> <span class='ocrx_word' id='word_1_775' title='bbox 2748 4661 2892 4717; x_wconf 85' lang='lat' dir='ltr'><strong>Beda</strong></span> <span class='ocrx_word' id='word_1_776' title='bbox 2924 4663 2986 4716; x_wconf 85' lang='lat' dir='ltr'><strong>in</strong></span> <span class='ocrx_word' id='word_1_777' title='bbox 3032 4663 3273 4718; x_wconf 81' lang='lat' dir='ltr'><strong>Historia</strong></span> <span class='ocrx_word' id='word_1_778' title='bbox 3317 4665 3635 4734; x_wconf 81' lang='lat' dir='ltr'><strong>Anglorum,</strong></span> 
     </span>
    </p>
   </div>
   <div class='ocr_carea' id='block_1_111' title="bbox 2064 4732 3640 4875">
    <p class='ocr_par' dir='ltr' id='par_1_111' title="bbox 2064 4732 3640 4875">
     <span class='ocr_line' id='line_1_112' title="bbox 2064 4732 3640 4875; baseline 0.001 -87"><span class='ocrx_word' id='word_1_779' title='bbox 2064 4749 2184 4859; x_wconf 51' lang='lat' dir='ltr'><strong>(fagi.</strong></span> <span class='ocrx_word' id='word_1_780' title='bbox 2217 4734 2284 4875; x_wconf 53' lang='lat'><strong>311</strong></span> <span class='ocrx_word' id='word_1_781' title='bbox 2310 4776 2324 4800; x_wconf 94' lang='lat'>,</span> <span class='ocrx_word' id='word_1_782' title='bbox 2356 4737 2405 4788; x_wconf 88' lang='lat' dir='ltr'><strong>et</strong></span> <span class='ocrx_word' id='word_1_783' title='bbox 2431 4732 2797 4804; x_wconf 80' lang='lat' dir='ltr'><strong>interrogatio</strong></span> <span class='ocrx_word' id='word_1_784' title='bbox 2825 4734 2860 4786; x_wconf 89' lang='grc'>5</span> <span class='ocrx_word' id='word_1_785' title='bbox 2890 4734 3188 4802; x_wconf 82' lang='lat' dir='ltr'><strong>Augustini</strong></span> <span class='ocrx_word' id='word_1_786' title='bbox 3217 4732 3418 4808; x_wconf 68' lang='lat' dir='ltr'><strong>(Beda,</strong></span> <span class='ocrx_word' id='word_1_787' title='bbox 3454 4754 3499 4793; x_wconf 80' lang='grc' dir='ltr'>ε.</span> <span class='ocrx_word' id='word_1_788' title='bbox 3548 4739 3640 4808; x_wconf 85' lang='grc'>27,</span> 
     </span>
     <span class='ocr_line' id='line_1_113' title="bbox 2096 4822 2264 4858; baseline 0 0"><span class='ocrx_word' id='word_1_789' title='bbox 2096 4823 2112 4858; x_wconf 78' lang='grc' dir='ltr'><strong>ι</strong></span> <span class='ocrx_word' id='word_1_790' title='bbox 2157 4845 2168 4858; x_wconf 94' lang='grc'><strong>.</strong></span> <span class='ocrx_word' id='word_1_791' title='bbox 2205 4822 2220 4857; x_wconf 89' lang='grc' dir='ltr'><strong>ι</strong></span> <span class='ocrx_word' id='word_1_792' title='bbox 2251 4846 2264 4858; x_wconf 94' lang='grc'><strong>.</strong></span> 
     </span>
    </p>
   </div>
   <div class='ocr_carea' id='block_1_112' title="bbox 2070 4892 3644 4967">
    <p class='ocr_par' dir='ltr' id='par_1_112' title="bbox 2070 4892 3644 4967">
     <span class='ocr_line' id='line_1_114' title="bbox 2070 4892 3644 4967; baseline 0.004 -21"><span class='ocrx_word' id='word_1_793' title='bbox 2070 4892 2130 4947; x_wconf 91' lang='lat' dir='ltr'><strong>Si</strong></span> <span class='ocrx_word' id='word_1_794' title='bbox 2162 4892 2412 4947; x_wconf 87' lang='lat' dir='ltr'><strong>debeant</strong></span> <span class='ocrx_word' id='word_1_795' title='bbox 2443 4893 2555 4948; x_wconf 93' lang='lat' dir='ltr'><strong>duo</strong></span> <span class='ocrx_word' id='word_1_796' title='bbox 2587 4893 2851 4965; x_wconf 86' lang='lat' dir='ltr'><strong>germani</strong></span> <span class='ocrx_word' id='word_1_797' title='bbox 2884 4893 3094 4949; x_wconf 88' lang='lat' dir='ltr'><strong>fratres</strong></span> <span class='ocrx_word' id='word_1_798' title='bbox 3121 4895 3383 4967; x_wconf 88' lang='lat' dir='ltr'><strong>singulas</strong></span> <span class='ocrx_word' id='word_1_799' title='bbox 3414 4913 3644 4954; x_wconf 87' lang='lat' dir='ltr'><strong>sorores</strong></span> 
     </span>
    </p>
   </div>
   <div class='ocr_carea' id='block_1_113' title="bbox 2000 4982 3646 5060">
    <p class='ocr_par' dir='ltr' id='par_1_113' title="bbox 2000 4982 3646 5060">
     <span class='ocr_line' id='line_1_115' title="bbox 2000 4982 3646 5060; baseline 0.002 -22"><span class='ocrx_word' id='word_1_800' title='bbox 2000 4997 2212 5038; x_wconf 81' lang='lat' dir='ltr'><strong>uxores</strong></span> <span class='ocrx_word' id='word_1_801' title='bbox 2242 4982 2526 5052; x_wconf 82' lang='lat' dir='ltr'><strong>accipere,</strong></span> <span class='ocrx_word' id='word_1_802' title='bbox 2559 5000 2684 5052; x_wconf 69' lang='lat' dir='ltr'><strong>quae</strong></span> <span class='ocrx_word' id='word_1_803' title='bbox 2717 4986 2858 5038; x_wconf 88' lang='lat' dir='ltr'><strong>sunt</strong></span> <span class='ocrx_word' id='word_1_804' title='bbox 2880 4985 2952 5038; x_wconf 90' lang='lat' dir='ltr'><strong>ab</strong></span> <span class='ocrx_word' id='word_1_805' title='bbox 2983 4983 3099 5038; x_wconf 89' lang='lat' dir='ltr'><strong>illis</strong></span> <span class='ocrx_word' id='word_1_806' title='bbox 3144 4984 3320 5057; x_wconf 86' lang='lat' dir='ltr'><strong>longa</strong></span> <span class='ocrx_word' id='word_1_807' title='bbox 3372 4987 3646 5060; x_wconf 87' lang='lat' dir='ltr'><strong>progenie</strong></span> 
     </span>
    </p>
   </div>
   <div class='ocr_carea' id='block_1_114' title="bbox 2002 5071 3646 5143">
    <p class='ocr_par' dir='ltr' id='par_1_114' title="bbox 2002 5071 3646 5143">
     <span class='ocr_line' id='line_1_116' title="bbox 2002 5071 3646 5143; baseline 0.003 -19"><span class='ocrx_word' id='word_1_808' title='bbox 2002 5074 2306 5143; x_wconf 61' lang='lat' dir='ltr'><strong>generatae.</strong></span> <span class='ocrx_word' id='word_1_809' title='bbox 2343 5071 2633 5142; x_wconf 71' lang='lat' dir='ltr'><strong>Responsio</strong></span> <span class='ocrx_word' id='word_1_810' title='bbox 2665 5071 2938 5142; x_wconf 83' lang='lat' dir='ltr'><strong>Gregorii.</strong></span> <span class='ocrx_word' id='word_1_811' title='bbox 2961 5073 3076 5128; x_wconf 87' lang='lat' dir='ltr'><strong>Hoc</strong></span> <span class='ocrx_word' id='word_1_812' title='bbox 3099 5075 3218 5128; x_wconf 76' lang='lat' dir='ltr'><strong>ﬁeri</strong></span> <span class='ocrx_word' id='word_1_813' title='bbox 3245 5076 3434 5131; x_wconf 85' lang='lat' dir='ltr'><strong>modis</strong></span> <span class='ocrx_word' id='word_1_814' title='bbox 3459 5078 3646 5132; x_wconf 87' lang='lat' dir='ltr'><strong>omni-</strong></span> 
     </span>
    </p>
   </div>
   <div class='ocr_carea' id='block_1_115' title="bbox 2004 5159 3650 5236">
    <p class='ocr_par' dir='ltr' id='par_1_115' title="bbox 2004 5159 3650 5236">
     <span class='ocr_line' id='line_1_117' title="bbox 2004 5159 3650 5236; baseline 0.004 -22"><span class='ocrx_word' id='word_1_815' title='bbox 2004 5162 2114 5214; x_wconf 91' lang='lat' dir='ltr'><strong>bus</strong></span> <span class='ocrx_word' id='word_1_816' title='bbox 2148 5159 2299 5215; x_wconf 90' lang='lat' dir='ltr'><strong>licet.</strong></span> <span class='ocrx_word' id='word_1_817' title='bbox 2337 5160 2722 5232; x_wconf 89' lang='lat' dir='ltr'><strong>Nequaquam</strong></span> <span class='ocrx_word' id='word_1_818' title='bbox 2745 5162 2902 5216; x_wconf 90' lang='lat' dir='ltr'><strong>enim</strong></span> <span class='ocrx_word' id='word_1_819' title='bbox 2936 5162 2994 5216; x_wconf 94' lang='lat' dir='ltr'><strong>in</strong></span> <span class='ocrx_word' id='word_1_820' title='bbox 3017 5164 3199 5217; x_wconf 77' lang='lat' dir='ltr'><strong>sacris</strong></span> <span class='ocrx_word' id='word_1_821' title='bbox 3221 5164 3468 5236; x_wconf 87' lang='lat' dir='ltr'><strong>eloquiis</strong></span> <span class='ocrx_word' id='word_1_822' title='bbox 3489 5167 3650 5221; x_wconf 90' lang='lat' dir='ltr'><strong>inve-</strong></span> 
     </span>
    </p>
   </div>
   <div class='ocr_carea' id='block_1_116' title="bbox 2005 5248 3575 5321">
    <p class='ocr_par' dir='ltr' id='par_1_116' title="bbox 2005 5248 3575 5321">
     <span class='ocr_line' id='line_1_118' title="bbox 2005 5248 3575 5321; baseline 0.003 -17"><span class='ocrx_word' id='word_1_823' title='bbox 2005 5248 2182 5315; x_wconf 91' lang='lat' dir='ltr'><strong>nitur,</strong></span> <span class='ocrx_word' id='word_1_824' title='bbox 2217 5249 2374 5320; x_wconf 91' lang='lat' dir='ltr'><strong>quod</strong></span> <span class='ocrx_word' id='word_1_825' title='bbox 2409 5249 2544 5304; x_wconf 90' lang='lat' dir='ltr'><strong>huic</strong></span> <span class='ocrx_word' id='word_1_826' title='bbox 2576 5249 2833 5321; x_wconf 90' lang='lat' dir='ltr'><strong>capitulo</strong></span> <span class='ocrx_word' id='word_1_827' title='bbox 2861 5252 3257 5307; x_wconf 88' lang='lat' dir='ltr'><strong>contradicere</strong></span> <span class='ocrx_word' id='word_1_828' title='bbox 3288 5255 3575 5308; x_wconf 84' lang='lat' dir='ltr'><strong>videatur.</strong></span> 
     </span>
    </p>
   </div>
   <div class='ocr_carea' id='block_1_117' title="bbox 2003 5338 3653 5409">
    <p class='ocr_par' dir='ltr' id='par_1_117' title="bbox 2003 5338 3653 5409">
     <span class='ocr_line' id='line_1_119' title="bbox 2003 5338 3653 5409; baseline 0.002 -15"><span class='ocrx_word' id='word_1_829' title='bbox 2003 5342 2131 5394; x_wconf 82' lang='lat' dir='ltr'><strong>CAP.</strong></span> <span class='ocrx_word' id='word_1_830' title='bbox 2163 5338 2254 5391; x_wconf 89' lang='grc'><strong>28.</strong></span> <span class='ocrx_word' id='word_1_831' title='bbox 2285 5369 2349 5378; x_wconf 96' lang='grc'><strong>-</strong></span> <span class='ocrx_word' id='word_1_832' title='bbox 2381 5338 2536 5406; x_wconf 84' lang='lat' dir='ltr'><strong>Quod</strong></span> <span class='ocrx_word' id='word_1_833' title='bbox 2558 5355 2679 5394; x_wconf 90' lang='lat' dir='ltr'><strong>cum</strong></span> <span class='ocrx_word' id='word_1_834' title='bbox 2701 5355 2943 5394; x_wconf 86' lang='lat' dir='ltr'><strong>noverca</strong></span> <span class='ocrx_word' id='word_1_835' title='bbox 2966 5340 3190 5396; x_wconf 79' lang='lat' dir='ltr'><strong>misceri</strong></span> <span class='ocrx_word' id='word_1_836' title='bbox 3214 5343 3433 5409; x_wconf 83' lang='lat' dir='ltr'><strong>grande</strong></span> <span class='ocrx_word' id='word_1_837' title='bbox 3455 5343 3526 5397; x_wconf 84' lang='lat' dir='ltr'><strong>sit</strong></span> <span class='ocrx_word' id='word_1_838' title='bbox 3542 5359 3653 5397; x_wconf 87' lang='lat' dir='ltr'><strong>sce-</strong></span> 
     </span>
    </p>
   </div>
   <div class='ocr_carea' id='block_1_118' title="bbox 2079 5410 3652 5552">
    <p class='ocr_par' dir='ltr' id='par_1_118' title="bbox 2079 5410 3652 5552">
     <span class='ocr_line' id='line_1_120' title="bbox 2079 5410 3652 5487; baseline 0.005 -25"><span class='ocrx_word' id='word_1_839' title='bbox 2079 5411 2184 5466; x_wconf 83' lang='lat' dir='ltr'><strong>lus.</strong></span> <span class='ocrx_word' id='word_1_840' title='bbox 2218 5426 2337 5480; x_wconf 87' lang='lat' dir='ltr'><strong>cap.</strong></span> <span class='ocrx_word' id='word_1_841' title='bbox 2371 5410 2459 5463; x_wconf 89' lang='lat'><strong>37.</strong></span> <span class='ocrx_word' id='word_1_842' title='bbox 2496 5411 2785 5479; x_wconf 87' lang='lat' dir='ltr'><strong>Gregorius</strong></span> <span class='ocrx_word' id='word_1_843' title='bbox 2813 5413 3096 5483; x_wconf 86' lang='lat' dir='ltr'><strong>respondet</strong></span> <span class='ocrx_word' id='word_1_844' title='bbox 3124 5413 3425 5484; x_wconf 82' lang='lat' dir='ltr'><strong>Augustino</strong></span> <span class='ocrx_word' id='word_1_845' title='bbox 3473 5415 3652 5487; x_wconf 85' lang='lat' dir='ltr'><strong>(Greg.</strong></span> 
     </span>
     <span class='ocr_line' id='line_1_121' title="bbox 2079 5480 2736 5552; baseline 0.003 -18"><span class='ocrx_word' id='word_1_846' title='bbox 2079 5480 2308 5550; x_wconf 86' lang='lat' dir='ltr'><strong>ibidem,</strong></span> <span class='ocrx_word' id='word_1_847' title='bbox 2335 5497 2383 5536; x_wconf 90' lang='lat' dir='ltr'><strong>c.</strong></span> <span class='ocrx_word' id='word_1_848' title='bbox 2415 5484 2489 5552; x_wconf 80' lang='lat' dir='ltr'><strong>ti).</strong></span> <span class='ocrx_word' id='word_1_849' title='bbox 2733 5517 2736 5520; x_wconf 90' lang='grc'><strong>-</strong></span> 
     </span>
    </p>
   </div>
   <div class='ocr_carea' id='block_1_119' title="bbox 2294 5517 2736 5550">
    <p class='ocr_par' dir='ltr' id='par_1_119' title="bbox 2294 5517 2736 5550">
     <span class='ocr_line' id='line_1_122' title="bbox 2294 5517 2736 5550; baseline -0.002 -14"><span class='ocrx_word' id='word_1_850' title='bbox 2294 5525 2308 5550; x_wconf 73' lang='lat'><strong>,</strong></span> <span class='ocrx_word' id='word_1_851' title='bbox 2335 5517 2383 5536; x_wconf 76' lang='grc' dir='ltr'><strong>νο</strong></span> <span class='ocrx_word' id='word_1_852' title='bbox 2415 5517 2489 5550; x_wconf 69' lang='grc' dir='ltr'><strong>υ).</strong></span> <span class='ocrx_word' id='word_1_853' title='bbox 2733 5517 2736 5520; x_wconf 78' lang='grc'><strong>”</strong></span> 
     </span>
    </p>
   </div>
   <div class='ocr_carea' id='block_1_120' title="bbox 2081 5568 3660 5648">
    <p class='ocr_par' dir='ltr' id='par_1_120' title="bbox 2081 5568 3660 5648">
     <span class='ocr_line' id='line_1_123' title="bbox 2081 5568 3660 5648; baseline 0.004 -23"><span class='ocrx_word' id='word_1_854' title='bbox 2081 5568 2226 5626; x_wconf 88' lang='lat' dir='ltr'><strong>Cum</strong></span> <span class='ocrx_word' id='word_1_855' title='bbox 2263 5584 2518 5626; x_wconf 85' lang='lat' dir='ltr'><strong>noverca</strong></span> <span class='ocrx_word' id='word_1_856' title='bbox 2545 5569 2780 5626; x_wconf 82' lang='lat' dir='ltr'><strong>misceri</strong></span> <span class='ocrx_word' id='word_1_857' title='bbox 2808 5585 2982 5642; x_wconf 85' lang='lat' dir='ltr'><strong>grave</strong></span> <span class='ocrx_word' id='word_1_858' title='bbox 3012 5569 3238 5628; x_wconf 80' lang='lat' dir='ltr'><strong>facinus</strong></span> <span class='ocrx_word' id='word_1_859' title='bbox 3270 5577 3379 5641; x_wconf 87' lang='lat' dir='ltr'>est,</span> <span class='ocrx_word' id='word_1_860' title='bbox 3441 5575 3577 5648; x_wconf 88' lang='lat' dir='ltr'><strong>quia</strong></span> <span class='ocrx_word' id='word_1_861' title='bbox 3600 5577 3660 5632; x_wconf 88' lang='lat' dir='ltr'><strong>in</strong></span> 
     </span>
    </p>
   </div>
  </div>
