3972 6056
348 274 457 329 663

1442 271 1508 321 D.
1548 267 1790 322 IVONIS
1825 268 2323 326 CARNOTENSIS
2358 274 2677 330 EPISCOPI

3663 263 3789 318 664

351 397 480 468 lege
498 394 784 468 scriptum
807 398 929 451 est:
958 393 1375 464 Turpitudinem
1391 395 1569 464 patris
1595 394 1682 447 tui
1703 408 1810 448 non
1842 409 2001 448 reve-
2031 399 2086 462 Α
2115 400 2253 451 nota
2282 402 2390 466 est,
2425 399 2527 470 qui
2557 401 2721 454 bona:
2756 399 2924 454 fama
2946 400 3003 451 et
3024 393 3247 450 veracis
3277 389 3605 449 testimonii
3629 389 3785 458 sint,

355 487 496 540 labis
529 485 674 557 (Leu.
707 485 896 556 xvm),
930 500 1122 554 neque
1153 483 1310 536 enim
1342 481 1775 552 turpitudinem
1827 483 2010 554 patris

366 573 527 630 filius
557 573 809 629 revelare
842 577 1054 644 potest,
1079 571 1180 625 sed
1209 569 1348 640 quia
1369 569 1658 639 scriptum
1682 575 1804 623 est:
1831 573 2012 624 Erunt

365 664 472 718 duo
493 665 551 717 in
579 651 745 717 carne
777 680 889 716 una
924 661 1083 730 (Gen.
1115 658 1200 726 ιι),
1235 659 1334 727 qui
1371 658 1793 728 turpitudinem
1819 675 2015 714 nover-

362 767 439 806 ca:
472 768 598 822 qua:
637 769 751 805 una
782 767 913 804 caro
947 764 1075 802 cum
1112 756 1274 817 patre
1306 745 1434 816 fuit,
1456 746 1707 803 revelare
1735 764 2012 817 prresum-

359 840 562 912 pscrit,
598 841 853 911 profecto
886 837 1066 908 patris
1099 835 1522 906 turpitudinem
1544 837 1841 891 revelabit.
1869 837 2012 890 Cum

363 934 617 1000 cognata
648 943 880 998 quoque
912 923 1144 979 misceri
1177 924 1541 994 prohibitum
1590 930 1698 991 est,
1733 925 1873 996 quia
1915 941 2018 995 per

371 1016 842 1087 conjunctionem
875 1012 1224 1085 [coniugem]
1249 1013 1501 1083 priorem
1524 1031 1657 1069 caro
1681 1013 1879 1068 fratris
1899 1015 2016 1068 fue-

364 1106 444 1160 rit
474 1108 757 1176 l'acta,pro
786 1121 902 1175 qua
931 1120 992 1158 re
1024 1102 1197 1158 etiam
1227 1101 1485 1157 Joannes
1517 1103 1778 1172 Baptista
1806 1103 2014 1173 capite,

363 1197 676 1248 truncatus
706 1197 795 1248 est
844 1192 1046 1262 (Matth.
1097 1189 1235 1259 xw),
1267 1194 1324 1244 et
1367 1195 1567 1245 sancto
1618 1189 1891 1261 martyrio
1931 1193 2020 1244 est

363 1287 819 1337 consummatus
847 1283 1203 1354 [coronatus,
1231 1285 1416 1354 Orig]

373 1391 504 1445 CAP.
546 1391 634 1443 29.
667 1419 737 1463 -τ
797 1392 860 1446 Ut
915 1407 1038 1445 cum
1068 1393 1155 1446 his
1180 1395 1276 1463 qui
1330 1407 1386 1444 se
1445 1393 1649 1444 incesta
1717 1387 2021 1463 pollutione

439 1462 858 1530 commuculant,
891 1463 1041 1517 nutti
1066 1458 1512 1518 Christianorum
1544 1477 1641 1515 nec
1670 1458 1879 1514 victum
1927 1473 2019 1511 su-

443 1542 617 1588 mant.
645 1532 916 1588 Iterdense
943 1551 1116 1604 conc.,
1148 1552 1268 1606 cap.
1303 1535 1356 1588 4.

445 1622 512 1677 Hi
530 1623 630 1693 qui
648 1621 874 1678 incesta
897 1622 1222 1694 pollutione
1242 1639 1304 1678 se
1323 1619 1784 1688 commaculant,
1805 1615 2024 1688 placuit

381 1715 445 1766 ut
475 1727 780 1782 quousque
810 1711 868 1766 in
923 1712 1050 1782 ipso
1091 1713 1436 1767 detestando
1485 1715 1540 1766 et
1588 1708 1790 1763 illicito
1833 1705 2024 1761 carnis

376 1800 760 1854 contubernio
793 1807 1186 1871 perseverant,
1211 1818 1395 1873 usque
1428 1801 1495 1855 ad
1529 1799 1769 1853 missam
1795 1801 2021 1850 tantum

379 1889 932 1944 catechumenorum
954 1891 1008 1944 in
1035 1890 1278 1947 ecclesia
1300 1890 1711 1952 admittuntur,
1735 1903 1866 1941 cum
1894 1883 2022 1956 qui-

378 1979 492 2034 bus
524 1978 700 2033 etiam
733 1995 836 2034 nec
886 1980 1082 2034 cibum
1133 1998 1365 2035 sumere
1419 1979 1605 2034 ullum
1655 1976 2016 2032 Christiano-

379 2084 509 2121 rum
543 2065 718 2138 (sicut
741 2069 926 2137 jussit
957 2069 1272 2140 Apostolus
1305 2070 1350 2140 [1
1383 2070 1505 2125 Cor.
1532 2069 1609 2137 v])
1634 2070 1879 2137 oportet.

379 2165 518 2219 CAP.
553 2166 642 2220 30.
677 2198 744 2207 —
769 2167 917 2234 Quod
950 2169 1098 2224 idem
1144 2169 1490 2224 sentiendum
1536 2169 1608 2221 sit
1659 2165 1723 2220 de
1771 2173 2027 2219 materna

451 2238 614 2311 tinea
637 2243 1154 2311 consanguinitatis,
1188 2241 1329 2311 quod
1363 2240 1428 2295 de
1477 2247 1732 2310 paterna.
1766 2236 2026 2290 Nicotaus

450 2309 648 2364 Carolo
678 2309 1047 2382 arhiepiscopo
1078 2309 1420 2380 illag'untino.

459 2401 536 2451 De
567 2399 1101 2471 consanguinitatis
1132 2401 1566 2472 propinquitate
1589 2403 1765 2468 atque
1786 2397 2028 2466 conjun-

379 2485 592 2554 ctione,
626 2503 801 2558 quam
838 2489 990 2560 apud
1024 2506 1126 2545 vos
1161 2490 1282 2545 fieri
1318 2489 1534 2554 dicitis,
1559 2504 1735 2558 quam
1760 2485 2026 2539 illicitam

370 2575 736 2646 judicamus,
771 2577 878 2632 hoc
909 2579 978 2633 de
1011 2585 1274 2634 materna
1305 2580 1595 2634 sentimus
1619 2574 1950 2645 linea,quod
1973 2577 2028 2628 et

379 2665 449 2718 de
469 2669 709 2735 paterna
730 2685 742 2732 ;
761 2668 978 2737 quibus
1006 2668 1181 2722 talem
1199 2669 1672 2739 conjunctionem
1693 2663 1879 2719 modis
1901 2679 2026 2717 om-

379 2751 554 2806 nibus
588 2753 948 2809 inhibemus.

379 2849 514 2930 CAr.
547 2851 634 2930 3t.
673 2881 739 2890 —
773 2853 832 2930 Ut
865 2855 1187 2930 incestuosis
1225 2856 1341 2930 post
1389 2853 1621 2930 dignum
1641 2857 2024 2930 pmnitentiam

451 2921 611 2974 liceat
641 2925 1002 2977 matrimonia
1034 2921 1376 2988 contrahere,
1399 2941 1469 2978 ne
1493 2921 1906 2980 absorbeantur.
1927 2929 2026 2983 Ni-

452 2991 636 3046 cotaus
659 2992 860 3072 Carolo
890 2997 1295 3072 archiepiscOpo
1310 2999 1367 3072 _c_t_
1395 2999 1520 3065 eius
1547 2998 1913 3072 suﬂruganeis
1944 2997 2027 3068 (in

449 3077 619 3116 rescr.
651 3067 738 3118 tit.
770 3081 904 3129 xvu,
935 3082 981 3120 c.
1013 3068 1087 3133 5;
1118 3083 1267 3121 conc.
1310 3069 1567 3122 Wormat.
1600 3085 1646 3122 c.
1680 3070 1792 3136 33).

449 3151 560 3220 (33,
594 3168 646 3223 q.
676 3153 731 3217 2,
760 3169 809 3207 c.
845 3153 905 3207 Si
951 3154 1072 3225 quis
1104 3157 1276 3226 cum.)
1324 3156 1382 3210 Si
1433 3157 1565 3226 quis
1615 3174 1747 3212 cum
1794 3157 2026 3212 duabus

378 3239 681 3295 sororibus
716 3242 1037 3298 fornicatus
1071 3244 1246 3298 fuerit
1279 3249 1380 3298 aut
1432 3261 1565 3298 cum
1616 3245 1710 3300 his
1761 3247 2023 3316 personis

377 3327 448 3381 de
480 3329 696 3398 quibus
729 3347 896 3386 sacra
916 3330 1216 3403 Scriptura
1240 3333 1530 3404 prohibet,
1557 3333 1606 3388 si
1629 3334 1866 3406 dignam
1891 3350 2022 3406 ege-

377 3415 454 3470 rit
485 3418 884 3488 pmnitentiam
907 3426 963 3474 et
994 3421 1284 3477 castitatis
1318 3439 1431 3476 non
1458 3422 2024 3479 valueritcontinen-

376 3507 520 3560 tiam
553 3507 866 3577 sustinere,
896 3509 1065 3564 liceat
1096 3510 1146 3564 ei
1168 3509 1485 3578 legitimam
1511 3512 1568 3566 in
1593 3513 1864 3584 conjugio
1885 3530 2022 3568 uxo-

379 3611 504 3649 rem
537 3596 819 3666 accipere.
855 3598 1140 3654 Similiter
1162 3600 1370 3655 mulier
1399 3618 1523 3671 quas
1556 3601 1658 3656 tali
1691 3602 1867 3657 fuerit
1897 3619 2024 3658 sce-

379 3681 498 3738 lere
547 3684 734 3756 lapsa,
790 3691 853 3741 ut
919 3689 1323 3744 fornicationis
1373 3707 1487 3744 non
1549 3691 1903 3761 perducatur
1951 3692 2022 3746 ad

379 3771 578 3842 chaos,
614 3775 895 3843 perficiat.
923 3778 1033 3831 Sed
1067 3777 1174 3832 hoc
1208 3779 1278 3834 de
1309 3778 1473 3833 laicis
1505 3779 1643 3834 viris
1674 3797 1740 3834 ac
1764 3780 2022 3834 mulieri-

378 3860 489 3915 bus
523 3861 895 3919 solummodo
926 3866 1274 3921 statuimus.

375 3971 508 4021 CAP.
539 3968 629 4022 32.
658 3999 726 4042 έ-
760 3971 820 4026 Ut
841 3972 1165 4042 conjugium
1196 3975 1473 4026 occasione
1518 3975 2022 4040 consanguinitatis

443 4055 551 4094 non
608 4041 875 4097 solvatur.
927 4041 1237 4097 Alexander
1281 4045 1331 4098 ll
1378 4043 1666 4098 Guitz'elmo
1721 4047 1785 4101 de
1838 4046 2021 4100 Mona-

445 4113 673 4167 sterioto
703 4114 1084 4184 [Monstrotico
1113 4113 1229 4185 leg.
1265 4114 1574 4185 Gratiam].

369 4197 482 4270 (35,
510 4217 561 4270 q.
595 4202 652 4266 6,
705 4217 751 4255 c.
816 4202 1150 4270 Multorum.)
1207 4201 1525 4256 Multorum
1588 4202 1869 4260 relatione
1926 4222 2020 4261 co-

369 4289 683 4358 gnovimus
699 4291 1062 4361 tepropriam
1079 4289 1222 4346 velle
1239 4291 1490 4361 abjicere
1515 4309 1749 4348 uxorem
1765 4299 1821 4349 et
1835 4295 1903 4349 ad
1915 4295 2023 4349 haz-

369 4391 498 4430 rere
523 4376 711 4444 alteri,
735 4380 1192 4448 praetendentem
1216 4380 1747 4452 consanguinitatis
1771 4383 2022 4438 occasio-

371 4479 529 4517 nem.
547 4463 708 4519 Unde
724 4466 1039 4536 apostolica
1053 4469 1398 4525 auctoritate
1415 4470 1828 4527 inderdicendo
1848 4489 2018 4527 man-

373 4550 585 4606 damus
617 4552 741 4619 tibi,
777 4558 840 4608 ut
872 4554 1020 4610 hanc
1045 4573 1217 4627 quam
1243 4575 1398 4614 nunc
1421 4558 1598 4614 habes
1625 4577 1862 4616 uxorem
1888 4561 2018 4615 nul-

370 4638 604 4696 latenus
633 4659 952 4712 prsesumas
970 4646 1266 4703 dimittere
1281 4648 1366 4703 vel
1391 4648 1568 4703 aliam
1584 4649 1814 4716 ducere,
1838 4651 2018 4705 donec

370 4728 779 4801 episcoporum
814 4733 1217 4804 religiosorum
1251 4737 1562 4792 concilium
1587 4737 2017 4793 causamistam

370 4819 814 4876 examinaverit.

368 4909 502 4961 CAP.
537 4908 627 4964 33.
657 4938 728 4952 —
763 4912 824 4967 Ut
858 4916 1080 4982 propter
1126 4916 1664 4983 consanguinitatem
1701 4915 1818 4970 nisi
1860 4917 2017 4980 fura~

437 4985 626 5056 mento
655 4985 960 5056 probatam,
991 5000 1102 5038 non
1149 4987 1396 5039 solvatur
1438 4989 1778 5056 coniugium.
1836 4989 2014 5044 Urba-

437 5065 540 5104 nus
573 5054 625 5107 II
659 5053 887 5136 Cyriaco
933 5055 1203 5137 Genuensi
1263 5060 1508 5137 episcopo
1546 5053 1853 5129 ’[llichardo
1905 5061 2013 5116 Ja-

434 5138 601 5176 nuen.
637 5129 902 5196 episcopo,
937 5125 1111 5181 habet
1141 5125 1451 5199 Gratiam];

436 5211 549 5283 (35,
579 5230 630 5284 q.
663 5216 716 5284 6,
749 5232 795 5268 c.
830 5215 1228 5286 Noliﬁcamus.)
1264 5217 1650 5275 Notiﬁcamus
1693 5219 1820 5288 tibi,
1858 5222 1921 5273 ut
1961 5220 2010 5274 si

363 5302 482 5355 tres
515 5306 615 5357 aut
647 5303 760 5359 duo
795 5319 863 5360 ex
899 5304 1536 5378 propinquoribusjam
1561 5309 1845 5363 defuncta:
1871 5325 2010 5363 uxo-

366 5389 448 5444 ris
479 5391 606 5461 ejus
639 5392 739 5466 qui
771 5399 1082 5448 accusatur
1111 5393 1196 5450 vel
1228 5393 1390 5466 vivze,
1425 5397 1575 5452 hanc
1607 5396 2012 5468 propinquita-

363 5480 481 5533 tem
506 5480 895 5553 jurejurando
926 5483 1306 5554 ﬁrmaverint,
1339 5484 1427 5541 vel
1442 5490 1561 5543 tres
1578 5487 1806 5543 autduo
1821 5501 1888 5541 ex
1901 5503 2008 5541 an-

368 5567 723 5640 tiquioribus
755 5573 1163 5631 Genucnsibus
1197 5575 1414 5645 quibus
1445 5576 1566 5635 haec
1598 5575 2009 5650 propinquitas

2122 492 2341 542 remoto
2372 504 2593 557 amore,
2626 488 2856 554 timore,
2884 487 3090 558 pretio,
3115 489 3172 538 et
3192 483 3348 538 omni
3373 480 3524 535 malo
3551 479 3782 545 studio,

2123 576 2458 648 supradicto
2479 578 2648 632 modo
2663 575 3234 646 consanguinitatem
3252 568 3787 634 firmaverint,sine

2123 667 2282 720 omni
2317 685 2480 722 mora
2511 665 2781 736 conjugis
2805 663 3220 718 dissolvantur.
3247 660 3408 724 Quod
3445 658 3494 713 si
3529 656 3783 728 propin-

2124 757 2223 824 qui
2255 756 2340 810 vel
2374 755 2632 810 extranei
2666 752 2824 808 verbi
2859 757 3085 807 tantum
3139 747 3636 820 propinquitatem
3693 750 3784 798 te-

2125 850 2376 914 stantur,
2407 850 2463 899 et
2486 845 2826 913 juramento
2855 841 3100 912 probare
3131 838 3221 893 vel
3253 836 3545 892 noluerint
3573 833 3662 889 vel
3687 851 3787 888 ne-

2123 933 2434 1002 quiverint,
2469 932 2811 1002 conjugium
2861 928 3204 984 nullatenus
3259 924 3640 991 dissolvatur,
3675 923 3786 978 sed

2125 1027 2463 1093 competens
2496 1038 2525 1075 e
2558 1019 2898 1092 poenitentia
2923 1023 3158 1088 propter
3191 1015 3496 1070 infamiam
3529 1011 3617 1067 vel
3652 1028 3789 1084 pec-

2126 1111 2236 1166 cati
2272 1111 2563 1164 maculam
2598 1109 2670 1180 (si
2704 1109 2848 1163 forte
2875 1107 2936 1161 in
2969 1106 3079 1160 hac
3111 1121 3171 1160 re
3210 1101 3608 1160 contraxerint
3665 1101 3784 1154 ali-

2128 1200 2326 1270 quam)
2357 1199 2722 1269 injungatur.

2127 1325 2260 1378 CAP.
2295 1323 2383 1378 34.
2414 1353 2483 1362 -
2516 1322 2668 1390 Quod
2698 1319 3029 1388 spiritualis
3073 1313 3593 1390 prap-inqu.itas_sit_
3633 1313 3790 1367 inter

2199 1384 2620 1465 compa-tremet
2651 1384 2908 1453 ﬁliolum.
2943 1384 3241 1465 Besnonsio
3271 1384 3490 1444 Nicotai
3519 1384 3594 1441 ad
3643 1401 3786 1441 con-

2198 1463 2344 1521 sulta
2374 1467 2758 1537 Bulgarorum,
2783 1481 2902 1535 cap.
2936 1463 2990 1516 3.

2204 1583 2313 1649 (30,
2348 1599 2398 1653 q.
2430 1597 2478 1636 c.
2512 1583 2613 1649 Ita)
2648 1583 2733 1635 ita
2764 1579 3005 1650 diligere
3036 1577 3207 1632 debet
3226 1575 3402 1630 homo
3429 1589 3560 1628 eum
3593 1573 3699 1642 qui
3725 1587 3787 1626 se

2132 1671 2382 1742 suscipit
2413 1687 2479 1725 ex
2513 1687 2675 1725 sacro
2709 1669 2875 1735 forte,
2909 1667 3060 1721 sicut
3094 1674 3337 1736 patrem.
3373 1665 3471 1716 Est
3500 1661 3658 1716 enim
3687 1661 3785 1715 in-

2054 1770 2100 1833 B
2133 1768 2216 1815 ter
2247 1765 2437 1830 patres
2454 1764 2511 1814 et
2524 1757 2674 1813 filios
2694 1755 3031 1829 Spirituales
3050 1753 3304 1826 gratuita
3322 1756 3377 1806 et
3395 1755 3600 1805 sancta
3625 1748 3788 1819 [Gra-

2134 1851 2230 1903 tia.
2262 1850 2339 1903 sic
2371 1848 2560 1903 habet:
2593 1847 2731 1901 Item
2764 1849 2853 1901 est
2882 1845 3034 1898 inter
3067 1843 3276 1896 fratres
3334 1845 3390 1895 et
3421 1837 3575 1893 ﬁlios
3602 1838 3786 1909 spiri-

2130 1936 2321 1992 tuales
2353 1936 2607 2008 gratuita
2637 1941 2694 1990 et
2723 1937 2945 2000 sancta,
2979 1932 3113 2002 etc.]
3148 1927 3485 1985 communio
3508 1944 3638 1998 quas
3663 1942 3785 1980 non

2135 2032 2222 2082 est
2244 2026 2488 2080 dicenda
2512 2023 3015 2095 consanguinitas,
3042 2021 3140 2075 sed
3166 2018 3358 2090 potius
3376 2017 3647 2071 habenda
3663 2015 3785 2086 spi-

2135 2115 2366 2171 ritualis
2399 2114 2759 2185 proximitas.
2797 2111 2960 2166 Unde
2983 2110 3135 2164 inter
3159 2125 3259 2164 eos
3281 2123 3394 2160 non
3420 2104 3789 2160 arbitramur

2134 2220 2262 2260 esse
2280 2202 2578 2274 quodlibet
2594 2218 2762 2273 posse
2778 2198 3083 2271 conjugale
3097 2196 3484 2260 connubium,
3510 2210 3584 2264 qu
3595 2209 3665 2246 an
3676 2192 3791 2245 do-

2137 2294 2371 2365 quidem
2404 2308 2507 2346 nec
2540 2292 2693 2345 inter
2708 2306 2807 2345 eos
2826 2289 2924 2360 qui
2947 2293 3176 2352 natura,
3198 2291 3255 2340 et
3275 2301 3374 2339 eos
3398 2282 3498 2354 qui
3519 2279 3794 2352 adoptio-

2137 2401 2208 2438 ne
2241 2381 2342 2436 ﬁlii
2375 2386 2534 2446 sunt,
2567 2380 2908 2435 veneranda:
2940 2379 3209 2432 Romana:
3260 2374 3416 2445 leges
3469 2371 3788 2426 matrimo-

2140 2474 2304 2526 nium
2333 2469 2595 2524 contrahi
2630 2467 2996 2540 permittunt.
3033 2467 3195 2521 Item.
3227 2462 3282 2517 Si
3317 2463 3470 2516 inter
3518 2476 3618 2515 eos
3669 2475 3792 2513 non

2139 2560 2506 2617 contrahitur
2564 2556 3000 2612 matrimonium
3073 2570 3219 2626 quos
3284 2550 3520 2622 adoptio
3561 2548 3791 2620 jungit,

2139 2655 2360 2721 quanto
2392 2648 2586 2716 potius
2611 2664 2643 2702 a
2663 2645 2882 2702 carnali
2907 2648 3129 2714 oportet
3155 2642 3304 2696 inter
3320 2657 3379 2696 se
3396 2638 3787 2694 contubernio

2137 2756 2388 2806 cessare,
2415 2753 2563 2808 quos
2587 2753 2688 2808 per
2709 2734 2937 2790 caeleste
2966 2734 3400 2786 sacramentum
3423 2728 3792 2798 regeneratio

2137 2828 2324 2882 sancti
2390 2826 2647 2898 Spiritus
2679 2823 2902 2878 vincit?
2933 2823 3126 2892 Longe
3157 2819 3338 2891 igitur
3367 2815 3792 2888 congruentius

2140 2917 2296 2970 ﬁlius
2317 2915 2499 2988 patris
2522 2913 2634 2969 mei
2661 2912 2746 2968 vel
2768 2913 2944 2967 frater
2968 2927 3134 2965 meus
3158 2906 3488 2981 appellatur
3510 2905 3583 2972 is,
3609 2920 3790 2976 quem

2141 3005 2328 3076 gratia
2357 3003 2574 3072 divina,
2607 3019 2782 3074 quam
2812 3017 2985 3072 quem
3022 2999 3281 3054 humana
3310 2995 3580 3052 voluntas
3613 3000 3678 3048 ut
3721 2994 3790 3047 fi-

2142 3094 2257 3149 lius
2289 3095 2416 3163 ejus
2447 3092 2535 3147 vel
2566 3093 2741 3146 frater
2772 3107 2940 3145 meus
2971 3093 3147 3157 esset,
3179 3087 3375 3158 elegit,
3406 3083 3790 3157 prudentius-

2142 3197 2258 3252 que
2289 3182 2360 3234 ab
2392 3181 2617 3234 alterna
2639 3178 3043 3234 commistione
3064 3176 3440 3232 secernimur.

2134 3288 2266 3342 CAP.
2303 3286 2391 3340 35.
2423 3317 2494 3326 —
2523 3287 2596 3340 Ne
2621 3286 2748 3355 quis
2780 3300 2952 3340 uxore
2986 3284 3248 3353 defuncta
3277 3284 3632 3355 commatrem
3665 3278 3791 3355 ejus

2203 3359 2384 3413 ducat.
2421 3357 2565 3412 Idem
2593 3349 2883 3412 Salomoni
2923 3349 3341 3410 Constantiensi
3398 3354 3645 3423 episcopo
3703 3349 3791 3420 (in

2205 3446 2348 3486 resc.
2388 3429 2475 3484 tit.
2508 3445 2622 3498 χιχ,
2654 3445 2702 3483 c.
2736 3429 2811 3495 4).

2207 3529 2315 3597 (30,
2332 3545 2382 3599 q.
2399 3529 2449 3592 4,
2465 3543 2510 3580 c.
2544 3526 2926 3592 Sciscitatur.)
2952 3523 3295 3580 Sciscitatur
3315 3538 3348 3577 a
3371 3521 3542 3576 nobis
3567 3518 3789 3574 sancti-

2135 3622 2224 3672 tas
2256 3622 2472 3685 vestra,
2506 3615 2555 3671 si
2587 3615 2803 3686 aliquis
2834 3613 3004 3669 homo
3036 3614 3184 3668 duas
3216 3613 3571 3667 commatres
3599 3608 3785 3680 spiri-

2132 3705 2323 3762 tuales
2355 3706 2569 3760 habere
2598 3703 2808 3769 valeat,
2845 3719 3022 3758 uuam
3057 3707 3190 3773 post
3219 3701 3507 3766 alteram;
3543 3697 3605 3752 in
3665 3713 3784 3768 quo

2133 3795 2467 3850 fraternitas
2496 3799 2599 3849 tua
2633 3792 2975 3848 meminisse
3035 3791 3208 3846 debet
3261 3789 3552 3860 scriptum
3611 3801 3782 3841 esse:

2133 3888 2318 3940 Erunt
2348 3885 2452 3939 duo
2480 3883 2538 3937 in
2561 3898 2740 3939 carne
2767 3898 2888 3937 una
2920 3880 3071 3952 (Gen.
3106 3880 3190 3951 ιι).
3223 3880 3426 3949 Itaque
3471 3892 3606 3932 cum
3641 3891 3785 3930 con-

2131 3979 2245 4030 stet
2277 3973 2414 4046 quia
2442 3972 2530 4028 vir
2558 3977 2614 4028 et
2645 3988 2788 4026 uxor
2819 3987 2936 4025 una
2968 3985 3100 4024 caro
3133 3984 3235 4039 per
3260 3966 3623 4022 connubium
3656 3963 3785 4018 efﬁ-

2131 4063 2384 4130 ciuntur,
2417 4065 2599 4117 restat
2630 4060 2909 4116 nimirum
2943 4060 3132 4113 virum
3165 4061 3525 4128 compatrem
3559 4053 3782 4109 consti-

2135 4153 2220 4209 tui
2246 4151 2331 4206 illi
2372 4150 2626 4217 mulieri,
2663 4150 2833 4220 cujus
2864 4147 3242 4203 matrimonio
3274 4150 3581 4214 assumpta
3632 4159 3780 4198 uxor

2129 4245 2452 4297 commater
2480 4256 2607 4296 esse
2637 4239 2984 4304 videbatur;
3018 4242 3076 4292 et
3104 4235 3321 4291 idcirco
3351 4233 3540 4305 liquet
3585 4231 3775 4287 virum

2128 4330 2213 4385 illi
2244 4329 2472 4385 feminae
2504 4345 2618 4383 non
2653 4345 2824 4399 posse
2847 4326 3015 4397 jungi
3049 4327 3107 4380 in
3159 4322 3389 4395 copula,
3433 4339 3559 4394 qua:
3613 4337 3776 4376 com-

2130 4424 2319 4474 mater
2347 4424 2472 4474 erat
2503 4419 2654 4488 ejus,
2687 4433 2820 4472 cum
2852 4433 2968 4488 qua
2998 4415 3153 4471 idem
3184 4430 3304 4469 una
3335 4412 3508 4468 fuerit
3539 4427 3672 4466 caro
3695 4410 3779 4466 ef-

2049 4504 2099 4566 D
2129 4509 2338 4564 fectus.

2128 4619 2267 4672 CAP.
2301 4614 2389 4667 36.
2421 4644 2491 4654 —
2520 4615 2598 4668 Ne
2627 4614 2749 4684 quis
2780 4611 3031 4684 ﬁliolam
3070 4610 3153 4684 vel
3198 4614 3566 4684 commatrem
3613 4605 3777 4684 ducat

2199 4701 2454 4740 uxorem.
2482 4679 2846 4740 Idem—Carolo
2877 4683 3282 4752 archiepiscOpo
3312 4685 3363 4736 et
3395 4682 3515 4752 ejus
3561 4679 3770 4749 suﬂra-

2199 4701 2454 4740 uxorem.
2482 4697 2622 4740 Idem
2655 4697 2846 4740 θανοιο
2877 4697 3282 4752 arcmepzscOpo
3312 4697 3363 4736 et
3395 4697 3422 4735 e
3448 4697 3499 4734 ut

2198 4756 2387 4826 ganeis
2417 4756 2607 4827 (ibid.,
2638 4773 2687 4812 c.
2718 4757 2782 4823 5;
2814 4771 2968 4810 conc.
3009 4756 3296 4820 Wormat.,
3327 4769 3373 4819 c,
3408 4697 3499 4823 34)

2198 4865 2308 4934 (33,
2342 4882 2394 4936 q.
2426 4867 2480 4931 2,
2512 4881 2560 4919 c.
2592 4863 2654 4919 Si
2697 4862 2867 4935 quis.)
2917 4862 2978 4918 Si
3025 4861 3160 4932 quis
3208 4875 3339 4914 cum
3393 4861 3579 4912 matre
3614 4855 3769 4927 [cum

2125 4954 2468 5023 commatre]
2499 4951 2796 5025 spirituali
2828 4950 3003 5004 fuerit
3033 4949 3376 5015 fornicatus,
3426 4943 3775 5000 anathema-

2123 5043 2200 5096 tis
2231 5043 2318 5113 (ut
2349 5042 2535 5114 scitis)
2559 5039 2883 5112 percutitur
2913 5037 3146 5093 ictibus.
3181 5035 3463 5091 Similiter
3495 5037 3690 5088 autem
3718 5035 3775 5086 et

2124 5131 2288 5186 illum
2322 5135 2626 5203 percutere
2668 5127 3134 5200 promulgamus,
3171 5127 3273 5196 qui
3305 5140 3437 5179 cum
3473 5139 3540 5178 ea
3588 5136 3767 5192 quam

2122 5221 2192 5275 de
2224 5238 2390 5275 sacro
2424 5220 2583 5274 fonte
2615 5217 2997 5290 baptismatis
3017 5214 3364 5284 susceperit,
3390 5216 3494 5268 aut
3514 5227 3654 5267 cum
3674 5209 3776 5265 illa

2121 5326 2298 5380 quam
2323 5313 2457 5364 ante
2483 5307 2830 5378 episcopum
2859 5307 3278 5374 tenuerit,cum
3300 5318 3465 5359 sacro
3484 5299 3774 5356 chrisma-

2117 5402 2174 5453 te
2196 5398 2366 5452 fuerit
2400 5401 2595 5463 uncta,
2630 5394 3039 5451 fornicationis
3069 5390 3489 5466 perpetraverit
3535 5386 3770 5456 scelus;

2116 5485 2442 5557 legitimam
2517 5487 2566 5544 si
2625 5485 2928 5556 habuerit,
2988 5500 3104 5542 non
3162 5483 3457 5539 dimittere
3517 5479 3764 5550 cogatur

2118 5591 2376 5632 uxorem.
