4002 6054
211 242 334 297 665

942 246 1253 299 DECRETI
1296 247 1480 300 PARS
1520 246 1614 298 IX.
1636 274 1701 283 -—
1728 245 1823 297 DE
1860 245 2170 299 INCESTA
2204 243 2725 307 COPULATIONE,
2769 245 2926 298 ETC.

3535 244 3641 299 666

211 366 361 421 CAP.
387 366 485 440 37.
518 397 587 406 —
616 367 691 421 De
720 367 976 440 quodam,
1007 371 1102 440 qui
1130 368 1453 425 concubina?
1490 386 1598 423 sum
1645 383 1880 424 consan-
1911 370 1966 435 Α
1997 367 2422 440 ﬁrmans,quod
2446 370 2571 439 ipse
2595 368 2863 438 protinus
2888 366 3125 439 protulit
3150 366 3343 423 homo:
3371 370 3642 436 Quamob-

290 437 579 506 guineam,
612 443 673 493 ut
710 438 879 494 alteri
925 437 1315 510 desponsatam
1361 441 1584 495 duxerit
1631 457 1880 496 uxorem.

291 510 607 564 Alexander
638 511 682 564 Il
714 513 1073 566 Constantino
1102 512 1327 566 Aretino
1357 512 1627 583 episcopo.

289 617 591 687 Scripsisti
608 619 922 689 quemdam
940 618 1207 673 Ecclesia:
1223 624 1333 673 tuae
1350 618 1467 673 filiu
1480 636 1531 673 ιιι
1548 618 1882 673 concubinos

210 722 345 761 suas
370 707 428 760 in
452 713 665 776 quarta
684 707 838 763 linea
859 709 1384 779 consanguineam,
1401 708 1640 763 alterius
1665 707 1885 762 scilicet

212 794 643 866 desponsatam
678 812 779 866 pro
811 798 1062 867 conjuge
1092 797 1347 851 duxisse.
1384 797 1688 851 Juraverat
1726 797 1881 850 enim

213 900 355 937 eam
389 884 479 953 (ut
512 884 751 954 asseris)
786 884 843 939 in
878 886 1323 941 matrimonium
1376 886 1539 957 prius
1589 885 1883 956 [proprius

215 970 451 1040 Victam]
478 972 687 1027 ducere
711 988 995 1042 sponsus;
1022 973 1243 1043 juravit
1274 974 1451 1029 etiam
1484 974 1646 1028 illam
1676 974 1733 1028 in
1766 974 1883 1027 for-

209 1059 517 1114 nicatione
574 1061 825 1117 retinere
884 1062 1276 1118 incestuosus.
1312 1065 1465 1129 Item,
1508 1062 1685 1135 infra.
1730 1066 1883 1133 Apo-

213 1148 432 1204 stolica
464 1148 595 1203 fulti
626 1150 977 1206 auctoritate
995 1151 1430 1222 tibijudicando
1450 1151 1881 1219 consuluimus,

219 1253 505 1308 sponsam
542 1239 779 1309 proprio
814 1256 1029 1310 sponso
1060 1240 1322 1311 concedi,
1357 1240 1441 1295 illi
1490 1240 1757 1295 videlicet
1787 1239 1883 1310 qui

216 1325 388 1381 nulla
402 1328 935 1400 consanguinitatis
949 1329 1435 1402 copulajungilur
1451 1329 1883 1395 sibi.Quoniam

218 1416 668 1472 misericordias
700 1418 942 1489 perjurii
978 1435 1167 1489 poena,
1188 1436 1315 1490 qua:
1341 1436 1442 1490 pro
1476 1419 1733 1474 vitandis
1762 1418 1883 1473 cul-

216 1504 314 1575 pis
348 1505 660 1573 contrahit,
696 1506 1056 1579 indulgenda
1086 1512 1195 1575 est,
1230 1524 1408 1578 quam
1442 1525 1611 1579 poena
1642 1507 1884 1579 perjurii

216 1610 358 1647 cum
393 1597 825 1665 perseverantia
855 1595 1120 1651 criminis
1150 1596 1239 1650 vel
1271 1595 1489 1652 delicti.
1522 1597 1735 1653 Tribus
1776 1598 1875 1652 de-

218 1681 402 1751 nique
434 1688 704 1753 peccator
733 1683 843 1739 iste
895 1690 1131 1739 notatur
1181 1685 1549 1752 criminibus,
1604 1685 1883 1757 perjurio,

222 1737 538 1840 adulterio,
564 1737 1569 1846 inanimessignasiggis
1600 1737 1885 1846 aisais:
1916 1737 1963 1800 Β

227 1876 462 1914 servare
494 1860 761 1932 legaliter
792 1879 904 1917 non
930 1863 1141 1933 potuit,
1161 1863 1529 1933 sinejudicio
1554 1869 1887 1934 parentum,

230 1945 319 2001 vel
344 1948 616 2017 judicum
649 1954 866 2005 temere
910 1950 1109 2021 jurare
1161 1952 1556 2023 praesumpsit.
1591 1952 1889 2008 Adulterio

230 2036 785 2108 quidem,quoniam
819 2038 1061 2094 alterius
1079 2056 1356 2110 sponsam
1378 2040 1600 2095 vivente
1628 2041 1889 2112 proximo

226 2126 565 2196 CJDCUprlt
594 2132 651 2181 et
682 2128 933 2183 seduxit.
974 2132 1225 2200 Inceslu,
1259 2130 1396 2201 quia
1427 2135 1629 2186 contra
1659 2132 1893 2186 decreta

228 2211 466 2268 Patrum
489 2214 736 2271 vicinius
759 2233 937 2287 quam
971 2216 1143 2272 liceat
1169 2219 1522 2290 permiscere
1538 2220 1889 2292 sanguinem

226 2302 528 2374 sanguini,
554 2320 667 2359 non
702 2310 951 2362 veretur.
988 2308 1147 2375 Item,
1179 2310 1350 2377 infra.
1376 2309 1538 2364 Nosti
1570 2310 1709 2382 quid
1742 2297 1891 2365 sacri

225 2409 480 2449 canones
530 2412 707 2466 super
757 2396 1167 2467 hujuscemodi
1209 2399 1448 2455 homine
1489 2401 1888 2467 decreverunt,

225 2482 499 2538 videlicet
530 2484 576 2538 si
610 2484 815 2555 laicus,
851 2491 914 2541 ut
948 2504 1062 2543 non
1096 2494 1506 2559 promoventur
1535 2490 1607 2544 ad
1639 2489 1886 2558 clerum;

226 2570 277 2624 si
310 2570 580 2640 clericus,
607 2574 855 2629 ulterius
890 2592 1004 2631 non
1037 2578 1338 2632 ascendat.

228 2676 365 2732 CAP.
522 2710 590 2719 —
622 2682 771 2748 Quod
808 2683 1013 2738 mulier
1060 2686 1390 2755 afﬁnitatem
1439 2686 1721 2740 contrahit
1764 2702 1889 2741 cum

322 2752 577 2805 omnibus
605 2757 849 2823 cognatis
878 2756 985 2810 viri
1012 2752 1127 2810 sui;
1152 2757 1234 2811 Ex
1268 2758 1496 2828 epistola
1528 2756 1796 2826 Gregorii.

302 2857 415 2927 (35,
440 2874 497 2929 q.
530 2860 613 2928 10,
638 2877 688 2915 c.
719 2863 1163 2934 Fraternitatis.)
1187 2864 1523 2935 Gregorius,
1550 2882 1753 2920 servus
1776 2883 1893 2921 ser-

236 2962 440 3001 vorum
491 2948 611 3013 Dei,
647 2950 891 3006 Venerio
940 2953 1291 3009 Caralitano.
1324 2954 1728 3010 Fraternitatis
1777 2961 1889 3010 tua:

229 3036 506 3090 studiosa:
538 3038 865 3109 sagacitati,
898 3041 1077 3096 frater
1104 3044 1377 3110 amanda,
1410 3060 1556 3114 quas
1587 3045 1770 3100 debeo
1793 3062 1886 3100 re-

1992 473 2107 511 rem
2130 458 2399 528 relinquet
2428 458 2583 511 homo
2608 461 2823 527 patrem
2854 465 2903 511 et
2932 460 3164 511 matrem
3196 473 3351 511 suam
3381 462 3430 511 et
3456 459 3643 514 adlue-

1994 547 2131 601 rebit
2162 546 2328 601 uxori
2357 563 2489 612 suae,
2526 550 2579 600 et
2610 555 2772 600 erunt
2802 547 2906 600 duo
2940 548 2998 599 in
3028 562 3198 599 carne
3229 563 3342 599 una
3372 546 3523 616 (Gen.
3558 550 3641 611 ιι).

1991 636 2047 688 Si
2082 653 2197 689 una
2228 653 2360 690 caro
2393 635 2559 699 fiunt,
2595 635 2887 705 quomodo
2922 634 3130 705 poterit
3176 635 3392 704 aliquis
3444 652 3643 689 eorum

1992 726 2360 795 propinquus
2392 724 2680 794 pertinere
2716 724 2838 791 uni,
2868 724 2917 777 si
2951 741 3063 777 non
3096 724 3385 794 pertineat
3438 722 3649 776 alteri?

1993 814 2153 876 Quod
2191 813 2434 868 minime
2468 814 2589 867 fieri
2624 829 2793 883 posse
2823 812 3180 866 credendum
3216 816 3325 879 est,
3362 829 3495 866 nam
3530 829 3645 866 uno

1993 902 2268 957 defuncto
2297 902 2354 955 in
2387 901 2700 973 superstite
2722 901 2975 954 affinitas
3001 916 3110 953 non
3146 900 3390 968 deletur,
3409 918 3512 955 nec
3535 900 3651 955 alia

1991 991 2201 1060 copula
2231 990 2558 1062 conjugalis
2589 988 2931 1044 affinitatem
2959 989 3167 1059 prioris
3188 988 3409 1059 copulae
3427 988 3648 1044 solvere

1994 1085 2203 1151 potest.
2237 1081 2343 1135 Sed
2380 1096 2565 1150 neque
2614 1078 2856 1133 alterius
2904 1077 3334 1147 conjunctionis
3385 1077 3646 1132 sobolem

1994 1168 2182 1240 placet
2199 1170 2471 1241 adipsius
2502 1167 2805 1224 afﬁnitatis
2836 1166 3047 1238 prioris
3078 1165 3369 1236 siquidem
3397 1166 3647 1220 transire

1994 1260 2379 1322 consortium,
2413 1274 2514 1328 pro
2546 1274 2611 1312 eo
2642 1258 2794 1327 quod
2848 1256 3086 1309 verbum
3121 1253 3352 1308 Domini
3385 1252 3644 1308 validum

1993 1351 2083 1401 est
2112 1356 2163 1399 el
2190 1348 2351 1412 forte,
2378 1353 2434 1401 et
2457 1350 2521 1400 ut
2552 1344 2827 1416 inquiens
2868 1342 3014 1397 dixit
3053 1342 3382 1413 Propheta:
3421 1342 3649 1398 Verbum

1993 1434 2220 1490 Domini
2266 1444 2447 1489 manet
2476 1436 2536 1488 in
2565 1443 2830 1488 aeternum
2880 1434 3042 1501 (lsai.
3084 1433 3195 1503 XL).
3227 1435 3294 1485 Et
3324 1431 3475 1487 alius
3507 1431 3647 1486 Pro-

1994 1524 2202 1595 pheta:
2238 1525 2504 1591 Quoniam
2534 1526 2648 1593 ipse
2678 1523 2821 1576 dixit
2868 1530 2920 1575 et
2962 1525 3111 1591 [acta
3138 1530 3285 1587 sunt,
3323 1523 3437 1590 ipse
3484 1538 3647 1575 man-

1991 1613 2141 1668 davit
2173 1624 2222 1669 et
2251 1618 2437 1669 creata
2467 1621 2591 1667 sunt
2610 1630 2630 1672 ;
2670 1614 2861 1665 statuit
2890 1628 2953 1665 ea
2987 1613 3044 1665 in
3074 1611 3339 1666 saeculum
3367 1616 3419 1664 et
3450 1612 3507 1664 in
3536 1625 3649 1666 sae-

1993 1704 2184 1759 culum
2228 1702 2444 1764 amuli.
2494 1705 2818 1771 preceptum
2867 1701 3047 1771 posuit
3088 1707 3143 1754 et
3186 1715 3296 1754 non
3338 1700 3650 1770 praeteribit

1999 1792 2170 1863 (Psal.
2205 1790 2455 1860 cxnvm).
2490 1790 2634 1843 Nam
2670 1794 2860 1859 potest
2900 1805 3001 1859 per
3043 1787 3279 1843 verbum
3332 1805 3506 1843 suum
3556 1792 3647 1842 at-

2000 1898 2111 1952 que
2140 1885 2490 1952 prazceptum
2514 1880 2743 1933 efficere
2771 1878 2884 1931 duo
2909 1878 2966 1930 in
2990 1893 3222 1931 carnem
3250 1881 3511 1945 unam,et
3532 1893 3650 1930 ma-

1997 1970 2227 2025 sculum
2256 1974 2312 2023 et
2343 1968 2645 2031 feminam,
2675 1967 2773 2037 qui
2806 1967 3176 2019 innumeram
3210 1964 3647 2019 multitudinem

1999 2076 2175 2114 sexus
2204 2056 2512 2127 utriusque
2540 2072 2651 2110 non
2686 2054 2909 2109 destitit
2952 2070 3152 2109 secum
3203 2055 3391 2109 facere
3439 2069 3646 2123 unum,

1999 2149 2153 2205 sicut
2184 2164 2285 2219 per
2316 2164 2378 2201 se
2407 2146 2633 2200 Veritas
2664 2144 2840 2198 dixit:
2875 2144 2991 2197 Non
3019 2159 3118 2214 pro
3151 2142 3240 2197 his
3262 2147 3480 2198 tantum
3497 2158 3645 2211 rogo,

1996 2238 2088 2293 sed
2116 2240 2286 2293 etiam
2312 2253 2412 2307 pro
2440 2237 2523 2290 eis
2554 2235 2649 2304 qui
2676 2233 3081 2289 crediturisunt
3095 2250 3194 2304 per
3210 2233 3429 2287 verbum
3458 2249 3649 2287 eorum

2000 2329 2058 2381 in
2087 2344 2191 2391 me,
2226 2331 2284 2379 ut
2308 2342 2481 2379 unum
2504 2326 2636 2390 sint,
2669 2324 2812 2377 sicut
2835 2324 2895 2376 tu
2926 2324 3093 2375 Pater
3122 2323 3182 2375 in
3212 2337 3317 2391 me,
3350 2330 3404 2375 et
3453 2336 3549 2389 ego
3594 2322 3653 2374 in

1998 2427 2067 2483 te,
2099 2419 2149 2471 et
2181 2417 2289 2486 ipsi
2321 2416 2379 2468 in
2417 2415 2571 2468 nobis
2622 2429 2794 2467 unum
2835 2414 2950 2466 sint
2998 2412 3184 2481 (Joan.
3213 2413 3372 2478 xvu).
3408 2410 3464 2464 Si
3517 2408 3651 2479 quis

1999 2522 2133 2575 ergo
2166 2502 2475 2559 temerario
2507 2517 2648 2555 ausu
2683 2505 2738 2554 et
2768 2500 3051 2569 sacrilego
3072 2500 3126 2552 in
3148 2499 3424 2553 defuncto
3446 2499 3656 2568 quierit

2001 2592 2519 2665 propinquitatem,
2547 2589 2633 2644 vel
2669 2590 2779 2643 sub
2810 2588 2988 2642 altero
3019 2586 3323 2641 afﬁnitatis
3373 2584 3656 2640 vocabula

2000 2683 2310 2749 dissipare,
2344 2681 2429 2735 vel
2463 2684 2796 2749 susceptam
2840 2676 3097 2732 sobolem
3146 2675 3387 2729 alterius
3436 2674 3655 2746 copula:

2000 2772 2243 2826 credens
2274 2768 2534 2840 legitime
2566 2767 2797 2829 sociari,
2834 2764 3289 2835 prepinquitatis
3321 2763 3655 2835 prioris,hic

2001 2864 2173 2931 negat
2206 2858 2300 2913 Dei
2330 2859 2573 2912 verbum
2598 2854 2857 2909 validum
2890 2869 3018 2908 esse
3048 2859 3104 2907 et
3138 2854 3390 2907 forte.Et
3413 2852 3511 2922 qui
3531 2856 3651 2906 tam

2000 2949 2166 3004 facile
2196 2948 2281 3002 vel
2316 2952 2433 3000 tam
2468 2944 2741 2999 velociter
2780 2942 2986 3013 quaerit
3016 2942 3356 3011 dissolvere,
3393 2941 3487 2995 hic
3536 2957 3650 2995 non

2002 3038 2185 3094 credit
2214 3036 2452 3092 verbum
2490 3034 2716 3089 Domini
2748 3049 2983 3088 manere
3014 3032 3071 3086 in
3104 3030 3654 3085 aeternum.Confice

226 3124 348 3179 fero
378 3103 906 3198 gratesfquoniam
939 3132 1202 3200 quaesisti
1236 3103 1887 3203 quaid-ebuistigucun-
1918 3103 1961 3169 (ἶ
2000 3132 2215 3181 terram
2236 3142 2303 3180 ex
2321 3122 2730 3195 quatuorlocis
2761 3121 3123 3176 distantibus
3158 3136 3372 3189 magna
3403 3119 3654 3173 interca-

222 3214 364 3268 dum
396 3215 705 3271 reddidisti
739 3234 849 3273 me.
886 3218 1049 3273 Unde
1108 3220 1335 3291 placide
1366 3223 1438 3276 ad
1463 3222 1748 3293 inquisita
1800 3240 1890 3279 re-

223 3304 506 3373 spondeo.
539 3304 743 3360 Sedem
776 3307 1154 3376 apostolicam
1205 3309 1509 3365 consulere
1559 3312 1885 3380 decrevisti,

224 3392 273 3446 si
309 3393 521 3447 mulier
551 3394 761 3465 copula
792 3396 1042 3467 nuptiali
1074 3402 1345 3453 extraneo
1379 3399 1498 3454 viro
1522 3401 1754 3470 juncta,
1787 3418 1885 3455 co-

220 3481 485 3551 gnationi
517 3483 646 3552 ejus
678 3484 1049 3554 pertineat,si
1071 3503 1136 3540 eo
1159 3487 1433 3542 defuncto
1465 3490 1735 3560 cognatio
1761 3507 1885 3545 ma~

223 3575 360 3624 neat
390 3572 618 3638 eadem,
651 3571 739 3627 vel
782 3573 829 3627 si
881 3575 991 3628 sub
1024 3574 1135 3630 alio
1167 3576 1283 3632 viro
1318 3578 1685 3647 cognationis
1718 3596 1885 3633 voca-

224 3658 362 3712 bula
394 3659 816 3727 dissolvantur,
849 3662 936 3717 vel
984 3664 1033 3717 si
1075 3670 1361 3735 suscepta:
1394 3665 1624 3720 soboles
1657 3669 1885 3736 possint

222 3745 484 3817 legitime
498 3750 569 3803 ad
588 3750 799 3819 prioris
811 3750 917 3804 viri
935 3753 1302 3823 cognationis
1316 3754 1564 3809 transire
1588 3755 1881 3825 copulam.

220 3841 327 3893 Est
355 3836 512 3891 enim
545 3839 785 3893 verbum
822 3841 1048 3896 Domini
1082 3841 1339 3897 validum
1371 3848 1427 3898 et
1459 3843 1627 3909 forte,
1657 3849 1746 3899 est
1774 3846 1881 3900 du-

223 3924 427 3993 rabile,
452 3932 541 3981 est
572 3930 1018 4000 perseverabile,
1049 3936 1139 3986 est
1167 3932 1556 4002 immutabile,
1593 3949 1705 3988 non
1756 3950 1880 3989 mo-

222 4019 623 4083 mentaneum,
662 4034 776 4071 non
808 4020 1235 4075 transitorium.
1268 4021 1364 4075 Ait
1397 4025 1590 4076 autem
1637 4038 1739 4092 per
1788 4040 1878 4077 se-

219 4101 344 4171 ipsa
373 4102 622 4172 Veritas,
647 4122 774 4175 quas
801 4106 954 4162 Deus
986 4112 1096 4178 est,
1120 4114 1176 4163 et
1206 4109 1461 4164 Verbum
1494 4109 1588 4165 Dei
1617 4127 1629 4165 :
1674 4111 1879 4165 Ca’lum

217 4196 269 4244 et
299 4201 450 4246 terra
477 4193 815 4266 transibunt,
847 4199 1018 4251 verba
1047 4206 1231 4253 autem
1262 4215 1383 4253 mea
1413 4215 1522 4254 non
1560 4200 1880 4256 transibunt

216 4279 426 4349 (Matth.
450 4282 626 4351 xxiv).
660 4284 986 4353 Antequam
1020 4285 1175 4340 Deus
1206 4286 1264 4340 in
1296 4302 1469 4341 carne
1500 4286 1656 4341 inter
1686 4286 1875 4343 homi-

218 4382 320 4421 nes
342 4374 668 4439 appareret,
692 4387 758 4425 eo
792 4372 1119 4443 inspirante
1151 4375 1297 4429 dixit
1329 4376 1545 4429 Adam:
1600 4376 1872 4443 Quamob-

216 4470 337 4509 rem
367 4458 637 4529 relinquet
669 4459 825 4515 homo
853 4471 1064 4532 patrem
1093 4471 1146 4517 et
1174 4467 1406 4518 matrem
1426 4470 1675 4532 suam,et
1697 4465 1880 4521 adliee-
1908 4472 1955 4536 D

218 4543 362 4598 rebit
392 4547 559 4600 uxori
586 4562 726 4612 suae,
759 4556 808 4603 et
837 4559 1004 4604 erunt
1035 4550 1139 4606 duo
1172 4554 1233 4606 in
1260 4569 1427 4608 carne
1458 4570 1567 4607 una
1600 4553 1755 4624 (Gen.
1793 4559 1874 4626 ιι).

216 4630 323 4687 Cui
357 4648 471 4687 non
504 4636 849 4691 contradixit
904 4638 1214 4695 Dominus.
1250 4642 1465 4696 Deinde
1496 4658 1630 4696 cum
1664 4643 1877 4698 veritas

217 4719 470 4775 oriretur
496 4723 565 4778 de
598 4728 752 4779 terra
784 4724 840 4779 in
875 4729 1090 4781 terram
1141 4729 1311 4798 (Psal.
1356 4730 1602 4800 LXXXIV),
1636 4735 1693 4784 et
1740 4732 1877 4786 visi-

214 4808 351 4863 bilis
384 4808 743 4884 [invisibilis]
797 4814 856 4868 in
905 4814 1273 4872 humanitate
1304 4818 1595 4888 apparuit,
1630 4819 1874 4874 interro-

214 4901 419 4968 gatum
450 4904 559 4967 est,
594 4902 642 4955 si
678 4900 909 4958 licitum
942 4910 1096 4961 esset
1128 4905 1355 4960 homini
1406 4922 1646 4961 uxorem
1699 4907 1873 4961 relin-

210 5003 389 5057 quere
440 4988 650 5058 (Matth.
698 4997 836 5057 xxx).
887 4994 1049 5056 Quod
1110 4996 1429 5065 prohibens
1488 4996 1613 5051 ﬁeri
1669 4996 1873 5067 vetuit,

210 5080 600 5148 praeterquam
635 5078 683 5133 si
718 5078 1021 5136 fornicatio
1071 5088 1197 5138 soia
1245 5083 1555 5139 excluserit
1602 5084 1873 5155 copulam

210 5163 563 5221 maritalem.
598 5170 765 5223 Unde
800 5171 1043 5239 protulit
1092 5173 1291 5227 statim
1325 5174 1381 5228 in
1414 5173 1677 5229 medium
1712 5190 1873 5227 eam-

207 5251 341 5306 dem
373 5253 561 5323 ipsam
595 5257 969 5327 sententiam,
1005 5277 1182 5331 quam
1216 5276 1350 5317 ante
1381 5264 1596 5318 saacula
1626 5278 1872 5318 manens

210 5356 346 5396 cum
376 5342 544 5399 Patre
573 5344 829 5402 Verbum
861 5346 1251 5420 inspiraverat
1271 5350 1329 5406 in
1351 5354 1558 5422 Adam,
1585 5352 1710 5424 ipse
1730 5368 1869 5407 con-

284 5557 399 5630 (87)
430 5559 563 5625 Quae
593 5564 927 5632 sequuntur
954 5561 1214 5621 invenies
1244 5567 1399 5639 apud
1429 5566 1689 5625 Gratian.

1999 3216 2228 3288 pedine,
2264 3222 2319 3269 et
2348 3215 2671 3269 confectam
2721 3215 2778 3266 et
2826 3208 3285 3282 conglutinatam
3337 3209 3511 3280 finge,
3546 3224 3652 3262 cu-

1990 3308 2325 3377 juscunque
2358 3304 2553 3373 figuras
2586 3301 2667 3356 vel
2704 3299 3118 3355 immensitatis
3151 3314 3364 3369 corpus
3386 3298 3538 3369 quod
3560 3313 3657 3351 vo-

1999 3393 2202 3463 lueris,
2236 3399 2344 3448 etc.
2379 3393 2511 3462 (87).

1998 3504 2130 3558 CAP.
2166 3502 2253 3554 39.
2276 3530 2346 3539 —
2376 3498 2525 3566 Quod
2556 3497 2701 3551 nulli
2727 3496 2891 3549 liceat
2937 3495 3004 3549 de
3050 3496 3284 3564 propria
3328 3494 3651 3561 cognatione

2068 3589 2305 3627 uxorem
2332 3565 2545 3624 ducere.
2582 3570 2661 3622 Ex
2700 3567 2934 3623 concilio
2989 3567 3397 3631 Wormaciensi,
3427 3580 3548 3634 cap.
3585 3565 3645 3618 11

2090 3662 2138 3699 c.
2172 3644 2282 3709 32).

2067 3646 2282 3803 85,32):
2304 3732 2357 3799 3,
2391 3747 2440 3786 c.
2476 3732 2537 3785 In
2567 3727 2963 3801 capulalione.)
2998 3726 3058 3780 In
3094 3724 3463 3797 copulatione
3501 3724 3647 3778 fide-

1994 3822 2161 3891 lium,
2193 3821 2636 3893 generationum
2671 3833 2985 3873 numerum
3022 3832 3135 3869 non
3168 3813 3516 3879 definimus;
3542 3814 3645 3868 sed

1991 3912 2049 3966 id
2092 3912 2411 3967 statuimus
2445 3913 2507 3963 ut
2538 3907 2684 3962 nulli
2715 3907 2886 3961 liceat
2916 3903 3245 3959 Christiano
3294 3903 3364 3957 de
3414 3900 3650 3973 propria

1990 3999 2498 4070 consanguinitate
2544 3996 2631 4051 vel
2676 3994 3025 4067 cognatione
3074 4008 3314 4047 uxorem
3363 3991 3647 4061 accipere,

1991 4106 2178 4160 usque
2208 4088 2347 4142 dum
2382 4084 2679 4158 generatio
2722 4084 3084 4151 recordatur,
3115 4080 3509 4152 cognoscitur,
3544 4081 3647 4132 aut

1990 4177 2273 4231 memoria
2304 4176 2606 4231 retinetur.

1988 4284 2121 4339 CAP.
2150 4284 2235 4338 40.
2274 4314 2338 4324 -
2391 4287 2466 4338 De
2516 4280 2863 4335 incestuosis.
2913 4279 2994 4331 Ex
3040 4275 3272 4331 concilio
3331 4273 3645 4345 Agathensi,

2304 4370 2422 4425 cap.
2454 4354 2519 4407 61
2556 4354 2645 4422 (ea:
2672 4366 2820 4406 conc.
2867 4350 3106 4420 Epaun.,
3136 4364 3183 4402 c.
3216 4346 3327 4418 30).

2061 4444 2169 4514 (35,
2194 4459 2250 4514 q.
2272 4446 2328 4511 2,
2354 4460 2404 4497 c.
2437 4447 2513 4496 De
2544 4441 2811 4507 incestis.)
2844 4438 2923 4493 De
2957 4437 3195 4492 incestis
3225 4434 3650 4506 conjunctioni-

1986 4534 2098 4589 bus
2134 4531 2213 4587 nil
2246 4548 2485 4603 prorsus
2516 4530 2695 4584 venia:
2728 4526 3407 4592 reservamus,nisicum
3430 4524 3648 4579 adulte-

1988 4625 2139 4679 rium
2174 4622 2540 4694 separatione
2573 4618 3073 4677 sanaverint.Etsi
3096 4632 3305 4672 sanare
3330 4614 3645 4684 noluerint,

1987 4712 2574 4769 analhematizentur.

2305 4822 2432 4873 CAP.
2467 4819 2552 4871 41.
2591 4819 2745 4884 Item,
2777 4816 2841 4870 de
2880 4816 3065 4870 eadem
3097 4828 3153 4867 re
3184 4811 3319 4882 (88).

2058 4909 2169 4979 (35,
2199 4924 2256 4978 q.
2287 4910 2341 4977 8,
2374 4923 2423 4961 c.
2461 4906 2797 4974 Incestuosi.)
2846 4900 3168 4958 Incestuosi
3215 4900 3357 4953 dum
3410 4900 3469 4953 in
3519 4897 3645 4969 ipso

1986 4998 2330 5052 detestando
2358 4999 2534 5065 atque
2566 4994 2816 5048 nefando
2850 4992 3063 5047 scelere
3087 4991 3471 5054 manent,non
3498 4986 3649 5041 inter

1986 5084 2185 5140 fideles
2218 5083 2602 5151 Christianos,
2636 5083 2735 5137 sed
2781 5082 2933 5135 inter
2963 5078 3208 5152 gentiles
3239 5081 3341 5131 aut
3370 5074 3643 5131 catechu-

1987 5190 2188 5228 menos
2239 5172 2586 5240 habeantur,
2622 5172 2677 5225 id
2711 5175 2801 5226 est
2831 5187 2963 5225 cum
3012 5166 3360 5224 Christianis
3394 5182 3506 5219 non
3540 5180 3643 5218 su-

1987 5266 2153 5317 mant
2183 5267 2384 5333 potum
2419 5276 2523 5315 nec
2554 5259 2772 5325 cibum,
2808 5259 2907 5313 sed
2958 5257 3067 5312 soli
3100 5256 3207 5309 boc
3240 5254 3476 5318 faciant,
3524 5267 3640 5305 non

1985 5350 2345 5417 osculentur,
2369 5352 2472 5405 aut
2502 5348 2835 5403 salutentur
2863 5345 2934 5402 ab
2966 5343 3197 5400 eis.Sed
3230 5342 3278 5397 si
3312 5340 3433 5395 suis
3451 5355 3641 5395 sacer-

2054 5568 2160 5640 (88)
2195 5564 2429 5623 Gratian
2463 5562 2669 5621 tribuit
2698 5560 2998 5618 Aurelian.
3032 5574 3196 5615 conc.
