3972 6056
361 207 483 286 ’667

1463 241 1527 290 n.
1570 236 1818 291 lVONIS
1853 212 2348 290 CARNOTENSIS
2387 237 2704 291 EPISCOPI

3690 233 3821 288 668

379 356 613 411 dotibus
639 356 1042 413 inobedientes
1072 357 1436 425 exstiterint;
1470 363 1527 412 et
1559 375 1592 413 a
1623 362 1740 412 tam
1773 357 2023 412 nefando
2054 359 2109 423 Α
2139 360 2256 412 tus.
2300 357 2552 427 (Ibidem,
2593 375 2640 413 ο.
2693 357 2774 424 6.)
2826 357 2956 412 Haec
3015 355 3499 428 consanguinatis
3548 357 3696 411 dum
3753 373 3823 412 se

380 444 594 500 scelere
627 463 688 501 se
721 464 1048 518 segregare,
1077 453 1252 518 atque
1289 447 1358 500 ad
1413 447 1705 517 publicam
1739 447 2028 517 pmniten-

376 534 520 589 tiam
571 537 757 590 redire
806 536 1129 603 noluerint,
1188 536 1340 590 inter
1398 553 1497 590 eos
1544 535 1872 590 habeantur
1929 534 2031 605 qui

377 624 586 694 spiritu
621 625 1027 695 periclitantur
1057 625 1389 689 immundo,
1421 623 1507 680 vel
1541 625 1717 680 etiam
1750 625 1904 679 inter
1931 641 2031 679 eos

379 713 449 767 de
481 713 697 784 quibus
730 730 834 784 per
865 730 926 768 se
958 710 1181 767 Veritas
1215 714 1326 781 ait;
1361 713 1422 768 Si
1453 717 1505 768 te
1537 730 1640 769 non
1674 713 1935 781 audierit,
1958 714 2031 768 sit

377 803 485 858 tibi
551 804 695 857 sicut
765 804 1014 856 ethnicus
1070 811 1124 856 et
1169 804 1501 872 publicanus
1573 804 1783 869 (Matth.
1845 804 2027 872 xvm).

377 892 441 945 Et
491 891 540 945 si
592 891 740 945 alter
771 907 972 946 eorum
1007 898 1332 962 praventus
1366 893 1558 961 fuerit,
1592 892 1742 947 alter
1770 893 2029 962 quandiu

374 981 532 1034 vivat
554 980 811 1050 graviter
835 980 1204 1052 paeniteat,et
1226 981 1351 1036 sine
1376 999 1476 1051 spe
1498 982 1755 1053 conjugii
1775 986 2028 1037 maneat.

372 1086 501 1141 CAP.
541 1086 622 1141 4'2.
658 1117 726 1126 -—-
755 1087 828 1140 Ne
860 1087 1069 1157 aliquis
1099 1087 1355 1157 ﬁdelium
1387 1087 1457 1141 ad
1485 1090 1852 1158 propinquam
1899 1105 2030 1143 san-

445 1159 635 1225 guinis
686 1161 776 1211 sui
824 1161 1072 1213 accedat.
1109 1164 1192 1213 Ea:
1239 1159 1479 1215 concilio
1527 1160 1778 1214 Toletano
1809 1177 1886 1228 x1,
1917 1175 1965 1216 ε.
1997 1161 2032 1214 5

446 1231 716 1298 (Toletan.
749 1244 898 1285 conc.
933 1247 997 1300 ιι,
1029 1247 1074 1284 c.
1107 1232 1180 1300 5).

443 1321 589 1372 Nam
621 1321 675 1373 et
708 1318 830 1374 haec
863 1319 1182 1374 salubriter
1215 1321 1591 1392 praecavenda
1621 1321 2032 1388 saneimus,ne

370 1405 501 1476 quis
534 1405 794 1460 ﬁdelium
837 1407 1228 1478 prOpinquam
1262 1409 1567 1480 sanguinis
1599 1409 1691 1464 sui
1724 1425 2030 1481 usquequo

371 1493 679 1550 afﬁnitatis
700 1493 1056 1550 lineamenta
1070 1496 1442 1550 successione
1455 1498 1684 1566 generis
1709 1495 2028 1568 cognoscit,

369 1583 428 1637 in
455 1583 831 1638 matrimonio
851 1584 958 1638 sibi
981 1585 1268 1640 desideret
1301 1585 1558 1656 copulari
1592 1586 1870 1656 quoniam
1891 1585 2030 1640 scri-

369 1677 535 1743 ptum
568 1678 688 1727 est:
721 1668 907 1728 Omnis
941 1673 1099 1729 homo
1137 1674 1206 1728 ad
1233 1677 1549 1744 proximam
1595 1676 1890 1745 sanguinis
1938 1676 2030 1730 sui

367 1727 479 1817 non
508 1762 747 1832 accedat,
771 1767 832 1816 ut
861 1763 1059 1818 revelet
1091 1727 1495 1834 turpitudinem
1526 1765 1642 1831 eius
1674 1727 1817 1833 (iter.
1843 1767 2023 1833 xvm).
2058 1727 2105 1792 Β

367 1851 432 1906 Et
465 1851 676 1906 iterum
703 1867 714 1904 :
751 1853 949 1906 Anima
981 1867 1104 1922 quae
1133 1852 1332 1924 fecere!
1361 1854 1647 1924 quidpiam
1672 1869 1744 1907 ex
1768 1855 1908 1923 istis,
1927 1868 2026 1924 pe-

364 1941 501 1994 ribit
530 1940 600 1994 de
626 1939 804 1994 medio
832 1941 1026 2010 populi
1057 1942 1148 1994 sui
1178 1941 1385 2011 (ibid).
1419 1942 1570 1995 Sane
1620 1941 1836 2012 quibus
1887 1958 2023 1996 con-

357 2029 588 2099 junctio
620 2028 826 2083 illicita
857 2029 1248 2100 interdicitur,
1283 2029 1586 2085 habebunt
1628 2030 1869 2084 ineundi
1905 2047 2025 2085 me-

365 2116 529 2172 lioris
562 2117 818 2189 conjugii
853 2117 1204 2174 libertatem.

366 2206 502 2261 CAP.
533 2207 623 2260 43.
661 2238 727 2246 —
759 2206 915 2276 Quod
970 2209 1258 2278 zequaliter
1289 2223 1399 2262 non
1429 2207 1842 2278 conjungendus
1865 2209 1938 2262 sit
1967 2209 2026 2261 in

437 2279 800 2334 matrimonio
843 2280 930 2332 vir
977 2281 1091 2334 suis
1137 2279 1588 2348 consanguineis,
1619 2284 1670 2334 et
1702 2281 1912 2334 uxoris.
1948 2280 2028 2333 Ea:

437 2350 670 2405 decretis
697 2349 854 2404 Julii
880 2366 1061 2422 papa}.

437 2439 549 2508 (35,
583 2455 641 2509 q.
671 2441 726 2504 2,
763 2455 810 2493 c.
846 2441 1202 2510 Equaliter.)
1234 2438 1558 2509 quualiter
1603 2440 1692 2493 vir
1741 2456 1854 2494 non
1889 2456 2026 2494 con-

356 2526 630 2598 jungitur
658 2527 716 2580 in
751 2527 1130 2583 matrimonio
1160 2527 1618 2600 consanguineis
1648 2527 1866 2597 suis,et
1888 2544 2025 2583 con-

363 2613 707 2685 sanguineis
740 2614 938 2670 uxoris
969 2632 1108 2670 suae.

369 2723 497 2775 CAP.
529 2720 613 2773 44.
639 2751 704 2760 -
737 2720 886 2787 Quod
918 2737 1026 2775 uno
1047 2721 1204 2776 modo
1221 2722 1510 2793 parentela
1540 2721 1656 2777 viri
1683 2726 1734 2776 et
1765 2721 2028 2776 mulieris

439 2794 500 2846 in
529 2793 912 2862 conjunctione
941 2793 1348 2848 consideranda
1377 2797 1470 2849 sit.
1509 2798 1591 2848 Ea:
1619 2796 1847 2850 concilio
1875 2794 2028 2848 Illan-

445 2865 644 2930 ticeno,
677 2879 797 2933 cap.
831 2865 864 2918 3
895 2866 1063 2933 (conc.
1101 2866 1347 2920 Cabiton.
1384 2882 1445 2932 ιι,
1478 2881 1524 2920 c.
1558 2866 1670 2935 29).

441 2950 592 3006 Sane
623 2952 1103 3023 consanguinitas
1153 2970 1282 3024 quae
1315 2953 1371 3006 in
1407 2953 1642 3024 proprio
1668 2953 1790 3009 viro
1824 2954 2028 3009 obser-

367 3039 556 3092 vanda
585 3044 692 3106 est,
712 3039 830 3094 haec
862 3040 1142 3094 nimirum
1171 3041 1228 3094 in
1264 3042 1460 3096 uxoris
1492 3041 1790 3112 parentela
1812 3042 1882 3097 de
1903 3041 2028 3113 lege

367 3127 708 3198 nuptiarum
732 3129 1117 3183 custodienda
1140 3133 1249 3193 est,
1273 3135 1330 3185 et
1351 3129 1486 3200 quia
1509 3135 1739 3185 constat
1759 3147 1858 3186 eos
1882 3131 2029 3186 duos

367 3215 549 3271 fuisse
579 3216 638 3270 in
671 3233 843 3271 carne
867 3219 1356 3283 una,communis
1387 3217 1504 3272 illis
1537 3223 1784 3288 utraque
1815 3236 2029 3290 paren-

371 3303 483 3359 tela
514 3321 638 3360 esse
669 3306 958 3361 credenda
1005 3310 1115 3371 est,
1151 3307 1302 3362 sicut
1345 3306 1630 3378 scripturn
1681 3312 1809 3362 est:
1853 3309 2030 3364 Erunt

367 3398 476 3450 duo
505 3398 564 3450 in
596 3411 764 3451 carne
795 3413 905 3450 una
937 3395 1089 3464 (Gen.
1126 3397 1208 3461 ιι).

369 3485 502 3540 CAP.
536 3486 622 3539 45.
647 3515 716 3524 —
750 3486 806 3539 In
841 3501 946 3554 quo
976 3487 1229 3553 geniculo
1287 3484 1672 3540 abstinendum
1703 3488 1798 3542 sit.
1832 3487 1914 3541 Ex
1935 3487 2028 3541 di-

607 3558 706 3610 ctis
736 3557 944 3611 Isidori
972 3557 1214 3626 (Isidor.,
1245 3573 1292 3612 ε.
1324 3558 1358 3610 6
1390 3557 1428 3610 ι.
1466 3574 1523 3612 1x
1552 3558 1785 3628 Etym.).

441 3645 700 3699 Isidorus
732 3644 791 3698 in
821 3644 1205 3717 Etymologiis
1237 3646 1361 3701 suis
1395 3662 1578 3716 usque
1606 3646 1674 3700 ad
1711 3646 2026 3717 septimam

365 3734 804 3802 generationem
837 3734 1364 3801 consanguinitatis
1396 3734 1913 3803 abstinendum,et
1943 3734 2026 3790 sic

367 3821 626 3890 legitimo
649 3823 938 3878 connubio
962 3825 1441 3895 conjungendum
1466 3823 1884 3879 asseruit.lnde
1897 3840 2025 3879 reor

366 3925 500 3964 eum
533 3910 760 3975 fecisse,
784 3910 939 3981 quod
963 3911 1314 3982 genealogis:
1341 3911 1549 3965 seriem
1577 3917 1860 3977 retexens,
1885 3928 2026 3981 quo-

368 4014 555 4068 usque
585 3999 850 4054 ordinem
887 3998 1234 4053 numerandi
1271 3999 1589 4070 perducere
1621 4003 1914 4070 posset,eo
1936 4015 2027 4053 co-

366 4089 704 4158 gnationem
739 4087 1044 4158 sanguinis
1077 4087 1420 4142 servandam
1463 4087 1792 4153 aastimavit,
1825 4087 2028 4156 sicque

367 4179 436 4231 ad
464 4177 886 4233 revocationem
924 4193 1156 4247 generis
1178 4181 1234 4230 et
1257 4175 1644 4246 amicitiaajus
1668 4178 2029 4232 conﬁrman-

368 4266 532 4333 dum,
553 4267 738 4322 redire
769 4266 838 4321 ad
873 4264 1230 4320 connubium
1252 4265 1520 4336 sancivit,
1540 4266 1776 4337 quando
1795 4266 1914 4334 jam
1938 4283 2028 4321 co-

366 4355 664 4424 gnationis
695 4355 835 4409 ordo
869 4353 1168 4409 numerari
1200 4353 1434 4409 desinit.

2141 445 2422 517 paulatim
2451 447 2507 501 in
2529 447 2918 520 propaginum
2945 447 3255 501 ordinibus
3277 445 3582 512 dirimens,
3611 463 3818 518 usque

2139 535 2206 588 ad
2241 535 2514 590 ultimum
2550 537 2796 606 gradum
2827 553 2954 591 sese
2986 535 3437 600 subtraxerit,et
3463 535 3820 606 propinqui-

2138 630 2227 677 tas
2259 640 2388 678 esse
2421 625 2679 693 desierit,
2713 629 2853 679 tunc
2885 625 3140 696 primum
3193 625 3282 678 lex
3331 625 3388 678 in
3441 611 3819 680 matrimonii

2139 711 2438 767 vinculum
2473 714 2889 786 recipietur,et
2921 714 3358 784 quodammodo
3391 712 3686 768 revocabit
3721 716 3818 768 fu-

2139 802 2419 872 gientem.
2448 803 2580 857 Ideo
2599 807 2796 856 autem
2831 819 3020 873 usque
3052 804 3120 856 ad
3153 807 3380 856 sextum
3414 803 3644 873 generis
3678 819 3822 874 gra-

2141 891 2280 944 dum
2315 891 2803 962 consanguinitas
2835 891 3156 945 constituta
3198 897 3306 956 est,
3337 896 3400 944 ut
3431 891 3583 945 sicut
3615 892 3674 945 in
3713 909 3818 946 sex

2140 979 2412 1035 aetatibus
2445 980 2650 1034 mundi
2683 980 2978 1051 generatio
3005 986 3062 1036 et
3092 980 3350 1034 hominis
3369 986 3558 1035 status
3577 981 3819 1047 ﬁnitur,

2141 1067 2224 1122 ita
2251 1069 2662 1140 propinquitas
2695 1069 2926 1140 generis
2958 1073 3042 1123 tot
3073 1069 3355 1140 gradibus
3386 1069 3764 1125 terminatur.

2141 1175 2275 1230 CAP.
2311 1177 2396 1230 47.
2423 1208 2488 1215 -
2523 1176 2674 1244 Quod
2716 1178 3382 1248 consanguinitasiusque
3411 1175 3481 1229 ad
3507 1177 3816 1248 septimum

2209 1249 2527 1318 geniculum
2575 1250 2894 1303 conservari
2928 1246 3143 1302 debeat.
3179 1247 3338 1302 Cone.
3371 1246 3518 1318 apud
3567 1247 3815 1302 Theodo-

2210 1321 2298 1373 nis
2329 1319 2533 1374 villam
2564 1319 2767 1385 habito,
2803 1335 2922 1390 cap.
2948 1319 3001 1374 8.

2212 1407 2420 1463 Nullus
2452 1408 2711 1463 ﬁdelium
2746 1423 2936 1478 usque
2957 1407 3026 1462 ad
3060 1407 3371 1462 afﬁnitatis
3393 1406 3622 1473 lineam,
3647 1407 3704 1461 id
3722 1411 3818 1462 est

2139 1497 2402 1567 usquein
2425 1501 2735 1568 septimam
2758 1496 3089 1568 progeniem
3116 1499 3612 1568 consanguineam
3634 1511 3814 1550 suam

2135 1586 2312 1640 ducat
2353 1602 2614 1654 uxorem,
2650 1584 2737 1640 vel
2787 1601 2915 1639 eam
2963 1601 3202 1656 quoquo
3234 1586 3407 1639 modo
3440 1583 3645 1639 incesti
3679 1601 3813 1639 ma-

2138 1675 2270 1728 cula
2302 1673 2546 1744 polluat.
2583 1673 2641 1729 Si
2685 1674 2818 1744 quis
2850 1690 2984 1728 vero
3017 1674 3124 1728 hoc
3157 1679 3373 1729 temere
3405 1690 3811 1745 praesumpse-

2135 1763 2230 1826 rit,
2264 1767 2330 1817 ut
2360 1763 2654 1818 incestum
2686 1762 2830 1834 luat,
2863 1779 2929 1817 ac
2962 1762 3218 1833 plublice
3263 1764 3433 1832 juxta
3485 1763 3811 1817 canonicos

2135 1852 2357 1923 gradus
2389 1852 2690 1923 pcnniteat.

2134 1958 2264 2013 CAP.
2299 1959 2388 2018 48.
2412 1989 2482 2000 —
2512 1960 2642 2014 Item
2668 1957 2733 2012 de
2761 1958 2950 2013 eadem
3105 1959 3187 2012 Ea:
3215 1973 3344 2012 conc
3362 1999 3376 2012 .
3409 1956 3779 2026 Lugdunensi
3797 2000 3812 2025 ,

2843 2045 2962 2084 can.
3084 2071 3096 2082 .

2843 2045 2962 2100 cap.
3008 2045 3096 2084 ω.

2206 2119 2317 2190 (55,
2343 2135 2401 2190 q.
2427 2121 2461 2171 2
2483 2119 2603 2183 et3,
2629 2135 2676 2173 c.
2704 2119 2902 2189 Nulli.)
2935 2119 3095 2173 Nulli
3128 2134 3198 2173 ex
3230 2117 3674 2189 propinquitate
3710 2117 3810 2173 sui

2137 2207 2449 2280 sanguinis
2480 2224 2668 2278 usque
2700 2208 2769 2262 ad
2803 2208 3123 2278 septimum
3158 2208 3405 2278 gradum
3449 2223 3657 2262 uxores
3690 2208 3816 2261 du-

2136 2303 2291 2366 cant,
2319 2313 2504 2367 neque
2527 2296 2656 2352 sine
2678 2297 3084 2352 benedictione
3105 2296 3448 2352 sacerdotis.
3473 2296 3580 2360 Qui
3606 2300 3812 2351 autem

2137 2390 2273 2442 ante
2319 2385 2554 2456 innupti
2603 2389 2791 2451 erant,
2825 2403 2859 2440 a
2889 2385 3194 2440 sacerdote
3235 2385 3547 2448 benedicti,
3581 2385 3815 2440 nubere

2136 2477 2394 2530 audeant
2411 2474 2782 2545 [Gratian.sic
2801 2475 2995 2530 habet:
3018 2474 3116 2545 qui
3143 2479 3339 2529 autem
3359 2473 3600 2545 nupturi
3633 2479 3813 2529 erunt

2138 2581 2172 2620 a
2205 2564 2528 2631 sacerdote,
2557 2566 2713 2632 etc.].

2135 2671 2270 2726 CAP.
2305 2669 2394 2724 49.
2418 2700 2487 2710 ——
2525 2669 2656 2726 Item
2696 2669 2761 2724 de
2793 2668 2984 2724 eadem
3021 2683 3097 2723 re.
3144 2671 3226 2723 Ea'
3262 2669 3496 2724 concilio
3539 2669 3804 2725 Aurelia-

2662 2743 2844 2804 nensi,
2875 2758 2996 2810 cap.
3033 2742 3098 2794 10
3132 2742 3265 2812 (89).

2209 2831 2322 2899 (35,
2351 2847 2406 2901 q.
2441 2831 2494 2898 3,
2527 2845 2579 2886 c.
2614 2829 2888 2900 Nullum.)
2933 2829 3175 2886 Nullum
3232 2830 3291 2884 in
3346 2833 3597 2901 utroque
3649 2845 3797 2885 sexu

2138 2919 2538 2991 permittimus
2569 2936 2638 2974 ex
2671 2917 3108 2990 pr0pinquitate
3129 2917 3458 2990 sanguinis,
3473 2917 3556 2973 vel
3580 2920 3802 2988 uxoris,

2140 3025 2327 3079 usque
2354 3008 2411 3062 in
2439 3007 2760 3079 septimum
2780 3007 3010 3080 generis
3029 3009 3276 3078 gradum
3303 3024 3542 3062 uxorem
3567 3008 3803 3077 ducere,

2061 3090 2103 3157 C
2141 3097 2229 3152 vel
2261 3097 2467 3152 incesti
2501 3096 2733 3152 macula
2765 3096 3201 3152 commaculari.

2208 3205 2342 3259 CAP.
2359 3204 2448 3258 50.
2477 3234 2541 3244 —
2567 3203 2638 3258 De
2659 3204 2856 3258 eadem
2877 3219 2953 3258 re.
2979 3203 3061 3257 Ea:
3075 3218 3226 3258 conc.
3255 3203 3508 3274 Agripin,
3531 3219 3651 3273 cap.
3675 3204 3731 3258 6.

2209 3309 2270 3365 In
2287 3315 2507 3381 septem
2524 3309 2806 3381 gradibus
2823 3309 3019 3364 omnia
3035 3309 3546 3380 propinquitatum
3565 3310 3808 3364 nomina

2138 3399 2538 3468 continentur,
2571 3397 2724 3452 ultra
2757 3415 2904 3468 quos
2937 3413 3041 3452 nec
3068 3398 3326 3453 afﬁnitas
3359 3399 3803 3466 invenitur,nec

2137 3489 2434 3544 successio
2467 3492 2660 3558 potest
2690 3487 2948 3558 amplius
2981 3487 3300 3558 prorogari.

2137 3595 2271 3650 CAP.
2301 3597 2392 3649 5t.
2427 3625 2493 3635 —-
2526 3596 2655 3650 Item
2705 3594 2771 3648 de
2819 3593 3126 3717 eadem7re.
3180 3595 3272 3648 Ea:
3317 3609 3467 3649 conc.
3518 3593 3798 3665 Meldensi,

2860 3683 2979 3717 σαι).
3053 3709 3065 3717 .

2860 3683 2979 3736 cap.
3023 3683 3065 3721 ι.

2207 3755 2325 3823 (35,
2361 3771 2417 3826 q.
2442 3755 2496 3821 2,
2527 3771 2576 3809 c.
2613 3755 2683 3809 De
2712 3755 3032 3824 afﬁnitate.)
3083 3754 3162 3809 De
3209 3754 3493 3810 afﬁnitate
3542 3771 3801 3827 namque

2137 3842 2444 3914 sanguinis
2478 3859 2577 3912 per
2607 3842 2826 3914 gradus
2849 3843 3236 3915 cognationis,
3264 3842 3482 3913 placuit
3513 3860 3702 3915 usque
3727 3845 3799 3899 ad

2137 3931 2454 4000 septimam
2486 3930 2920 3999 generationem
2963 3931 3289 3985 observare.
3316 3930 3461 3985 Nam
3511 3938 3570 3987 et
3617 3932 3800 3987 hisre-

2138 4020 2290 4074 ditas
2322 4035 2517 4073 rerum
2552 4036 2654 4090 per
2684 4018 2900 4090 legales
2923 4019 3296 4074 deﬁnitiones
3313 4020 3504 4075 sancit
3522 4037 3710 4092 usque
3727 4023 3797 4076 ad

2137 4108 2456 4180 septimum
2475 4109 2722 4179 gradum
2755 4108 3112 4177 pratendere
3143 4107 3440 4162 haeredum
3474 4111 3797 4165 successio-

2139 4214 2292 4252 nem.
2327 4196 2448 4252 Non
2481 4195 2636 4251 enim
2671 4197 3072 4263 succederent,
3107 4196 3219 4251 nisi
3253 4197 3338 4252 eis
3371 4199 3441 4251 de
3474 4199 3790 4271 propagine

2137 4285 2502 4356 cognationis
2533 4286 2862 4341 deberetur.

2136 4393 2268 4448 CAP.
2304 4393 2392 4445 52.
2427 4422 2494 4432 —-
2529 4391 2590 4448 Ut
2619 4391 2832 4446 duobus
2861 4391 2949 4446 vel
2982 4391 3161 4447 tribus
3208 4391 3438 4446 testibus
3489 4392 3797 4449 testimonia

367 4465 499 4518 CAP.
536 4464 622 4516 46.
654 4494 720 4502 -
753 4464 952 4535 Iniqua
977 4464 1291 4535 ramuscqu
1342 4463 1851 4533 consanguinitatis
1880 4464 2021 4535 legi-
2056 4462 2101 4526 D
2203 4464 2505 4518 dicentibus
2533 4462 2931 4534 consanguinei
2959 4473 3307 4534 separentur.
3346 4465 3428 4518 Ea:
3472 4480 3622 4521 conc.
3655 4467 3796 4522 Iler-

440 4535 577 4588 tima
628 4534 911 4589 connubia

439 4605 619 4674 (ibid,
647 4622 694 4660 ο.
717 4607 793 4678 5).

436 4694 549 4761 (35,
575 4711 628 4764 q.
651 4694 683 4746 4
715 4699 765 4748 et
793 4696 845 4761 5,
871 4711 917 4751 c.
945 4695 1145 4766 Series,
1183 4705 1236 4751 et
1275 4712 1320 4750 ο.
1351 4695 1857 4767 Consanguinitas.)
1884 4700 2024 4752 Bea-

363 4787 462 4838 tus
495 4782 754 4837 Isidorus
781 4784 851 4838 de
883 4784 1397 4857 consanguinitate
1427 4784 1508 4839 sic
1538 4784 1820 4855 loquitur,
1855 4786 2025 4855 cujus

366 4872 546 4926 series
578 4876 801 4942 septem
830 4873 1112 4944 gradibus
1134 4873 1453 4941 dirimitur,
1474 4872 1581 4928 hoc
1610 4875 1781 4928 modo
1809 4891 1820 4928 :
1847 4873 2025 4928 Filius

363 4965 418 5015 ct
451 4961 570 5015 ﬁlia
602 4962 756 5032 quod
811 4967 902 5015 est
952 4962 1132 5016 frater
1179 4971 1233 5017 et
1278 4979 1461 5029 soror,
1497 4961 1572 5015 sit
1598 4961 1724 5032 ipse
1756 4967 2022 5017 truncus.

363 5049 485 5106 Illis
515 5067 779 5104 seorsum
809 5051 1116 5120 sejunctis,
1141 5067 1204 5105 ex
1227 5051 1419 5104 radice
1453 5049 1612 5105 illius
1647 5053 1840 5106 trunci
1870 5069 2028 5123 egre-

363 5140 608 5195 diuntur
634 5140 732 5194 isti
757 5138 1101 5207 ramusculi,
1128 5156 1306 5208 nepos
1327 5143 1384 5193 et
1407 5140 1598 5210 neptis
1621 5139 1868 5210 primus,
1893 5158 2026 5211 pro-

362 5247 545 5301 nepos
576 5234 631 5284 et
664 5228 1002 5299 pronepotis
1021 5228 1618 5299 secundus,abnepos
1660 5234 1718 5283 et
1759 5230 2028 5300 abneptis

361 5320 595 5390 tertius,
631 5320 891 5389 adnepos
925 5323 982 5372 et
1013 5317 1320 5387 adnepotis
1372 5322 1642 5387 quartus,
1675 5317 1939 5389 trinepos
1969 5322 2030 5372 et

361 5409 636 5481 trineptis
667 5407 936 5479 quintus,
952 5405 1262 5478 trinepotis
1294 5421 1497 5477 nepos,
1524 5410 1578 5460 et
1607 5406 1875 5478 trineptis
1899 5421 2022 5462 sex-

956 4534 1088 4604 ﬁeri
1131 4535 1376 4607 possint.
1447 4538 1530 4590 Ea:
1575 4537 1739 4592 dictis
1785 4534 2027 4608 ejusdem

433 5553 551 5622 (89)
585 5551 825 5607 Gratian
856 5548 1064 5607 tribuit
1087 5548 1243 5606 Julio
1270 5567 1453 5624 papae.

2203 4537 2377 4601 densi,
2413 4551 2531 4605 cap.
2561 4535 2651 4590 20.

2205 4625 2318 4696 (35,
2351 4641 2408 4696 q.
2440 4627 2496 4689 6,
2524 4641 2573 4680 c.
2608 4625 2681 4680 Ab
2713 4624 2866 4697 ista.)
2899 4623 2970 4680 Ut
2996 4623 3188 4680 omnis
3239 4625 3640 4680 controversia
3669 4641 3793 4696 quas

2134 4715 2204 4770 de
2227 4713 2640 4770 ecclesiasticis
2665 4715 2840 4770 rebus
2864 4714 3300 4783 sit,secundum
3326 4713 3583 4768 divinam
3611 4713 3792 4784 legem

2134 4803 2246 4858 sub
2263 4803 2496 4858 duobus
2519 4802 2605 4858 vel
2626 4803 2818 4858 tribus
2837 4802 3091 4858 testibus
3114 4803 3793 4870 terminetur(Deut.xvu;

2133 4897 2273 4959 xxx).
2298 4893 2493 4947 Testis
2525 4897 2614 4947 est
2646 4892 2932 4946 Dominus
2961 4908 3097 4946 cum
3133 4891 3307 4947 dicit:
3342 4892 3463 4946 Non
3501 4909 3658 4947 unus
3689 4897 3797 4947 stet

2135 4986 2338 5036 contra
2385 4981 2591 5047 alium,
2627 4981 2726 5036 sed
2764 4983 2821 5034 in
2854 4996 2948 5036 ore
2998 4981 3232 5036 duorum
3262 4982 3346 5036 vel
3374 4982 3552 5036 trium
3581 4983 3798 5036 testium

2134 5075 2234 5126 stet
2265 5085 2423 5125 omne
2450 5071 2676 5124 verbum
2705 5070 2918 5137 (Matth.
2955 5086 3095 5124 xvm
3119 5085 3139 5131 ,'
3169 5070 3216 5124 II
3248 5071 3368 5125 Cor.
3397 5070 3545 5141 xm).

2136 5175 2270 5231 CAP.
2304 5177 2393 5229 53.
2426 5204 2494 5218 —
2548 5174 2688 5242 Quid
2732 5175 3047 5245 faciendum
3078 5178 3154 5230 sit
3185 5177 3237 5229 si
3265 5191 3422 5230 nemo
3466 5178 3797 5247 consangui-

2204 5249 2436 5302 nitatem
2485 5256 2826 5302 sacramento
2877 5247 3100 5317 ﬁrmare
3147 5249 3406 5302 voluerit.
3443 5249 3525 5302 Ea:
3573 5251 3796 5320 registro

2209 5321 2420 5375 Urbani
2442 5333 2606 5388 papae
2637 5321 2688 5374 II
2699 5359 2713 5373 .

2209 5407 2318 5476 (35,
2353 5423 2408 5477 q.
2441 5408 2495 5478 6,
2528 5424 2578 5462 c.
2611 5407 2676 5463 Si
2703 5407 2860 5480 duo.)
2907 5407 3191 5464 Convenit
3249 5409 3427 5480 Trojaa
3478 5408 3539 5463 in
3591 5409 3797 5481 Apulia
