4002 6054
228 156 355 211 669

960 158 1274 213 nscaan
1312 159 1498 213 PARS
1538 126 1736 214 1x...
1776 158 1876 211 Dn
1909 158 2214 214 INCES’I‘A
2255 159 2776 227 COPULATIONE,
2819 163 2979 219 me.

3552 167 3660 223 670

230 279 562 335 concilium
598 279 1005 350 episcoporum
1040 280 1155 335 fere
1186 297 1350 345 Lxxv,
1382 281 1620 335 abatum
1672 298 1787 349 xu;
1834 280 1892 334 in
1924 284 1977 347 Α
2010 297 2091 350 re,
2125 287 2181 335 et
2213 298 2339 352 quae
2373 288 2505 353 post
2535 284 2604 337 de
2636 284 2854 339 talibus
2886 286 3112 357 egerint
3140 289 3572 345 rationabiliter
3604 296 3662 346 et

230 384 361 440 quo
393 374 588 423 aetum
622 372 713 423 est
752 368 1288 438 consanguinitatis
1338 368 1490 423 linea
1540 368 1889 439 conjugatis,

230 473 377 512 cum
397 473 567 512 nemo
593 462 788 511 tamen
803 456 1025 511 dictum
1046 457 1402 512 sacramenti
1424 456 1599 511 vellet
1624 458 1892 511 assertio-

230 563 309 600 ne
344 547 597 600 ﬁrmare.
663 546 1021 616 Praeceptum
1077 550 1165 599 est
1213 551 1276 599 ut
1325 545 1605 615 episcopi,
1641 562 1890 615 quorum

226 635 553 690 dimcesani
585 641 746 700 sunt,
777 652 876 688 eos
912 651 1009 704 per
1040 650 1299 705 congrua
1323 635 1515 704 spatia
1544 636 1696 688 trina
1716 635 1889 687 advo-

225 725 468 779 catione
489 724 1028 779 conveniant.Tunc
1054 723 1101 775 si
1133 725 1249 777 duo
1271 723 1357 777 vel
1376 733 1491 778 tres
1513 723 1617 776 viri
1641 739 1891 777 consan-

226 814 590 885 guinitatem
634 813 1021 883 jurejurando
1073 812 1467 878 ﬁrmaverint;
1513 811 1599 865 vel
1656 812 1892 883 ipsimet

226 904 384 957 forte
406 902 659 957 confessi
682 902 919 965 fuerint,
947 901 1221 972 conjugia
1245 900 1724 957 dissolvantur.Si
1758 917 1889 955 vero

226 997 513 1046 neutrum
543 991 875 1061 contigerit,
906 989 1163 1060 episcopi
1200 1005 1299 1044 eos
1352 1007 1454 1060 per
1505 991 1889 1060 baptismum,

228 1095 343 1151 per
375 1080 547 1135 ﬁdem
575 1078 981 1149 periudicium
1023 1078 1262 1141 Christi,
1296 1078 1355 1131 in
1398 1094 1531 1131 vera
1561 1078 1892 1133 obedientia

227 1170 928 1240 obtestentur,quatenus
952 1166 1145 1239 palam
1173 1167 1387 1221 faciant
1409 1174 1611 1221 utrum
1637 1183 1699 1221 se
1716 1167 1888 1237 (sicut

228 1258 396 1312 fama
427 1262 537 1325 est)
568 1258 1043 1327 consanguineos
1067 1262 1517 1327 recognoscant;
1545 1255 1594 1309 si
1646 1272 1890 1325 negave-

230 1346 661 1417 rint,sibiipsis
690 1344 1064 1417 relinquendi
1087 1345 1334 1410 sunt,ila
1355 1350 1549 1399 tamen
1576 1344 1707 1399 utsi
1729 1344 1888 1399 aliud

228 1433 601 1490 conscientia
629 1433 904 1501 habeant,
921 1449 983 1487 se
1015 1448 1047 1486 a
1070 1432 1379 1486 liminibus
1402 1432 1680 1496 ecclesiae,
1709 1448 1742 1487 a
1763 1449 1888 1487 cor-

229 1538 378 1593 pore
431 1527 486 1577 et
517 1523 806 1593 sanguine
838 1522 1090 1587 Domini,
1124 1537 1156 1574 a
1190 1521 1448 1575 ﬁdelium
1477 1522 1889 1577 communione

230 1613 507 1667 noverint
537 1618 898 1683 segregatos.
930 1617 1103 1680 atque
1135 1610 1384 1664 infames
1415 1610 1672 1677 effectos,
1706 1612 1889 1665 donec

230 1703 309 1756 ab
334 1701 542 1756 incesti
575 1701 829 1755 facinore
859 1700 1151 1755 desinant.
1188 1700 1243 1754 Si
1278 1716 1341 1753 se
1371 1699 1774 1769 episcoporum
1799 1701 1890 1768 ju-

231 1790 391 1845 dicio
426 1789 941 1861 segregaverint,si
969 1790 1213 1859 juvenes
1248 1793 1407 1853 sunt,
1440 1786 1556 1843 alia
1588 1789 1888 1843 matrimo-

239 1881 339 1934 nia
367 1880 714 1935 contrahere
746 1895 859 1933 non
894 1878 1335 1950 prohibeantur.

231 1972 370 2025 CAP.
404 1971 494 2023 54.
521 2000 589 2009 —-
620 1970 679 2023 In
710 1985 825 2038 qua
856 1970 1006 2022 linea
1030 1968 1494 2034 consanguinilas
1515 1965 1776 2037 separari
1794 1966 1884 2019 de-

307 2045 451 2096 beat.
496 2046 578 2095 Ex
630 2041 865 2096 concilio
925 2039 1294 2105 Cabilonensi,
1352 2056 1473 2109 cap.
1531 2040 1567 2091 5
1619 2038 1882 2109 (Mogunt.

303 2129 452 2167 conc.
488 2114 606 2167 sub.
637 2115 842 2169 Carolo
871 2111 1084 2179 Magno,
1111 2127 1155 2164 c.
1190 2112 1302 2177 54).

305 2203 417 2272 (35,
452 2218 506 2271 q.
538 2202 573 2254 2
604 2218 651 2255 c.
689 2200 1179 2270 Conlradicimus.)
1221 2198 1693 2254 Contradicimus
1740 2216 1882 2268 quo-

225 2308 343 2361 que
376 2297 442 2346 ut
474 2291 530 2345 in
564 2294 775 2362 quarta
805 2289 892 2345 vel
936 2290 1163 2360 quinta,
1198 2294 1479 2361 sextaque
1510 2289 1881 2360 generatione

224 2380 430 2435 nullus
453 2379 708 2451 amplius
749 2379 1022 2450 conjugio
1045 2376 1368 2449 copuletur.
1403 2376 1508 2431 Ubi
1533 2382 1727 2432 autem
1750 2382 1882 2449 post

221 2468 632 2537 interdictum,
668 2470 887 2523 factum
916 2469 1088 2522 fuerit
1111 2467 1437 2531 inventum,
1466 2472 1787 2538 separetur.

222 2560 360 2616 CAP.
394 2559 483 2611 55.
517 2590 585 2597 -—
612 2561 676 2612 In
704 2574 813 2630 qua
836 2558 982 2630 linea
1003 2556 1057 2612 S.
1092 2556 1386 2627 Gregorius
1408 2557 1708 2630 Anglorum
1728 2559 1880 2623 genti

293 2634 557 2700 conjugia
586 2627 917 2699 permiserit.
939 2629 1019 2682 En:
1038 2631 1196 2699 epist.
1228 2630 1457 2683 Joannis
1493 2627 1875 2683 Constantino-

292 2703 533 2771 politani
561 2702 632 2756 ad
662 2700 904 2757 Felicem
934 2703 1246 2771 episcopum
1276 2700 1507 2755 Siciliae.

294 2790 406 2860 (35,
441 2806 496 2860 q.
548 2791 603 2855 2,
651 2807 699 2844 c.
748 2790 1013 2859 Quaedam
1074 2791 1165 2844 lea:
1222 2788 1510 2857 Romana.)
1563 2787 1876 2857 Gregorius

226 2895 380 2949 papa
413 2878 734 2949 requisitus
759 2879 829 2933 ab
856 2879 1177 2950 Augustino
1202 2877 1523 2947 Anglorum
1549 2877 1740 2947 gentis
1758 2875 1877 2946 epi-

227 2984 404 3039 scopo
438 2971 617 3039 quota
647 2967 1019 3039 generatione
1052 2966 1253 3021 ﬁdeles
1301 2966 1551 3020 debeant
1592 2965 1873 3037 copulari,
1907 3006 1950 3073 Ο

224 3057 651 3127 dispensatoris
682 3058 767 3111 sic
798 3056 1069 3111 rescribit
1102 3057 1169 3109 ad
1221 3057 1256 3108 6
1306 3055 1822 3126 interrogationem
1858 3072 1871 3109 :

228 3167 250 3193 ι
288 3146 559 3210 Quaedam
598 3145 688 3200 lex
717 3144 775 3199 in
811 3145 1077 3199 Romana
1107 3145 1310 3213 repub.
1349 3144 1631 3215 permittit
1662 3148 1726 3197 ut
1757 3143 1879 3197 sive

216 3234 396 3289 frater
443 3240 501 3289 et
561 3251 746 3300 soror,
772 3251 871 3289 seu
897 3234 1146 3288 duorum
1172 3233 1415 3287 fratrum
1442 3248 1877 3303 germanorum,

215 3323 303 3377 vel
336 3325 583 3379 duarum
616 3339 887 3379 sororum
924 3323 1082 3378 ﬁlius
1112 3329 1169 3377 et
1201 3322 1320 3376 ﬁlia
1353 3323 1749 3390 misceantur;
1779 3339 1875 3375 ex-

224 3413 553 3485 perimento
586 3413 906 3468 didicimus
931 3428 998 3467 ex
1020 3412 1120 3466 tali
1156 3411 1428 3482 conjugio
1461 3411 1720 3465 sobolem
1760 3428 1870 3465 non

220 3516 389 3574 posse
414 3519 804 3558 succrescere.
832 3502 993 3557 Unde
1014 3516 1251 3556 necesse
1273 3508 1379 3559 est.
1415 3504 1479 3553 ut
1511 3500 1629 3569 iam
1666 3506 1875 3571 quarta

219 3590 305 3644 vel
326 3589 536 3661 quinta
550 3591 924 3663 generatione
940 3588 1198 3645 ﬁdelium
1235 3588 1481 3644 licenter
1494 3588 1869 3659 sibijungan-

225 3685 339 3735 tur.
376 3702 403 3729 »

218 3769 349 3827 CAP.
381 3770 471 3825 56.
504 3800 575 3810 —
607 3770 707 3825 Sed
759 3770 1055 3839 Gregorius
1087 3768 1182 3823 hoc
1212 3767 1519 3838 Anglorum
1558 3770 1709 3833 gent:
1752 3781 1868 3836 spe-

371 3842 616 3907 cialiter,
649 3858 757 3895 non
789 3838 1131 3909 generaliter
1156 3839 1429 3909 permisit.
1468 3838 1695 3892 Ibidem.

288 3933 503 3983 Verum
540 3934 669 4001 post
701 3929 955 3983 multum
988 3928 1271 3999 temporis
1304 3945 1337 3981 a
1370 3926 1555 3981 Felice
1591 3930 1867 3980 Messanae

214 4017 426 4074 Sicilia:
465 4018 713 4090 prmsule
742 4019 1062 4089 requisitus
1082 4023 1276 4070 utrum
1304 4016 1631 4087 Augustino
1653 4018 1867 4086 Grego-

216 4106 336 4161 rius
358 4107 663 4177 scripserit
682 4111 745 4160 ut
764 4106 1082 4177 Anglorum
1107 4110 1315 4177 quarta
1337 4105 1711 4177 generatione
1730 4121 1867 4159 con-

215 4199 397 4249 tracta
421 4195 799 4250 matrimonia
827 4194 1068 4249 minime
1090 4192 1475 4263 solverentur,
1492 4193 1867 4248 humillimus

218 4288 379 4355 pater
410 4284 725 4355 Gregorius
761 4284 921 4353 (epist
948 4284 1011 4336 31
1042 4283 1135 4337 lib.
1161 4286 1262 4347 xu)
1290 4282 1442 4337 inter
1462 4286 1667 4336 caetera
1688 4280 1863 4336 talem

218 4372 379 4426 dedit
406 4373 690 4427 rationem
720 4373 939 4438 :cQuod
968 4372 1176 4441 scripsi
1202 4371 1529 4441 Augustino
1550 4369 1867 4441 Anglorum
1904 4372 1948 4435 D

217 4462 405 4531 gentis
426 4462 697 4532 episcopo
717 4460 1357 4531 alumno,videlieet(ut
1377 4459 1721 4525 recordaris)
1744 4464 1864 4528 tuo,

218 4549 287 4603 de
312 4551 839 4621 consanguinitatis
862 4550 1297 4620 conjunctione,
1327 4547 1518 4620 ipsiet
1546 4547 1866 4619 Anglorum

217 4638 371 4709 genti
404 4655 527 4709 quae
561 4655 751 4710 nuper
780 4641 850 4695 ad
884 4640 1059 4694 ﬁdem
1098 4643 1355 4699 venerat,
1403 4654 1473 4691 ne
1518 4639 1667 4692 bono
1711 4637 1865 4706 quod

216 4733 461 4798 cmperat
494 4728 809 4783 metuendo
841 4727 1164 4783 austeriora
1188 4726 1497 4790 recederet,
1531 4724 1869 4794 specialiter

214 4819 269 4872 et
300 4833 412 4871 non
445 4816 796 4888 generaliter
827 4816 1153 4872 certissime
1182 4815 1493 4885 scripsisse
1536 4830 1626 4867 me
1655 4829 1867 4884 cogno-

216 4919 366 4959 scas.
418 4906 577 4961 Unde
626 4909 683 4960 et
713 4904 857 4959 mihi
907 4905 1100 4959 omnis
1142 4905 1406 4958 Romana
1450 4902 1656 4956 civitas
1702 4902 1868 4955 testis

214 4994 456 5059 exsistit,
484 5010 589 5049 nec
607 5011 674 5049 ea
698 4995 1024 5050 intentione
1048 4994 1169 5047 haec
1192 4992 1309 5046 illis
1334 4990 1543 5062 scripsi
1565 4992 1865 5053 mandata,

218 5087 277 5137 ut
310 5090 622 5154 postquam
655 5083 827 5137 ﬁrma
860 5083 1051 5138 radice
1082 5082 1140 5135 in
1176 5082 1285 5136 ﬁde
1306 5082 1522 5135 fuerint
1544 5079 1865 5144 solidati,si

216 5172 364 5226 infra
396 5172 693 5243 propriam
731 5171 1307 5243 consanguinitatem
1353 5171 1573 5225 inventi
1622 5169 1863 5233 fuerint,

217 5276 327 5315 non
359 5266 728 5330 separentur,
764 5265 865 5314 aut
894 5260 1049 5314 infra
1085 5258 1654 5323 altinitatislineam,
1687 5258 1742 5312 id
1776 5262 1865 5312 est

219 5364 399 5419 usque
428 5349 498 5403 ad
533 5351 844 5421 septimam
892 5347 1331 5419 generationem
1375 5348 1728 5418 jungantur,
1762 5347 1860 5401 sed

220 5437 371 5510 quod
407 5436 1057 5509 adhucillisneophytis
1090 5434 1477 5491 existentibus
1503 5438 1585 5491 eis
1605 5436 1863 5508 primum

221 5524 421 5583 illicita
439 5526 788 5599 consentire,
811 5532 867 5583 et
887 5524 1189 5584 eosverbis
1222 5540 1287 5581 ac
1311 5523 1594 5598 exemplis
1616 5526 1868 5582 instrue-

2001 369 2249 424 ﬁdeliter
2281 370 2586 427 excludere
2607 378 2917 443 oporteret.
2948 375 3093 429 Nam
3117 378 3286 446 juxta
3306 381 3658 449 Apostolum

2001 457 2099 526 qui
2129 459 2241 513 ait:
2267 461 2368 514 Lac
2396 460 2522 515 dedi
2562 461 2711 516 vobis
2729 468 2937 533 polum,
2960 480 3072 518 non
3112 481 3291 521 escam
3314 468 3357 537 (Ι
3389 468 3513 524 Cor.
3552 470 3654 540 ιιι),

2002 546 2115 601 ista
2145 547 2264 603 illis
2296 551 2490 615 modo,
2523 567 2636 604 non
2671 552 2921 621 posteris
2959 559 3021 606 ut
3053 557 3352 624 praeﬁxum
3383 558 3492 626 est)
3520 564 3661 612 tem-

2001 637 2511 705 poribusteuenda
2534 640 2996 708 indulsimus,ne
3015 645 3229 697 bonum
3248 647 3402 715 quod
3422 646 3659 701 infirma

2001 725 2195 779 radice
2230 726 2557 796 plantatum
2591 735 2714 783 erat
2745 736 3094 798 exereretur,
3128 734 3231 787 sed
3283 734 3657 804 aliquantum

2002 813 2357 879 ﬁrmaretur,
2382 822 2437 870 et
2460 834 2646 887 usque
2679 819 2749 873 ad
2776 820 3191 888 perfectionem
3224 824 3647 880 custodiretur.

2004 903 2127 957 [hec
2160 920 2296 973 ergo
2328 906 2927 975 egoJoannesidcirco
2956 910 3406 983 perstringendo
3431 913 3651 978 curavi,

2000 995 2065 1044 ut
2099 992 2155 1045 hi
2210 994 2308 1064 qui
2360 995 2663 1050 occasione
2722 1013 2881 1051 novae
2938 998 3397 1069 dispensationis
3449 1000 3653 1057 illicita

2001 1080 2379 1136 matrimonia
2411 1089 2612 1137 contra
2643 1083 3284 1142 hunceruditissimum
3307 1089 3494 1143 virum
3512 1106 3649 1144 cau-

1997 1174 2221 1233 santur,
2269 1188 2381 1225 non
2415 1172 2767 1243 generaliter
2802 1180 3028 1244 quartas
3053 1176 3451 1247 generationis
3475 1194 3648 1248 c0pu~

1998 1257 2116 1311 lam
2150 1260 2475 1325 censuisse,
2510 1261 2627 1315 imo
2658 1262 2962 1317 venialiter
3011 1265 3309 1336 simulque
3346 1271 3639 1338 tempora-

1998 1345 2132 1400 liter
2166 1349 2507 1417 permisisse
2538 1356 2911 1421 cognoscant.
2949 1374 2976 1400 »

1996 1439 2132 1489 CAP.
2166 1437 2355 1509 57η-
2388 1438 2537 1505 Quod
2568 1439 2826 1493 extranei
2850 1440 2967 1495 nisi
3011 1457 3082 1495 ea:
3109 1445 3456 1509 necessitate,
3480 1445 3647 1500 dissi-

2068 1509 2227 1561 dium
2260 1507 2408 1561 inter
2435 1517 2868 1580 consanguineos
2915 1514 3097 1580 facere
3138 1515 3383 1571 debeant.
3434 1507 3519 1570 Ex
3556 1518 3650 1572 de-

2068 1582 2231 1633 cretis
2262 1581 2496 1634 Fabiani
2521 1598 2702 1653 papte,
2736 1600 2853 1653 cap.
2888 1584 2920 1637 8
2950 1583 3031 1655 (in
3060 1588 3320 1659 fragm).

1924 1647 1967 1711 Β
2072 1669 2180 1737 (35,
2214 1685 2269 1738 q.
2303 1670 2356 1736 6,
2384 1686 2432 1724 c.
2458 1673 3652 1745 Consanguineos.)Consanguineosextra-

2001 1772 2244 1812 neorum
2280 1757 2477 1814 nullus
2510 1765 2742 1815 accuset
2763 1763 2847 1816 vel
2882 1765 3451 1833 consanguinitatcm
3474 1766 3529 1820 in
3554 1784 3649 1838 sy-

1999 1847 2150 1901 nodo
2181 1852 2498 1918 computet,
2526 1850 2625 1904 sed
2648 1850 2961 1921 propinqui
2989 1853 3058 1907 ad
3094 1869 3345 1923 quorum
3380 1856 3647 1910 notitiam

1998 1936 2271 2006 pertinet,
2305 1938 2362 1991 id
2395 1942 2483 1992 est
2513 1943 2693 2008 pater,
2732 1944 2938 2005 mater,
2972 1957 3162 2009 soror,
3213 1943 3410 2011 frater,
3446 1949 3649 2015 patru-

1999 2041 2091 2090 us,
2124 2025 2471 2095 avunculus,
2504 2028 2705 2093 amita,
2740 2033 3146 2101 matertera,et
3186 2046 3385 2087 eorum
3420 2050 3652 2105 procre-

1998 2112 2135 2167 atio.
2170 2113 2229 2168 Si
2263 2120 2459 2170 autem
2496 2117 2804 2189 progenies
2858 2121 2980 2173 tota
3040 2119 3333 2187 defecerit,
3386 2122 3455 2177 ab
3495 2124 3646 2178 anti-

1994 2202 2302 2272 quioribus
2347 2208 2403 2258 et
2450 2205 2847 2261 veraeioribus
2897 2207 3115 2277 quibus
3159 2210 3359 2265 eadem
3404 2212 3643 2283 propin-

1993 2292 2186 2361 quitas
2218 2297 2354 2347 nota
2384 2293 2481 2355 sit,
2514 2294 2829 2365 episcopus
2861 2296 3137 2351 canonice
3169 2298 3488 2369 perquirat,
3512 2304 3571 2356 et
3591 2301 3639 2357 si

1990 2379 2227 2434 inventa
2260 2381 2433 2437 fuerit
2466 2382 2900 2453 propinquitas,
2934 2391 3303 2455 separentur.

1989 2472 2118 2522 CAP.
2149 2469 2237 2521 58.
2263 2500 2331 2509 ——
2361 2471 2435 2524 Ne
2462 2472 2587 2540 quis
2619 2476 2832 2538 neptem
2860 2488 3020 2526 suam
3051 2474 3234 2528 ducat.
3266 2476 3349 2529 Ex
3397 2477 3639 2531 concilio

2062 2541 2325 2615 Romano.
2351 2544 2646 2609 Gregorius
2678 2544 2766 2613 (ea:
2794 2543 3023 2598 decretis
3071 2550 3229 2615 Greg.
3290 2548 3337 2601 ll
3395 2548 3643 2603 Junioris

2058 2612 2345 2680 appellati,
2370 2629 2415 2667 c.
2444 2616 2520 2680 6).

2046 2700 2241 2769 Siquis
2257 2706 2486 2771 neptem
2503 2718 2667 2756 suam
2691 2702 2748 2756 in
2763 2702 3037 2775 eonjugio
3054 2704 3305 2769 duxerit,
3325 2706 3641 2762 anathema

1990 2788 2085 2843 sit.

2036 2877 2167 2931 CAP.
2199 2879 2288 2932 59.
2325 2908 2393 2917 —-
2424 2880 2495 2933 De
2523 2880 2709 2933 eadem
2741 2896 2824 2947 re,
2854 2880 3093 2951 ejusdem
3127 2881 3379 2951 Gregorii
3410 2884 3481 2953 (ε.
3513 2884 3590 2955 8).

2060 2967 2114 3020 Si
2147 2967 2282 3037 quis
2312 2968 2720 3039 consobrinam
2755 2969 2813 3022 in
2847 2970 3187 3041 conjugium
3221 2972 3473 3040 duxerit,
3506 2990 3640 3028 ana-

1993 3053 2194 3110 thema
2227 3056 2324 3111 sit.

2323 3146 2451 3201 ΟΑΡ.
2484 3148 2577 3200 60.
2603 3176 2669 3188 -
2704 3148 2777 3201 De
2804 3149 2989 3203 eadem
3013 3166 3077 3203 re
3106 3150 3179 3219 (ο.
3207 3152 3285 3219 9).

2061 3235 2116 3289 Si
2152 3235 2286 3305 quis
2318 3236 2389 3290 de
2424 3235 2660 3306 propria
2689 3238 3056 3307 cognatione,
3089 3239 3176 3293 vel
3209 3255 3383 3309 quam
3420 3256 3637 3311 cogna-

1986 3328 2082 3379 tus
2114 3324 2322 3378 habuit
2351 3323 2410 3377 in
2445 3324 2716 3394 conjugio
2748 3325 2995 3392 duxerit,
3031 3327 3346 3382 anathema
3376 3327 3472 3382 sit.

1983 3417 2114 3467 CAP.
2145 3415 2203 3466 6!
2223 3452 2237 3467 .
2269 3443 2337 3454 -
2370 3412 2788 3486 Sacramentum
2836 3414 2902 3467 de
2948 3416 3240 3484 parentela
3269 3417 3533 3486 quomodo
3561 3417 3634 3473 sit

2626 3484 2984 3555 inquirenda.

2052 3573 2162 3639 (35,
2190 3588 2246 3642 q.
2266 3573 2320 3641 6,
2342 3588 2392 3626 c.
2420 3577 2500 3627 De
2527 3574 2867 3645 parentela.)
2890 3574 2969 3628 De
2998 3573 3098 3629 illa
3132 3575 3429 3647 parentela
3456 3593 3634 3647 quam

1982 3659 2185 3715 dicunt
2215 3677 2344 3715 esse
2374 3659 2527 3715 inter
2560 3661 2624 3716 N.
2655 3678 2723 3715 ne
2745 3662 2915 3716 istam
2957 3665 3267 3733 conjugem
3294 3666 3360 3719 N.
3387 3664 3633 3736 quiquid

1979 3748 2115 3803 inde
2141 3749 2257 3803 scis
2297 3754 2397 3804 aut
2419 3750 2639 3804 audisti
2667 3767 2698 3804 a
2729 3750 2847 3806 tuis
2872 3750 3100 3817 vicinis,
3125 3757 3226 3807 aut
3264 3770 3297 3808 a
3339 3754 3455 3808 tuis
3484 3755 3634 3809 anti-

1977 3839 2288 3909 quioribus
2306 3839 2833 3911 propinquis,quod
2854 3845 2914 3895 tu
2941 3841 3636 3912 pernullumingenium,

1978 3944 2085 3981 nec
2108 3933 2348 3999 propter
2378 3944 2657 3995 amorem,
2683 3944 2787 3983 nec
2820 3934 3057 4000 propter
3084 3930 3499 4000 timorem,aut
3527 3947 3630 4001 per

1980 4018 2286 4087 praemium
2314 4022 2415 4071 aut
2437 4033 2537 4089 per
2558 4017 3130 4087 consanguinitatem
3152 4018 3370 4073 celabis
3404 4018 3633 4089 episco-

1977 4122 2119 4177 pum
2144 4110 2310 4161 tuum
2334 4110 2435 4159 aut
2455 4107 2582 4176 ejus
2608 4106 2881 4173 missum,
2929 4106 3018 4160 cui
3064 4106 3171 4160 hoc
3196 4107 3491 4177 inquirere
3510 4110 3634 4177 jus-

1976 4196 2118 4249 serit
2137 4195 2608 4266 quandocunque
2638 4198 2694 4247 te
2716 4210 2783 4248 ex
2805 4194 2913 4249 hoc
2938 4195 3381 4265 interrogaverit
3410 4212 3422 4250 :
3451 4196 3545 4250 Sic
3578 4200 3635 4250 te

1978 4284 2130 4339 Deus
2160 4284 2398 4353 adjuvet
2428 4287 2484 4337 et
2515 4283 2642 4338 istae
2672 4290 3013 4337 sanctorum
3047 4284 3325 4354 reliquias.

2281 4374 2417 4427 CAP.
2449 4372 2539 4425 62.
2573 4402 2641 4411 —
2671 4374 3057 4427 Juramentum
3085 4373 3330 4430 testium.

2047 4461 2161 4531 (35,
2193 4479 2247 4530 q.
2271 4461 2326 4528 6,
2346 4477 2394 4514 c.
2414 4460 3002 4532 Illudjuramentum.)
3020 4460 3166 4515 Illud
3190 4466 3630 4518 sacramentum

1980 4551 2135 4621 quod
2156 4549 2265 4603 iste
2282 4549 2504 4618 juravit
2527 4548 2703 4603 deilla
2729 4550 3029 4621 parentela
3046 4551 3350 4621 quaeinter
3371 4551 3559 4605 tilium
3576 4555 3633 4606 et

1979 4640 2109 4706 ejus
2131 4637 3090 4709 conjugemN.computatur,quod
3110 4645 3167 4693 tu
3186 4639 3328 4693 illud
3356 4641 3629 4694 observa-

1978 4726 2143 4781 bisin
2168 4732 2454 4796 quantum
2473 4727 2631 4798 sapis
2647 4732 2748 4781 aut
2765 4727 3112 4782 audisti?Sic
3140 4728 3351 4783 teDeus
3369 4729 3627 4798 adjuvet.

2030 4818 2163 4870 CAP.
2196 4817 2285 4870 63.
2319 4846 2385 4854 —
2417 4815 2833 4871 Sacramentum
2862 4816 2927 4870 de
2958 4818 3257 4872 incestuoso
3287 4818 3573 4887 conjugio.

2048 4906 2159 4975 (35,
2184 4905 2313 4974 q.6,
2338 4920 2387 4957 c.
2421 4904 2495 4957 Ab
2527 4904 2675 4974 isto.)
2707 4906 2791 4959 Ab
2838 4904 2949 4959 isto
2981 4904 3071 4958 die
3121 4905 3177 4957 in
3228 4909 3423 4971 antea,
3472 4907 3628 4975 quod

1977 4997 2037 5047 tu
2066 5008 2167 5062 per
2188 4991 2416 5046 nullum
2450 4992 2753 5063 ingenium
2786 4998 2843 5046 te
2874 4992 3130 5047 sociabis
3162 4992 3297 5046 huic
3338 4997 3449 5046 tuas
3483 5009 3628 5047 con-

1976 5080 2313 5151 sanguineae
2374 5081 2439 5135 N.
2494 5098 2629 5135 cum
2676 5098 2793 5151 qua
2842 5087 3047 5135 contra
3079 5081 3267 5152 legem
3297 5087 3355 5135 et
3406 5086 3627 5135 rectam

1975 5168 2051 5223 Ch
2063 5168 2472 5224 ristianitatcm
2492 5174 2549 5224 tu
2561 5170 3041 5239 am,adulterium
3059 5176 3115 5224 et
3134 5172 3420 5225 incestum
3435 5184 3631 5240 perpe-

1974 5258 2165 5325 trasti,
2198 5274 2300 5313 nec
2330 5257 2387 5311 in
2432 5259 2727 5331 conjugio,
2783 5277 2888 5315 nec
2920 5260 2978 5313 in
3012 5258 3299 5314 adulterio
3334 5259 3491 5312 illam
3526 5256 3630 5310 tibi

1976 5348 2630 5413 sociabis,neccumilla
2650 5350 2718 5403 ad
2755 5365 2930 5402 unam
2957 5364 3219 5402 mensam
3238 5346 3627 5401 manducabis

1975 5443 2031 5492 et
2079 5438 2266 5506 bibes,
2294 5438 2527 5493 autsub
2553 5454 2668 5493 uno
2709 5440 2859 5493 tecto
2893 5435 3182 5503 manebis,
3227 5435 3342 5489 nisi
3389 5434 3535 5489 forte
3566 5433 3625 5491 in

1975 5524 2240 5597 ecclesia,
2275 5526 2452 5583 autin
2476 5526 2673 5598 aliquo
2705 5524 2938 5597 publico
2965 5524 3111 5595 loco,
3148 5523 3246 5580 ubi
3279 5522 3441 5580 nulla
3472 5524 3627 5582 mala
