4002 6054
350 156 449 211 671

1434 158 1501 207 D.
1545 152 1787 206 IVONIS
1823 143 2322 203 CARNOTBNSIS
2358 140 2680 197 EPISCOPI

3659 144 3770 199 672

344 277 606 348 suspicio
634 277 825 349 possit
847 293 997 346 esse,
1021 281 1077 333 et
1106 278 1185 333 ibi
1219 293 1416 333 coram
1467 276 1721 331 testibus
1770 268 1993 345 idoneis
2023 270 2075 334 Α
2106 281 2256 335 gnua
2289 263 2471 319 amita
2496 279 2734 334 magna.
2788 262 2844 317 id
2895 268 2985 317 est
3042 262 3131 317 ινί
3189 264 3417 334 Ριιενοὶ
3476 265 3656 321 frater
3698 271 3758 321 et

346 380 449 437 pro
509 369 667 420 certa
725 365 1078 421 necessitate
1141 365 1362 437 pariter
1411 362 1851 435 colloquamini.
1884 361 2000 416 Nec

344 452 520 508 aliam
554 455 864 527 conjugem
900 455 1172 526 accipies,
1208 454 1319 509 nisi
1367 453 1510 508 forte
1542 457 1673 523 post
1704 455 1995 523 peractam

345 543 752 613 pmnitentiam
788 544 889 598 tibi
941 543 1177 598 licentia
1227 544 1361 597 data
1405 542 1579 596 fuerit
1610 542 1681 595 ab
1725 541 1998 611 episcopo

343 636 466 698 tuo,
501 636 601 687 aut
630 634 759 701 ejus
809 632 990 687 misso
1025 648 1038 687 :
1073 632 1156 687 sic
1207 634 1263 685 te
1313 636 1464 686 Deus
1508 631 1765 700 adjuvet,
1796 633 1853 684 et
1875 629 2000 683 ista:

348 726 689 775 sanctorum
726 720 1003 792 reliquiae.

350 827 483 882 CAP.
514 828 604 880 64.
640 858 704 867 ——
739 832 874 883 Haec
900 828 1146 893 capitula
1178 826 1247 881 de
1275 831 1475 897 septem
1490 826 1749 897 gradibus
1764 841 1999 880 consan-

418 897 711 968 guinitatis
750 898 802 952 S.
838 900 1088 953 Isidorus
1117 898 1376 969 diligenti
1404 899 1765 968 inquisitione
1794 898 2001 951 descri-

419 971 543 1041 psit,
580 979 628 1023 et
659 971 717 1023 in
749 970 937 1039 ﬁgura.
968 968 1235 1041 apertius
1257 973 1472 1041 depicta
1489 970 1789 1024 ordinavit.
1817 968 1944 1041 Cap.
1972 968 1997 1021 1

424 1039 488 1166 dEe:
512 1057 589 1094 vu
616 1042 885 1183 )gradibus
914 1039 1437 1113 consanguinitatis.
1471 1041 1622 1113 (Isid.
1656 1058 1702 1096 ο.
1734 1043 1790 1106 5,
1827 1039 1927 1094 lib.
1950 1056 2003 1093 ix

492 1129 603 1182 ym.
640 1155 652 1167 .

492 1129 652 1182 ym.}.

422 1202 617 1256 Primo
649 1202 836 1273 gradu
870 1202 1161 1274 superiori
1207 1201 1362 1257 linea
1412 1201 1786 1257 continentur
1817 1204 2002 1272 pater,

354 1290 829 1358 mater;inferiori
847 1289 1398 1361 ﬁlius,ﬁlia,quibus
1413 1290 1585 1344 nullae
1599 1289 1722 1345 alia
1742 1304 2004 1360 personas

346 1379 704 1449 junguntur.
720 1380 987 1434 Secundo
1000 1380 1184 1450 gradu
1218 1379 1594 1433 continentur
1623 1378 1912 1449 superiori
1933 1376 2004 1431 li-

357 1484 466 1522 nea
489 1484 651 1534 avus,
672 1467 821 1535 avia;
845 1467 1108 1523 inferiori
1132 1484 1334 1538 nepos,
1350 1468 1564 1538 neptis.
1584 1468 1645 1521 In
1669 1472 2003 1522 transversa

354 1556 551 1621 frater,
576 1573 761 1621 soror,
785 1573 915 1627 quae
955 1573 1215 1628 persona:
1252 1557 1650 1627 duplicantur.
1674 1554 1999 1611 Avusenim

357 1650 415 1699 et
445 1646 572 1700 avia
601 1650 719 1701 tam
753 1662 822 1701 ex
852 1651 1013 1717 patre
1045 1662 1221 1716 quam
1256 1662 1324 1700 ex
1376 1651 1563 1700 matre
1614 1645 2003 1716 accipiuntur.
2037 1633 2083 1697 Β

361 1735 497 1799 Qua:
529 1750 813 1806 personae,
846 1735 1233 1805 sequentibus
1257 1751 1489 1805 quoque
1511 1735 1788 1805 gradibus
1806 1732 2009 1789 simili-

363 1828 453 1877 ter
473 1840 574 1895 pro
607 1823 942 1879 substantia
967 1840 1169 1878 earum
1203 1840 1330 1894 quae
1360 1823 1419 1877 in
1453 1840 1568 1894 quo
1599 1823 1786 1895 gradu
1816 1822 2008 1878 subsi-

362 1916 524 1966 stunt
579 1911 853 1982 [Gratiam
886 1914 964 1967 sic
1015 1912 1220 1967 habet:
1255 1912 1469 1967 Eorum
1523 1912 1580 1966 in
1638 1928 1754 1983 quo
1821 1912 2007 1983 gradu

360 2000 734 2069 consistunt],
770 2002 896 2072 ipso
929 2001 1132 2056 ordine
1162 2000 1559 2072 duplicentur.
1596 2002 1721 2056 Istae
1747 2018 2008 2072 persona;

360 2088 421 2142 in
454 2089 712 2143 secundo
743 2090 929 2160 gradu
961 2088 1090 2145 ideo
1119 2088 1381 2161 duplices
1428 2089 1819 2160 appellantur,
1870 2088 2011 2159 quia

362 2177 479 2231 duo
512 2177 601 2232 avi
634 2182 796 2247 sunt,
829 2182 885 2233 et
916 2182 1197 2249 paternus
1229 2183 1285 2233 et
1339 2184 1663 2234 maternus.
1700 2178 1841 2233 Item
1892 2178 2009 2233 duo

369 2280 584 2335 genera
612 2270 891 2336 nepotum
916 2271 1057 2321 sunt
1074 2267 1195 2322 sive
1224 2284 1292 2321 ex
1317 2265 1459 2336 filio,
1484 2267 1604 2321 sive
1626 2284 1694 2322 ex
1723 2266 1843 2322 ﬁlia
1875 2284 2008 2339 pro-

368 2354 566 2409 creati.
612 2355 810 2410 Frater
829 2361 885 2410 et
908 2372 1073 2410 soror
1094 2372 1162 2411 ex
1186 2360 1516 2411 transverso
1539 2356 1804 2423 veniunt,
1828 2356 1885 2411 id
1925 2359 2013 2411 est

370 2448 472 2497 aut
503 2443 679 2498 frater
709 2444 895 2515 patris
930 2448 1032 2499 aut
1067 2446 1246 2499 frater
1274 2444 1497 2513 matris,
1523 2445 1622 2516 qui
1646 2449 1747 2501 aut
1770 2449 2012 2516 patruus

368 2536 470 2586 aut
507 2531 833 2587 avunculus
870 2532 1234 2588 nominatur.
1286 2533 1395 2599 Qui
1426 2539 1483 2589 et
1514 2534 1623 2605 ipsi
1658 2533 1767 2589 hoc
1810 2534 2013 2588 ordine

368 2618 764 2692 duplicantur.
797 2620 989 2677 Tertio
1019 2622 1206 2693 gradu
1245 2622 1486 2678 veniunt
1529 2639 1727 2694 supra,
1762 2638 2013 2694 proavus

367 2709 624 2780 proavia;
651 2708 803 2764 infra
828 2727 1138 2782 propenos,
1175 2712 1494 2783 proneptis.
1531 2712 1607 2766 Ex
1625 2711 1863 2782 obliquo
1895 2712 2014 2765 fra-

366 2798 475 2852 tris
504 2798 838 2869 sororisque
868 2799 1029 2854 ﬁlius
1050 2798 1137 2854 vel
1162 2799 1301 2866 ﬁlia;
1322 2805 1590 2871 patruus,
1616 2801 1817 2866 amita,
1845 2800 1902 2854 id
1926 2804 2016 2855 est

371 2886 557 2956 patris
588 2886 766 2941 frater
789 2891 845 2941 et
878 2903 1081 2942 soror:
1106 2888 1455 2955 avunculus,
1482 2889 1911 2956 martertera,id
1928 2893 2016 2943 est

369 2974 577 3028 matris
613 2974 789 3029 frater
809 2978 867 3030 et
889 2991 1071 3031 soror.
1097 2976 1308 3039 Quarto
1340 2978 1523 3048 gradu
1546 2978 1789 3033 veniunt
1810 2994 2009 3049 supra,

368 3062 589 3117 abavus
611 3063 846 3129 abavia;
870 3064 1021 3119 infra
1043 3064 1318 3136 abnepos,
1345 3066 1635 3137 abneptis.
1669 3068 1750 3121 Ex
1772 3066 2012 3137 obliquo

370 3151 564 3206 fratris
595 3157 651 3206 et
698 3153 916 3208 sororis
949 3170 1150 3224 nepos,
1204 3154 1414 3225 neptis.
1464 3156 1753 3211 Patruelis
1811 3155 2010 3225 frater,

368 3255 567 3308 soror;
634 3239 917 3310 patruelis
972 3241 1027 3295 id
1107 3246 1197 3297 est
1258 3243 1449 3314 patrui
1509 3243 1665 3300 ﬁlius
1721 3244 1807 3300 vel
1870 3243 2008 3299 ﬁlia.

368 3328 791 3397 Consobrinus,
825 3331 1268 3401 consobrina,id
1301 3338 1387 3387 est
1415 3333 1686 3388 avunculi
1713 3338 1770 3388 et
1802 3338 2010 3388 mater-

368 3422 502 3471 teraa
526 3417 680 3473 ﬁlius
702 3416 788 3473 vel
813 3418 951 3473 ﬁlia.
976 3418 1293 3488 Amitinus,
1329 3422 1595 3490 amitina,
1630 3422 1687 3475 id
1714 3426 1804 3477 est
1819 3422 2011 3477 amitae

369 3505 528 3560 ﬁlius
560 3506 645 3560 vel
679 3505 819 3560 ﬁlia.
857 3508 1115 3579 Itemque
1162 3509 1501 3564 consobrini
1532 3510 1632 3582 qui
1666 3527 1733 3566 ex
1782 3510 2013 3566 duabus

369 3594 673 3649 sororibus
698 3601 1045 3652 nascuntur.
1078 3598 1303 3664 Quibus
1334 3601 1581 3656 accessit
1610 3604 1856 3672 patruus
1887 3616 2014 3656 ma-

552 3691 663 3745 DE
1127 3695 1249 3749 ΡΑ

1891 3698 2064 3753 TRI

2108 370 2273 409 soror
2303 351 2631 407 avunculus
2670 368 2944 423 magnus,
2990 356 3308 407 matertera
3334 369 3571 425 magna,
3594 354 3651 409 id
3678 361 3771 409 est

2109 442 2246 497 avias
2278 448 2395 496 tam
2433 446 2707 512 paternae,
2732 457 2910 512 quam
2968 446 3243 496 maternae
3274 443 3449 497 frater
3494 448 3550 497 et
3580 459 3768 499 soror.

2110 532 2321 594 Quinto
2362 531 2544 601 gradu
2576 531 2821 585 veniunt
2871 547 3054 600 supra
3085 530 3324 600 quidem
3371 535 3595 598 atavus,
3643 537 3768 587 ata-

2109 620 2223 685 vis;
2260 619 2411 673 infra
2441 619 2748 689 adneptos,
2783 618 3072 689 adneptis.
3098 622 3175 672 Ex
3204 618 3443 689 obliquo
3477 619 3675 673 fratris
3704 624 3765 673 et

2113 707 2331 763 sororis
2356 707 3207 778 pronepos,proneptis;fratris
3232 707 3763 778 patruelis,sororis

2112 797 2397 868 patruelis
2422 795 2672 860 amitini,
2706 796 2988 859 amitinaa,
3023 796 3359 851 consobrini
3391 797 3761 852 consobrina:

2113 886 2274 940 ﬁlius
2305 885 2393 940 vel
2429 884 2568 951 ﬁlia,
2594 884 2831 955 propior
2860 884 3274 953 consobrinus,
3307 886 3680 951 consobrina,
3700 886 3760 940 id

2111 979 2199 1029 est
2229 972 2423 1044 patrui
2457 972 2679 1044 magni,
2712 972 2926 1028 amitis;
2961 990 3206 1045 magnas,
3229 974 3505 1029 avunculi
3539 974 3763 1045 magni,

2113 1068 2440 1119 matertera:
2463 1078 2682 1134 magnae
2704 1062 2863 1118 ﬁlius
2891 1063 2979 1117 vel
3013 1061 3154 1117 ﬁlia.
3176 1062 3402 1126 Quibus
3425 1066 3771 1118 accrescunt

2115 1156 2495 1224 propatruus,
2546 1150 2850 1220 proamita.
2912 1151 2978 1206 Hi
3042 1155 3182 1206 sunt
3238 1152 3435 1222 proavi
3495 1152 3769 1218 materni,

2116 1241 2296 1295 frater
2316 1246 2373 1295 et
2395 1257 2581 1309 soror,
2598 1239 3052 1311 proavunculus,
3078 1244 3518 1311 promatertera.
3539 1240 3604 1293 Hi
3632 1243 3774 1295 sunt

2115 1329 2361 1401 proaviae
2378 1334 2629 1401 paternae
2646 1334 3050 1400 maternaque
3076 1330 3255 1384 frater
3266 1333 3322 1384 et
3344 1329 3764 1400 soror,proavi-

2115 1435 2227 1489 que
2250 1419 2447 1490 magni
2485 1418 2754 1473 materni.
2791 1420 2919 1472 Haec
2942 1419 3167 1489 species
3200 1434 3307 1473 nec
3333 1417 3466 1473 aliis
3488 1418 3772 1490 gradibus

2113 1525 2290 1579 quam
2314 1508 2534 1579 scripta
2555 1512 2774 1576 est,nec
2797 1507 2930 1563 aliis
2950 1506 3248 1563 vocabulis
3262 1507 3541 1563 declarari
3560 1512 3772 1579 potest.

2116 1598 2289 1653 Sexto
2319 1598 2502 1668 gradu
2553 1596 2795 1652 veniunt
2825 1613 3005 1668 supra
3054 1596 3299 1660 triavus,
3332 1597 3570 1663 triavia;
3616 1596 3773 1652 infra

2118 1686 2403 1758 trinepos,
2438 1686 2733 1757 trineptis.
2786 1686 2867 1740 Ex
2912 1685 3152 1757 obliquo
3187 1685 3386 1740 fratris
3416 1691 3475 1740 et
3525 1686 3768 1751 sororis,

2118 1776 2396 1845 abnepos,
2428 1774 2931 1845 abneptis,fratris
2964 1773 3491 1846 patruelis,sororis
3515 1779 3771 1829 matrue-

2116 1863 2189 1918 lis
2222 1862 2451 1918 amitini
2473 1864 2751 1931 amitinae,
2776 1863 3136 1927 consobrini,
3160 1863 3546 1930 consobrinis;
3574 1861 3773 1933 patrui

2118 1952 2339 2023 magni,
2374 1950 2565 2006 amitte
2601 1968 2847 2021 magnae;
2878 1951 3152 2007 avunculi
3188 1951 3411 2023 magni,
3443 1955 3773 2006 matertera;

2118 2056 2344 2112 magna:
2381 2056 2587 2110 nepos,
2620 2040 2814 2111 neptis
2847 2057 2859 2094 :
2899 2040 3191 2111 pr0pioris
3231 2039 3565 2095 consobrini
3617 2039 3778 2094 ﬁlius

2117 2131 2206 2187 vel
2239 2129 2487 2201 ﬁlia,qui
2510 2129 2849 2185 consobrini
2881 2128 3781 2201 appellantur,quibusexlatere

2119 2224 2462 2276 accrescunt
2504 2221 2826 2291 propatrui,
2853 2220 3190 2291 proamitie:
3226 2218 3604 2290 proavunculi
3637 2235 3775 2290 pro-

2120 2314 2445 2365 materterae
2504 2309 2663 2364 ﬁlius
2720 2310 2807 2364 vel
2869 2309 3013 2374 ﬁlia,
3046 2309 3369 2380 adpatruus
3399 2309 3680 2364 adamita.
3706 2308 3779 2362 Hi

2120 2404 2261 2454 sunt
2293 2398 2459 2453 abavi
2511 2398 2739 2469 paterni
2791 2398 2972 2453 frater
3014 2403 3072 2453 et
3120 2415 3305 2465 soror,
3349 2396 3775 2461 abavunculus,

2123 2487 2533 2541 abmatertera.
2566 2485 2634 2540 Hi
2675 2491 2813 2540 sunt
2843 2486 3057 2541 abaviaa
3089 2491 3341 2557 paternae
3374 2490 3775 2555 maternaque

2124 2575 2301 2629 frater
2357 2579 2413 2629 et
2472 2590 2638 2629 soror
2689 2574 2976 2645 abavique
3035 2573 3306 2629 materni.
3366 2573 3497 2629 Haec
3538 2589 3773 2645 quoque

2122 2662 2419 2734 explanari
2454 2663 2713 2733 amplius
2744 2680 2854 2717 non
2890 2668 3157 2734 possunt,
3192 2679 3367 2734 quam
3412 2662 3537 2734 ipse
3568 2667 3774 2717 auctor

2124 2751 2692 2824 disseruitbeptimo
2712 2753 2896 2824 gradu
2920 2751 3020 2822 qui
3054 2751 3165 2806 sibi
3189 2750 3593 2822 suntcognati,
3614 2756 3775 2806 recta

2123 2840 2276 2895 linea
2297 2858 2473 2911 supra
2494 2840 2761 2911 infraque
2777 2840 3030 2912 propriis
3053 2840 3393 2895 nominibus
3418 2856 3530 2895 non
3570 2838 3771 2911 appel-

2123 2928 2342 2998 lantur,
2369 2930 2469 2983 sed
2498 2945 2567 2984 ex
2594 2936 2930 2985 transversa
2960 2928 3115 2984 linea
3144 2928 3519 2984 continentur
3550 2928 3773 2994 fratris,

2124 3018 2659 3089 sororis,adnepos,
2694 3019 2985 3089 adneptis,
3022 3018 3364 3073 consobrini
3391 3017 3493 3072 ﬁlii
3524 3017 3777 3087 ﬁliaeque

2124 3106 2537 3173 successionis,
2563 3106 2780 3161 idcirco
2803 3108 3022 3177 gradus
3038 3111 3260 3178 septem
3285 3105 3591 3161 constituti
3614 3110 3780 3171 sunt,

2122 3195 2262 3266 quia
2294 3194 2541 3249 ulterius
2572 3211 2676 3266 per
2708 3212 2902 3249 rerum
2930 3201 3204 3250 naturam
3233 3211 3337 3250 nec
3362 3194 3600 3249 nomina
3620 3194 3783 3248 inve-

2120 3283 2233 3339 niri
2258 3298 2363 3337 nec
2395 3283 2512 3336 vita
2542 3283 2999 3339 succedentibus
3032 3283 3327 3355 prorogari
3360 3286 3569 3354 potest.
3594 3288 3657 3337 In
3687 3280 3781 3335 his

2122 3372 2280 3427 enim
2313 3377 2535 3440 septem
2569 3372 2852 3444 gradibus
2890 3373 3090 3427 omnia
3116 3372 3624 3443 propinquitatum
3672 3387 3779 3425 no-

2126 3460 2281 3515 mina
2305 3461 2703 3527 continentur,
2736 3460 2893 3515 ultra
2922 3477 3072 3530 quos
3104 3460 3357 3515 afﬁnitas
3379 3458 3648 3529 inveniri,
3668 3475 3778 3513 nec

2125 3548 2385 3605 succesio
2419 3554 2610 3620 potest
2638 3549 2897 3621 amplius
2927 3549 3249 3621 prorogari.

3024 3699 3210 3756 BUS

372 3764 591 3846 auctor
607 3763 718 3846 mei
1113 3767 1342 3846 generis
1487 3769 1633 3846 mibi
1665 3774 1829 3841 pater
1858 3772 1946 3825 est
2337 3786 2443 3841 ego
2475 3768 2559 3846 iiii
2693 3768 2873 3846 Filius
3525 3773 3628 3824 aut
3660 3768 3783 3846 ﬁlia

376 3835 565 3917 ξομ-ξε
596 3835 709 3917 mei
1119 3835 1282 3908 pater
1492 3841 1635 3917 mibi
1665 3835 1809 3897 avus
1839 3847 1929 3896 est
2338 3835 2443 3912 θέο
2706 3842 2896 3917 ῌθροε
3456 3846 3557 3895 aut
3586 3840 3781 3917 neptis

376 3906 564 3988 ξομ-ξε
597 3907 710 3988 mei
1120 3906 1267 3965 avus
1493 3912 1638 3988 mibi
1671 3929 1920 3988 proavus
1950 3917 2039 3967 est
2343 3906 2450 3984 θέο
2482 3912 2563 3988 iiii
2711 3906 3010 3988 Pronepos
3350 3917 3455 3967 aut
3477 3906 3780 3988 proneptis

373 3978 562 4055 ljatris
593 3979 707 4055 mei
1123 3998 1376 4055 proavus
1494 3984 1641 4039 mihi
1672 3978 1892 4039 abavus
1921 3989 2010 4039 est
2345 3978 2450 4055 θέο
2483 3983 2567 4055 illi
2713 3978 2982 4054 Abnepos
3376 3978 3783 4055 aut—abneptis

376 4050 564 4127 Patris
596 4052 710 4127 mei
1124 4050 1347 4108 abavus
1504 4055 1649 4127 mihi
1682 4060 1887 4110 atavus
1917 4062 2006 4110 est
2350 4050 2454 4127 θέο
2486 4054 2569 4127 illi
2716 4050 2988 4125 Adnepos
3381 4061 3481 4110 aut
3511 4050 3785 4127 adneptis

376 4121 561 4176 Patris
594 4122 707 4176 mei
1124 4129 1332 4181 atavus
1501 4126 1645 4181 mihi
1678 4126 1925 4182 trivatus
1954 4130 2045 4181 est
2350 4121 2456 4199 θέο
2487 4125 2573 4180 illi
2721 4121 3009 4199 Trinepos
3350 4132 3451 4182 aut
3499 4121 3781 4198 trineptis

554 4192 599 4247 D
627 4196 670 4246 Β
1133 4196 1175 4250 Ρ
1202 4198 1248 4250 Α
1893 4199 1938 4253 Τ
1969 4198 2015 4252 R
2047 4196 2088 4254 U
3083 4197 3105 4250 Ῐ
3136 4202 3172 4252 S

375 4263 565 4340 Eatris
599 4264 712 4340 mei
1126 4268 1306 4322 frater
1496 4268 1641 4324 mihi
1672 4276 1919 4340 patruus
1949 4274 2039 4324 est
2345 4282 2450 4338 ego
2482 4266 2566 4340 illi
2715 4267 2935 4322 Fratris
2969 4267 3172 4340 ﬁliush
3529 4271 3632 4322 aut
3661 4267 3784 4340 ﬁlia

380 4334 569 4412 Fatris
596 4336 715 4412 mei
1123 4343 1289 4410 pater
1497 4340 1640 4395 mihi
1672 4334 1841 4411 pater
1863 4356 2115 4412 magnus
2148 4344 2237 4395 est
2344 4334 2449 4410 θέο
2480 4338 2566 4412 illi
2712 4340 2845 4412 Filii
2877 4340 3073 4412 fratris
3097 4338 3254 4394 ﬁlius
3526 4345 3629 4394 aut
3660 4339 3781 4412 ﬁlia

377 4406 574 4485 gatrui
604 4406 719 4485 mei
1123 4406 1268 4465 avus
1494 4412 1640 4485 mihi
1673 4406 1998 4485 propatuus
2028 4416 2118 4467 est
2341 4406 2442 4480 θέο
2474 4410 2560 4485 iiii
2710 4410 2838 4465 Filii
2860 4410 3216 4485 _ﬁli;s_nepos
3452 4416 3553 4466 aut
3585 4410 3777 4485 neptis

377 4474 721 4602 Patrui)nli3ei
1117 4497 1369 4605 prxiavus
1495 4483 1639 4538 mihi
1669 4474 1993 4609 adp-atruiiis
2018 4491 2110 4609 East
2339 4474 2443 4554 θέο
2474 4481 2561 4537 illi
2704 4483 2907 4553 Neptis
2937 4474 3145 4607 ﬁliai!"I
3174 4554 3209 4608 S
3533 4481 3621 4537 vel
3656 4474 3779 4535 ﬁlia

1932 4580 1949 4609 ι

1171 4558 1218 4605 Α
1754 4557 1761 4558 ί
1932 4557 2040 4610 ΜΙ
3047 4557 3145 4607 TI

376 4617 568 4693 Patris
600 4620 711 4673 mei
1122 4640 1289 4679 soror
1494 4625 1642 4680 mihi
1673 4625 1857 4681 amita
1885 4631 1975 4680 est
2347 4638 2453 4693 ego
2484 4622 2569 4677 illi
2715 4624 2934 4679 Fratris
2967 4623 3123 4679 ﬁlius
3528 4626 3630 4677 aut
3659 4620 3781 4677 ﬁlia

374 4690 583 4773 amitae
614 4706 753 4745 meai
1120 4699 1307 4773 mater
1498 4698 1638 4773 mibi
1664 4697 1847 4753 amita
1871 4712 2081 4773 magna
2110 4698 2199 4750 est
2353 4690 2458 4765 θέο
2486 4694 2577 4773 i_l_l_i
2716 4695 2879 4773 Filia?
2911 4697 3107 4773 fratris
3135 4695 3292 4751 ﬁlius
3526 4700 3627 4773 aut

378 4765 586 4843 amitae
616 4778 756 4816 meae
1124 4765 1252 4821 avia
1309 4838 1320 4843 _
1494 4767 1639 4843 mibi
1671 4765 2079 4843 proamita'est
2345 4782 2450 4837 ego
2713 4768 2910 4843 pieptis
2936 4766 3094 4822 ﬁlius
3529 4771 3631 4820 aut
3662 4765 3782 4843 ﬁlia

374 4837 589 4909 Amita3
614 4849 758 4888 meas
1129 4838 1362 4909 proavia
1498 4839 1642 4893 mihi
1672 4837 1932 4896 abamita
1963 4844 2047 4893 est
2346 4854 2450 4909 ego
2484 4837 2569 4893 illi
2715 4838 2916 4909 Neptis
2950 4855 3129 4909 nepos
3248 4908 3257 4909 ί
3460 4843 3562 4892 aut
3591 4838 3782 4908 neptis

555 4904 673 4958 DE
1130 4904 1216 4963 'A
1893 4909 2080 4965 VUN
2381 4904 2409 4909 ⁷
2801 4904 2821 4909 ’
2966 4904 3276 4965 ΟὐιΙΞ

377 4973 582 5049 Matris
616 4992 759 5049 mea)
1121 4979 1301 5035 frater
1490 4980 1631 5035 mihi
1664 4982 1988 5036 avunculus
2021 4984 2110 5035 est
2345 4994 2451 5049 ego
2483 4978 2566 5033 illi
2714 4979 2943 5034 Sororis
2974 4980 3132 5035 ﬁlius
3534 4982 3637 5034 aut
3664 4976 3784 5031 ﬁlia

373 5048 656 5122 Avuncuii
692 5049 804 5122 mei
1118 5057 1284 5122 pater
1482 5048 2572 5122 mihiavunculusmagnusestegoilli
2720 5050 2844 5122 Filii
2879 5052 3097 5107 sororis
3127 5050 3285 5107 ﬁlius
3529 5055 3633 5105 aut
3663 5049 3783 5122 ﬁlia

372 5118 658 5194 Avuncuii
692 5120 806 5194 mei
1118 5118 1260 5178 avus
1477 5124 1619 5178 mihi
1654 5118 2204 5194 proavunculus'est
2332 5118 2433 5190 ego
2466 5121 2547 5194 illi
2696 5121 2819 5194 Filii
2857 5139 3037 5194 nepos
3457 5129 3559 5179 aut
3591 5120 3781 5194 neptis

371 5190 667 5265 Avunguli
692 5193 803 5247 mei
1121 5210 1370 5265 proavus
1492 5190 2073 5250 mibi-abavunculus
2342 5208 2447 5263 ego
2480 5192 2563 5246 illi
2708 5192 2911 5265 Neptis
2934 5190 3099 5249 'ﬁlius
3527 5198 3629 5250 aut
3660 5190 3782 5246 ﬁlia

554 5263 671 5318 DE
1123 5263 1265 5320 ’ΜΛ
1889 5267 2006 5320 TE

2798 5263 2812 5265 “
2959 5265 3279 5321 TERIS

378 5331 583 5403 Matris
614 5348 756 5389 meas
1121 5352 1288 5392 soror
1486 5334 1632 5390 mibi
1664 5340 1974 5392 matertera
2004 5340 2094 5392 est
2342 5348 2447 5403 ego
2478 5332 2563 5387 illi
2709 5335 2938 5390 Sororis
2970 5337 3127 5392 ﬁlius
3522 5338 3627 5390 aut
3654 5331 3779 5387 ﬁlia

376 5402 695 5479 Materterm
728 5420 871 5462 mea
1124 5424 1287 5464 soror
1493 5405 1637 5479 mibi
1671 5413 1987 5464 matertera
2018 5422 2172 5476 mag.
2206 5411 2294 5460 est
2339 5402 2444 5475 ego
2476 5405 2559 5479 iiii
2704 5407 2929 5479 Sororis
2960 5425 3139 5479 nepos
3454 5411 3556 5463 aut
3583 5404 3776 5477 neptis

373 5475 524 5552 ῥνὶεθ
557 5492 692 5552 mete
1120 5495 1285 5535 soror
1490 5476 1633 5552 mibi
1668 5479 2045 5535 abmatertera
2075 5475 2164 5532 eet
2216 5550 2222 5552 ἒ
2344 5490 2449 5545 ego
2480 5475 2564 5552 iiii
2708 5478 2937 5552 Sororis
2968 5475 3256 5552 pronepos
3354 5482 3455 5535 aut
3486 5475 3775 5552 pronepos

377 5544 629 5603 Proaviae
660 5566 801 5605 meae
1124 5567 1289 5608 soror
1494 5549 1640 5606 mihi
1668 5566 1772 5622 pro
1804 5558 2115 5609 matertera
2142 5550 2233 5605 est
2342 5544 2448 5620 ego
2477 5548 2563 5605 llli
2708 5550 2909 5622 Neptis
2938 5544 3095 5609 ﬁlius
3154 5544 3171 5552 ’
3486 5544 3503 5551 ’
3533 5546 3623 5605 vel
3653 5544 3778 5603 ﬁlia
