4002 6054
159 283 279 336 677

240 478 432 533 datum
453 479 825 532 contemnunt.
861 478 945 531 Ea:
973 492 1126 532 conc.
1179 479 1484 533 Turonensi
1504 494 1581 544 xv,
1620 495 1738 550 cap.
1773 480 1824 533 4.

242 568 362 635 (23,
395 583 446 636 q.
467 566 522 631 5,
555 581 603 620 c.
638 565 979 636 Incestuosi.)
1010 566 1353 634 Incestuosi,
1380 566 1702 637 parricidis,
1729 567 1833 621 ho-

162 655 406 711 micidae
440 653 614 708 multi
646 654 800 725 apud
836 669 942 707 nos
973 654 1140 724 (proh
1166 653 1386 723 dolor!)
1436 654 1833 723 reperiuntur,

164 745 277 801 sed
315 742 494 814 aliqui
520 758 586 797 ex
618 742 737 797 illis
767 742 1139 797 sacerdotum
1174 741 1383 796 nolunt
1413 742 1832 798 admonitioni-

163 836 287 889 bus
321 848 520 887 aurem
555 832 1021 896 accommodare,
1055 830 1389 886 volentesin
1412 831 1682 901 pristinis
1706 848 1833 903 per-

164 925 390 979 durare
411 920 796 988 criminibus;
831 937 979 992 quos
1012 924 1241 991 oportet
1271 936 1372 991 per
1392 919 1694 975 saecularis
1732 937 1832 992 po-

164 1015 371 1067 tentiae
407 1009 781 1081 disciplinam
816 1028 849 1065 a
880 1015 999 1064 tam
1030 1026 1205 1081 prava
1229 1010 1657 1065 consuetudine
1675 1026 1834 1065 coer-

164 1101 313 1168 ceri,
339 1100 438 1172 qui
454 1116 556 1171 per
570 1098 872 1154 salutifera
891 1098 1261 1153 sacerdotum
1278 1097 1834 1153 mOnitanoluerunt

164 1188 458 1244 revocari.

165 1280 310 1334 CAP.
341 1278 618 1331 66.—Ne
662 1277 812 1345 infra
855 1277 1144 1345 septimam
1192 1275 1611 1345 generationem
1649 1275 1834 1345 conju-

241 1351 344 1417 gia
389 1350 547 1418 ﬁant.
586 1348 667 1401 Ex
708 1345 947 1402 concilio
998 1346 1143 1418 apud
1180 1345 1603 1416 Con/tuentium,
1628 1364 1750 1418 cap.
1780 1349 1830 1417 1,

242 1423 342 1476 cui
360 1420 738 1490 interfuerunt
769 1418 1009 1473 Carolus
1029 1424 1081 1474 et
1114 1421 1391 1475 Henricus
1422 1434 1589 1488 reges.

245 1512 411 1565 Anno
484 1507 791 1565 Dominicis
842 1506 1266 1563 Incarnationis
1313 1507 1438 1574 912,
1474 1506 1628 1578 apud
1679 1506 1832 1562 Con-

172 1598 505 1666 ﬁuentiam,
524 1598 698 1667 jussu
722 1595 1147 1652 venerabilium
1166 1595 1523 1667 principum,
1551 1595 1834 1651 Carolivi-

165 1687 387 1743 delicet
415 1691 472 1743 et
492 1686 749 1752 Henrici,
784 1701 989 1757 regum
1016 1685 1664 1750 reverendissimorum,
1696 1701 1831 1740 con-

167 1777 400 1850 gregati
449 1780 591 1831 sunt
632 1774 893 1847 episcopi
950 1790 1195 1829 numero
1254 1778 1384 1829 octo
1433 1774 1827 1829 Herimannus
1862 1777 1905 1843 Β

164 1865 622 1939 Agrippinensis
692 1863 1192 1934 archiepiscopus,
1256 1863 1474 1918 Thiedo
1532 1863 1830 1918 Witebur-

173 1954 379 2027 gensis
409 1954 742 2025 episcopus,
776 1952 1118 2007 Luitharius
1148 1952 1570 2007 Mundanensis
1602 1951 1831 2023 episco-

172 2060 315 2114 pus,
364 2042 508 2097 Doto
558 2040 1029 2112 Osneburgensis
1095 2039 1430 2111 episcOpus,
1500 2040 1829 2111 Ribgovun-

177 2148 256 2187 no
328 2129 780 2186 Wormatiensis
853 2129 1191 2201 episcopus,
1278 2128 1568 2183 Ritbwius
1635 2129 1830 2184 Straz-

170 2221 489 2291 burgensis
562 2219 895 2292 episcopus,
985 2217 1281 2275 Unwanus
1363 2218 1831 2281 Padebrunensis

171 2311 515 2381 episcopus,
578 2326 712 2363 cum
754 2307 1070 2363 abbatibus
1113 2306 1365 2377 aliisque
1415 2306 1564 2362 sacri
1604 2306 1830 2362 ordinis

169 2399 316 2452 viris
350 2397 827 2470 quamplurimis,
855 2397 954 2467 qui
986 2396 1114 2467 ipso
1135 2401 1485 2467 cooperante
1516 2399 1572 2450 et
1595 2400 1830 2451 senten-

172 2489 288 2542 tias
320 2504 520 2542 eorum
550 2486 936 2541 conﬁrmante
980 2485 1227 2540 Domino
1261 2484 1517 2550 Christo,
1550 2484 1608 2539 in
1658 2501 1830 2556 syno-

172 2576 292 2631 dali
329 2576 654 2631 residentes
706 2578 991 2629 conventu
1048 2573 1239 2629 multa
1282 2573 1470 2643 utilia,
1503 2590 1568 2628 ac
1615 2577 1829 2629 sanctae

178 2666 281 2721 Dei
315 2664 584 2720 Ecclesiae
604 2665 909 2735 profutura
938 2662 1325 2719 saluberrimo
1355 2667 1673 2718 tractantes
1698 2679 1830 2718 con-

182 2753 345 2821 silio,
396 2755 549 2809 inter
602 2755 809 2807 caetera
848 2768 979 2822 quas
1024 2755 1378 2820 statuerunt,
1426 2751 1533 2806 hoc
1577 2752 1828 2806 maxime

179 2841 607 2909 necessarium,
641 2845 698 2895 et
723 2840 969 2895 instanti
1003 2840 1169 2911 (proh
1204 2838 1700 2910 dolorl)tempore
1728 2856 1831 2910 per

175 2930 523 2987 abusionem
552 2928 1093 2999 frequentissimum
1127 2927 1491 2998 cognationis
1513 2927 1827 2995 incestum,

176 3035 412 3075 summa
439 3016 668 3073 cautela
693 3018 996 3072 vitandum
1032 3018 1433 3079 ﬁrmaverunt,
1468 3015 1576 3070 hoe
1612 3020 1720 3083 est,
1756 3032 1827 3071 ne

173 3109 335 3164 ullus
366 3107 735 3164 Christianus
763 3106 911 3160 infra
930 3106 1241 3177 septimam
1262 3105 1697 3176 generationem
1715 3121 1827 3160 nu-

174 3199 329 3270 ptias
360 3196 635 3269 copulare
658 3199 997 3267 praesumat.

172 3306 306 3361 CAP.
339 3305 425 3359 67.
462 3334 530 3344 —
563 3308 637 3358 De
667 3303 906 3357 muliere
961 3315 1082 3371 quae
1128 3316 1249 3355 cum
1298 3301 1512 3355 duobus
1557 3302 1825 3371 fratribus

242 3376 518 3447 fornicata
544 3378 640 3430 est.
668 3376 748 3429 Ea:
774 3371 1016 3428 concilio
1047 3372 1456 3429 Neocaesarensi
1483 3389 1601 3444 cap.
1634 3376 1687 3429 2.

244 3465 453 3519 Mulier
482 3463 532 3520 si
573 3463 803 3519 duobus
851 3460 1132 3517 fratribus
1180 3462 1467 3533 nupserit,
1516 3461 1826 3531 abjiciatur

173 3570 360 3625 usque
391 3555 461 3610 ad
497 3556 744 3608 mortem
772 3571 785 3620 ;
823 3556 1229 3607 verumtamen
1263 3550 1323 3605 in
1356 3552 1536 3617 exitu,
1587 3556 1825 3621 propter

176 3642 665 3711 misericordiam,
720 3641 767 3696 si
811 3640 1151 3712 promiserit
1198 3640 1353 3711 quod
1401 3642 1552 3694 facta
1599 3638 1824 3693 incolu-

178 3732 289 3788 mis
313 3733 491 3802 hujus
513 3729 950 3801 conjunctionis
978 3728 1213 3783 vincula
1235 3728 1541 3793 dissolvat,
1565 3728 1820 3782 fructum

176 3821 532 3893 pcnnitentiae
564 3823 979 3889 consequatur,
1031 3822 1090 3872 et
1132 3818 1467 3873 communio
1515 3817 1566 3871 ei
1617 3833 1823 3871 conce-

177 3912 367 3967 datur.
395 3910 556 3973 Quod
578 3909 623 3963 si
649 3907 927 3963 del'eeerit
957 3907 1044 3961 vir
1091 3912 1193 3961 aut
1251 3906 1463 3961 mulier
1503 3906 1561 3961 in
1606 3906 1823 3963 talibus

178 4000 421 4071 nuptiis,
471 3998 729 4053 difﬁcilis
777 3997 889 4052 erit
940 3996 1280 4066 poenitentia
1318 3996 1375 4050 in
1426 3996 1541 4051 vita
1597 4012 1823 4066 perma-

176 4088 358 4144 nenti.

174 4180 302 4233 CAP.
352 4176 439 4231 68.
475 4206 543 4216 —-
586 4176 660 4230 De
707 4174 903 4229 eadem
945 4190 1023 4229 re.
1050 4176 1131 4227 Ex
1165 4173 1363 4229 decret.
1414 4175 1661 4239 Martini,
1701 4190 1820 4245 cap.

553 4248 623 4301 80
651 4247 831 4318 (Mart.
866 4248 1217 4311 Brararens.,
1250 4262 1297 4299 c.
1324 4246 1436 4311 79).

246 4335 301 4390 Si
327 4352 443 4406 qua
472 4334 687 4390 mulier
712 4334 861 4388 duos
897 4334 1125 4401 fratres,
1159 4338 1259 4387 aut
1286 4334 1333 4388 si
1386 4334 1521 4404 quis
1539 4334 1627 4388 vir
1674 4334 1821 4389 duas

176 4441 403 4480 sorores
436 4424 685 4490 duxerit,
719 4441 751 4478 a
773 4423 1187 4478 communione
1213 4427 1582 4493 separentur,
1635 4440 1823 4494 usque

177 4515 248 4569 ad
274 4517 535 4569 mortem.
568 4516 628 4568 In
655 4516 860 4577 morte,
886 4528 988 4583 pro
1013 4511 1413 4566 misericordia
1435 4512 1707 4567 viaticum
1733 4529 1819 4568 ac-
1853 4511 1896 4577 Ο
1924 4486 2207 4583 ,Ψθίτῗηεῖξ
2236 4481 2355 4583 ﬁl,“
2378 4482 2702 4583 τοτξυθθξξδ
2729 4489 2818 4537 θδδ
2860 4488 3174 4582 ἯΠΟΜΜθ,
3196 4500 3237 4581 ¹ξ

1924 4569 2024 4633 lia,
2049 4572 2105 4623 et
2128 4567 2245 4622 [ilia
2277 4568 2349 4623 de
2376 4572 2584 4635 matre,
2609 4568 2706 4623 ille
2730 4588 3034 4641 nunquam
3059 4572 3305 4644 accipiat
3324 4590 3590 4643 uxorem,

1926 4656 2040 4712 illm
2092 4673 2225 4712 vero
2257 4657 2305 4711 si
2338 4656 2630 4712 voluerint
2662 4660 2953 4729 accipiant
2983 4659 3251 4716 maritos.
3285 4661 3342 4715 Si
3387 4668 3586 4719 autem

1927 4747 2037 4802 hoc
2067 4747 2463 4818 scierintipsaa
2485 4746 2949 4821 feminaeabsque
2983 4750 3283 4806 maritisin
3305 4758 3587 4823 perpetuo

178 4602 414 4674 cipiunt.

175 4710 307 4765 CAP.
339 4707 427 4764 69.
460 4708 621 4763 —De
646 4707 742 4762 illo
800 4707 898 4777 qui
938 4722 1064 4760 cum
1103 4706 1321 4761 duabus
1368 4708 1648 4762 sororibus
1694 4709 1814 4777 for.

245 4784 466 4835 nicatus
497 4788 838 4851 est,quarum
870 4794 983 4832 una
995 4794 1139 4832 uxor
1154 4780 1372 4848 fuit.Ex
1399 4778 1630 4834 com-ilio
1650 4781 1819 4833 Aure-

245 4853 488 4906 lianensi
514 4867 635 4923 cap.
664 4852 698 4904 6
728 4851 993 4920 (Vermer.
1026 4866 1072 4904 c.
1108 4851 1219 4920 12).

242 4942 351 5012 (32,
380 4958 430 5012 q.
461 4941 515 5005 7,
552 4957 596 4996 c.
654 4939 759 5007 Qui
806 4939 1141 5008 dormierit.)
1196 4938 1302 5003 Qui
1344 4937 1647 4993 dormierit
1687 4955 1817 4993 curn

171 5031 399 5085 duabus
430 5029 756 5094 sororibus,
790 5033 847 5083 et
878 5044 996 5082 una
1020 5043 1087 5082 ex
1110 5025 1225 5082 illis
1248 5032 1417 5081 antea
1442 5043 1587 5081 uxor
1621 5027 1816 5096 fuerit,

170 5123 432 5175 neutram
457 5135 524 5173 ex
554 5118 701 5189 ipsis
731 5117 964 5171 habeat.
1000 5133 1104 5172 nec
1134 5117 1243 5187 ipsi
1274 5115 1523 5170 adulteri
1556 5133 1818 5186 unquam

171 5208 445 5277 conjugio
479 5206 850 5279 copulentur.

173 5319 305 5373 CAP.
336 5314 429 5369 70.
463 5346 528 5355 -η
560 5315 630 5369 De
661 5314 757 5368 illo
817 5314 915 5384 qui
960 5328 1084 5365 cum
1113 5312 1324 5366 duabus
1370 5314 1672 5380 sororibus,
1700 5330 1823 5369 cum

247 5401 498 5451 noverca,
548 5387 634 5441 vel
679 5402 802 5439 cum
853 5399 1039 5439 sorore
1086 5401 1209 5451 sua,
1259 5384 1340 5438 vel
1371 5400 1493 5438 cum
1511 5388 1707 5446 amita,
1740 5388 1823 5440 vel

249 5464 553 5517 matertera
604 5474 725 5521 sua,
777 5456 857 5510 vel
907 5455 1029 5523 [ilia
1068 5457 1277 5525 patrui,
1314 5457 1397 5508 vel
1422 5459 1685 5511 avunculi
1712 5463 1823 5521 sui,

249 5536 330 5587 vel
375 5549 502 5586 cum
554 5531 678 5600 filia
720 5530 905 5582 amita
954 5527 1037 5581 vel
1087 5531 1401 5582 matertera:
1442 5531 1677 5594 sum,vel
1700 5547 1823 5584 cum

245 5616 403 5680 nepte
452 5618 573 5669 sua,
625 5600 704 5657 vel
752 5616 871 5655 cum
904 5607 1329 5666 commatresua,
1369 5600 1617 5667 velcum,
1648 5602 1826 5671 filiola

882 283 1192 338 DECRETI
1232 285 1418 338 PARS
1458 285 1553 339 IX.
1587 313 1656 326 --
1685 287 1782 339 DE
1820 285 2128 340 INCESTA
2166 284 2689 351 COPULATIONE,
2730 289 2888 343 ETC.

156 408 310 463 CAP.
342 406 432 460 65.
484 435 551 445 --
600 405 675 459 De
716 405 1039 460 incestuosis
1077 407 1176 475 qui
1225 405 1623 463 admonitiones
1644 423 1825 463 sacer-
1856 410 1911 475 Α

3490 292 3597 347 678

2014 424 2176 485 quam
2217 408 2283 485 die
2309 412 2461 478 fonte
2483 414 2737 485 suscepit,
2769 412 2855 464 vel
2885 416 3011 485 ante
3049 413 3354 484 episcopum
3392 417 3593 485 lenuit,

2012 480 2327 551 fornicatus
2356 485 2454 537 est.
2484 481 2565 535 Ex
2594 480 2779 536 eodem
2801 483 3057 537 concilia.

2015 581 2074 635 Si
2107 581 2241 651 quis
2273 582 2595 638 fornicatus
2628 582 2804 638 fuerit
2841 600 2974 639 cum
3012 584 3243 640 duabus
3271 588 3595 661 sororibus,

1942 669 2026 725 vel
2053 687 2183 725 cum
2220 687 2465 726 noverca
2487 688 2613 739 sua,
2646 671 2734 726 vel
2765 689 2899 726 cum
2946 690 3145 729 sorore
3174 691 3304 743 sua,
3340 677 3427 731 vel
3474 696 3598 734 cum

1944 760 2123 814 amita
2154 776 2283 829 sua,
2307 759 2395 814 vel
2422 776 2556 814 cum
2585 764 2897 815 matertera
2915 779 3044 829 sua,
3068 762 3154 817 vel
3181 779 3315 818 cum
3358 765 3475 821 ﬁlia
3497 784 3598 838 pa-

1942 848 2058 903 trui
2092 848 2205 918 sui,
2237 853 2293 902 et
2322 848 2594 903 avunculi
2636 850 2752 916 sui,
2783 850 2871 904 vel
2910 867 3044 905 cum
3077 851 3197 906 ﬁlia
3229 854 3421 909 amitae
3477 874 3594 911 suae

1944 935 2063 991 sive
2094 940 2420 991 matertera:
2452 954 2593 1005 suae,
2625 937 2713 991 vel
2743 954 2875 993 cum
2931 946 3107 1010 nepte
3148 958 3277 1007 sua,
3324 942 3409 997 vel
3456 961 3590 1000 cum

1944 1030 2265 1080 commatre
2297 1043 2423 1090 sua,
2458 1032 2559 1081 aut
2590 1026 2768 1082 ﬁliola
2800 1044 2907 1083 sua
2951 1028 3070 1083 sive
3119 1046 3296 1099 quam
3336 1032 3404 1085 de
3436 1033 3592 1089 fonte

1943 1115 2226 1186 suscepit,
2260 1115 2345 1170 vel
2370 1120 2502 1170 ante
2532 1115 2874 1187 episcopum
2909 1117 3114 1183 lenuit,
3138 1123 3195 1173 et
3225 1119 3273 1173 si
3306 1136 3423 1190 qua
3464 1138 3593 1176 mu-

1942 1204 2049 1259 lier
2074 1204 2252 1260 simili
2288 1206 2458 1259 modo
2490 1204 2774 1260 fornicata
2800 1206 2994 1275 fuerit,
3019 1207 3316 1263 abstineat
3339 1225 3401 1264 se
3423 1211 3493 1264 ab
3515 1211 3598 1269 in-

1940 1310 2149 1366 gressu
2173 1296 2385 1350 domus
2417 1295 2512 1350 Dei
2545 1311 2791 1359 annum,
2822 1299 2879 1349 et
2910 1296 3109 1351 eodem
3140 1314 3294 1352 anno
3335 1299 3447 1353 nisi
3481 1299 3596 1355 D0-

1944 1383 2174 1439 minicis
2206 1384 2413 1438 diebus
2440 1383 2604 1439 festis
2638 1388 2693 1438 et
2715 1384 3081 1440 solummodo
3102 1402 3250 1457 pane
3273 1391 3331 1442 et
3354 1404 3509 1459 aqua
3540 1394 3596 1444 et

1941 1472 2063 1528 sale
2099 1476 2315 1539 utatur,
2349 1487 2512 1526 arma
2532 1488 2647 1527 non
2673 1472 2838 1538 ferat,
2867 1472 3134 1527 osculum
3168 1474 3317 1529 nulli
3341 1477 3596 1547 praebeat

1942 1560 2295 1616 sacriﬁcium
2349 1559 2463 1615 nisi
2496 1577 2599 1631 pro
2646 1560 2856 1615 viatico
2899 1560 3141 1618 minime
3172 1564 3439 1635 accipiat.
3489 1570 3597 1623 Sex

1942 1648 2151 1703 deinde
2196 1647 2366 1703 annis
2396 1649 2762 1719 ingrediatur
2792 1650 3031 1720 quidem
3067 1652 3309 1708 domum
3342 1654 3465 1721 Dei,
3491 1657 3593 1711 sed

1942 1737 2217 1792 carnibus
2269 1741 2325 1792 et
2354 1738 2487 1792 vino
2519 1742 2576 1793 et
2614 1738 2798 1794 sicera
2830 1739 3074 1796 minime
3108 1746 3329 1810 utatur,
3358 1744 3473 1800 nisi
3512 1746 3598 1800 fe-

1940 1826 2049 1882 stis
2094 1827 2323 1882 diebus.
2358 1831 2435 1881 De
2479 1827 2662 1882 armis
2701 1845 2833 1882 vero
2865 1833 2922 1882 et
2968 1829 3205 1900 osculis,
3231 1832 3349 1887 sive
3380 1833 3450 1888 de
3500 1851 3594 1889 sa-

1942 1915 2181 1983 criﬁcio,
2215 1915 2367 1971 sicut
2397 1917 2801 1986 supradictum
2834 1923 2943 1973 est.
2977 1919 3181 1974 Postea
3202 1936 3337 1975 vero
3362 1922 3595 1977 duobus

1940 2004 2114 2059 annis
2138 2005 2372 2076 quando
2404 2021 2575 2072 carne
2600 2006 2874 2069 vescitur,
2904 2024 2935 2060 a
2966 2012 3103 2077 potu
3139 2008 3299 2062 omni
3329 2026 3442 2079 quo
3475 2010 3595 2065 ine-

1940 2093 2119 2148 briari
2178 2098 2368 2164 potest
2410 2093 2727 2149 contineat.
2762 2095 2832 2148 Et
2879 2094 2927 2149 si
2960 2100 3160 2165 potum
3195 2096 3429 2163 biberit,
3484 2099 3593 2152 mi-

1939 2182 2093 2236 nime
2125 2197 2297 2236 carne
2344 2185 2615 2237 vescatur
2658 2182 2881 2252 absque
2913 2182 3221 2253 praecipuis
3252 2185 3417 2239 festis
3467 2187 3591 2239 die-

1940 2270 2071 2325 bus.
2106 2269 2183 2324 De
2214 2271 2395 2325 armis
2428 2286 2560 2325 vero
2591 2270 2679 2325 vel
2714 2271 2908 2325 osculo
2939 2276 2996 2325 et
3016 2272 3304 2328 sacriﬁcio
3351 2274 3591 2328 modum

1938 2360 2275 2429 teneatjam
2308 2359 2553 2413 dictum.
2590 2359 2729 2413 Inde
2765 2375 2953 2428 usque
2974 2362 3043 2414 ad
3078 2361 3305 2416 obitum
3330 2379 3461 2417 sum
3479 2363 3591 2417 nisi

1940 2447 2229 2519 praedictis
2263 2448 2427 2501 festis
2456 2447 2664 2501 diebus
2696 2464 2729 2500 a
2751 2463 2925 2501 carne
2949 2448 3259 2520 abstineat,
3293 2458 3347 2505 et
3373 2456 3486 2506 tres
3511 2452 3591 2505 fe-

1939 2537 2055 2591 rias
2088 2536 2379 2606 legitimas
2412 2536 2471 2588 in
2505 2536 2663 2589 omni
2698 2535 3082 2603 bebdomada,
3107 2543 3161 2591 et
3183 2543 3302 2593 tres
3335 2540 3591 2609 quadra-

1937 2625 2193 2695 gesimus
2219 2625 2278 2678 in
2311 2642 2464 2679 anno
2488 2624 2748 2695 legitime
2779 2625 3093 2680 custodiat.
3122 2632 3199 2681 De
3226 2627 3409 2682 armis
3432 2643 3588 2692 vero,

1938 2718 2001 2767 ut
2022 2714 2425 2783 supradictum
2450 2718 2558 2782 est,
2587 2719 2643 2768 et
2670 2730 2974 2783 nunquam
2991 2714 3306 2785 aliquando
3320 2716 3591 2787 conjugio

1937 2801 2266 2871 copuletur.
2312 2802 2444 2856 Haec
2470 2803 2672 2856 eadem
2726 2803 3067 2873 poenitentia
3098 2804 3455 2875 imponenda
3503 2812 3591 2860 est

1937 2890 2244 2961 parricidis
2275 2890 2361 2944 vel
2395 2890 2713 2946 fratricidis
2746 2891 2830 2945 vel
2850 2893 3324 2963 consanguineis,
3350 2910 3452 2948 nec
3472 2910 3588 2948 non

1935 2984 1991 3033 et
2022 2978 2122 3050 qui
2163 2984 2371 3050 sponte
2404 2997 2507 3050 per
2538 2979 2804 3034 fraudem
2848 2987 2904 3033 et
2935 2980 3239 3034 avaritiam
3285 2980 3584 3036 hominem

1933 3068 2263 3139 innoxium,
2298 3068 2453 3139 quod
2488 3067 2852 3123 morchidum
2888 3073 3097 3123 vocant
3127 3070 3223 3139 [al,
3251 3070 3468 3126 morth.
3504 3070 3585 3125 di-

1857 3144 1898 3210 C
1940 3157 2134 3227 citur].

1935 3264 2067 3319 CAP.
2094 3266 2183 3318 7l.
2218 3295 2284 3305 —
2306 3265 2381 3318 De
2412 3264 2510 3318 illo
2567 3265 2664 3335 qui
2692 3281 2815 3319 cum
2848 3273 3083 3320 matrem
3140 3263 3396 3320 habuerit
3451 3284 3592 3322 uxo-

2006 3352 2142 3402 rem,
2175 3352 2301 3389 cum
2330 3335 2577 3403 ﬁliaslra
2615 3338 2923 3404 fornicatus
2953 3337 3143 3403 fuerit.
3177 3338 3311 3391 Item
3343 3354 3411 3391 ex
3456 3355 3591 3393 con—

2004 3408 2095 3461 cil.
2133 3409 2551 3477 Moguntinensi
2579 3409 2701 3474 (sub
2734 3407 2928 3462 Carolo
2961 3410 3183 3478 Magno,
3217 3424 3265 3463 c.
3298 3410 3411 3479 56).

2013 3496 2122 3566 (52,
2157 3512 2207 3565 q.
2240 3496 2295 3564 7,
2326 3510 2372 3549 c.
2398 3495 2458 3548 Si
2488 3494 2655 3563 quis.)
2689 3495 2748 3549 Si
2782 3494 2914 3565 quis
2946 3496 3183 3549 viduam
3211 3512 3450 3551 uxorem
3482 3497 3591 3551 du-

1933 3585 2104 3649 xerit,
2130 3588 2184 3637 et
2223 3588 2423 3655 postea
2453 3600 2583 3637 cum
2622 3582 2867 3638 ﬁliastra
2895 3601 3002 3638 sua
3037 3585 3360 3640 fornicatus
3390 3586 3588 3658 fuerit,

1936 3688 2039 3728 seu
2072 3688 2203 3726 cum
2237 3672 2469 3727 duabus
2500 3672 2801 3727 sororibus
2825 3674 3233 3743 concubuerit,
3266 3679 3367 3729 aut
3393 3676 3439 3730 si
3476 3693 3591 3747 qua

1936 3761 2167 3815 duobus
2214 3760 2498 3816 fratribus
2530 3761 2818 3832 nupserit,
2852 3779 2953 3817 seu
2990 3779 3124 3817 cum
3171 3767 3335 3834 patre
3378 3769 3433 3819 et
3470 3765 3588 3820 lilio

1933 3849 2218 3905 fornicata
2264 3850 2460 3918 fuerit,
2494 3850 2640 3905 tales
2673 3851 3074 3922 copulationes
3110 3853 3590 3908 anathematizari

1932 3944 1988 3995 et
2009 3940 2270 4011 disjungi
2295 3941 2691 4010 praecipimus,
2708 3957 2813 3995 nec
2839 3958 3096 4013 unquam
3117 3942 3372 4014 amplius
3387 3945 3590 4014 conju-

1932 4029 2027 4100 gio
2059 4028 2343 4098 copulari,
2364 4030 2463 4084 sed
2489 4030 2599 4084 sub
2632 4046 2847 4102 magna
2867 4031 3236 4086 districtione
3257 4032 3379 4086 ﬁeri
3408 4035 3590 4103 (forte,

1932 4116 2140 4187 feriri).

1932 4222 2176 4277 CAP.72.
2211 4253 2278 4262 ——
2307 4223 2380 4276 De
2405 4222 2501 4277 illo
2548 4223 2644 4292 qui
2678 4240 2815 4295 cum
2857 4224 3098 4293 ﬁliastra
3147 4226 3437 4293 ignorante
3469 4227 3589 4295 for—

2002 4296 2220 4349 nicatus
2249 4299 2343 4349 est.
2378 4296 2461 4348 Ex
2507 4294 2743 4349 concilio
2774 4297 2923 4366 apud
2980 4298 3336 4367 Vermeriam,
3367 4294 3490 4368 cap.
3535 4299 3588 4351 4.

2004 4392 2116 4459 (35,
2148 4409 2202 4461 q.
2225 4392 2259 4443 2
2286 4395 2335 4444 et
2365 4392 2418 4459 3,
2452 4407 2498 4448 c.
2535 4391 2594 4445 Si
2623 4394 2744 4463 quis
2787 4409 2914 4447 cum
2944 4396 3167 4464 matre.)
3198 4393 3256 4448 Si
3288 4394 3423 4465 quis
3455 4412 3587 4450 eum

2280 4479 2355 4534 lia
2378 4481 2702 4535 fornicatus
2729 4489 2818 4537 est
2859 4485 3163 4555 ignorante
3196 4488 3387 4539 matre
3421 4486 3491 4540 de
3522 4486 3590 4538 fi-

1936 4841 2235 4892 maneant.

1929 4942 2060 4997 CAP.
2092 4944 2181 4996 73.
2215 4971 2284 5018 —_—
2318 4947 2398 4996 De
2432 4943 2525 4997 illo
2555 4945 2652 5018 qui
2681 4948 3027 5018 stupraverat
3070 4946 3392 5015 quamdam,
3424 4963 3591 5018 quam

1999 5018 2173 5084 frater
2206 5015 2317 5083 ejus
2348 5024 2529 5085 postea
2552 5017 2811 5085 ignorans
2834 5016 2989 5071 (Iuvit
3014 5034 3259 5074 uxorem.
3299 5021 3380 5072 Ex
3409 5015 3589 5074 eodem

2001 5103 2099 5155 cap
2130 5088 2165 5139 5
2195 5090 2364 5153 (conc.
2398 5085 2613 5139 Tribur.
2643 5103 2690 5140 c.
2718 5088 2832 5157 44).

2003 5158 2113 5226 (35,
2162 5173 2212 5227 q.
2264 5158 2374 5211 2el
2416 5159 2469 5225 3,
2502 5174 2549 5211 ε.
2586 5157 2646 5211 Si
2690 5160 2894 5219 homo.)
2928 5159 2987 5213 Si
3036 5160 3209 5215 homo
3264 5160 3588 5215 fornicatus

1932 5245 2108 5299 fuerit
2138 5262 2269 5298 cum
2292 5247 2557 5314 muliere,
2582 5254 2638 5302 et
2672 5247 2846 5303 frater
2871 5249 2996 5318 ejus
3031 5250 3297 5304 nesciens
3320 5252 3585 5303 eamdem

1934 5333 2164 5388 duxerit
2190 5351 2448 5401 uxorem,
2480 5336 2658 5390 frater
2676 5353 2741 5392 eo
2768 5337 2920 5408 quod
2949 5336 3109 5391 fratri
3133 5337 3355 5392 crimen
3372 5336 3591 5391 celave-

1934 5423 2029 5492 rit,
2054 5424 2358 5494 pmniteat,
2380 5428 2436 5480 et
2460 5429 2590 5497 post
2609 5424 3011 5497 poenitentiam
3036 5427 3240 5482 nubat.
3265 5425 3473 5480 Mulier
3487 5443 3592 5481 au-

1932 5517 2050 5567 tem
2086 5531 2273 5585 usque
2305 5516 2374 5569 ad
2394 5520 2642 5571 mortem
2660 5516 2960 5589 poeniteat,
2988 5515 3185 5571 etsine
3204 5530 3305 5588 spe
3326 5516 3591 5590 conjugii

1936 5606 2200 5659 maneat.
