  <div class='ocr_page' id='page_1' title='image "/cluster/home/n/w/nwhite01/storage/ocr_20150623/161/hvd.32044054760194/385.png"; bbox 0 0 3972 6064; ppageno 0'>
   <div class='ocr_carea' id='block_1_1' title="bbox 419 302 528 356">
    <p class='ocr_par' dir='ltr' id='par_1_1' title="bbox 419 302 528 356">
     <span class='ocr_line' id='line_1_1' title="bbox 419 302 528 356; baseline -0.018 0"><span class='ocrx_word' id='word_1_1' title='bbox 419 302 528 356; x_wconf 84' lang='grc'>679</span> 
     </span>
    </p>
   </div>
   <div class='ocr_carea' id='block_1_2' title="bbox 1501 294 2746 358">
    <p class='ocr_par' dir='ltr' id='par_1_2' title="bbox 1501 294 2746 358">
     <span class='ocr_line' id='line_1_2' title="bbox 1501 294 2746 358; baseline 0.005 -7"><span class='ocrx_word' id='word_1_2' title='bbox 1501 301 1567 351; x_wconf 89' lang='lat' dir='ltr'>D.</span> <span class='ocrx_word' id='word_1_3' title='bbox 1613 294 1853 351; x_wconf 81' lang='lat' dir='ltr'>IVONIS</span> <span class='ocrx_word' id='word_1_4' title='bbox 1887 297 2386 355; x_wconf 76' lang='lat' dir='ltr'>CARNOTENSIS</span> <span class='ocrx_word' id='word_1_5' title='bbox 2423 303 2746 358; x_wconf 83' lang='lat' dir='ltr'>EPISCOPI</span> 
     </span>
    </p>
   </div>
   <div class='ocr_carea' id='block_1_3' title="bbox 3731 302 3852 356">
    <p class='ocr_par' dir='ltr' id='par_1_3' title="bbox 3731 302 3852 356">
     <span class='ocr_line' id='line_1_3' title="bbox 3731 302 3852 356; baseline 0 -1"><span class='ocrx_word' id='word_1_6' title='bbox 3731 302 3852 356; x_wconf 85' lang='lat'>680</span> 
     </span>
    </p>
   </div>
   <div class='ocr_carea' id='block_1_4' title="bbox 415 420 3849 500">
    <p class='ocr_par' dir='ltr' id='par_1_4' title="bbox 415 420 3849 500">
     <span class='ocr_line' id='line_1_4' title="bbox 415 420 3849 500; baseline 0.001 -17"><span class='ocrx_word' id='word_1_7' title='bbox 415 427 552 483; x_wconf 79' lang='lat' dir='ltr'>CAP.</span> <span class='ocrx_word' id='word_1_8' title='bbox 601 426 695 481; x_wconf 80' lang='grc'>74.</span> <span class='ocrx_word' id='word_1_9' title='bbox 775 456 841 466; x_wconf 88' lang='lat'>——</span> <span class='ocrx_word' id='word_1_10' title='bbox 900 425 976 479; x_wconf 88' lang='lat' dir='ltr'>De</span> <span class='ocrx_word' id='word_1_11' title='bbox 1027 423 1226 480; x_wconf 83' lang='lat' dir='ltr'>eadem</span> <span class='ocrx_word' id='word_1_12' title='bbox 1283 437 1354 500; x_wconf 66' lang='lat' dir='ltr'>re.</span> <span class='ocrx_word' id='word_1_13' title='bbox 1415 422 1499 475; x_wconf 75' lang='lat' dir='ltr'>Ea:</span> <span class='ocrx_word' id='word_1_14' title='bbox 1562 420 1754 478; x_wconf 85' lang='lat' dir='ltr'>eodem</span> <span class='ocrx_word' id='word_1_15' title='bbox 1809 421 2066 490; x_wconf 88' lang='lat' dir='ltr'>concilio,</span> <span class='ocrx_word' id='word_1_16' title='bbox 2100 426 2150 490; x_wconf 77' lang='grc' dir='ltr'><strong>Α</strong></span> <span class='ocrx_word' id='word_1_17' title='bbox 2184 422 2356 492; x_wconf 90' lang='lat' dir='ltr'>citur,</span> <span class='ocrx_word' id='word_1_18' title='bbox 2426 425 2528 482; x_wconf 92' lang='lat' dir='ltr'>ubi</span> <span class='ocrx_word' id='word_1_19' title='bbox 2570 429 2857 500; x_wconf 87' lang='lat' dir='ltr'>scriptum</span> <span class='ocrx_word' id='word_1_20' title='bbox 2909 430 3015 483; x_wconf 88' lang='lat' dir='ltr'>est.</span> <span class='ocrx_word' id='word_1_21' title='bbox 3062 429 3179 483; x_wconf 86' lang='lat' dir='ltr'>Non</span> <span class='ocrx_word' id='word_1_22' title='bbox 3218 426 3580 484; x_wconf 70' lang='lat' dir='ltr'>mazchaberis</span> <span class='ocrx_word' id='word_1_23' title='bbox 3623 428 3849 500; x_wconf 70' lang='lat' dir='ltr'>(Exod.</span> 
     </span>
    </p>
   </div>
   <div class='ocr_carea' id='block_1_5' title="bbox 1123 495 1335 563">
    <p class='ocr_par' dir='ltr' id='par_1_5' title="bbox 1123 495 1335 563">
     <span class='ocr_line' id='line_1_5' title="bbox 1123 495 1335 563; baseline -0.009 -14"><span class='ocrx_word' id='word_1_24' title='bbox 1123 511 1249 563; x_wconf 87' lang='lat' dir='ltr'>cap.</span> <span class='ocrx_word' id='word_1_25' title='bbox 1281 495 1335 548; x_wconf 88' lang='lat'>6.</span> 
     </span>
    </p>
   </div>
   <div class='ocr_carea' id='block_1_6' title="bbox 488 581 2072 651">
    <p class='ocr_par' dir='ltr' id='par_1_6' title="bbox 488 581 2072 651">
     <span class='ocr_line' id='line_1_6' title="bbox 488 581 2072 651; baseline -0.004 -8"><span class='ocrx_word' id='word_1_26' title='bbox 488 587 547 643; x_wconf 90' lang='lat' dir='ltr'>Si</span> <span class='ocrx_word' id='word_1_27' title='bbox 583 587 756 642; x_wconf 81' lang='lat' dir='ltr'>frater</span> <span class='ocrx_word' id='word_1_28' title='bbox 787 602 918 641; x_wconf 91' lang='lat' dir='ltr'>cum</span> <span class='ocrx_word' id='word_1_29' title='bbox 953 583 1199 638; x_wconf 85' lang='lat' dir='ltr'>muliere</span> <span class='ocrx_word' id='word_1_30' title='bbox 1233 581 1552 637; x_wconf 84' lang='lat' dir='ltr'>fornicatus</span> <span class='ocrx_word' id='word_1_31' title='bbox 1585 583 1779 651; x_wconf 90' lang='lat' dir='ltr'>fuerit,</span> <span class='ocrx_word' id='word_1_32' title='bbox 1811 585 1868 638; x_wconf 93' lang='lat' dir='ltr'>et</span> <span class='ocrx_word' id='word_1_33' title='bbox 1894 583 2072 637; x_wconf 85' lang='lat' dir='ltr'>frater</span> 
     </span>
    </p>
   </div>
   <div class='ocr_carea' id='block_1_7' title="bbox 416 669 2070 734">
    <p class='ocr_par' dir='ltr' id='par_1_7' title="bbox 416 669 2070 734">
     <span class='ocr_line' id='line_1_7' title="bbox 416 669 2070 734; baseline -0.004 -2"><span class='ocrx_word' id='word_1_34' title='bbox 416 676 690 732; x_wconf 88' lang='lat' dir='ltr'>nesciens</span> <span class='ocrx_word' id='word_1_35' title='bbox 743 691 875 730; x_wconf 88' lang='lat' dir='ltr'>cum</span> <span class='ocrx_word' id='word_1_36' title='bbox 909 673 1112 728; x_wconf 89' lang='lat' dir='ltr'>eadem</span> <span class='ocrx_word' id='word_1_37' title='bbox 1165 670 1567 734; x_wconf 84' lang='lat' dir='ltr'>concubuerit,</span> <span class='ocrx_word' id='word_1_38' title='bbox 1623 670 1832 726; x_wconf 86' lang='lat' dir='ltr'>mulier</span> <span class='ocrx_word' id='word_1_39' title='bbox 1863 669 2070 726; x_wconf 89' lang='lat' dir='ltr'>diebus</span> 
     </span>
    </p>
   </div>
   <div class='ocr_carea' id='block_1_8' title="bbox 415 759 2071 834">
    <p class='ocr_par' dir='ltr' id='par_1_8' title="bbox 415 759 2071 834">
     <span class='ocr_line' id='line_1_8' title="bbox 415 759 2071 834; baseline -0.004 -14"><span class='ocrx_word' id='word_1_40' title='bbox 415 766 546 820; x_wconf 64' lang='lat' dir='ltr'>vita</span> <span class='ocrx_word' id='word_1_41' title='bbox 579 781 697 820; x_wconf 68' lang='lat' dir='ltr'>sua</span> <span class='ocrx_word' id='word_1_42' title='bbox 730 762 1048 834; x_wconf 78' lang='lat' dir='ltr'>poeniteat;</span> <span class='ocrx_word' id='word_1_43' title='bbox 1081 764 1214 831; x_wconf 90' lang='lat' dir='ltr'>post</span> <span class='ocrx_word' id='word_1_44' title='bbox 1237 759 1639 831; x_wconf 71' lang='lat' dir='ltr'>paenitentiam</span> <span class='ocrx_word' id='word_1_45' title='bbox 1661 764 1859 814; x_wconf 88' lang='lat' dir='ltr'>autem</span> <span class='ocrx_word' id='word_1_46' title='bbox 1893 759 2071 815; x_wconf 89' lang='lat' dir='ltr'>frater</span> 
     </span>
    </p>
   </div>
   <div class='ocr_carea' id='block_1_9' title="bbox 417 848 1819 926">
    <p class='ocr_par' dir='ltr' id='par_1_9' title="bbox 417 848 1819 926">
     <span class='ocr_line' id='line_1_9' title="bbox 417 848 1819 926; baseline -0.003 -18"><span class='ocrx_word' id='word_1_47' title='bbox 417 855 662 926; x_wconf 89' lang='lat' dir='ltr'>ignarus</span> <span class='ocrx_word' id='word_1_48' title='bbox 695 850 932 908; x_wconf 83' lang='lat' dir='ltr'>sceleris</span> <span class='ocrx_word' id='word_1_49' title='bbox 961 849 1297 920; x_wconf 86' lang='lat' dir='ltr'>conjuginm</span> <span class='ocrx_word' id='word_1_50' title='bbox 1322 849 1569 920; x_wconf 88' lang='lat' dir='ltr'>accipiat</span> <span class='ocrx_word' id='word_1_51' title='bbox 1599 848 1649 902; x_wconf 89' lang='lat' dir='ltr'>si</span> <span class='ocrx_word' id='word_1_52' title='bbox 1673 848 1819 904; x_wconf 88' lang='lat' dir='ltr'>vult.</span> 
     </span>
    </p>
   </div>
   <div class='ocr_carea' id='block_1_10' title="bbox 416 943 2068 1071">
    <p class='ocr_par' dir='ltr' id='par_1_10' title="bbox 416 943 2068 1071">
     <span class='ocr_line' id='line_1_10' title="bbox 416 943 2068 1071; baseline -0.004 -64"><span class='ocrx_word' id='word_1_53' title='bbox 416 952 549 1007; x_wconf 79' lang='lat' dir='ltr'>CAP&#39;</span> <span class='ocrx_word' id='word_1_54' title='bbox 583 951 674 1005; x_wconf 87' lang='lat'><strong>75.</strong></span> <span class='ocrx_word' id='word_1_55' title='bbox 735 977 804 989; x_wconf 87' lang='lat'>—-</span> <span class='ocrx_word' id='word_1_56' title='bbox 861 948 936 1002; x_wconf 89' lang='lat' dir='ltr'>De</span> <span class='ocrx_word' id='word_1_57' title='bbox 963 945 1151 1001; x_wconf 89' lang='lat' dir='ltr'>eadem</span> <span class='ocrx_word' id='word_1_58' title='bbox 1195 947 1410 1071; x_wconf 74' lang='lat' dir='ltr'>re.5Ex</span> <span class='ocrx_word' id='word_1_59' title='bbox 1462 944 1698 1001; x_wconf 89' lang='lat' dir='ltr'>concilio</span> <span class='ocrx_word' id='word_1_60' title='bbox 1728 943 2068 1014; x_wconf 82' lang='lat' dir='ltr'>Matiscensi,</span> 
     </span>
     <span class='ocr_line' id='line_1_11' title="bbox 1123 1033 1332 1071; baseline 0 0"><span class='ocrx_word' id='word_1_61' title='bbox 1123 1033 1244 1071; x_wconf 86' lang='lat' dir='ltr'>cav.</span> <span class='ocrx_word' id='word_1_62' title='bbox 1319 1060 1332 1071; x_wconf 97' lang='lat'><strong>.</strong></span> 
     </span>
    </p>
   </div>
   <div class='ocr_carea' id='block_1_11' title="bbox 1123 1033 1332 1088">
    <p class='ocr_par' dir='ltr' id='par_1_11' title="bbox 1123 1033 1332 1088">
     <span class='ocr_line' id='line_1_12' title="bbox 1123 1033 1332 1088; baseline 0 -16"><span class='ocrx_word' id='word_1_63' title='bbox 1123 1033 1244 1088; x_wconf 90' lang='lat' dir='ltr'>cap.</span> <span class='ocrx_word' id='word_1_64' title='bbox 1278 1033 1332 1072; x_wconf 75' lang='grc' dir='ltr'>τ).</span> 
     </span>
    </p>
   </div>
   <div class='ocr_carea' id='block_1_12' title="bbox 491 1105 2066 1180">
    <p class='ocr_par' dir='ltr' id='par_1_12' title="bbox 491 1105 2066 1180">
     <span class='ocr_line' id='line_1_13' title="bbox 491 1105 2066 1180; baseline -0.004 -16"><span class='ocrx_word' id='word_1_65' title='bbox 491 1111 629 1165; x_wconf 83' lang='lat' dir='ltr'>Item</span> <span class='ocrx_word' id='word_1_66' title='bbox 649 1106 983 1180; x_wconf 88' lang='lat' dir='ltr'>judicatum</span> <span class='ocrx_word' id='word_1_67' title='bbox 1000 1111 1085 1160; x_wconf 89' lang='lat' dir='ltr'>est</span> <span class='ocrx_word' id='word_1_68' title='bbox 1104 1105 1420 1176; x_wconf 84' lang='lat' dir='ltr'>quemdam</span> <span class='ocrx_word' id='word_1_69' title='bbox 1435 1108 1525 1160; x_wconf 85' lang='lat' dir='ltr'>stu</span> <span class='ocrx_word' id='word_1_70' title='bbox 1536 1121 1737 1175; x_wconf 90' lang='lat' dir='ltr'>prasse</span> <span class='ocrx_word' id='word_1_71' title='bbox 1748 1105 2066 1175; x_wconf 86' lang='lat' dir='ltr'>quamdam</span> 
     </span>
    </p>
   </div>
   <div class='ocr_carea' id='block_1_13' title="bbox 416 1192 2064 1268">
    <p class='ocr_par' dir='ltr' id='par_1_13' title="bbox 416 1192 2064 1268">
     <span class='ocr_line' id='line_1_14' title="bbox 416 1192 2064 1268; baseline -0.005 -13"><span class='ocrx_word' id='word_1_72' title='bbox 416 1197 720 1263; x_wconf 82' lang='lat' dir='ltr'>feminam,</span> <span class='ocrx_word' id='word_1_73' title='bbox 744 1212 921 1268; x_wconf 90' lang='lat' dir='ltr'>quam</span> <span class='ocrx_word' id='word_1_74' title='bbox 954 1198 1157 1266; x_wconf 87' lang='lat' dir='ltr'>postea</span> <span class='ocrx_word' id='word_1_75' title='bbox 1187 1192 1363 1248; x_wconf 84' lang='lat' dir='ltr'>frater</span> <span class='ocrx_word' id='word_1_76' title='bbox 1392 1193 1520 1262; x_wconf 89' lang='lat' dir='ltr'>ejus</span> <span class='ocrx_word' id='word_1_77' title='bbox 1552 1195 1776 1264; x_wconf 87' lang='lat' dir='ltr'>accepit</span> <span class='ocrx_word' id='word_1_78' title='bbox 1807 1209 2064 1265; x_wconf 47' lang='lat' dir='ltr'>uxorem.</span> 
     </span>
    </p>
   </div>
   <div class='ocr_carea' id='block_1_14' title="bbox 408 1282 2068 1356">
    <p class='ocr_par' dir='ltr' id='par_1_14' title="bbox 408 1282 2068 1356">
     <span class='ocr_line' id='line_1_15' title="bbox 408 1282 2068 1356; baseline -0.004 -12"><span class='ocrx_word' id='word_1_79' title='bbox 408 1292 754 1344; x_wconf 83' lang='lat' dir='ltr'>Statuerunt</span> <span class='ocrx_word' id='word_1_80' title='bbox 782 1301 916 1341; x_wconf 92' lang='lat' dir='ltr'>eum</span> <span class='ocrx_word' id='word_1_81' title='bbox 944 1284 1042 1356; x_wconf 86' lang='lat' dir='ltr'>qui</span> <span class='ocrx_word' id='word_1_82' title='bbox 1076 1282 1367 1354; x_wconf 82' lang='lat' dir='ltr'>stupravit</span> <span class='ocrx_word' id='word_1_83' title='bbox 1392 1289 1568 1339; x_wconf 88' lang='lat' dir='ltr'>etase</span> <span class='ocrx_word' id='word_1_84' title='bbox 1600 1288 1923 1354; x_wconf 81' lang='lat' dir='ltr'>stupratam</span> <span class='ocrx_word' id='word_1_85' title='bbox 1955 1285 2068 1338; x_wconf 86' lang='lat' dir='ltr'>fra-</span> 
     </span>
    </p>
   </div>
   <div class='ocr_carea' id='block_1_15' title="bbox 411 1363 2068 1437">
    <p class='ocr_par' dir='ltr' id='par_1_15' title="bbox 411 1363 2068 1437">
     <span class='ocr_line' id='line_1_16' title="bbox 411 1363 2068 1437; baseline -0.005 -12"><span class='ocrx_word' id='word_1_86' title='bbox 411 1370 486 1425; x_wconf 90' lang='lat' dir='ltr'>tri</span> <span class='ocrx_word' id='word_1_87' title='bbox 519 1368 745 1435; x_wconf 86' lang='lat' dir='ltr'>celavit,</span> <span class='ocrx_word' id='word_1_88' title='bbox 772 1366 910 1437; x_wconf 90' lang='lat' dir='ltr'>quia</span> <span class='ocrx_word' id='word_1_89' title='bbox 931 1365 1595 1436; x_wconf 86' lang='lat' dir='ltr'>geminavitpeccatum,</span> <span class='ocrx_word' id='word_1_90' title='bbox 1621 1363 2068 1435; x_wconf 71' lang='lat' dir='ltr'>poenitentiadi-</span> 
     </span>
    </p>
   </div>
   <div class='ocr_carea' id='block_1_16' title="bbox 413 1451 2068 1525">
    <p class='ocr_par' dir='ltr' id='par_1_16' title="bbox 413 1451 2068 1525">
     <span class='ocr_line' id='line_1_17' title="bbox 413 1451 2068 1525; baseline -0.005 -12"><span class='ocrx_word' id='word_1_91' title='bbox 413 1456 689 1513; x_wconf 89' lang='lat' dir='ltr'>strictiori</span> <span class='ocrx_word' id='word_1_92' title='bbox 708 1454 1010 1525; x_wconf 89' lang='lat' dir='ltr'>castigand</span> <span class='ocrx_word' id='word_1_93' title='bbox 1022 1469 1116 1507; x_wconf 92' lang='lat' dir='ltr'>um</span> <span class='ocrx_word' id='word_1_94' title='bbox 1128 1495 1141 1518; x_wconf 95' lang='lat'>,</span> <span class='ocrx_word' id='word_1_95' title='bbox 1157 1451 1501 1523; x_wconf 83' lang='lat' dir='ltr'>conjugium</span> <span class='ocrx_word' id='word_1_96' title='bbox 1517 1452 1632 1506; x_wconf 89' lang='lat' dir='ltr'>tale</span> <span class='ocrx_word' id='word_1_97' title='bbox 1645 1451 1882 1507; x_wconf 86' lang='lat' dir='ltr'>dissolvi</span> <span class='ocrx_word' id='word_1_98' title='bbox 1897 1469 2068 1523; x_wconf 87' lang='lat' dir='ltr'>opor-</span> 
     </span>
    </p>
   </div>
   <div class='ocr_carea' id='block_1_17' title="bbox 415 1535 2065 1615">
    <p class='ocr_par' dir='ltr' id='par_1_17' title="bbox 415 1535 2065 1615">
     <span class='ocr_line' id='line_1_18' title="bbox 415 1535 2065 1615; baseline -0.003 -14"><span class='ocrx_word' id='word_1_99' title='bbox 415 1535 557 1615; x_wconf 85' lang='lat' dir='ltr'>tere,</span> <span class='ocrx_word' id='word_1_100' title='bbox 589 1548 646 1600; x_wconf 91' lang='lat' dir='ltr'>et</span> <span class='ocrx_word' id='word_1_101' title='bbox 678 1542 909 1598; x_wconf 91' lang='lat' dir='ltr'>mulieri</span> <span class='ocrx_word' id='word_1_102' title='bbox 933 1541 1169 1612; x_wconf 88' lang='lat' dir='ltr'>quidem</span> <span class='ocrx_word' id='word_1_103' title='bbox 1195 1557 1499 1611; x_wconf 88' lang='lat' dir='ltr'>nunquam</span> <span class='ocrx_word' id='word_1_104' title='bbox 1542 1541 1666 1596; x_wconf 90' lang='lat' dir='ltr'>dari</span> <span class='ocrx_word' id='word_1_105' title='bbox 1714 1545 2065 1612; x_wconf 87' lang='lat' dir='ltr'>potestatem</span> 
     </span>
    </p>
   </div>
   <div class='ocr_carea' id='block_1_18' title="bbox 414 1628 2064 1701">
    <p class='ocr_par' dir='ltr' id='par_1_18' title="bbox 414 1628 2064 1701">
     <span class='ocr_line' id='line_1_19' title="bbox 414 1628 2064 1701; baseline -0.003 -12"><span class='ocrx_word' id='word_1_106' title='bbox 414 1633 712 1700; x_wconf 77' lang='lat' dir='ltr'>nubendi;</span> <span class='ocrx_word' id='word_1_107' title='bbox 763 1631 881 1686; x_wconf 88' lang='lat' dir='ltr'>illis</span> <span class='ocrx_word' id='word_1_108' title='bbox 911 1635 1107 1686; x_wconf 90' lang='lat' dir='ltr'>autem</span> <span class='ocrx_word' id='word_1_109' title='bbox 1141 1646 1242 1701; x_wconf 90' lang='lat' dir='ltr'>pro</span> <span class='ocrx_word' id='word_1_110' title='bbox 1277 1628 1678 1684; x_wconf 86' lang='lat' dir='ltr'>misericordia</span> <span class='ocrx_word' id='word_1_111' title='bbox 1725 1629 2064 1701; x_wconf 87' lang='lat' dir='ltr'>conjugium</span> 
     </span>
    </p>
   </div>
   <div class='ocr_carea' id='block_1_19' title="bbox 409 1718 1436 1794">
    <p class='ocr_par' dir='ltr' id='par_1_19' title="bbox 409 1718 1436 1794">
     <span class='ocr_line' id='line_1_20' title="bbox 409 1718 1436 1794; baseline -0.004 -16"><span class='ocrx_word' id='word_1_112' title='bbox 409 1721 734 1794; x_wconf 90' lang='lat' dir='ltr'>indulgere,</span> <span class='ocrx_word' id='word_1_113' title='bbox 770 1721 869 1776; x_wconf 92' lang='lat' dir='ltr'>sed</span> <span class='ocrx_word' id='word_1_114' title='bbox 903 1735 1037 1775; x_wconf 90' lang='lat' dir='ltr'>cum</span> <span class='ocrx_word' id='word_1_115' title='bbox 1074 1718 1436 1791; x_wconf 59' lang='lat' dir='ltr'>paenitentia.</span> 
     </span>
    </p>
   </div>
   <div class='ocr_carea' id='block_1_20' title="bbox 411 1801 2144 1886">
    <p class='ocr_par' dir='ltr' id='par_1_20' title="bbox 411 1801 2144 1886">
     <span class='ocr_line' id='line_1_21' title="bbox 411 1801 2144 1886; baseline -0.002 -10"><span class='ocrx_word' id='word_1_116' title='bbox 411 1821 546 1876; x_wconf 81' lang='lat' dir='ltr'>CAP.</span> <span class='ocrx_word' id='word_1_117' title='bbox 603 1821 694 1874; x_wconf 85' lang='lat'><strong>76.</strong></span> <span class='ocrx_word' id='word_1_118' title='bbox 728 1851 795 1860; x_wconf 97' lang='lat'>—</span> <span class='ocrx_word' id='word_1_119' title='bbox 827 1820 900 1873; x_wconf 86' lang='lat' dir='ltr'>De</span> <span class='ocrx_word' id='word_1_120' title='bbox 955 1817 1189 1872; x_wconf 81' lang='lat' dir='ltr'>muliere</span> <span class='ocrx_word' id='word_1_121' title='bbox 1217 1833 1343 1870; x_wconf 87' lang='lat' dir='ltr'>cum</span> <span class='ocrx_word' id='word_1_122' title='bbox 1389 1832 1500 1886; x_wconf 91' lang='lat' dir='ltr'>qua</span> <span class='ocrx_word' id='word_1_123' title='bbox 1529 1821 1582 1871; x_wconf 82' lang='lat' dir='ltr'>et</span> <span class='ocrx_word' id='word_1_124' title='bbox 1607 1825 1767 1886; x_wconf 89' lang='lat' dir='ltr'>pater</span> <span class='ocrx_word' id='word_1_125' title='bbox 1811 1824 1860 1872; x_wconf 88' lang='lat' dir='ltr'>et</span> <span class='ocrx_word' id='word_1_126' title='bbox 1916 1818 2068 1886; x_wconf 85' lang='lat' dir='ltr'>ﬁlius</span> <span class='ocrx_word' id='word_1_127' title='bbox 2098 1801 2144 1865; x_wconf 85' lang='grc' dir='ltr'><strong>Β</strong></span> 
     </span>
    </p>
   </div>
   <div class='ocr_carea' id='block_1_21' title="bbox 480 1888 1908 1962">
    <p class='ocr_par' dir='ltr' id='par_1_21' title="bbox 480 1888 1908 1962">
     <span class='ocr_line' id='line_1_22' title="bbox 480 1888 1908 1962; baseline -0.002 -15"><span class='ocrx_word' id='word_1_128' title='bbox 480 1891 750 1962; x_wconf 88' lang='lat' dir='ltr'>fornicati</span> <span class='ocrx_word' id='word_1_129' title='bbox 774 1895 921 1945; x_wconf 89' lang='lat' dir='ltr'>sunt.</span> <span class='ocrx_word' id='word_1_130' title='bbox 953 1891 1035 1943; x_wconf 79' lang='lat' dir='ltr'>Ea:</span> <span class='ocrx_word' id='word_1_131' title='bbox 1063 1889 1298 1943; x_wconf 87' lang='lat' dir='ltr'>concilio</span> <span class='ocrx_word' id='word_1_132' title='bbox 1332 1888 1673 1943; x_wconf 88' lang='lat' dir='ltr'>Triburiensi</span> <span class='ocrx_word' id='word_1_133' title='bbox 1704 1893 1773 1958; x_wconf 91' lang='lat' dir='ltr'>(c.</span> <span class='ocrx_word' id='word_1_134' title='bbox 1797 1889 1908 1959; x_wconf 85' lang='grc'>43).</span> 
     </span>
    </p>
   </div>
   <div class='ocr_carea' id='block_1_22' title="bbox 2179 513 3849 592">
    <p class='ocr_par' dir='ltr' id='par_1_22' title="bbox 2179 513 3849 592">
     <span class='ocr_line' id='line_1_23' title="bbox 2179 513 3849 592; baseline 0.005 -26"><span class='ocrx_word' id='word_1_135' title='bbox 2179 513 2297 584; x_wconf 84' lang='lat' dir='ltr'>xx),</span> <span class='ocrx_word' id='word_1_136' title='bbox 2330 519 2552 586; x_wconf 92' lang='lat' dir='ltr'>quanto</span> <span class='ocrx_word' id='word_1_137' title='bbox 2583 517 2771 590; x_wconf 88' lang='lat' dir='ltr'>magis</span> <span class='ocrx_word' id='word_1_138' title='bbox 2813 533 2946 572; x_wconf 91' lang='lat' dir='ltr'>cum</span> <span class='ocrx_word' id='word_1_139' title='bbox 2979 521 3232 588; x_wconf 88' lang='lat' dir='ltr'>cognata</span> <span class='ocrx_word' id='word_1_140' title='bbox 3268 515 3357 572; x_wconf 89' lang='lat' dir='ltr'>vel</span> <span class='ocrx_word' id='word_1_141' title='bbox 3386 533 3519 572; x_wconf 90' lang='lat' dir='ltr'>cum</span> <span class='ocrx_word' id='word_1_142' title='bbox 3564 519 3849 592; x_wconf 87' lang='lat' dir='ltr'>conjuge,</span> 
     </span>
    </p>
   </div>
   <div class='ocr_carea' id='block_1_23' title="bbox 2179 605 3845 680">
    <p class='ocr_par' dir='ltr' id='par_1_23' title="bbox 2179 605 3845 680">
     <span class='ocr_line' id='line_1_24' title="bbox 2179 605 3845 680; baseline 0.004 -23"><span class='ocrx_word' id='word_1_143' title='bbox 2179 618 2283 658; x_wconf 86' lang='lat' dir='ltr'>seu</span> <span class='ocrx_word' id='word_1_144' title='bbox 2315 605 2644 660; x_wconf 87' lang='lat' dir='ltr'>concubina</span> <span class='ocrx_word' id='word_1_145' title='bbox 2691 606 2923 678; x_wconf 85' lang='lat' dir='ltr'>cognati</span> <span class='ocrx_word' id='word_1_146' title='bbox 2954 606 3140 661; x_wconf 66' lang='lat' dir='ltr'>r{Hinc</span> <span class='ocrx_word' id='word_1_147' title='bbox 3164 606 3221 660; x_wconf 92' lang='lat' dir='ltr'>in</span> <span class='ocrx_word' id='word_1_148' title='bbox 3253 605 3504 662; x_wconf 83' lang='lat' dir='ltr'>Levitico</span> <span class='ocrx_word' id='word_1_149' title='bbox 3544 607 3845 680; x_wconf 87' lang='lat' dir='ltr'>scriptum</span> 
     </span>
    </p>
   </div>
   <div class='ocr_carea' id='block_1_24' title="bbox 2178 691 3845 768">
    <p class='ocr_par' dir='ltr' id='par_1_24' title="bbox 2178 691 3845 768">
     <span class='ocr_line' id='line_1_25' title="bbox 2178 691 3845 768; baseline 0.005 -24"><span class='ocrx_word' id='word_1_150' title='bbox 2178 695 2267 745; x_wconf 91' lang='lat' dir='ltr'>est</span> <span class='ocrx_word' id='word_1_151' title='bbox 2301 691 2400 746; x_wconf 91' lang='lat' dir='ltr'>:Si</span> <span class='ocrx_word' id='word_1_152' title='bbox 2442 693 2744 749; x_wconf 72' lang='lat' dir='ltr'>mace/tatus</span> <span class='ocrx_word' id='word_1_153' title='bbox 2793 696 2964 765; x_wconf 86' lang='lat' dir='ltr'>fuerit</span> <span class='ocrx_word' id='word_1_154' title='bbox 3011 696 3131 766; x_wconf 96' lang='lat' dir='ltr'>quis</span> <span class='ocrx_word' id='word_1_155' title='bbox 3182 711 3308 750; x_wconf 90' lang='lat' dir='ltr'>cum</span> <span class='ocrx_word' id='word_1_156' title='bbox 3354 711 3528 751; x_wconf 72' lang='lat' dir='ltr'>uxore</span> <span class='ocrx_word' id='word_1_157' title='bbox 3565 695 3845 768; x_wconf 88' lang='lat' dir='ltr'>alterius,</span> 
     </span>
    </p>
   </div>
   <div class='ocr_carea' id='block_1_25' title="bbox 2178 784 3844 854">
    <p class='ocr_par' dir='ltr' id='par_1_25' title="bbox 2178 784 3844 854">
     <span class='ocr_line' id='line_1_26' title="bbox 2178 784 3844 854; baseline 0.005 -20"><span class='ocrx_word' id='word_1_158' title='bbox 2178 785 2354 837; x_wconf 83' lang='lat' dir='ltr'>morte</span> <span class='ocrx_word' id='word_1_159' title='bbox 2383 784 2700 838; x_wconf 76' lang='lat' dir='ltr'>moriantur</span> <span class='ocrx_word' id='word_1_160' title='bbox 2727 793 2780 840; x_wconf 89' lang='lat' dir='ltr'>et</span> <span class='ocrx_word' id='word_1_161' title='bbox 2812 785 3053 840; x_wconf 72' lang='lat' dir='ltr'>maechus</span> <span class='ocrx_word' id='word_1_162' title='bbox 3083 789 3132 839; x_wconf 81' lang='lat' dir='ltr'>et</span> <span class='ocrx_word' id='word_1_163' title='bbox 3162 784 3438 840; x_wconf 85' lang='lat' dir='ltr'>adultera.</span> <span class='ocrx_word' id='word_1_164' title='bbox 3465 786 3570 854; x_wconf 83' lang='lat' dir='ltr'>Qui</span> <span class='ocrx_word' id='word_1_165' title='bbox 3595 785 3844 842; x_wconf 88' lang='lat' dir='ltr'>dormie-</span> 
     </span>
    </p>
   </div>
   <div class='ocr_carea' id='block_1_26' title="bbox 2177 869 3845 945">
    <p class='ocr_par' dir='ltr' id='par_1_26' title="bbox 2177 869 3845 945">
     <span class='ocr_line' id='line_1_27' title="bbox 2177 869 3845 945; baseline 0.005 -23"><span class='ocrx_word' id='word_1_166' title='bbox 2177 869 2254 922; x_wconf 87' lang='lat' dir='ltr'>rit</span> <span class='ocrx_word' id='word_1_167' title='bbox 2283 885 2408 924; x_wconf 87' lang='lat' dir='ltr'>cum</span> <span class='ocrx_word' id='word_1_168' title='bbox 2437 887 2674 927; x_wconf 80' lang='lat' dir='ltr'>noverca</span> <span class='ocrx_word' id='word_1_169' title='bbox 2696 888 2796 927; x_wconf 89' lang='lat' dir='ltr'>sua</span> <span class='ocrx_word' id='word_1_170' title='bbox 2826 882 2878 929; x_wconf 89' lang='lat' dir='ltr'>et</span> <span class='ocrx_word' id='word_1_171' title='bbox 2903 889 3028 928; x_wconf 86' lang='lat' dir='ltr'>cum</span> <span class='ocrx_word' id='word_1_172' title='bbox 3073 889 3224 928; x_wconf 90' lang='lat' dir='ltr'>nuru</span> <span class='ocrx_word' id='word_1_173' title='bbox 3271 890 3395 941; x_wconf 91' lang='lat' dir='ltr'>sua,</span> <span class='ocrx_word' id='word_1_174' title='bbox 3417 883 3470 929; x_wconf 89' lang='lat' dir='ltr'>et</span> <span class='ocrx_word' id='word_1_175' title='bbox 3513 879 3608 945; x_wconf 89' lang='lat' dir='ltr'>qui</span> <span class='ocrx_word' id='word_1_176' title='bbox 3654 875 3845 944; x_wconf 87' lang='lat' dir='ltr'>ﬁliam</span> 
     </span>
    </p>
   </div>
   <div class='ocr_carea' id='block_1_27' title="bbox 2176 962 3842 1034">
    <p class='ocr_par' dir='ltr' id='par_1_27' title="bbox 2176 962 3842 1034">
     <span class='ocr_line' id='line_1_28' title="bbox 2176 962 3842 1034; baseline 0.004 -20"><span class='ocrx_word' id='word_1_177' title='bbox 2176 968 2227 1014; x_wconf 90' lang='lat' dir='ltr'>et</span> <span class='ocrx_word' id='word_1_178' title='bbox 2273 965 2505 1015; x_wconf 84' lang='lat' dir='ltr'>matrem</span> <span class='ocrx_word' id='word_1_179' title='bbox 2553 962 2796 1023; x_wconf 71' lang='lat' dir='ltr'>duxerit.</span> <span class='ocrx_word' id='word_1_180' title='bbox 2833 966 2883 1018; x_wconf 88' lang='lat' dir='ltr'>et</span> <span class='ocrx_word' id='word_1_181' title='bbox 2921 964 3017 1034; x_wconf 87' lang='lat' dir='ltr'>qui</span> <span class='ocrx_word' id='word_1_182' title='bbox 3059 965 3325 1034; x_wconf 87' lang='lat' dir='ltr'>acceperit</span> <span class='ocrx_word' id='word_1_183' title='bbox 3363 979 3611 1019; x_wconf 81' lang='lat' dir='ltr'>sororem</span> <span class='ocrx_word' id='word_1_184' title='bbox 3649 981 3842 1032; x_wconf 89' lang='lat' dir='ltr'>suam,</span> 
     </span>
    </p>
   </div>
   <div class='ocr_carea' id='block_1_28' title="bbox 2176 1050 3842 1124">
    <p class='ocr_par' dir='ltr' id='par_1_28' title="bbox 2176 1050 3842 1124">
     <span class='ocr_line' id='line_1_29' title="bbox 2176 1050 3842 1124; baseline 0.004 -21"><span class='ocrx_word' id='word_1_185' title='bbox 2176 1057 2351 1104; x_wconf 86' lang='lat' dir='ltr'>morte</span> <span class='ocrx_word' id='word_1_186' title='bbox 2378 1051 2693 1106; x_wconf 83' lang='lat' dir='ltr'>moriantur</span> <span class='ocrx_word' id='word_1_187' title='bbox 2724 1052 2917 1121; x_wconf 89' lang='lat' dir='ltr'>(Levit.</span> <span class='ocrx_word' id='word_1_188' title='bbox 2950 1052 3065 1123; x_wconf 87' lang='lat' dir='ltr'>xx).</span> <span class='ocrx_word' id='word_1_189' title='bbox 3100 1050 3158 1106; x_wconf 93' lang='lat' dir='ltr'>Si</span> <span class='ocrx_word' id='word_1_190' title='bbox 3192 1051 3347 1106; x_wconf 87' lang='lat' dir='ltr'>enim</span> <span class='ocrx_word' id='word_1_191' title='bbox 3382 1051 3441 1106; x_wconf 92' lang='lat' dir='ltr'>in</span> <span class='ocrx_word' id='word_1_192' title='bbox 3475 1051 3600 1124; x_wconf 85' lang='lat' dir='ltr'>lege</span> <span class='ocrx_word' id='word_1_193' title='bbox 3638 1054 3842 1124; x_wconf 80' lang='lat' dir='ltr'>turpi-</span> 
     </span>
    </p>
   </div>
   <div class='ocr_carea' id='block_1_29' title="bbox 2177 1138 3841 1214">
    <p class='ocr_par' dir='ltr' id='par_1_29' title="bbox 2177 1138 3841 1214">
     <span class='ocr_line' id='line_1_30' title="bbox 2177 1138 3841 1214; baseline 0.004 -22"><span class='ocrx_word' id='word_1_194' title='bbox 2177 1138 2443 1193; x_wconf 89' lang='lat' dir='ltr'>tudinem</span> <span class='ocrx_word' id='word_1_195' title='bbox 2472 1140 2738 1196; x_wconf 91' lang='lat' dir='ltr'>incestus</span> <span class='ocrx_word' id='word_1_196' title='bbox 2761 1141 2967 1196; x_wconf 87' lang='lat' dir='ltr'>mortis</span> <span class='ocrx_word' id='word_1_197' title='bbox 2991 1141 3280 1196; x_wconf 85' lang='lat' dir='ltr'>sententia</span> <span class='ocrx_word' id='word_1_198' title='bbox 3304 1140 3602 1198; x_wconf 89' lang='lat' dir='ltr'>vindicare</span> <span class='ocrx_word' id='word_1_199' title='bbox 3623 1142 3841 1214; x_wconf 87' lang='lat' dir='ltr'>jussit,</span> 
     </span>
    </p>
   </div>
   <div class='ocr_carea' id='block_1_30' title="bbox 2178 1228 3841 1301">
    <p class='ocr_par' dir='ltr' id='par_1_30' title="bbox 2178 1228 3841 1301">
     <span class='ocr_line' id='line_1_31' title="bbox 2178 1228 3841 1301; baseline 0.004 -20"><span class='ocrx_word' id='word_1_200' title='bbox 2178 1229 2474 1298; x_wconf 91' lang='lat' dir='ltr'>quomodo</span> <span class='ocrx_word' id='word_1_201' title='bbox 2507 1228 2566 1283; x_wconf 93' lang='lat' dir='ltr'>in</span> <span class='ocrx_word' id='word_1_202' title='bbox 2599 1229 2906 1300; x_wconf 87' lang='lat' dir='ltr'>Evangelio</span> <span class='ocrx_word' id='word_1_203' title='bbox 2939 1229 3036 1285; x_wconf 90' lang='lat' dir='ltr'>ubi</span> <span class='ocrx_word' id='word_1_204' title='bbox 3069 1247 3304 1285; x_wconf 90' lang='lat' dir='ltr'>summa</span> <span class='ocrx_word' id='word_1_205' title='bbox 3326 1230 3562 1301; x_wconf 86' lang='lat' dir='ltr'>justilia</span> <span class='ocrx_word' id='word_1_206' title='bbox 3602 1235 3713 1298; x_wconf 89' lang='lat' dir='ltr'>est,</span> <span class='ocrx_word' id='word_1_207' title='bbox 3744 1232 3841 1287; x_wconf 85' lang='lat' dir='ltr'>in-</span> 
     </span>
    </p>
   </div>
   <div class='ocr_carea' id='block_1_31' title="bbox 2177 1318 3842 1391">
    <p class='ocr_par' dir='ltr' id='par_1_31' title="bbox 2177 1318 3842 1391">
     <span class='ocr_line' id='line_1_32' title="bbox 2177 1318 3842 1391; baseline 0.003 -21"><span class='ocrx_word' id='word_1_208' title='bbox 2177 1321 2488 1372; x_wconf 87' lang='lat' dir='ltr'>cestuosus</span> <span class='ocrx_word' id='word_1_209' title='bbox 2520 1319 2738 1389; x_wconf 86' lang='lat' dir='ltr'>peccati</span> <span class='ocrx_word' id='word_1_210' title='bbox 2776 1319 3177 1389; x_wconf 81' lang='lat' dir='ltr'>pcenitentiam</span> <span class='ocrx_word' id='word_1_211' title='bbox 3209 1318 3463 1374; x_wconf 84' lang='lat' dir='ltr'>evadet?</span> <span class='ocrx_word' id='word_1_212' title='bbox 3485 1318 3647 1374; x_wconf 89' lang='lat' dir='ltr'>Unde</span> <span class='ocrx_word' id='word_1_213' title='bbox 3675 1322 3842 1391; x_wconf 90' lang='lat' dir='ltr'>Apo-</span> 
     </span>
    </p>
   </div>
   <div class='ocr_carea' id='block_1_32' title="bbox 2178 1403 3843 1479">
    <p class='ocr_par' dir='ltr' id='par_1_32' title="bbox 2178 1403 3843 1479">
     <span class='ocr_line' id='line_1_33' title="bbox 2178 1403 3843 1479; baseline 0.002 -19"><span class='ocrx_word' id='word_1_214' title='bbox 2178 1403 2367 1460; x_wconf 86' lang='lat' dir='ltr'>stolus</span> <span class='ocrx_word' id='word_1_215' title='bbox 2395 1421 2406 1459; x_wconf 91' lang='lat'><strong>:</strong></span> <span class='ocrx_word' id='word_1_216' title='bbox 2443 1409 2675 1462; x_wconf 86' lang='lat' dir='ltr'>Irritam</span> <span class='ocrx_word' id='word_1_217' title='bbox 2704 1409 2802 1478; x_wconf 88' lang='lat' dir='ltr'>qui</span> <span class='ocrx_word' id='word_1_218' title='bbox 2827 1409 3017 1477; x_wconf 79' lang='lat' dir='ltr'>fecerit</span> <span class='ocrx_word' id='word_1_219' title='bbox 3050 1408 3228 1479; x_wconf 84' lang='lat' dir='ltr'>legem</span> <span class='ocrx_word' id='word_1_220' title='bbox 3258 1408 3448 1479; x_wconf 81' lang='lat' dir='ltr'>Moysi,</span> <span class='ocrx_word' id='word_1_221' title='bbox 3479 1410 3532 1463; x_wconf 91' lang='lat' dir='ltr'>si</span> <span class='ocrx_word' id='word_1_222' title='bbox 3559 1409 3680 1462; x_wconf 91' lang='lat' dir='ltr'>sine</span> <span class='ocrx_word' id='word_1_223' title='bbox 3710 1409 3843 1466; x_wconf 83' lang='lat' dir='ltr'>ulla</span> 
     </span>
    </p>
   </div>
   <div class='ocr_carea' id='block_1_33' title="bbox 2177 1495 3838 1562">
    <p class='ocr_par' dir='ltr' id='par_1_33' title="bbox 2177 1495 3838 1562">
     <span class='ocr_line' id='line_1_34' title="bbox 2177 1495 3838 1562; baseline 0.002 -13"><span class='ocrx_word' id='word_1_224' title='bbox 2177 1496 2534 1551; x_wconf 81' lang='lat' dir='ltr'>miseratione</span> <span class='ocrx_word' id='word_1_225' title='bbox 2562 1496 2664 1551; x_wconf 85' lang='lat' dir='ltr'>sub</span> <span class='ocrx_word' id='word_1_226' title='bbox 2693 1495 2900 1552; x_wconf 84' lang='lat' dir='ltr'>duobus</span> <span class='ocrx_word' id='word_1_227' title='bbox 2937 1495 3028 1552; x_wconf 85' lang='lat' dir='ltr'>vel</span> <span class='ocrx_word' id='word_1_228' title='bbox 3075 1497 3254 1552; x_wconf 86' lang='lat' dir='ltr'>tribus</span> <span class='ocrx_word' id='word_1_229' title='bbox 3296 1497 3522 1552; x_wconf 77' lang='lat' dir='ltr'>testibus</span> <span class='ocrx_word' id='word_1_230' title='bbox 3566 1497 3838 1562; x_wconf 84' lang='lat' dir='ltr'>moritur.</span> 
     </span>
    </p>
   </div>
   <div class='ocr_carea' id='block_1_34' title="bbox 2175 1585 3840 1658">
    <p class='ocr_par' dir='ltr' id='par_1_34' title="bbox 2175 1585 3840 1658">
     <span class='ocr_line' id='line_1_35' title="bbox 2175 1585 3840 1658; baseline 0.002 -20"><span class='ocrx_word' id='word_1_231' title='bbox 2175 1593 2379 1655; x_wconf 88' lang='lat' dir='ltr'>quanto</span> <span class='ocrx_word' id='word_1_232' title='bbox 2395 1586 2574 1653; x_wconf 85' lang='lat' dir='ltr'>magis</span> <span class='ocrx_word' id='word_1_233' title='bbox 2589 1587 2801 1656; x_wconf 78' lang='lat' dir='ltr'>putatis</span> <span class='ocrx_word' id='word_1_234' title='bbox 2814 1585 3093 1640; x_wconf 84' lang='lat' dir='ltr'>deteriora</span> <span class='ocrx_word' id='word_1_235' title='bbox 3105 1585 3316 1640; x_wconf 87' lang='lat' dir='ltr'>mereri</span> <span class='ocrx_word' id='word_1_236' title='bbox 3333 1587 3614 1657; x_wconf 87' lang='lat' dir='ltr'>supplicia</span> <span class='ocrx_word' id='word_1_237' title='bbox 3628 1588 3733 1658; x_wconf 85' lang='lat' dir='ltr'>qui</span> <span class='ocrx_word' id='word_1_238' title='bbox 3746 1589 3840 1642; x_wconf 79' lang='lat' dir='ltr'>Fi-</span> 
     </span>
    </p>
   </div>
   <div class='ocr_carea' id='block_1_35' title="bbox 2177 1674 3840 1747">
    <p class='ocr_par' dir='ltr' id='par_1_35' title="bbox 2177 1674 3840 1747">
     <span class='ocr_line' id='line_1_36' title="bbox 2177 1674 3840 1747; baseline 0.001 -19"><span class='ocrx_word' id='word_1_239' title='bbox 2177 1675 2317 1728; x_wconf 88' lang='lat' dir='ltr'>lium</span> <span class='ocrx_word' id='word_1_240' title='bbox 2345 1674 2446 1729; x_wconf 92' lang='lat' dir='ltr'>Dei</span> <span class='ocrx_word' id='word_1_241' title='bbox 2465 1675 2889 1739; x_wconf 89' lang='lat' dir='ltr'>conculcaverit,</span> <span class='ocrx_word' id='word_1_242' title='bbox 2903 1680 2955 1730; x_wconf 87' lang='lat' dir='ltr'>et</span> <span class='ocrx_word' id='word_1_243' title='bbox 2971 1677 3299 1743; x_wconf 80' lang='lat' dir='ltr'>sanguinem</span> <span class='ocrx_word' id='word_1_244' title='bbox 3317 1677 3637 1730; x_wconf 81' lang='lat' dir='ltr'>testamenti</span> <span class='ocrx_word' id='word_1_245' title='bbox 3645 1677 3840 1747; x_wconf 88' lang='lat' dir='ltr'>pollu-</span> 
     </span>
    </p>
   </div>
   <div class='ocr_carea' id='block_1_36' title="bbox 2176 1763 3838 1834">
    <p class='ocr_par' dir='ltr' id='par_1_36' title="bbox 2176 1763 3838 1834">
     <span class='ocr_line' id='line_1_37' title="bbox 2176 1763 3838 1834; baseline 0.002 -17"><span class='ocrx_word' id='word_1_246' title='bbox 2176 1772 2292 1817; x_wconf 89' lang='lat' dir='ltr'>tum</span> <span class='ocrx_word' id='word_1_247' title='bbox 2315 1764 2555 1832; x_wconf 72' lang='lat' dir='ltr'>duxerit,</span> <span class='ocrx_word' id='word_1_248' title='bbox 2577 1765 2637 1818; x_wconf 90' lang='lat' dir='ltr'>in</span> <span class='ocrx_word' id='word_1_249' title='bbox 2649 1780 2754 1834; x_wconf 89' lang='lat' dir='ltr'>quo</span> <span class='ocrx_word' id='word_1_250' title='bbox 2765 1764 3254 1831; x_wconf 79' lang='lat' dir='ltr'>sanctificatusest,</span> <span class='ocrx_word' id='word_1_251' title='bbox 3277 1769 3330 1820; x_wconf 91' lang='lat' dir='ltr'>et</span> <span class='ocrx_word' id='word_1_252' title='bbox 3357 1763 3606 1833; x_wconf 82' lang='lat' dir='ltr'>Spiritui</span> <span class='ocrx_word' id='word_1_253' title='bbox 3623 1766 3838 1832; x_wconf 59' lang='lat' dir='ltr'>gratia</span> 
     </span>
    </p>
   </div>
   <div class='ocr_carea' id='block_1_37' title="bbox 2173 1852 3837 1926">
    <p class='ocr_par' dir='ltr' id='par_1_37' title="bbox 2173 1852 3837 1926">
     <span class='ocr_line' id='line_1_38' title="bbox 2173 1852 3837 1926; baseline 0.001 -19"><span class='ocrx_word' id='word_1_254' title='bbox 2173 1854 2562 1908; x_wconf 81' lang='lat' dir='ltr'>contumeliam</span> <span class='ocrx_word' id='word_1_255' title='bbox 2616 1856 2812 1924; x_wconf 79' lang='lat' dir='ltr'>fecerit</span> <span class='ocrx_word' id='word_1_256' title='bbox 2857 1854 3069 1925; x_wconf 86' lang='lat' dir='ltr'>?(llebr.</span> <span class='ocrx_word' id='word_1_257' title='bbox 3119 1854 3200 1924; x_wconf 89' lang='lat' dir='ltr'>x.)</span> <span class='ocrx_word' id='word_1_258' title='bbox 3248 1852 3436 1926; x_wconf 84' lang='lat' dir='ltr'>Igitur</span> <span class='ocrx_word' id='word_1_259' title='bbox 3487 1853 3837 1910; x_wconf 87' lang='lat' dir='ltr'>Theodorus</span> 
     </span>
    </p>
   </div>
   <div class='ocr_carea' id='block_1_38' title="bbox 481 1939 3839 2052">
    <p class='ocr_par' dir='ltr' id='par_1_38' title="bbox 481 1939 3839 2052">
     <span class='ocr_line' id='line_1_39' title="bbox 481 1939 3839 2052; baseline -0.001 -18"><span class='ocrx_word' id='word_1_260' title='bbox 481 1939 1296 2052; x_wconf 48' lang='lat' dir='ltr'>stiti;gig,&#39;.ib.;a.;...15</span> <span class='ocrx_word' id='word_1_261' title='bbox 1327 1939 1928 2040; x_wconf 44' lang='lat' dir='ltr'>sissentsi.</span> <span class='ocrx_word' id='word_1_262' title='bbox 1977 1981 2066 2033; x_wconf 72' lang='grc' dir='ltr'>ρει</span> <span class='ocrx_word' id='word_1_263' title='bbox 2165 1939 2465 2052; x_wconf 54' lang='grc' dir='ltr'>ξξιξροξγέε</span> <span class='ocrx_word' id='word_1_264' title='bbox 2476 1955 2638 2052; x_wconf 60' lang='grc' dir='ltr'>ῗξιαξ,</span> <span class='ocrx_word' id='word_1_265' title='bbox 2650 1940 3839 2052; x_wconf 41' lang='lat' dir='ltr'>guininffufmoficﬁtifv13933???“</span> 
     </span>
    </p>
   </div>
   <div class='ocr_carea' id='block_1_39' title="bbox 412 2064 2064 2140">
    <p class='ocr_par' dir='ltr' id='par_1_39' title="bbox 412 2064 2064 2140">
     <span class='ocr_line' id='line_1_40' title="bbox 412 2064 2064 2140; baseline -0.001 -16"><span class='ocrx_word' id='word_1_266' title='bbox 412 2085 546 2124; x_wconf 91' lang='lat' dir='ltr'>cum</span> <span class='ocrx_word' id='word_1_267' title='bbox 579 2069 834 2140; x_wconf 89' lang='lat' dir='ltr'>quadam</span> <span class='ocrx_word' id='word_1_268' title='bbox 863 2066 1124 2133; x_wconf 89' lang='lat' dir='ltr'>muliere,</span> <span class='ocrx_word' id='word_1_269' title='bbox 1159 2071 1361 2136; x_wconf 89' lang='lat' dir='ltr'>postea</span> <span class='ocrx_word' id='word_1_270' title='bbox 1393 2064 1549 2121; x_wconf 83' lang='lat' dir='ltr'>filius</span> <span class='ocrx_word' id='word_1_271' title='bbox 1580 2065 1848 2121; x_wconf 90' lang='lat' dir='ltr'>nesciens</span> <span class='ocrx_word' id='word_1_272' title='bbox 1880 2066 2064 2137; x_wconf 89' lang='lat' dir='ltr'>patris</span> 
     </span>
    </p>
   </div>
   <div class='ocr_carea' id='block_1_40' title="bbox 417 2155 2066 2228">
    <p class='ocr_par' dir='ltr' id='par_1_40' title="bbox 417 2155 2066 2228">
     <span class='ocr_line' id='line_1_41' title="bbox 417 2155 2066 2228; baseline -0.002 -17"><span class='ocrx_word' id='word_1_273' title='bbox 417 2157 636 2213; x_wconf 89' lang='lat' dir='ltr'>factum</span> <span class='ocrx_word' id='word_1_274' title='bbox 671 2155 960 2228; x_wconf 89' lang='lat' dir='ltr'>stupravit</span> <span class='ocrx_word' id='word_1_275' title='bbox 990 2155 1280 2212; x_wconf 86' lang='lat' dir='ltr'>eamdem.</span> <span class='ocrx_word' id='word_1_276' title='bbox 1319 2155 1479 2220; x_wconf 89' lang='lat' dir='ltr'>Quod</span> <span class='ocrx_word' id='word_1_277' title='bbox 1503 2169 1638 2210; x_wconf 87' lang='lat' dir='ltr'>cum</span> <span class='ocrx_word' id='word_1_278' title='bbox 1671 2159 1838 2226; x_wconf 87' lang='lat' dir='ltr'>pater</span> <span class='ocrx_word' id='word_1_279' title='bbox 1885 2155 2066 2210; x_wconf 91' lang='lat' dir='ltr'>resci-</span> 
     </span>
    </p>
   </div>
   <div class='ocr_carea' id='block_1_41' title="bbox 413 2243 2064 2315">
    <p class='ocr_par' dir='ltr' id='par_1_41' title="bbox 413 2243 2064 2315">
     <span class='ocr_line' id='line_1_42' title="bbox 413 2243 2064 2315; baseline -0.002 -13"><span class='ocrx_word' id='word_1_280' title='bbox 413 2250 628 2315; x_wconf 90' lang='lat' dir='ltr'>sceret,</span> <span class='ocrx_word' id='word_1_281' title='bbox 651 2247 723 2301; x_wconf 92' lang='lat' dir='ltr'>de</span> <span class='ocrx_word' id='word_1_282' title='bbox 745 2261 807 2300; x_wconf 91' lang='lat' dir='ltr'>se</span> <span class='ocrx_word' id='word_1_283' title='bbox 838 2245 1077 2314; x_wconf 82' lang='lat' dir='ltr'>ﬁlioque</span> <span class='ocrx_word' id='word_1_284' title='bbox 1101 2243 1408 2299; x_wconf 88' lang='lat' dir='ltr'>confessus</span> <span class='ocrx_word' id='word_1_285' title='bbox 1438 2247 1544 2299; x_wconf 89' lang='lat' dir='ltr'>est.</span> <span class='ocrx_word' id='word_1_286' title='bbox 1572 2243 1915 2298; x_wconf 87' lang='lat' dir='ltr'>Statuerunt</span> <span class='ocrx_word' id='word_1_287' title='bbox 1946 2260 2064 2298; x_wconf 84' lang='lat' dir='ltr'>me-</span> 
     </span>
    </p>
   </div>
   <div class='ocr_carea' id='block_1_42' title="bbox 408 2330 2062 2403">
    <p class='ocr_par' dir='ltr' id='par_1_42' title="bbox 408 2330 2062 2403">
     <span class='ocr_line' id='line_1_43' title="bbox 408 2330 2062 2403; baseline -0.002 -13"><span class='ocrx_word' id='word_1_288' title='bbox 408 2334 524 2390; x_wconf 90' lang='lat' dir='ltr'>lius</span> <span class='ocrx_word' id='word_1_289' title='bbox 555 2349 683 2390; x_wconf 90' lang='lat' dir='ltr'>esse</span> <span class='ocrx_word' id='word_1_290' title='bbox 715 2337 779 2388; x_wconf 91' lang='lat' dir='ltr'>ut</span> <span class='ocrx_word' id='word_1_291' title='bbox 807 2332 1004 2388; x_wconf 90' lang='lat' dir='ltr'>taliter</span> <span class='ocrx_word' id='word_1_292' title='bbox 1024 2331 1202 2403; x_wconf 85' lang='lat' dir='ltr'>lapsis</span> <span class='ocrx_word' id='word_1_293' title='bbox 1225 2347 1360 2386; x_wconf 91' lang='lat' dir='ltr'>cum</span> <span class='ocrx_word' id='word_1_294' title='bbox 1388 2331 1566 2402; x_wconf 90' lang='lat' dir='ltr'>digna</span> <span class='ocrx_word' id='word_1_295' title='bbox 1597 2330 1958 2402; x_wconf 72' lang='lat' dir='ltr'>poenitentia,</span> <span class='ocrx_word' id='word_1_296' title='bbox 1982 2330 2062 2386; x_wconf 93' lang='lat' dir='ltr'>le-</span> 
     </span>
    </p>
   </div>
   <div class='ocr_carea' id='block_1_43' title="bbox 406 2419 2062 2493">
    <p class='ocr_par' dir='ltr' id='par_1_43' title="bbox 406 2419 2062 2493">
     <span class='ocr_line' id='line_1_44' title="bbox 406 2419 2062 2493; baseline -0.001 -18"><span class='ocrx_word' id='word_1_297' title='bbox 406 2422 612 2493; x_wconf 88' lang='lat' dir='ltr'>gitima</span> <span class='ocrx_word' id='word_1_298' title='bbox 638 2420 1055 2493; x_wconf 79' lang='lat' dir='ltr'>permittuntur</span> <span class='ocrx_word' id='word_1_299' title='bbox 1101 2419 1376 2490; x_wconf 89' lang='lat' dir='ltr'>conjugia</span> <span class='ocrx_word' id='word_1_300' title='bbox 1407 2435 1580 2489; x_wconf 86' lang='lat' dir='ltr'>quam</span> <span class='ocrx_word' id='word_1_301' title='bbox 1615 2420 1762 2474; x_wconf 87' lang='lat' dir='ltr'>forte</span> <span class='ocrx_word' id='word_1_302' title='bbox 1802 2419 2062 2474; x_wconf 84' lang='lat' dir='ltr'>deterius</span> 
     </span>
    </p>
   </div>
   <div class='ocr_carea' id='block_1_44' title="bbox 405 2505 2060 2580">
    <p class='ocr_par' dir='ltr' id='par_1_44' title="bbox 405 2505 2060 2580">
     <span class='ocr_line' id='line_1_45' title="bbox 405 2505 2060 2580; baseline -0.001 -15"><span class='ocrx_word' id='word_1_303' title='bbox 405 2509 768 2580; x_wconf 88' lang='lat' dir='ltr'>delinquant.</span> <span class='ocrx_word' id='word_1_304' title='bbox 799 2507 1133 2565; x_wconf 89' lang='lat' dir='ltr'>Fornicaria</span> <span class='ocrx_word' id='word_1_305' title='bbox 1163 2512 1359 2563; x_wconf 91' lang='lat' dir='ltr'>autem</span> <span class='ocrx_word' id='word_1_306' title='bbox 1379 2505 1504 2562; x_wconf 88' lang='lat' dir='ltr'>sine</span> <span class='ocrx_word' id='word_1_307' title='bbox 1531 2523 1633 2578; x_wconf 89' lang='lat' dir='ltr'>spe</span> <span class='ocrx_word' id='word_1_308' title='bbox 1656 2507 1910 2578; x_wconf 83' lang='lat' dir='ltr'>conjugii</span> <span class='ocrx_word' id='word_1_309' title='bbox 1940 2523 2060 2563; x_wconf 86' lang='lat' dir='ltr'>ma-</span> 
     </span>
    </p>
   </div>
   <div class='ocr_carea' id='block_1_45' title="bbox 410 2603 566 2654">
    <p class='ocr_par' dir='ltr' id='par_1_45' title="bbox 410 2603 566 2654">
     <span class='ocr_line' id='line_1_46' title="bbox 410 2603 566 2654; baseline -0.006 0"><span class='ocrx_word' id='word_1_310' title='bbox 410 2603 566 2654; x_wconf 91' lang='lat' dir='ltr'>neat.</span> 
     </span>
    </p>
   </div>
   <div class='ocr_carea' id='block_1_46' title="bbox 406 2686 2062 2759">
    <p class='ocr_par' dir='ltr' id='par_1_46' title="bbox 406 2686 2062 2759">
     <span class='ocr_line' id='line_1_47' title="bbox 406 2686 2062 2759; baseline -0.002 -16"><span class='ocrx_word' id='word_1_311' title='bbox 406 2688 532 2744; x_wconf 76' lang='grc' dir='ltr'>ΟΑΡ.</span> <span class='ocrx_word' id='word_1_312' title='bbox 563 2690 653 2742; x_wconf 89' lang='lat'>77.</span> <span class='ocrx_word' id='word_1_313' title='bbox 677 2717 747 2729; x_wconf 97' lang='lat'><strong><em>—</em></strong></span> <span class='ocrx_word' id='word_1_314' title='bbox 779 2693 856 2744; x_wconf 83' lang='lat' dir='ltr'>De</span> <span class='ocrx_word' id='word_1_315' title='bbox 887 2688 982 2742; x_wconf 76' lang='lat' dir='ltr'>illo</span> <span class='ocrx_word' id='word_1_316' title='bbox 1012 2686 1110 2759; x_wconf 86' lang='lat' dir='ltr'>qui</span> <span class='ocrx_word' id='word_1_317' title='bbox 1134 2703 1261 2742; x_wconf 92' lang='lat' dir='ltr'>cum</span> <span class='ocrx_word' id='word_1_318' title='bbox 1281 2702 1474 2748; x_wconf 78' lang='lat' dir='ltr'>uxore.</span> <span class='ocrx_word' id='word_1_319' title='bbox 1506 2695 1704 2752; x_wconf 83' lang='lat' dir='ltr'>matre,</span> <span class='ocrx_word' id='word_1_320' title='bbox 1735 2691 1786 2741; x_wconf 87' lang='lat' dir='ltr'>et</span> <span class='ocrx_word' id='word_1_321' title='bbox 1825 2687 2062 2759; x_wconf 86' lang='lat' dir='ltr'>filiastra</span> 
     </span>
    </p>
   </div>
   <div class='ocr_carea' id='block_1_47' title="bbox 478 2758 2060 2830">
    <p class='ocr_par' dir='ltr' id='par_1_47' title="bbox 478 2758 2060 2830">
     <span class='ocr_line' id='line_1_48' title="bbox 478 2758 2060 2830; baseline -0.002 -15"><span class='ocrx_word' id='word_1_322' title='bbox 478 2762 789 2830; x_wconf 84' lang='lat' dir='ltr'>fornicatus</span> <span class='ocrx_word' id='word_1_323' title='bbox 859 2768 958 2813; x_wconf 88' lang='lat' dir='ltr'>est.</span> <span class='ocrx_word' id='word_1_324' title='bbox 1025 2758 1113 2813; x_wconf 71' lang='lat' dir='ltr'>Ex</span> <span class='ocrx_word' id='word_1_325' title='bbox 1157 2759 1391 2814; x_wconf 89' lang='lat' dir='ltr'>concilio</span> <span class='ocrx_word' id='word_1_326' title='bbox 1435 2759 1817 2826; x_wconf 85' lang='lat' dir='ltr'>Maguntiensi</span> <span class='ocrx_word' id='word_1_327' title='bbox 1903 2761 1918 2829; x_wconf 93' lang='lat'>(</span> <span class='ocrx_word' id='word_1_328' title='bbox 1962 2758 2060 2812; x_wconf 87' lang='lat' dir='ltr'>sub</span> 
     </span>
    </p>
   </div>
   <div class='ocr_carea' id='block_1_48' title="bbox 487 2830 1021 2901">
    <p class='ocr_par' dir='ltr' id='par_1_48' title="bbox 487 2830 1021 2901">
     <span class='ocr_line' id='line_1_49' title="bbox 487 2830 1021 2901; baseline -0.009 -14"><span class='ocrx_word' id='word_1_329' title='bbox 487 2833 659 2886; x_wconf 82' lang='lat' dir='ltr'>Leone</span> <span class='ocrx_word' id='word_1_330' title='bbox 706 2831 795 2898; x_wconf 84' lang='grc' dir='ltr'>ιν,</span> <span class='ocrx_word' id='word_1_331' title='bbox 824 2846 870 2884; x_wconf 93' lang='lat' dir='ltr'>c.</span> <span class='ocrx_word' id='word_1_332' title='bbox 906 2830 1021 2901; x_wconf 85' lang='lat'>29).</span> 
     </span>
    </p>
   </div>
   <div class='ocr_carea' id='block_1_49' title="bbox 483 2917 2058 2990">
    <p class='ocr_par' dir='ltr' id='par_1_49' title="bbox 483 2917 2058 2990">
     <span class='ocr_line' id='line_1_50' title="bbox 483 2917 2058 2990; baseline -0.001 -18"><span class='ocrx_word' id='word_1_333' title='bbox 483 2920 590 2988; x_wconf 85' lang='lat'>(32,</span> <span class='ocrx_word' id='word_1_334' title='bbox 638 2935 691 2990; x_wconf 92' lang='lat' dir='ltr'>q.</span> <span class='ocrx_word' id='word_1_335' title='bbox 744 2921 801 2987; x_wconf 92' lang='lat'><strong>7,</strong></span> <span class='ocrx_word' id='word_1_336' title='bbox 851 2934 897 2972; x_wconf 93' lang='lat' dir='ltr'>c.</span> <span class='ocrx_word' id='word_1_337' title='bbox 931 2918 993 2973; x_wconf 87' lang='lat' dir='ltr'>Si</span> <span class='ocrx_word' id='word_1_338' title='bbox 1026 2917 1192 2988; x_wconf 86' lang='lat' dir='ltr'>quis.)</span> <span class='ocrx_word' id='word_1_339' title='bbox 1243 2917 1300 2972; x_wconf 92' lang='lat' dir='ltr'>Si</span> <span class='ocrx_word' id='word_1_340' title='bbox 1352 2917 1486 2989; x_wconf 89' lang='lat' dir='ltr'>quis</span> <span class='ocrx_word' id='word_1_341' title='bbox 1531 2917 1768 2972; x_wconf 90' lang='lat' dir='ltr'>viduam</span> <span class='ocrx_word' id='word_1_342' title='bbox 1821 2934 2058 2972; x_wconf 86' lang='lat' dir='ltr'>uxorem</span> 
     </span>
    </p>
   </div>
   <div class='ocr_carea' id='block_1_50' title="bbox 407 3005 2057 3085">
    <p class='ocr_par' dir='ltr' id='par_1_50' title="bbox 407 3005 2057 3085">
     <span class='ocr_line' id='line_1_51' title="bbox 407 3005 2057 3085; baseline -0.001 -23"><span class='ocrx_word' id='word_1_343' title='bbox 407 3008 659 3074; x_wconf 82' lang='lat' dir='ltr'>duxerit,</span> <span class='ocrx_word' id='word_1_344' title='bbox 709 3011 766 3062; x_wconf 90' lang='lat' dir='ltr'>et</span> <span class='ocrx_word' id='word_1_345' title='bbox 796 3010 998 3078; x_wconf 87' lang='lat' dir='ltr'>postea</span> <span class='ocrx_word' id='word_1_346' title='bbox 1041 3022 1176 3060; x_wconf 90' lang='lat' dir='ltr'>cum</span> <span class='ocrx_word' id='word_1_347' title='bbox 1209 3005 1455 3062; x_wconf 82' lang='lat' dir='ltr'>ﬁliastra</span> <span class='ocrx_word' id='word_1_348' title='bbox 1486 3007 1660 3061; x_wconf 92' lang='lat' dir='ltr'>fuerit</span> <span class='ocrx_word' id='word_1_349' title='bbox 1712 3007 2057 3085; x_wconf 67' lang='lat' dir='ltr'>fornicatus,</span> 
     </span>
    </p>
   </div>
   <div class='ocr_carea' id='block_1_51' title="bbox 406 3093 2058 3165">
    <p class='ocr_par' dir='ltr' id='par_1_51' title="bbox 406 3093 2058 3165">
     <span class='ocr_line' id='line_1_52' title="bbox 406 3093 2058 3165; baseline 0.001 -16"><span class='ocrx_word' id='word_1_350' title='bbox 406 3112 507 3151; x_wconf 90' lang='lat' dir='ltr'>seu</span> <span class='ocrx_word' id='word_1_351' title='bbox 541 3111 674 3149; x_wconf 86' lang='lat' dir='ltr'>cum</span> <span class='ocrx_word' id='word_1_352' title='bbox 705 3095 938 3149; x_wconf 90' lang='lat' dir='ltr'>duabus</span> <span class='ocrx_word' id='word_1_353' title='bbox 970 3093 1292 3162; x_wconf 89' lang='lat' dir='ltr'>sororibus,</span> <span class='ocrx_word' id='word_1_354' title='bbox 1318 3099 1419 3149; x_wconf 90' lang='lat' dir='ltr'>aut</span> <span class='ocrx_word' id='word_1_355' title='bbox 1448 3094 1497 3148; x_wconf 88' lang='lat' dir='ltr'>si</span> <span class='ocrx_word' id='word_1_356' title='bbox 1521 3111 1637 3165; x_wconf 91' lang='lat' dir='ltr'>qua</span> <span class='ocrx_word' id='word_1_357' title='bbox 1661 3111 1794 3148; x_wconf 91' lang='lat' dir='ltr'>cum</span> <span class='ocrx_word' id='word_1_358' title='bbox 1825 3095 2058 3150; x_wconf 93' lang='lat' dir='ltr'>duobus</span> 
     </span>
    </p>
   </div>
   <div class='ocr_carea' id='block_1_52' title="bbox 408 3163 2134 3256">
    <p class='ocr_par' dir='ltr' id='par_1_52' title="bbox 408 3163 2134 3256">
     <span class='ocr_line' id='line_1_53' title="bbox 408 3163 2134 3256; baseline 0 -16"><span class='ocrx_word' id='word_1_359' title='bbox 408 3185 712 3253; x_wconf 82' lang='lat' dir='ltr'>fratribus,</span> <span class='ocrx_word' id='word_1_360' title='bbox 746 3201 850 3240; x_wconf 90' lang='lat' dir='ltr'>seu</span> <span class='ocrx_word' id='word_1_361' title='bbox 883 3201 1017 3240; x_wconf 90' lang='lat' dir='ltr'>cum</span> <span class='ocrx_word' id='word_1_362' title='bbox 1051 3188 1214 3255; x_wconf 87' lang='lat' dir='ltr'>patre</span> <span class='ocrx_word' id='word_1_363' title='bbox 1257 3188 1314 3240; x_wconf 90' lang='lat' dir='ltr'>et</span> <span class='ocrx_word' id='word_1_364' title='bbox 1345 3183 1484 3253; x_wconf 82' lang='lat' dir='ltr'>filio,</span> <span class='ocrx_word' id='word_1_365' title='bbox 1536 3163 1584 3240; x_wconf 81' lang='lat' dir='ltr'>si</span> <span class='ocrx_word' id='word_1_366' title='bbox 1627 3184 1762 3256; x_wconf 88' lang='lat' dir='ltr'>quis</span> <span class='ocrx_word' id='word_1_367' title='bbox 1793 3184 2057 3240; x_wconf 89' lang='lat' dir='ltr'>relictam</span> <span class='ocrx_word' id='word_1_368' title='bbox 2092 3163 2134 3230; x_wconf 68' lang='grc' dir='ltr'>Ο</span> 
     </span>
    </p>
   </div>
   <div class='ocr_carea' id='block_1_53' title="bbox 408 3272 2060 3343">
    <p class='ocr_par' dir='ltr' id='par_1_53' title="bbox 408 3272 2060 3343">
     <span class='ocr_line' id='line_1_54' title="bbox 408 3272 2060 3343; baseline 0.001 -16"><span class='ocrx_word' id='word_1_369' title='bbox 408 3273 628 3340; x_wconf 85' lang='lat' dir='ltr'>fratris,</span> <span class='ocrx_word' id='word_1_370' title='bbox 690 3272 905 3343; x_wconf 90' lang='lat' dir='ltr'>siquis</span> <span class='ocrx_word' id='word_1_371' title='bbox 966 3277 1222 3343; x_wconf 91' lang='lat' dir='ltr'>neptem,</span> <span class='ocrx_word' id='word_1_372' title='bbox 1257 3276 1359 3327; x_wconf 88' lang='lat' dir='ltr'>aut</span> <span class='ocrx_word' id='word_1_373' title='bbox 1418 3289 1749 3337; x_wconf 88' lang='lat' dir='ltr'>novercam,</span> <span class='ocrx_word' id='word_1_374' title='bbox 1794 3277 1896 3327; x_wconf 90' lang='lat' dir='ltr'>aut</span> <span class='ocrx_word' id='word_1_375' title='bbox 1952 3291 2060 3328; x_wconf 92' lang='lat' dir='ltr'>nu-</span> 
     </span>
    </p>
   </div>
   <div class='ocr_carea' id='block_1_54' title="bbox 335 3361 2060 3435">
    <p class='ocr_par' dir='ltr' id='par_1_54' title="bbox 335 3361 2060 3435">
     <span class='ocr_line' id='line_1_55' title="bbox 335 3361 2060 3435; baseline 0.001 -17"><span class='ocrx_word' id='word_1_376' title='bbox 335 3395 340 3400; x_wconf 86' lang='grc'><strong>-</strong></span> <span class='ocrx_word' id='word_1_377' title='bbox 409 3381 564 3430; x_wconf 90' lang='lat' dir='ltr'>rum,</span> <span class='ocrx_word' id='word_1_378' title='bbox 586 3367 688 3418; x_wconf 86' lang='lat' dir='ltr'>aut</span> <span class='ocrx_word' id='word_1_379' title='bbox 726 3361 1159 3430; x_wconf 87' lang='lat' dir='ltr'>consobrinam,</span> <span class='ocrx_word' id='word_1_380' title='bbox 1177 3369 1278 3418; x_wconf 89' lang='lat' dir='ltr'>aut</span> <span class='ocrx_word' id='word_1_381' title='bbox 1297 3361 1478 3418; x_wconf 81' lang='lat' dir='ltr'>filiam</span> <span class='ocrx_word' id='word_1_382' title='bbox 1499 3362 1794 3433; x_wconf 88' lang='lat' dir='ltr'>avunculi,</span> <span class='ocrx_word' id='word_1_383' title='bbox 1820 3365 2060 3435; x_wconf 90' lang='lat' dir='ltr'>autejus</span> 
     </span>
    </p>
   </div>
   <div class='ocr_carea' id='block_1_55' title="bbox 410 3451 2062 3525">
    <p class='ocr_par' dir='ltr' id='par_1_55' title="bbox 410 3451 2062 3525">
     <span class='ocr_line' id='line_1_56' title="bbox 410 3451 2062 3525; baseline 0.001 -17"><span class='ocrx_word' id='word_1_384' title='bbox 410 3453 692 3522; x_wconf 84' lang='lat' dir='ltr'>relictam,</span> <span class='ocrx_word' id='word_1_385' title='bbox 726 3457 828 3508; x_wconf 87' lang='lat' dir='ltr'>aut</span> <span class='ocrx_word' id='word_1_386' title='bbox 870 3452 1198 3524; x_wconf 86' lang='lat' dir='ltr'>privignam</span> <span class='ocrx_word' id='word_1_387' title='bbox 1233 3451 1526 3523; x_wconf 90' lang='lat' dir='ltr'>polluerit,</span> <span class='ocrx_word' id='word_1_388' title='bbox 1559 3469 1656 3508; x_wconf 89' lang='lat' dir='ltr'>eos</span> <span class='ocrx_word' id='word_1_389' title='bbox 1687 3452 1971 3525; x_wconf 84' lang='lat' dir='ltr'>disjungi,</span> <span class='ocrx_word' id='word_1_390' title='bbox 2005 3458 2062 3509; x_wconf 89' lang='lat' dir='ltr'>et</span> 
     </span>
    </p>
   </div>
   <div class='ocr_carea' id='block_1_56' title="bbox 409 3540 2058 3614">
    <p class='ocr_par' dir='ltr' id='par_1_56' title="bbox 409 3540 2058 3614">
     <span class='ocr_line' id='line_1_57' title="bbox 409 3540 2058 3614; baseline 0.001 -18"><span class='ocrx_word' id='word_1_391' title='bbox 409 3541 658 3596; x_wconf 89' lang='lat' dir='ltr'>ulterius</span> <span class='ocrx_word' id='word_1_392' title='bbox 708 3557 1012 3611; x_wconf 89' lang='lat' dir='ltr'>nunquam</span> <span class='ocrx_word' id='word_1_393' title='bbox 1049 3540 1322 3614; x_wconf 88' lang='lat' dir='ltr'>conjugio</span> <span class='ocrx_word' id='word_1_394' title='bbox 1353 3541 1612 3612; x_wconf 91' lang='lat' dir='ltr'>copulari</span> <span class='ocrx_word' id='word_1_395' title='bbox 1662 3541 2058 3614; x_wconf 71' lang='lat' dir='ltr'>praecipimus.</span> 
     </span>
    </p>
   </div>
   <div class='ocr_carea' id='block_1_57' title="bbox 410 3639 2062 3712">
    <p class='ocr_par' dir='ltr' id='par_1_57' title="bbox 410 3639 2062 3712">
     <span class='ocr_line' id='line_1_58' title="bbox 410 3639 2062 3712; baseline 0.001 -17"><span class='ocrx_word' id='word_1_396' title='bbox 410 3639 542 3695; x_wconf 78' lang='lat' dir='ltr'>CAP.</span> <span class='ocrx_word' id='word_1_397' title='bbox 576 3640 664 3694; x_wconf 89' lang='lat'>78.</span> <span class='ocrx_word' id='word_1_398' title='bbox 689 3669 758 3712; x_wconf 53' lang='lat' dir='ltr'>e-</span> <span class='ocrx_word' id='word_1_399' title='bbox 791 3643 868 3694; x_wconf 87' lang='lat' dir='ltr'>De</span> <span class='ocrx_word' id='word_1_400' title='bbox 899 3641 994 3694; x_wconf 78' lang='lat' dir='ltr'>illo</span> <span class='ocrx_word' id='word_1_401' title='bbox 1025 3641 1315 3709; x_wconf 74' lang='lat' dir='ltr'>coniugata</span> <span class='ocrx_word' id='word_1_402' title='bbox 1345 3643 1580 3712; x_wconf 90' lang='lat' dir='ltr'>quicum</span> <span class='ocrx_word' id='word_1_403' title='bbox 1604 3641 1726 3711; x_wconf 84' lang='lat' dir='ltr'>ﬁlia</span> <span class='ocrx_word' id='word_1_404' title='bbox 1753 3645 2062 3697; x_wconf 69' lang='lat' dir='ltr'>matertera?</span> 
     </span>
    </p>
   </div>
   <div class='ocr_carea' id='block_1_58' title="bbox 478 3711 2062 3784">
    <p class='ocr_par' dir='ltr' id='par_1_58' title="bbox 478 3711 2062 3784">
     <span class='ocr_line' id='line_1_59' title="bbox 478 3711 2062 3784; baseline 0.003 -20"><span class='ocrx_word' id='word_1_405' title='bbox 478 3725 616 3775; x_wconf 58' lang='lat' dir='ltr'>sum,</span> <span class='ocrx_word' id='word_1_406' title='bbox 644 3711 730 3766; x_wconf 88' lang='lat' dir='ltr'>vel</span> <span class='ocrx_word' id='word_1_407' title='bbox 751 3712 1033 3784; x_wconf 83' lang='lat' dir='ltr'>avunculi,</span> <span class='ocrx_word' id='word_1_408' title='bbox 1067 3714 1148 3765; x_wconf 89' lang='lat' dir='ltr'>vel</span> <span class='ocrx_word' id='word_1_409' title='bbox 1178 3711 1372 3768; x_wconf 56' lang='lat' dir='ltr'>amita?</span> <span class='ocrx_word' id='word_1_410' title='bbox 1401 3713 1483 3768; x_wconf 87' lang='lat' dir='ltr'>vel</span> <span class='ocrx_word' id='word_1_411' title='bbox 1526 3714 1716 3782; x_wconf 86' lang='lat' dir='ltr'>patrui</span> <span class='ocrx_word' id='word_1_412' title='bbox 1752 3715 2062 3784; x_wconf 79' lang='lat' dir='ltr'>fornicatus</span> 
     </span>
    </p>
   </div>
   <div class='ocr_carea' id='block_1_59' title="bbox 478 3783 2060 3924">
    <p class='ocr_par' dir='ltr' id='par_1_59' title="bbox 478 3783 2060 3924">
     <span class='ocr_line' id='line_1_60' title="bbox 478 3783 2060 3924; baseline 0.001 -87"><span class='ocrx_word' id='word_1_413' title='bbox 478 3784 670 3924; x_wconf 47' lang='grc' dir='ltr'>[μῆνές.</span> <span class='ocrx_word' id='word_1_414' title='bbox 706 3785 789 3837; x_wconf 79' lang='lat' dir='ltr'>Ex</span> <span class='ocrx_word' id='word_1_415' title='bbox 815 3783 1049 3839; x_wconf 87' lang='lat' dir='ltr'>concilio</span> <span class='ocrx_word' id='word_1_416' title='bbox 1072 3784 1410 3838; x_wconf 86' lang='lat' dir='ltr'>Triburiensi</span> <span class='ocrx_word' id='word_1_417' title='bbox 1431 3785 1643 3852; x_wconf 63' lang='lat' dir='ltr'>(Pwnit.</span> <span class='ocrx_word' id='word_1_418' title='bbox 1677 3783 1827 3839; x_wconf 80' lang='lat' dir='ltr'>Rom.</span> <span class='ocrx_word' id='word_1_419' title='bbox 1856 3789 1940 3840; x_wconf 88' lang='lat' dir='ltr'>tit.</span> <span class='ocrx_word' id='word_1_420' title='bbox 1973 3801 2060 3853; x_wconf 83' lang='lat' dir='ltr'><strong>III,</strong></span> 
     </span>
     <span class='ocr_line' id='line_1_61' title="bbox 479 3869 671 3908; baseline -0.005 0"><span class='ocrx_word' id='word_1_421' title='bbox 479 3869 525 3908; x_wconf 90' lang='lat' dir='ltr'>c.</span> <span class='ocrx_word' id='word_1_422' title='bbox 661 3895 671 3907; x_wconf 94' lang='lat'>.</span> 
     </span>
    </p>
   </div>
   <div class='ocr_carea' id='block_1_60' title="bbox 479 3869 671 3908">
    <p class='ocr_par' dir='ltr' id='par_1_60' title="bbox 479 3869 671 3908">
     <span class='ocr_line' id='line_1_62' title="bbox 479 3869 671 3908; baseline -0.005 0"><span class='ocrx_word' id='word_1_423' title='bbox 479 3869 525 3908; x_wconf 79' lang='grc'>0.</span> <span class='ocrx_word' id='word_1_424' title='bbox 562 3869 671 3908; x_wconf 71' lang='grc'>15).</span> 
     </span>
    </p>
   </div>
   <div class='ocr_carea' id='block_1_61' title="bbox 423 3941 2060 4013">
    <p class='ocr_par' dir='ltr' id='par_1_61' title="bbox 423 3941 2060 4013">
     <span class='ocr_line' id='line_1_63' title="bbox 423 3941 2060 4013; baseline 0.001 -17"><span class='ocrx_word' id='word_1_425' title='bbox 423 3949 425 3952; x_wconf 63' lang='lat'><em>‘</em></span> <span class='ocrx_word' id='word_1_426' title='bbox 481 3943 909 4013; x_wconf 86' lang='lat' dir='ltr'>lnterrogatum</span> <span class='ocrx_word' id='word_1_427' title='bbox 946 3946 1034 3997; x_wconf 89' lang='lat' dir='ltr'>est</span> <span class='ocrx_word' id='word_1_428' title='bbox 1065 3941 1113 3996; x_wconf 90' lang='lat' dir='ltr'>si</span> <span class='ocrx_word' id='word_1_429' title='bbox 1143 3943 1275 4012; x_wconf 88' lang='lat' dir='ltr'>quis</span> <span class='ocrx_word' id='word_1_430' title='bbox 1299 3959 1431 3997; x_wconf 90' lang='lat' dir='ltr'>cum</span> <span class='ocrx_word' id='word_1_431' title='bbox 1459 3942 1578 3997; x_wconf 80' lang='lat' dir='ltr'>lilia</span> <span class='ocrx_word' id='word_1_432' title='bbox 1600 3947 1918 3998; x_wconf 61' lang='lat' dir='ltr'>matertera;</span> <span class='ocrx_word' id='word_1_433' title='bbox 1943 3960 2060 3998; x_wconf 70' lang='lat' dir='ltr'>sua:</span> 
     </span>
    </p>
   </div>
   <div class='ocr_carea' id='block_1_62' title="bbox 408 4031 2060 4102">
    <p class='ocr_par' dir='ltr' id='par_1_62' title="bbox 408 4031 2060 4102">
     <span class='ocr_line' id='line_1_64' title="bbox 408 4031 2060 4102; baseline 0 -16"><span class='ocrx_word' id='word_1_434' title='bbox 408 4031 494 4086; x_wconf 89' lang='lat' dir='ltr'>vel</span> <span class='ocrx_word' id='word_1_435' title='bbox 526 4031 717 4087; x_wconf 66' lang='lat' dir='ltr'>amitae</span> <span class='ocrx_word' id='word_1_436' title='bbox 750 4031 837 4088; x_wconf 91' lang='lat' dir='ltr'>vel</span> <span class='ocrx_word' id='word_1_437' title='bbox 878 4032 1151 4087; x_wconf 88' lang='lat' dir='ltr'>avunculi</span> <span class='ocrx_word' id='word_1_438' title='bbox 1184 4032 1269 4086; x_wconf 93' lang='lat' dir='ltr'>vel</span> <span class='ocrx_word' id='word_1_439' title='bbox 1305 4033 1497 4102; x_wconf 88' lang='lat' dir='ltr'>patrui</span> <span class='ocrx_word' id='word_1_440' title='bbox 1531 4035 1624 4086; x_wconf 90' lang='lat' dir='ltr'>sui</span> <span class='ocrx_word' id='word_1_441' title='bbox 1655 4033 2060 4100; x_wconf 84' lang='lat' dir='ltr'>concubuerit,</span> 
     </span>
    </p>
   </div>
   <div class='ocr_carea' id='block_1_63' title="bbox 411 4123 2065 4195">
    <p class='ocr_par' dir='ltr' id='par_1_63' title="bbox 411 4123 2065 4195">
     <span class='ocr_line' id='line_1_65' title="bbox 411 4123 2065 4195; baseline -0.001 -16"><span class='ocrx_word' id='word_1_442' title='bbox 411 4124 458 4179; x_wconf 90' lang='lat' dir='ltr'>si</span> <span class='ocrx_word' id='word_1_443' title='bbox 491 4126 841 4195; x_wconf 84' lang='lat' dir='ltr'>conjugatus</span> <span class='ocrx_word' id='word_1_444' title='bbox 874 4125 1067 4192; x_wconf 89' lang='lat' dir='ltr'>fuerit,</span> <span class='ocrx_word' id='word_1_445' title='bbox 1099 4125 1346 4180; x_wconf 90' lang='lat' dir='ltr'>liceatne</span> <span class='ocrx_word' id='word_1_446' title='bbox 1369 4123 1452 4178; x_wconf 89' lang='lat' dir='ltr'>illi</span> <span class='ocrx_word' id='word_1_447' title='bbox 1492 4124 1738 4180; x_wconf 90' lang='lat' dir='ltr'>ulterius</span> <span class='ocrx_word' id='word_1_448' title='bbox 1761 4127 1842 4180; x_wconf 92' lang='lat' dir='ltr'>uti</span> <span class='ocrx_word' id='word_1_449' title='bbox 1866 4127 2065 4194; x_wconf 89' lang='lat' dir='ltr'>conju-</span> 
     </span>
    </p>
   </div>
   <div class='ocr_carea' id='block_1_64' title="bbox 409 4215 2062 4286">
    <p class='ocr_par' dir='ltr' id='par_1_64' title="bbox 409 4215 2062 4286">
     <span class='ocr_line' id='line_1_66' title="bbox 409 4215 2062 4286; baseline 0.001 -19"><span class='ocrx_word' id='word_1_450' title='bbox 409 4215 525 4283; x_wconf 80' lang='lat' dir='ltr'>gio,</span> <span class='ocrx_word' id='word_1_451' title='bbox 585 4219 686 4268; x_wconf 89' lang='lat' dir='ltr'>aut</span> <span class='ocrx_word' id='word_1_452' title='bbox 718 4231 832 4269; x_wconf 92' lang='lat' dir='ltr'>non</span> <span class='ocrx_word' id='word_1_453' title='bbox 876 4215 1190 4286; x_wconf 88' lang='lat' dir='ltr'>conjugato</span> <span class='ocrx_word' id='word_1_454' title='bbox 1224 4231 1461 4270; x_wconf 82' lang='lat' dir='ltr'>uxorem</span> <span class='ocrx_word' id='word_1_455' title='bbox 1511 4217 1791 4286; x_wconf 89' lang='lat' dir='ltr'>accipere.</span> <span class='ocrx_word' id='word_1_456' title='bbox 1832 4216 2062 4269; x_wconf 88' lang='lat' dir='ltr'>Justum</span> 
     </span>
    </p>
   </div>
   <div class='ocr_carea' id='block_1_65' title="bbox 404 4302 2062 4374">
    <p class='ocr_par' dir='ltr' id='par_1_65' title="bbox 404 4302 2062 4374">
     <span class='ocr_line' id='line_1_67' title="bbox 404 4302 2062 4374; baseline 0.001 -18"><span class='ocrx_word' id='word_1_457' title='bbox 404 4306 580 4367; x_wconf 85' lang='lat' dir='ltr'>esset,</span> <span class='ocrx_word' id='word_1_458' title='bbox 612 4303 766 4357; x_wconf 92' lang='lat' dir='ltr'>sicut</span> <span class='ocrx_word' id='word_1_459' title='bbox 799 4302 999 4374; x_wconf 90' lang='lat' dir='ltr'>aliqua</span> <span class='ocrx_word' id='word_1_460' title='bbox 1029 4307 1250 4357; x_wconf 89' lang='lat' dir='ltr'>statuta</span> <span class='ocrx_word' id='word_1_461' title='bbox 1282 4302 1545 4374; x_wconf 91' lang='lat' dir='ltr'>priorum</span> <span class='ocrx_word' id='word_1_462' title='bbox 1571 4302 1883 4368; x_wconf 85' lang='lat' dir='ltr'>habentur,</span> <span class='ocrx_word' id='word_1_463' title='bbox 1919 4303 2062 4357; x_wconf 89' lang='lat' dir='ltr'>utin</span> 
     </span>
    </p>
   </div>
   <div class='ocr_carea' id='block_1_66' title="bbox 413 4390 2068 4462">
    <p class='ocr_par' dir='ltr' id='par_1_66' title="bbox 413 4390 2068 4462">
     <span class='ocr_line' id='line_1_68' title="bbox 413 4390 2068 4462; baseline 0.001 -18"><span class='ocrx_word' id='word_1_464' title='bbox 413 4395 759 4461; x_wconf 89' lang='lat' dir='ltr'>perpetuum</span> <span class='ocrx_word' id='word_1_465' title='bbox 809 4390 956 4446; x_wconf 90' lang='lat' dir='ltr'>tales</span> <span class='ocrx_word' id='word_1_466' title='bbox 987 4407 1021 4445; x_wconf 92' lang='lat' dir='ltr'>a</span> <span class='ocrx_word' id='word_1_467' title='bbox 1051 4390 1324 4462; x_wconf 90' lang='lat' dir='ltr'>conjugio</span> <span class='ocrx_word' id='word_1_468' title='bbox 1357 4390 1710 4446; x_wconf 86' lang='lat' dir='ltr'>abstineant.</span> <span class='ocrx_word' id='word_1_469' title='bbox 1747 4392 1942 4446; x_wconf 88' lang='lat' dir='ltr'>Visum</span> <span class='ocrx_word' id='word_1_470' title='bbox 1978 4396 2068 4446; x_wconf 91' lang='lat' dir='ltr'>est</span> 
     </span>
    </p>
   </div>
   <div class='ocr_carea' id='block_1_67' title="bbox 409 4476 2061 4552">
    <p class='ocr_par' dir='ltr' id='par_1_67' title="bbox 409 4476 2061 4552">
     <span class='ocr_line' id='line_1_69' title="bbox 409 4476 2061 4552; baseline 0.003 -21"><span class='ocrx_word' id='word_1_471' title='bbox 409 4476 675 4533; x_wconf 59' lang='lat' dir='ltr'>humanas</span> <span class='ocrx_word' id='word_1_472' title='bbox 721 4478 1058 4549; x_wconf 83' lang='lat' dir='ltr'>fragilitatis</span> <span class='ocrx_word' id='word_1_473' title='bbox 1089 4479 1329 4544; x_wconf 88' lang='lat' dir='ltr'>intuitu,</span> <span class='ocrx_word' id='word_1_474' title='bbox 1362 4488 1424 4534; x_wconf 89' lang='lat' dir='ltr'>ut</span> <span class='ocrx_word' id='word_1_475' title='bbox 1481 4485 1611 4550; x_wconf 90' lang='lat' dir='ltr'>post</span> <span class='ocrx_word' id='word_1_476' title='bbox 1661 4480 2061 4552; x_wconf 70' lang='lat' dir='ltr'>pmnitentiam</span> 
     </span>
    </p>
   </div>
   <div class='ocr_carea' id='block_1_68' title="bbox 412 4565 2063 4641">
    <p class='ocr_par' dir='ltr' id='par_1_68' title="bbox 412 4565 2063 4641">
     <span class='ocr_line' id='line_1_70' title="bbox 412 4565 2063 4641; baseline 0.002 -20"><span class='ocrx_word' id='word_1_477' title='bbox 412 4581 527 4621; x_wconf 91' lang='lat' dir='ltr'>non</span> <span class='ocrx_word' id='word_1_478' title='bbox 562 4565 800 4637; x_wconf 89' lang='lat' dir='ltr'>quidem</span> <span class='ocrx_word' id='word_1_479' title='bbox 833 4567 1068 4637; x_wconf 88' lang='lat' dir='ltr'>penitus</span> <span class='ocrx_word' id='word_1_480' title='bbox 1092 4569 1392 4638; x_wconf 89' lang='lat' dir='ltr'>priventur</span> <span class='ocrx_word' id='word_1_481' title='bbox 1419 4567 1715 4641; x_wconf 81' lang='lat' dir='ltr'>conjugio,</span> <span class='ocrx_word' id='word_1_482' title='bbox 1745 4569 2063 4624; x_wconf 89' lang='lat' dir='ltr'>durissime</span> 
     </span>
    </p>
   </div>
   <div class='ocr_carea' id='block_1_69' title="bbox 409 4655 2066 4712">
    <p class='ocr_par' dir='ltr' id='par_1_69' title="bbox 409 4655 2066 4712">
     <span class='ocr_line' id='line_1_71' title="bbox 409 4655 2066 4712; baseline 0.002 -4"><span class='ocrx_word' id='word_1_483' title='bbox 409 4657 609 4708; x_wconf 89' lang='lat' dir='ltr'>tamen</span> <span class='ocrx_word' id='word_1_484' title='bbox 661 4658 781 4708; x_wconf 85' lang='lat' dir='ltr'>tam</span> <span class='ocrx_word' id='word_1_485' title='bbox 834 4655 1112 4710; x_wconf 88' lang='lat' dir='ltr'>immanis</span> <span class='ocrx_word' id='word_1_486' title='bbox 1165 4655 1472 4710; x_wconf 88' lang='lat' dir='ltr'>fornicatio</span> <span class='ocrx_word' id='word_1_487' title='bbox 1521 4656 1866 4712; x_wconf 87' lang='lat' dir='ltr'>vindicetur.</span> <span class='ocrx_word' id='word_1_488' title='bbox 1903 4658 2066 4712; x_wconf 85' lang='lat' dir='ltr'>Sicut</span> 
     </span>
    </p>
   </div>
   <div class='ocr_carea' id='block_1_70' title="bbox 412 4743 2064 4816">
    <p class='ocr_par' dir='ltr' id='par_1_70' title="bbox 412 4743 2064 4816">
     <span class='ocr_line' id='line_1_72' title="bbox 412 4743 2064 4816; baseline 0.001 -17"><span class='ocrx_word' id='word_1_489' title='bbox 412 4746 653 4799; x_wconf 87' lang='lat' dir='ltr'>sanctus</span> <span class='ocrx_word' id='word_1_490' title='bbox 702 4759 854 4814; x_wconf 89' lang='lat' dir='ltr'>papa</span> <span class='ocrx_word' id='word_1_491' title='bbox 895 4743 1174 4799; x_wconf 86' lang='lat' dir='ltr'>Nicolaus</span> <span class='ocrx_word' id='word_1_492' title='bbox 1223 4749 1278 4799; x_wconf 90' lang='lat' dir='ltr'>et</span> <span class='ocrx_word' id='word_1_493' title='bbox 1307 4743 1405 4799; x_wconf 88' lang='lat' dir='ltr'>alii</span> <span class='ocrx_word' id='word_1_494' title='bbox 1457 4745 1702 4799; x_wconf 83' lang='lat' dir='ltr'>Romani</span> <span class='ocrx_word' id='word_1_495' title='bbox 1758 4745 2064 4816; x_wconf 83' lang='lat' dir='ltr'>pontiﬁces</span> 
     </span>
    </p>
   </div>
   <div class='ocr_carea' id='block_1_71' title="bbox 409 4832 2066 4906">
    <p class='ocr_par' dir='ltr' id='par_1_71' title="bbox 409 4832 2066 4906">
     <span class='ocr_line' id='line_1_73' title="bbox 409 4832 2066 4906; baseline 0.002 -20"><span class='ocrx_word' id='word_1_496' title='bbox 409 4836 766 4899; x_wconf 89' lang='lat' dir='ltr'>statuerunt,</span> <span class='ocrx_word' id='word_1_497' title='bbox 824 4847 893 4886; x_wconf 91' lang='lat' dir='ltr'>ne</span> <span class='ocrx_word' id='word_1_498' title='bbox 952 4832 1098 4888; x_wconf 90' lang='lat' dir='ltr'>forte</span> <span class='ocrx_word' id='word_1_499' title='bbox 1170 4832 1463 4904; x_wconf 90' lang='lat' dir='ltr'>desperati</span> <span class='ocrx_word' id='word_1_500' title='bbox 1496 4833 1882 4906; x_wconf 91' lang='lat' dir='ltr'>multiplicius</span> <span class='ocrx_word' id='word_1_501' title='bbox 1929 4849 2066 4905; x_wconf 89' lang='lat' dir='ltr'>pec-</span> 
     </span>
    </p>
   </div>
   <div class='ocr_carea' id='block_1_72' title="bbox 410 4924 566 4976">
    <p class='ocr_par' dir='ltr' id='par_1_72' title="bbox 410 4924 566 4976">
     <span class='ocr_line' id='line_1_74' title="bbox 410 4924 566 4976; baseline 0 -2"><span class='ocrx_word' id='word_1_502' title='bbox 410 4924 566 4976; x_wconf 89' lang='lat' dir='ltr'>cent.</span> 
     </span>
    </p>
   </div>
   <div class='ocr_carea' id='block_1_73' title="bbox 405 5018 2069 5094">
    <p class='ocr_par' dir='ltr' id='par_1_73' title="bbox 405 5018 2069 5094">
     <span class='ocr_line' id='line_1_75' title="bbox 405 5018 2069 5094; baseline 0.003 -21"><span class='ocrx_word' id='word_1_503' title='bbox 405 5022 537 5094; x_wconf 73' lang='lat' dir='ltr'>CAP.</span> <span class='ocrx_word' id='word_1_504' title='bbox 569 5019 659 5074; x_wconf 85' lang='lat'>79.</span> <span class='ocrx_word' id='word_1_505' title='bbox 693 5049 762 5059; x_wconf 89' lang='lat'>—-</span> <span class='ocrx_word' id='word_1_506' title='bbox 795 5021 866 5075; x_wconf 92' lang='lat' dir='ltr'>De</span> <span class='ocrx_word' id='word_1_507' title='bbox 892 5027 1054 5094; x_wconf 80' lang='lat' dir='ltr'>patre</span> <span class='ocrx_word' id='word_1_508' title='bbox 1092 5023 1142 5073; x_wconf 89' lang='lat' dir='ltr'>et</span> <span class='ocrx_word' id='word_1_509' title='bbox 1176 5018 1314 5094; x_wconf 84' lang='lat' dir='ltr'>ﬁlio,</span> <span class='ocrx_word' id='word_1_510' title='bbox 1347 5018 1410 5094; x_wconf 85' lang='lat' dir='ltr'>de</span> <span class='ocrx_word' id='word_1_511' title='bbox 1439 5020 1747 5094; x_wconf 78' lang='lat' dir='ltr'>advanculo</span> <span class='ocrx_word' id='word_1_512' title='bbox 1796 5026 1848 5077; x_wconf 89' lang='lat' dir='ltr'>et</span> <span class='ocrx_word' id='word_1_513' title='bbox 1877 5031 2069 5094; x_wconf 84' lang='lat' dir='ltr'>nepote</span> 
     </span>
    </p>
   </div>
   <div class='ocr_carea' id='block_1_74' title="bbox 475 5091 2070 5162">
    <p class='ocr_par' dir='ltr' id='par_1_74' title="bbox 475 5091 2070 5162">
     <span class='ocr_line' id='line_1_76' title="bbox 475 5091 2070 5162; baseline 0.003 -16"><span class='ocrx_word' id='word_1_514' title='bbox 475 5093 530 5147; x_wconf 90' lang='lat' dir='ltr'>si</span> <span class='ocrx_word' id='word_1_515' title='bbox 571 5107 694 5145; x_wconf 88' lang='lat' dir='ltr'>eum</span> <span class='ocrx_word' id='word_1_516' title='bbox 728 5107 840 5146; x_wconf 90' lang='lat' dir='ltr'>una</span> <span class='ocrx_word' id='word_1_517' title='bbox 870 5091 1105 5145; x_wconf 88' lang='lat' dir='ltr'>muliere</span> <span class='ocrx_word' id='word_1_518' title='bbox 1130 5092 1398 5159; x_wconf 72' lang='lat' dir='ltr'>fornicati</span> <span class='ocrx_word' id='word_1_519' title='bbox 1422 5093 1658 5162; x_wconf 85' lang='lat' dir='ltr'>fuerint.</span> <span class='ocrx_word' id='word_1_520' title='bbox 1703 5095 1784 5148; x_wconf 80' lang='lat' dir='ltr'>Ea:</span> <span class='ocrx_word' id='word_1_521' title='bbox 1828 5091 2070 5151; x_wconf 82' lang='lat' dir='ltr'>concilio</span> 
     </span>
    </p>
   </div>
   <div class='ocr_carea' id='block_1_75' title="bbox 481 5162 1110 5234">
    <p class='ocr_par' dir='ltr' id='par_1_75' title="bbox 481 5162 1110 5234">
     <span class='ocr_line' id='line_1_77' title="bbox 481 5162 1110 5234; baseline -0.003 -16"><span class='ocrx_word' id='word_1_522' title='bbox 481 5162 885 5233; x_wconf 82' lang='lat' dir='ltr'>Maguntiensi,</span> <span class='ocrx_word' id='word_1_523' title='bbox 913 5179 1031 5234; x_wconf 89' lang='lat' dir='ltr'>cap.</span> <span class='ocrx_word' id='word_1_524' title='bbox 1055 5163 1110 5217; x_wconf 88' lang='lat'>5.</span> 
     </span>
    </p>
   </div>
   <div class='ocr_carea' id='block_1_76' title="bbox 480 5250 2069 5322">
    <p class='ocr_par' dir='ltr' id='par_1_76' title="bbox 480 5250 2069 5322">
     <span class='ocr_line' id='line_1_78' title="bbox 480 5250 2069 5322; baseline 0.002 -15"><span class='ocrx_word' id='word_1_525' title='bbox 480 5253 910 5322; x_wconf 90' lang='lat' dir='ltr'>Interrogatum</span> <span class='ocrx_word' id='word_1_526' title='bbox 943 5255 1032 5307; x_wconf 89' lang='lat' dir='ltr'>est</span> <span class='ocrx_word' id='word_1_527' title='bbox 1063 5250 1112 5305; x_wconf 89' lang='lat' dir='ltr'>si</span> <span class='ocrx_word' id='word_1_528' title='bbox 1143 5253 1310 5321; x_wconf 89' lang='lat' dir='ltr'>pater</span> <span class='ocrx_word' id='word_1_529' title='bbox 1337 5255 1392 5305; x_wconf 92' lang='lat' dir='ltr'>et</span> <span class='ocrx_word' id='word_1_530' title='bbox 1423 5251 1600 5318; x_wconf 84' lang='lat' dir='ltr'>ﬁlius,</span> <span class='ocrx_word' id='word_1_531' title='bbox 1623 5253 1709 5307; x_wconf 86' lang='lat' dir='ltr'>vel</span> <span class='ocrx_word' id='word_1_532' title='bbox 1742 5255 1788 5309; x_wconf 88' lang='lat' dir='ltr'>si</span> <span class='ocrx_word' id='word_1_533' title='bbox 1819 5255 1934 5310; x_wconf 92' lang='lat' dir='ltr'>duo</span> <span class='ocrx_word' id='word_1_534' title='bbox 1959 5255 2069 5310; x_wconf 87' lang='lat' dir='ltr'>fra-</span> 
     </span>
    </p>
   </div>
   <div class='ocr_carea' id='block_1_77' title="bbox 406 5340 2069 5414">
    <p class='ocr_par' dir='ltr' id='par_1_77' title="bbox 406 5340 2069 5414">
     <span class='ocr_line' id='line_1_79' title="bbox 406 5340 2069 5414; baseline 0.003 -20"><span class='ocrx_word' id='word_1_535' title='bbox 406 5344 546 5405; x_wconf 88' lang='lat' dir='ltr'>tres,</span> <span class='ocrx_word' id='word_1_536' title='bbox 596 5340 683 5395; x_wconf 92' lang='lat' dir='ltr'>vel</span> <span class='ocrx_word' id='word_1_537' title='bbox 718 5341 766 5396; x_wconf 89' lang='lat' dir='ltr'>si</span> <span class='ocrx_word' id='word_1_538' title='bbox 813 5341 1139 5396; x_wconf 88' lang='lat' dir='ltr'>avunculus</span> <span class='ocrx_word' id='word_1_539' title='bbox 1171 5346 1228 5396; x_wconf 92' lang='lat' dir='ltr'>et</span> <span class='ocrx_word' id='word_1_540' title='bbox 1271 5358 1453 5414; x_wconf 91' lang='lat' dir='ltr'>nepos</span> <span class='ocrx_word' id='word_1_541' title='bbox 1492 5357 1624 5395; x_wconf 92' lang='lat' dir='ltr'>cum</span> <span class='ocrx_word' id='word_1_542' title='bbox 1659 5359 1776 5397; x_wconf 88' lang='lat' dir='ltr'>una</span> <span class='ocrx_word' id='word_1_543' title='bbox 1825 5344 2069 5400; x_wconf 88' lang='lat' dir='ltr'>muliere</span> 
     </span>
    </p>
   </div>
   <div class='ocr_carea' id='block_1_78' title="bbox 408 5429 2068 5504">
    <p class='ocr_par' dir='ltr' id='par_1_78' title="bbox 408 5429 2068 5504">
     <span class='ocr_line' id='line_1_80' title="bbox 408 5429 2068 5504; baseline 0.005 -22"><span class='ocrx_word' id='word_1_544' title='bbox 408 5429 673 5484; x_wconf 81' lang='lat' dir='ltr'>fornicati</span> <span class='ocrx_word' id='word_1_545' title='bbox 704 5431 824 5487; x_wconf 88' lang='lat' dir='ltr'>sint</span> <span class='ocrx_word' id='word_1_546' title='bbox 853 5433 994 5504; x_wconf 90' lang='lat' dir='ltr'>quid</span> <span class='ocrx_word' id='word_1_547' title='bbox 1027 5434 1163 5489; x_wconf 87' lang='lat' dir='ltr'>inde</span> <span class='ocrx_word' id='word_1_548' title='bbox 1184 5433 1516 5489; x_wconf 88' lang='lat' dir='ltr'>faciendum</span> <span class='ocrx_word' id='word_1_549' title='bbox 1549 5431 1647 5486; x_wconf 88' lang='lat' dir='ltr'>sit.</span> <span class='ocrx_word' id='word_1_550' title='bbox 1694 5431 2068 5490; x_wconf 85' lang='lat' dir='ltr'>Manifestum</span> 
     </span>
    </p>
   </div>
   <div class='ocr_carea' id='block_1_79' title="bbox 405 5521 2070 5596">
    <p class='ocr_par' dir='ltr' id='par_1_79' title="bbox 405 5521 2070 5596">
     <span class='ocr_line' id='line_1_81' title="bbox 405 5521 2070 5596; baseline 0.005 -24"><span class='ocrx_word' id='word_1_551' title='bbox 405 5523 494 5572; x_wconf 93' lang='lat' dir='ltr'>est</span> <span class='ocrx_word' id='word_1_552' title='bbox 525 5521 679 5590; x_wconf 89' lang='lat' dir='ltr'>quod</span> <span class='ocrx_word' id='word_1_553' title='bbox 712 5523 871 5593; x_wconf 81' lang='lat' dir='ltr'>gravi</span> <span class='ocrx_word' id='word_1_554' title='bbox 893 5522 1151 5580; x_wconf 84' lang='lat' dir='ltr'>vindicta</span> <span class='ocrx_word' id='word_1_555' title='bbox 1178 5522 1550 5595; x_wconf 83' lang='lat' dir='ltr'>plectendum</span> <span class='ocrx_word' id='word_1_556' title='bbox 1576 5527 1684 5587; x_wconf 89' lang='lat' dir='ltr'>est,</span> <span class='ocrx_word' id='word_1_557' title='bbox 1710 5524 1861 5594; x_wconf 91' lang='lat' dir='ltr'>quod</span> <span class='ocrx_word' id='word_1_558' title='bbox 1898 5541 2070 5596; x_wconf 83' lang='lat' dir='ltr'>grave</span> 
     </span>
    </p>
   </div>
   <div class='ocr_carea' id='block_1_80' title="bbox 406 5605 2071 5685">
    <p class='ocr_par' dir='ltr' id='par_1_80' title="bbox 406 5605 2071 5685">
     <span class='ocr_line' id='line_1_82' title="bbox 406 5605 2071 5685; baseline 0.006 -24"><span class='ocrx_word' id='word_1_559' title='bbox 406 5605 634 5666; x_wconf 86' lang='lat' dir='ltr'>facinus</span> <span class='ocrx_word' id='word_1_560' title='bbox 654 5627 781 5667; x_wconf 88' lang='lat' dir='ltr'>esse</span> <span class='ocrx_word' id='word_1_561' title='bbox 819 5615 1126 5685; x_wconf 87' lang='lat' dir='ltr'>reperitur.</span> <span class='ocrx_word' id='word_1_562' title='bbox 1149 5613 1354 5671; x_wconf 89' lang='lat' dir='ltr'>Omnis</span> <span class='ocrx_word' id='word_1_563' title='bbox 1372 5613 1530 5671; x_wconf 90' lang='lat' dir='ltr'>enim</span> <span class='ocrx_word' id='word_1_564' title='bbox 1549 5613 1799 5672; x_wconf 83' lang='lat' dir='ltr'>mcechia</span> <span class='ocrx_word' id='word_1_565' title='bbox 1826 5615 2071 5671; x_wconf 91' lang='lat' dir='ltr'>interdi-</span> 
     </span>
    </p>
   </div>
   <div class='ocr_carea' id='block_1_81' title="bbox 2175 2028 3837 2102">
    <p class='ocr_par' dir='ltr' id='par_1_81' title="bbox 2175 2028 3837 2102">
     <span class='ocr_line' id='line_1_83' title="bbox 2175 2028 3837 2102; baseline 0.002 -20"><span class='ocrx_word' id='word_1_566' title='bbox 2175 2033 2292 2082; x_wconf 90' lang='lat' dir='ltr'>tere</span> <span class='ocrx_word' id='word_1_567' title='bbox 2324 2028 2555 2095; x_wconf 90' lang='lat' dir='ltr'>debere,</span> <span class='ocrx_word' id='word_1_568' title='bbox 2587 2028 2686 2083; x_wconf 88' lang='lat' dir='ltr'>alii</span> <span class='ocrx_word' id='word_1_569' title='bbox 2727 2030 2806 2098; x_wconf 90' lang='lat' dir='ltr'>l0,</span> <span class='ocrx_word' id='word_1_570' title='bbox 2841 2029 2936 2083; x_wconf 89' lang='lat' dir='ltr'>alii</span> <span class='ocrx_word' id='word_1_571' title='bbox 2967 2031 3021 2084; x_wconf 93' lang='lat'><strong>7.</strong></span> <span class='ocrx_word' id='word_1_572' title='bbox 3067 2030 3175 2085; x_wconf 91' lang='lat' dir='ltr'>Sed</span> <span class='ocrx_word' id='word_1_573' title='bbox 3207 2046 3312 2086; x_wconf 90' lang='lat' dir='ltr'>nos</span> <span class='ocrx_word' id='word_1_574' title='bbox 3357 2029 3667 2102; x_wconf 89' lang='lat' dir='ltr'>priscorun</span> <span class='ocrx_word' id='word_1_575' title='bbox 3721 2030 3837 2085; x_wconf 89' lang='lat' dir='ltr'>Pa-</span> 
     </span>
    </p>
   </div>
   <div class='ocr_carea' id='block_1_82' title="bbox 2173 2117 3837 2191">
    <p class='ocr_par' dir='ltr' id='par_1_82' title="bbox 2173 2117 3837 2191">
     <span class='ocr_line' id='line_1_84' title="bbox 2173 2117 3837 2191; baseline 0.002 -20"><span class='ocrx_word' id='word_1_576' title='bbox 2173 2121 2327 2171; x_wconf 91' lang='lat' dir='ltr'>trum</span> <span class='ocrx_word' id='word_1_577' title='bbox 2347 2117 2595 2189; x_wconf 82' lang='lat' dir='ltr'>vestigia</span> <span class='ocrx_word' id='word_1_578' title='bbox 2618 2121 2951 2190; x_wconf 86' lang='lat' dir='ltr'>sequentes,</span> <span class='ocrx_word' id='word_1_579' title='bbox 2976 2118 3069 2173; x_wconf 90' lang='lat' dir='ltr'>his</span> <span class='ocrx_word' id='word_1_580' title='bbox 3091 2117 3235 2174; x_wconf 89' lang='lat' dir='ltr'>solis</span> <span class='ocrx_word' id='word_1_581' title='bbox 3253 2119 3510 2190; x_wconf 86' lang='lat' dir='ltr'>spatium</span> <span class='ocrx_word' id='word_1_582' title='bbox 3544 2119 3837 2191; x_wconf 74' lang='lat' dir='ltr'>poeniten-</span> 
     </span>
    </p>
   </div>
   <div class='ocr_carea' id='block_1_83' title="bbox 2171 2205 3836 2280">
    <p class='ocr_par' dir='ltr' id='par_1_83' title="bbox 2171 2205 3836 2280">
     <span class='ocr_line' id='line_1_85' title="bbox 2171 2205 3836 2280; baseline 0.001 -21"><span class='ocrx_word' id='word_1_583' title='bbox 2171 2205 2263 2260; x_wconf 84' lang='lat' dir='ltr'>tiae</span> <span class='ocrx_word' id='word_1_584' title='bbox 2294 2210 2713 2276; x_wconf 73' lang='lat' dir='ltr'>temperemus,</span> <span class='ocrx_word' id='word_1_585' title='bbox 2738 2207 2837 2277; x_wconf 88' lang='lat' dir='ltr'>qui</span> <span class='ocrx_word' id='word_1_586' title='bbox 2862 2208 3065 2263; x_wconf 90' lang='lat' dir='ltr'>devote</span> <span class='ocrx_word' id='word_1_587' title='bbox 3086 2211 3144 2262; x_wconf 91' lang='lat' dir='ltr'>et</span> <span class='ocrx_word' id='word_1_588' title='bbox 3165 2223 3297 2261; x_wconf 91' lang='lat' dir='ltr'>cum</span> <span class='ocrx_word' id='word_1_589' title='bbox 3331 2206 3607 2280; x_wconf 75' lang='lat' dir='ltr'>lacrymis</span> <span class='ocrx_word' id='word_1_590' title='bbox 3639 2206 3836 2279; x_wconf 72' lang='lat' dir='ltr'>poeni-</span> 
     </span>
    </p>
   </div>
   <div class='ocr_carea' id='block_1_84' title="bbox 2170 2295 3834 2368">
    <p class='ocr_par' dir='ltr' id='par_1_84' title="bbox 2170 2295 3834 2368">
     <span class='ocr_line' id='line_1_86' title="bbox 2170 2295 3834 2368; baseline 0.002 -20"><span class='ocrx_word' id='word_1_591' title='bbox 2170 2295 2417 2350; x_wconf 86' lang='lat' dir='ltr'>tentiam</span> <span class='ocrx_word' id='word_1_592' title='bbox 2449 2295 2692 2365; x_wconf 72' lang='lat' dir='ltr'>egerint,</span> <span class='ocrx_word' id='word_1_593' title='bbox 2733 2296 2925 2352; x_wconf 69' lang='lat' dir='ltr'>czeteri</span> <span class='ocrx_word' id='word_1_594' title='bbox 2977 2296 3288 2352; x_wconf 81' lang='lat' dir='ltr'>definitum</span> <span class='ocrx_word' id='word_1_595' title='bbox 3336 2300 3571 2368; x_wconf 85' lang='lat' dir='ltr'>tempus</span> <span class='ocrx_word' id='word_1_596' title='bbox 3620 2296 3834 2352; x_wconf 86' lang='lat' dir='ltr'>obser-</span> 
     </span>
    </p>
   </div>
   <div class='ocr_carea' id='block_1_85' title="bbox 2173 2388 2325 2439">
    <p class='ocr_par' dir='ltr' id='par_1_85' title="bbox 2173 2388 2325 2439">
     <span class='ocr_line' id='line_1_87' title="bbox 2173 2388 2325 2439; baseline 0.013 -3"><span class='ocrx_word' id='word_1_597' title='bbox 2173 2388 2325 2439; x_wconf 92' lang='lat' dir='ltr'>vent.</span> 
     </span>
    </p>
   </div>
   <div class='ocr_carea' id='block_1_86' title="bbox 2171 2509 3820 2580">
    <p class='ocr_par' dir='ltr' id='par_1_86' title="bbox 2171 2509 3820 2580">
     <span class='ocr_line' id='line_1_88' title="bbox 2171 2509 3820 2580; baseline 0.001 -16"><span class='ocrx_word' id='word_1_598' title='bbox 2171 2512 2303 2564; x_wconf 80' lang='lat' dir='ltr'>CAP.</span> <span class='ocrx_word' id='word_1_599' title='bbox 2335 2511 2423 2564; x_wconf 95' lang='lat'>80.</span> <span class='ocrx_word' id='word_1_600' title='bbox 2456 2541 2524 2550; x_wconf 93' lang='lat'><strong><em>—</em></strong></span> <span class='ocrx_word' id='word_1_601' title='bbox 2573 2512 2650 2565; x_wconf 90' lang='lat' dir='ltr'>De</span> <span class='ocrx_word' id='word_1_602' title='bbox 2694 2509 2882 2565; x_wconf 84' lang='lat' dir='ltr'>eadem</span> <span class='ocrx_word' id='word_1_603' title='bbox 2908 2525 2985 2565; x_wconf 88' lang='lat' dir='ltr'>re.</span> <span class='ocrx_word' id='word_1_604' title='bbox 3028 2512 3112 2565; x_wconf 80' lang='lat' dir='ltr'>Ex</span> <span class='ocrx_word' id='word_1_605' title='bbox 3149 2511 3347 2566; x_wconf 89' lang='lat' dir='ltr'>concil.</span> <span class='ocrx_word' id='word_1_606' title='bbox 3400 2509 3545 2580; x_wconf 85' lang='lat' dir='ltr'>apud</span> <span class='ocrx_word' id='word_1_607' title='bbox 3596 2510 3820 2566; x_wconf 81' lang='lat' dir='ltr'>Verme-</span> 
     </span>
    </p>
   </div>
   <div class='ocr_carea' id='block_1_87' title="bbox 2205 2581 3790 2654">
    <p class='ocr_par' dir='ltr' id='par_1_87' title="bbox 2205 2581 3790 2654">
     <span class='ocr_line' id='line_1_89' title="bbox 2205 2581 3790 2654; baseline 0.001 -19"><span class='ocrx_word' id='word_1_608' title='bbox 2205 2583 2373 2648; x_wconf 90' lang='lat' dir='ltr'>riam,</span> <span class='ocrx_word' id='word_1_609' title='bbox 2406 2598 2525 2654; x_wconf 79' lang='lat' dir='ltr'>cap.</span> <span class='ocrx_word' id='word_1_610' title='bbox 2550 2583 2582 2637; x_wconf 83' lang='grc'>4</span> <span class='ocrx_word' id='word_1_611' title='bbox 2613 2582 2874 2653; x_wconf 79' lang='lat' dir='ltr'>(Magum.</span> <span class='ocrx_word' id='word_1_612' title='bbox 2930 2582 3031 2636; x_wconf 88' lang='lat' dir='ltr'>sub</span> <span class='ocrx_word' id='word_1_613' title='bbox 3067 2581 3272 2638; x_wconf 83' lang='lat' dir='ltr'>Carolo</span> <span class='ocrx_word' id='word_1_614' title='bbox 3315 2581 3537 2654; x_wconf 79' lang='lat' dir='ltr'>Magno.</span> <span class='ocrx_word' id='word_1_615' title='bbox 3592 2597 3642 2638; x_wconf 89' lang='lat' dir='ltr'>c.</span> <span class='ocrx_word' id='word_1_616' title='bbox 3675 2583 3790 2652; x_wconf 82' lang='grc'>55).</span> 
     </span>
    </p>
   </div>
   <div class='ocr_carea' id='block_1_88' title="bbox 2243 2687 3831 2761">
    <p class='ocr_par' dir='ltr' id='par_1_88' title="bbox 2243 2687 3831 2761">
     <span class='ocr_line' id='line_1_90' title="bbox 2243 2687 3831 2761; baseline 0.001 -19"><span class='ocrx_word' id='word_1_617' title='bbox 2243 2689 2352 2759; x_wconf 89' lang='grc'>(30,</span> <span class='ocrx_word' id='word_1_618' title='bbox 2385 2706 2436 2761; x_wconf 92' lang='lat' dir='ltr'>q.</span> <span class='ocrx_word' id='word_1_619' title='bbox 2464 2690 2514 2758; x_wconf 88' lang='grc'>1,</span> <span class='ocrx_word' id='word_1_620' title='bbox 2546 2705 2593 2744; x_wconf 89' lang='lat' dir='ltr'>c.</span> <span class='ocrx_word' id='word_1_621' title='bbox 2641 2690 2705 2744; x_wconf 85' lang='lat' dir='ltr'>Si</span> <span class='ocrx_word' id='word_1_622' title='bbox 2734 2691 2855 2761; x_wconf 88' lang='lat' dir='ltr'>quis</span> <span class='ocrx_word' id='word_1_623' title='bbox 2891 2689 3236 2760; x_wconf 82' lang='lat' dir='ltr'>filiastrum.)</span> <span class='ocrx_word' id='word_1_624' title='bbox 3284 2689 3340 2742; x_wconf 88' lang='lat' dir='ltr'>Si</span> <span class='ocrx_word' id='word_1_625' title='bbox 3379 2689 3478 2760; x_wconf 88' lang='lat' dir='ltr'>qui</span> <span class='ocrx_word' id='word_1_626' title='bbox 3513 2687 3831 2744; x_wconf 79' lang='lat' dir='ltr'>ﬁliastrum</span> 
     </span>
    </p>
   </div>
   <div class='ocr_carea' id='block_1_89' title="bbox 2171 2777 3832 2850">
    <p class='ocr_par' dir='ltr' id='par_1_89' title="bbox 2171 2777 3832 2850">
     <span class='ocr_line' id='line_1_91' title="bbox 2171 2777 3832 2850; baseline 0.001 -17"><span class='ocrx_word' id='word_1_627' title='bbox 2171 2783 2274 2833; x_wconf 88' lang='lat' dir='ltr'>aut</span> <span class='ocrx_word' id='word_1_628' title='bbox 2300 2777 2608 2834; x_wconf 82' lang='lat' dir='ltr'>ﬁliastram</span> <span class='ocrx_word' id='word_1_629' title='bbox 2633 2795 2800 2834; x_wconf 88' lang='lat' dir='ltr'>suam</span> <span class='ocrx_word' id='word_1_630' title='bbox 2816 2783 2950 2833; x_wconf 90' lang='lat' dir='ltr'>ante</span> <span class='ocrx_word' id='word_1_631' title='bbox 2965 2778 3304 2850; x_wconf 85' lang='lat' dir='ltr'>episcopum</span> <span class='ocrx_word' id='word_1_632' title='bbox 3325 2777 3395 2832; x_wconf 88' lang='lat' dir='ltr'>ad</span> <span class='ocrx_word' id='word_1_633' title='bbox 3422 2777 3832 2834; x_wconf 78' lang='lat' dir='ltr'>conﬁrmatio-</span> 
     </span>
    </p>
   </div>
   <div class='ocr_carea' id='block_1_90' title="bbox 2173 2865 3822 2939">
    <p class='ocr_par' dir='ltr' id='par_1_90' title="bbox 2173 2865 3822 2939">
     <span class='ocr_line' id='line_1_92' title="bbox 2173 2865 3822 2939; baseline 0 -17"><span class='ocrx_word' id='word_1_634' title='bbox 2173 2883 2307 2922; x_wconf 89' lang='lat' dir='ltr'>nem</span> <span class='ocrx_word' id='word_1_635' title='bbox 2353 2868 2630 2934; x_wconf 83' lang='lat' dir='ltr'>tenuerit,</span> <span class='ocrx_word' id='word_1_636' title='bbox 2681 2873 2989 2939; x_wconf 89' lang='lat' dir='ltr'>separetur</span> <span class='ocrx_word' id='word_1_637' title='bbox 3032 2868 3104 2922; x_wconf 90' lang='lat' dir='ltr'>ab</span> <span class='ocrx_word' id='word_1_638' title='bbox 3159 2883 3335 2922; x_wconf 84' lang='lat' dir='ltr'>uxore</span> <span class='ocrx_word' id='word_1_639' title='bbox 3376 2882 3506 2938; x_wconf 81' lang='lat' dir='ltr'>sua,</span> <span class='ocrx_word' id='word_1_640' title='bbox 3539 2869 3596 2921; x_wconf 89' lang='lat' dir='ltr'>et</span> <span class='ocrx_word' id='word_1_641' title='bbox 3641 2865 3822 2922; x_wconf 88' lang='lat' dir='ltr'>aliam</span> 
     </span>
    </p>
   </div>
   <div class='ocr_carea' id='block_1_91' title="bbox 2173 2954 3450 3029">
    <p class='ocr_par' dir='ltr' id='par_1_91' title="bbox 2173 2954 3450 3029">
     <span class='ocr_line' id='line_1_93' title="bbox 2173 2954 3450 3029; baseline -0.002 -17"><span class='ocrx_word' id='word_1_642' title='bbox 2173 2973 2476 3029; x_wconf 91' lang='lat' dir='ltr'>nunquam</span> <span class='ocrx_word' id='word_1_643' title='bbox 2510 2957 2796 3029; x_wconf 88' lang='lat' dir='ltr'>accipiat;</span> <span class='ocrx_word' id='word_1_644' title='bbox 2830 2955 3107 3011; x_wconf 91' lang='lat' dir='ltr'>similiter</span> <span class='ocrx_word' id='word_1_645' title='bbox 3136 2960 3195 3011; x_wconf 92' lang='lat' dir='ltr'>et</span> <span class='ocrx_word' id='word_1_646' title='bbox 3218 2954 3450 3011; x_wconf 90' lang='lat' dir='ltr'>mulier.</span> 
     </span>
    </p>
   </div>
   <div class='ocr_carea' id='block_1_92' title="bbox 2170 3062 3831 3133">
    <p class='ocr_par' dir='ltr' id='par_1_92' title="bbox 2170 3062 3831 3133">
     <span class='ocr_line' id='line_1_94' title="bbox 2170 3062 3831 3133; baseline -0.003 -13"><span class='ocrx_word' id='word_1_647' title='bbox 2170 3064 2305 3120; x_wconf 78' lang='lat' dir='ltr'>CAP.</span> <span class='ocrx_word' id='word_1_648' title='bbox 2336 3065 2398 3118; x_wconf 91' lang='grc'>81</span> <span class='ocrx_word' id='word_1_649' title='bbox 2436 3095 2503 3105; x_wconf 91' lang='lat'><strong><em>—</em></strong></span> <span class='ocrx_word' id='word_1_650' title='bbox 2539 3065 2612 3119; x_wconf 89' lang='lat' dir='ltr'>De</span> <span class='ocrx_word' id='word_1_651' title='bbox 2660 3063 2781 3120; x_wconf 90' lang='lat' dir='ltr'>illis</span> <span class='ocrx_word' id='word_1_652' title='bbox 2829 3065 2925 3133; x_wconf 93' lang='lat' dir='ltr'>qui</span> <span class='ocrx_word' id='word_1_653' title='bbox 2974 3064 3218 3133; x_wconf 85' lang='lat' dir='ltr'>infantes</span> <span class='ocrx_word' id='word_1_654' title='bbox 3270 3077 3395 3116; x_wconf 89' lang='lat' dir='ltr'>suos</span> <span class='ocrx_word' id='word_1_655' title='bbox 3447 3062 3767 3132; x_wconf 86' lang='lat' dir='ltr'>suscipiunt</span> <span class='ocrx_word' id='word_1_656' title='bbox 3798 3078 3831 3115; x_wconf 90' lang='lat' dir='ltr'>a</span> 
     </span>
    </p>
   </div>
   <div class='ocr_carea' id='block_1_93' title="bbox 2246 3133 3826 3205">
    <p class='ocr_par' dir='ltr' id='par_1_93' title="bbox 2246 3133 3826 3205">
     <span class='ocr_line' id='line_1_95' title="bbox 2246 3133 3826 3205; baseline -0.003 -16"><span class='ocrx_word' id='word_1_657' title='bbox 2246 3137 2516 3204; x_wconf 87' lang='lat' dir='ltr'>baptismo</span> <span class='ocrx_word' id='word_1_658' title='bbox 2537 3141 2596 3190; x_wconf 89' lang='lat' dir='ltr'>ut</span> <span class='ocrx_word' id='word_1_659' title='bbox 2626 3140 2956 3205; x_wconf 86' lang='lat' dir='ltr'>separentur</span> <span class='ocrx_word' id='word_1_660' title='bbox 3006 3152 3045 3189; x_wconf 87' lang='lat' dir='ltr'>a</span> <span class='ocrx_word' id='word_1_661' title='bbox 3092 3134 3437 3202; x_wconf 78' lang='lat' dir='ltr'>coniugibus.</span> <span class='ocrx_word' id='word_1_662' title='bbox 3496 3133 3578 3188; x_wconf 73' lang='lat' dir='ltr'>Ea:</span> <span class='ocrx_word' id='word_1_663' title='bbox 3624 3133 3826 3205; x_wconf 65' lang='lat' dir='ltr'>consil.</span> 
     </span>
    </p>
   </div>
   <div class='ocr_carea' id='block_1_94' title="bbox 2245 3204 3830 3276">
    <p class='ocr_par' dir='ltr' id='par_1_94' title="bbox 2245 3204 3830 3276">
     <span class='ocr_line' id='line_1_96' title="bbox 2245 3204 3830 3276; baseline -0.002 -13"><span class='ocrx_word' id='word_1_664' title='bbox 2245 3204 2762 3275; x_wconf 82' lang='lat' dir='ltr'>Cabilonensi.cap.</span> <span class='ocrx_word' id='word_1_665' title='bbox 2795 3207 2865 3260; x_wconf 78' lang='grc'>45</span> <span class='ocrx_word' id='word_1_666' title='bbox 2901 3205 3075 3276; x_wconf 86' lang='lat' dir='ltr'>(conc.</span> <span class='ocrx_word' id='word_1_667' title='bbox 3117 3205 3366 3261; x_wconf 86' lang='lat' dir='ltr'>Cabilon.</span> <span class='ocrx_word' id='word_1_668' title='bbox 3420 3205 3583 3259; x_wconf 75' lang='lat' dir='ltr'>usub</span> <span class='ocrx_word' id='word_1_669' title='bbox 3633 3204 3830 3260; x_wconf 86' lang='lat' dir='ltr'>Carolo</span> 
     </span>
    </p>
   </div>
   <div class='ocr_carea' id='block_1_95' title="bbox 2241 3278 2670 3350">
    <p class='ocr_par' dir='ltr' id='par_1_95' title="bbox 2241 3278 2670 3350">
     <span class='ocr_line' id='line_1_97' title="bbox 2241 3278 2670 3350; baseline -0.002 -16"><span class='ocrx_word' id='word_1_670' title='bbox 2241 3279 2454 3348; x_wconf 86' lang='lat' dir='ltr'>Magno,</span> <span class='ocrx_word' id='word_1_671' title='bbox 2479 3295 2526 3333; x_wconf 91' lang='lat' dir='ltr'>c.</span> <span class='ocrx_word' id='word_1_672' title='bbox 2557 3278 2670 3350; x_wconf 82' lang='lat' dir='ltr'>3i).</span> 
     </span>
    </p>
   </div>
   <div class='ocr_carea' id='block_1_96' title="bbox 2241 3381 3830 3457">
    <p class='ocr_par' dir='ltr' id='par_1_96' title="bbox 2241 3381 3830 3457">
     <span class='ocr_line' id='line_1_98' title="bbox 2241 3381 3830 3457; baseline -0.004 -17"><span class='ocrx_word' id='word_1_673' title='bbox 2241 3387 2350 3456; x_wconf 93' lang='lat'>(30,</span> <span class='ocrx_word' id='word_1_674' title='bbox 2382 3402 2434 3457; x_wconf 93' lang='lat' dir='ltr'>q.</span> <span class='ocrx_word' id='word_1_675' title='bbox 2471 3390 2518 3452; x_wconf 86' lang='grc'>1,</span> <span class='ocrx_word' id='word_1_676' title='bbox 2552 3401 2598 3441; x_wconf 92' lang='lat' dir='ltr'>c.</span> <span class='ocrx_word' id='word_1_677' title='bbox 2629 3385 2846 3440; x_wconf 90' lang='lat' dir='ltr'>Dictum</span> <span class='ocrx_word' id='word_1_678' title='bbox 2877 3383 2998 3453; x_wconf 87' lang='lat' dir='ltr'>est.)</span> <span class='ocrx_word' id='word_1_679' title='bbox 3034 3381 3267 3438; x_wconf 88' lang='lat' dir='ltr'>Dictum</span> <span class='ocrx_word' id='word_1_680' title='bbox 3296 3381 3474 3438; x_wconf 87' lang='lat' dir='ltr'>etiam</span> <span class='ocrx_word' id='word_1_681' title='bbox 3509 3381 3686 3437; x_wconf 88' lang='lat' dir='ltr'>nobis</span> <span class='ocrx_word' id='word_1_682' title='bbox 3739 3383 3830 3434; x_wconf 86' lang='lat' dir='ltr'>est</span> 
     </span>
    </p>
   </div>
   <div class='ocr_carea' id='block_1_97' title="bbox 2169 3469 3823 3548">
    <p class='ocr_par' dir='ltr' id='par_1_97' title="bbox 2169 3469 3823 3548">
     <span class='ocr_line' id='line_1_99' title="bbox 2169 3469 3823 3548; baseline -0.005 -17"><span class='ocrx_word' id='word_1_683' title='bbox 2169 3476 2456 3548; x_wconf 87' lang='lat' dir='ltr'>quasdam</span> <span class='ocrx_word' id='word_1_684' title='bbox 2489 3473 2739 3529; x_wconf 89' lang='lat' dir='ltr'>feminas</span> <span class='ocrx_word' id='word_1_685' title='bbox 2771 3472 3087 3541; x_wconf 87' lang='lat' dir='ltr'>desidiose,</span> <span class='ocrx_word' id='word_1_686' title='bbox 3111 3471 3398 3542; x_wconf 90' lang='lat' dir='ltr'>quasdam</span> <span class='ocrx_word' id='word_1_687' title='bbox 3421 3485 3554 3526; x_wconf 86' lang='lat' dir='ltr'>vero</span> <span class='ocrx_word' id='word_1_688' title='bbox 3581 3469 3823 3524; x_wconf 82' lang='lat' dir='ltr'>fraudu-</span> 
     </span>
    </p>
   </div>
   <div class='ocr_carea' id='block_1_98' title="bbox 2168 3559 3824 3632">
    <p class='ocr_par' dir='ltr' id='par_1_98' title="bbox 2168 3559 3824 3632">
     <span class='ocr_line' id='line_1_100' title="bbox 2168 3559 3824 3632; baseline -0.005 -10"><span class='ocrx_word' id='word_1_689' title='bbox 2168 3566 2376 3631; x_wconf 90' lang='lat' dir='ltr'>lenter,</span> <span class='ocrx_word' id='word_1_690' title='bbox 2401 3568 2465 3619; x_wconf 89' lang='lat' dir='ltr'>ut</span> <span class='ocrx_word' id='word_1_691' title='bbox 2495 3581 2529 3618; x_wconf 91' lang='lat' dir='ltr'>a</span> <span class='ocrx_word' id='word_1_692' title='bbox 2574 3563 2714 3618; x_wconf 89' lang='lat' dir='ltr'>viris</span> <span class='ocrx_word' id='word_1_693' title='bbox 2766 3561 2890 3617; x_wconf 89' lang='lat' dir='ltr'>suis</span> <span class='ocrx_word' id='word_1_694' title='bbox 2941 3565 3309 3632; x_wconf 88' lang='lat' dir='ltr'>separentur,</span> <span class='ocrx_word' id='word_1_695' title='bbox 3357 3559 3626 3632; x_wconf 85' lang='lat' dir='ltr'>preprios</span> <span class='ocrx_word' id='word_1_696' title='bbox 3670 3559 3824 3613; x_wconf 82' lang='lat' dir='ltr'>filios</span> 
     </span>
    </p>
   </div>
   <div class='ocr_carea' id='block_1_99' title="bbox 2171 3647 3825 3722">
    <p class='ocr_par' dir='ltr' id='par_1_99' title="bbox 2171 3647 3825 3722">
     <span class='ocr_line' id='line_1_101' title="bbox 2171 3647 3825 3722; baseline -0.004 -14"><span class='ocrx_word' id='word_1_697' title='bbox 2171 3669 2366 3708; x_wconf 88' lang='lat' dir='ltr'>coram</span> <span class='ocrx_word' id='word_1_698' title='bbox 2389 3651 2678 3722; x_wconf 91' lang='lat' dir='ltr'>episcopis</span> <span class='ocrx_word' id='word_1_699' title='bbox 2708 3650 2778 3705; x_wconf 90' lang='lat' dir='ltr'>ad</span> <span class='ocrx_word' id='word_1_700' title='bbox 2809 3649 3282 3705; x_wconf 76' lang='lat' dir='ltr'>confirmandum</span> <span class='ocrx_word' id='word_1_701' title='bbox 3331 3648 3610 3704; x_wconf 83' lang='lat' dir='ltr'>tenuisse.</span> <span class='ocrx_word' id='word_1_702' title='bbox 3657 3647 3825 3702; x_wconf 88' lang='lat' dir='ltr'>Unde</span> 
     </span>
    </p>
   </div>
   <div class='ocr_carea' id='block_1_100' title="bbox 2173 3735 3820 3810">
    <p class='ocr_par' dir='ltr' id='par_1_100' title="bbox 2173 3735 3820 3810">
     <span class='ocr_line' id='line_1_102' title="bbox 2173 3735 3820 3810; baseline -0.004 -13"><span class='ocrx_word' id='word_1_703' title='bbox 2173 3759 2278 3798; x_wconf 90' lang='lat' dir='ltr'>nos</span> <span class='ocrx_word' id='word_1_704' title='bbox 2302 3741 2543 3810; x_wconf 83' lang='lat' dir='ltr'>dignum</span> <span class='ocrx_word' id='word_1_705' title='bbox 2571 3739 2848 3794; x_wconf 84' lang='lat' dir='ltr'>duximus</span> <span class='ocrx_word' id='word_1_706' title='bbox 2881 3744 2945 3793; x_wconf 93' lang='lat' dir='ltr'>ut</span> <span class='ocrx_word' id='word_1_707' title='bbox 2975 3738 3024 3793; x_wconf 92' lang='lat' dir='ltr'>si</span> <span class='ocrx_word' id='word_1_708' title='bbox 3051 3754 3168 3809; x_wconf 91' lang='lat' dir='ltr'>qua</span> <span class='ocrx_word' id='word_1_709' title='bbox 3194 3735 3407 3792; x_wconf 89' lang='lat' dir='ltr'>mulier</span> <span class='ocrx_word' id='word_1_710' title='bbox 3429 3736 3614 3791; x_wconf 82' lang='lat' dir='ltr'>filium</span> <span class='ocrx_word' id='word_1_711' title='bbox 3642 3752 3820 3791; x_wconf 91' lang='lat' dir='ltr'>suum</span> 
     </span>
    </p>
   </div>
   <div class='ocr_carea' id='block_1_101' title="bbox 2171 3825 3824 3897">
    <p class='ocr_par' dir='ltr' id='par_1_101' title="bbox 2171 3825 3824 3897">
     <span class='ocr_line' id='line_1_103' title="bbox 2171 3825 3824 3897; baseline -0.004 -11"><span class='ocrx_word' id='word_1_712' title='bbox 2171 3831 2398 3887; x_wconf 88' lang='lat' dir='ltr'>desidia</span> <span class='ocrx_word' id='word_1_713' title='bbox 2420 3834 2519 3884; x_wconf 87' lang='lat' dir='ltr'>aut</span> <span class='ocrx_word' id='word_1_714' title='bbox 2546 3829 2750 3884; x_wconf 88' lang='lat' dir='ltr'>fraude</span> <span class='ocrx_word' id='word_1_715' title='bbox 2763 3828 2960 3896; x_wconf 87' lang='lat' dir='ltr'>aliqua</span> <span class='ocrx_word' id='word_1_716' title='bbox 2973 3844 3168 3882; x_wconf 90' lang='lat' dir='ltr'>coram</span> <span class='ocrx_word' id='word_1_717' title='bbox 3184 3826 3458 3897; x_wconf 91' lang='lat' dir='ltr'>episcopo</span> <span class='ocrx_word' id='word_1_718' title='bbox 3483 3826 3736 3882; x_wconf 89' lang='lat' dir='ltr'>tenuerit</span> <span class='ocrx_word' id='word_1_719' title='bbox 3752 3825 3824 3880; x_wconf 89' lang='lat' dir='ltr'>ad</span> 
     </span>
    </p>
   </div>
   <div class='ocr_carea' id='block_1_102' title="bbox 2173 3915 3830 3990">
    <p class='ocr_par' dir='ltr' id='par_1_102' title="bbox 2173 3915 3830 3990">
     <span class='ocr_line' id='line_1_104' title="bbox 2173 3915 3830 3990; baseline -0.005 -14"><span class='ocrx_word' id='word_1_720' title='bbox 2173 3919 2668 3982; x_wconf 80' lang='lat' dir='ltr'>confirmandum,</span> <span class='ocrx_word' id='word_1_721' title='bbox 2699 3923 2938 3990; x_wconf 88' lang='lat' dir='ltr'>propter</span> <span class='ocrx_word' id='word_1_722' title='bbox 2961 3915 3249 3972; x_wconf 87' lang='lat' dir='ltr'>fallaciam</span> <span class='ocrx_word' id='word_1_723' title='bbox 3277 3932 3443 3972; x_wconf 90' lang='lat' dir='ltr'>suam</span> <span class='ocrx_word' id='word_1_724' title='bbox 3473 3921 3574 3971; x_wconf 88' lang='lat' dir='ltr'>aut</span> <span class='ocrx_word' id='word_1_725' title='bbox 3594 3919 3830 3987; x_wconf 89' lang='lat' dir='ltr'>propter</span> 
     </span>
    </p>
   </div>
   <div class='ocr_carea' id='block_1_103' title="bbox 2173 4004 3825 4079">
    <p class='ocr_par' dir='ltr' id='par_1_103' title="bbox 2173 4004 3825 4079">
     <span class='ocr_line' id='line_1_105' title="bbox 2173 4004 3825 4079; baseline -0.004 -14"><span class='ocrx_word' id='word_1_726' title='bbox 2173 4011 2462 4075; x_wconf 90' lang='lat' dir='ltr'>fraudem,</span> <span class='ocrx_word' id='word_1_727' title='bbox 2498 4007 2757 4079; x_wconf 88' lang='lat' dir='ltr'>quandiu</span> <span class='ocrx_word' id='word_1_728' title='bbox 2801 4005 2956 4061; x_wconf 90' lang='lat' dir='ltr'>vivat</span> <span class='ocrx_word' id='word_1_729' title='bbox 3004 4004 3405 4077; x_wconf 77' lang='lat' dir='ltr'>pmnitentiam</span> <span class='ocrx_word' id='word_1_730' title='bbox 3435 4008 3588 4077; x_wconf 86' lang='lat' dir='ltr'>agat,</span> <span class='ocrx_word' id='word_1_731' title='bbox 3641 4021 3674 4059; x_wconf 88' lang='lat' dir='ltr'>a</span> <span class='ocrx_word' id='word_1_732' title='bbox 3703 4004 3825 4059; x_wconf 88' lang='lat' dir='ltr'>viro</span> 
     </span>
    </p>
   </div>
   <div class='ocr_carea' id='block_1_104' title="bbox 2173 4098 3015 4167">
    <p class='ocr_par' dir='ltr' id='par_1_104' title="bbox 2173 4098 3015 4167">
     <span class='ocr_line' id='line_1_106' title="bbox 2173 4098 3015 4167; baseline -0.007 -13"><span class='ocrx_word' id='word_1_733' title='bbox 2173 4104 2369 4155; x_wconf 87' lang='lat' dir='ltr'>tamen</span> <span class='ocrx_word' id='word_1_734' title='bbox 2403 4113 2510 4152; x_wconf 89' lang='lat' dir='ltr'>suo</span> <span class='ocrx_word' id='word_1_735' title='bbox 2538 4113 2654 4151; x_wconf 87' lang='lat' dir='ltr'>non</span> <span class='ocrx_word' id='word_1_736' title='bbox 2689 4098 3015 4167; x_wconf 90' lang='lat' dir='ltr'>separetur.</span> 
     </span>
    </p>
   </div>
   <div class='ocr_carea' id='block_1_105' title="bbox 2173 4200 3821 4271">
    <p class='ocr_par' dir='ltr' id='par_1_105' title="bbox 2173 4200 3821 4271">
     <span class='ocr_line' id='line_1_107' title="bbox 2173 4200 3821 4271; baseline -0.005 -10"><span class='ocrx_word' id='word_1_737' title='bbox 2173 4210 2300 4262; x_wconf 79' lang='lat' dir='ltr'>CAP.</span> <span class='ocrx_word' id='word_1_738' title='bbox 2342 4206 2431 4259; x_wconf 84' lang='lat'>82.</span> <span class='ocrx_word' id='word_1_739' title='bbox 2470 4233 2538 4243; x_wconf 73' lang='grc' dir='ltr'>-ο</span> <span class='ocrx_word' id='word_1_740' title='bbox 2587 4205 2660 4258; x_wconf 91' lang='lat' dir='ltr'>De</span> <span class='ocrx_word' id='word_1_741' title='bbox 2702 4203 2899 4258; x_wconf 82' lang='lat' dir='ltr'>eadem</span> <span class='ocrx_word' id='word_1_742' title='bbox 2967 4217 3045 4256; x_wconf 90' lang='lat' dir='ltr'>re.</span> <span class='ocrx_word' id='word_1_743' title='bbox 3096 4203 3230 4256; x_wconf 83' lang='lat' dir='ltr'>Item</span> <span class='ocrx_word' id='word_1_744' title='bbox 3273 4215 3343 4255; x_wconf 78' lang='lat' dir='ltr'>ex</span> <span class='ocrx_word' id='word_1_745' title='bbox 3389 4215 3540 4256; x_wconf 89' lang='lat' dir='ltr'>conc.</span> <span class='ocrx_word' id='word_1_746' title='bbox 3590 4200 3821 4271; x_wconf 80' lang='lat' dir='ltr'>Magun-</span> 
     </span>
    </p>
   </div>
   <div class='ocr_carea' id='block_1_106' title="bbox 2243 4271 3824 4346">
    <p class='ocr_par' dir='ltr' id='par_1_106' title="bbox 2243 4271 3824 4346">
     <span class='ocr_line' id='line_1_108' title="bbox 2243 4271 3824 4346; baseline -0.005 -14"><span class='ocrx_word' id='word_1_747' title='bbox 2243 4278 2426 4344; x_wconf 85' lang='lat' dir='ltr'>tiensi,</span> <span class='ocrx_word' id='word_1_748' title='bbox 2449 4291 2568 4346; x_wconf 89' lang='lat' dir='ltr'>cap.</span> <span class='ocrx_word' id='word_1_749' title='bbox 2599 4275 2692 4339; x_wconf 85' lang='lat'>20,</span> <span class='ocrx_word' id='word_1_750' title='bbox 2736 4276 2792 4328; x_wconf 90' lang='lat' dir='ltr'>in</span> <span class='ocrx_word' id='word_1_751' title='bbox 2839 4275 3082 4328; x_wconf 87' lang='lat' dir='ltr'>claustro</span> <span class='ocrx_word' id='word_1_752' title='bbox 3131 4272 3320 4328; x_wconf 89' lang='lat' dir='ltr'>Sancti</span> <span class='ocrx_word' id='word_1_753' title='bbox 3374 4272 3575 4326; x_wconf 84' lang='lat' dir='ltr'>Albani</span> <span class='ocrx_word' id='word_1_754' title='bbox 3612 4271 3824 4338; x_wconf 87' lang='lat' dir='ltr'>habito,</span> 
     </span>
    </p>
   </div>
   <div class='ocr_carea' id='block_1_107' title="bbox 2239 4346 3176 4421">
    <p class='ocr_par' dir='ltr' id='par_1_107' title="bbox 2239 4346 3176 4421">
     <span class='ocr_line' id='line_1_109' title="bbox 2239 4346 3176 4421; baseline -0.005 -17"><span class='ocrx_word' id='word_1_755' title='bbox 2239 4351 2508 4421; x_wconf 74' lang='lat' dir='ltr'>praesente</span> <span class='ocrx_word' id='word_1_756' title='bbox 2540 4346 2805 4400; x_wconf 87' lang='lat' dir='ltr'>Ludovico</span> <span class='ocrx_word' id='word_1_757' title='bbox 2837 4347 3176 4416; x_wconf 83' lang='lat' dir='ltr'>imperatore</span> 
     </span>
    </p>
   </div>
   <div class='ocr_carea' id='block_1_108' title="bbox 2245 4447 3822 4526">
    <p class='ocr_par' dir='ltr' id='par_1_108' title="bbox 2245 4447 3822 4526">
     <span class='ocr_line' id='line_1_110' title="bbox 2245 4447 3822 4526; baseline -0.004 -16"><span class='ocrx_word' id='word_1_758' title='bbox 2245 4457 2354 4525; x_wconf 89' lang='lat'>(30,</span> <span class='ocrx_word' id='word_1_759' title='bbox 2387 4472 2438 4526; x_wconf 93' lang='lat' dir='ltr'>q.</span> <span class='ocrx_word' id='word_1_760' title='bbox 2476 4454 2527 4518; x_wconf 78' lang='grc' dir='ltr'>Ι,</span> <span class='ocrx_word' id='word_1_761' title='bbox 2561 4468 2609 4507; x_wconf 90' lang='lat' dir='ltr'>c.</span> <span class='ocrx_word' id='word_1_762' title='bbox 2663 4454 2735 4506; x_wconf 91' lang='lat' dir='ltr'>De</span> <span class='ocrx_word' id='word_1_763' title='bbox 2783 4467 2849 4506; x_wconf 89' lang='lat' dir='ltr'>eo</span> <span class='ocrx_word' id='word_1_764' title='bbox 2890 4450 3078 4522; x_wconf 88' lang='lat' dir='ltr'>quod.)</span> <span class='ocrx_word' id='word_1_765' title='bbox 3133 4453 3211 4504; x_wconf 90' lang='lat' dir='ltr'>Do</span> <span class='ocrx_word' id='word_1_766' title='bbox 3263 4465 3329 4504; x_wconf 89' lang='lat' dir='ltr'>eo</span> <span class='ocrx_word' id='word_1_767' title='bbox 3379 4449 3534 4520; x_wconf 92' lang='lat' dir='ltr'>quod</span> <span class='ocrx_word' id='word_1_768' title='bbox 3576 4447 3822 4504; x_wconf 85' lang='lat' dir='ltr'>interro-</span> 
     </span>
    </p>
   </div>
   <div class='ocr_carea' id='block_1_109' title="bbox 2093 4529 3823 4618">
    <p class='ocr_par' dir='ltr' id='par_1_109' title="bbox 2093 4529 3823 4618">
     <span class='ocr_line' id='line_1_111' title="bbox 2093 4529 3823 4618; baseline -0.001 -24"><span class='ocrx_word' id='word_1_769' title='bbox 2093 4529 2138 4594; x_wconf 89' lang='lat' dir='ltr'><strong>D</strong></span> <span class='ocrx_word' id='word_1_770' title='bbox 2171 4547 2342 4618; x_wconf 86' lang='lat' dir='ltr'>gasti,</span> <span class='ocrx_word' id='word_1_771' title='bbox 2377 4545 2425 4598; x_wconf 90' lang='lat' dir='ltr'>si</span> <span class='ocrx_word' id='word_1_772' title='bbox 2458 4541 2553 4596; x_wconf 92' lang='lat' dir='ltr'>ille</span> <span class='ocrx_word' id='word_1_773' title='bbox 2575 4538 2944 4612; x_wconf 75' lang='lat' dir='ltr'>quiﬁliolam</span> <span class='ocrx_word' id='word_1_774' title='bbox 2970 4555 3136 4594; x_wconf 87' lang='lat' dir='ltr'>suam</span> <span class='ocrx_word' id='word_1_775' title='bbox 3156 4537 3324 4593; x_wconf 80' lang='lat' dir='ltr'>duxit</span> <span class='ocrx_word' id='word_1_776' title='bbox 3361 4553 3623 4603; x_wconf 85' lang='lat' dir='ltr'>uxorem,</span> <span class='ocrx_word' id='word_1_777' title='bbox 3655 4541 3709 4592; x_wconf 87' lang='lat' dir='ltr'>et</span> <span class='ocrx_word' id='word_1_778' title='bbox 3755 4538 3823 4592; x_wconf 90' lang='lat' dir='ltr'>de</span> 
     </span>
    </p>
   </div>
   <div class='ocr_carea' id='block_1_110' title="bbox 2174 4625 3823 4703">
    <p class='ocr_par' dir='ltr' id='par_1_110' title="bbox 2174 4625 3823 4703">
     <span class='ocr_line' id='line_1_112' title="bbox 2174 4625 3823 4703; baseline -0.004 -14"><span class='ocrx_word' id='word_1_779' title='bbox 2174 4651 2240 4689; x_wconf 94' lang='lat' dir='ltr'>eo</span> <span class='ocrx_word' id='word_1_780' title='bbox 2272 4631 2375 4703; x_wconf 89' lang='lat' dir='ltr'>qui</span> <span class='ocrx_word' id='word_1_781' title='bbox 2398 4629 2713 4686; x_wconf 87' lang='lat' dir='ltr'>concubuit</span> <span class='ocrx_word' id='word_1_782' title='bbox 2729 4645 2862 4683; x_wconf 92' lang='lat' dir='ltr'>cum</span> <span class='ocrx_word' id='word_1_783' title='bbox 2891 4633 3212 4684; x_wconf 88' lang='lat' dir='ltr'>commatre</span> <span class='ocrx_word' id='word_1_784' title='bbox 3227 4644 3335 4683; x_wconf 87' lang='lat' dir='ltr'>sua</span> <span class='ocrx_word' id='word_1_785' title='bbox 3357 4625 3823 4699; x_wconf 89' lang='lat' dir='ltr'>spirituali,etdc</span> 
     </span>
    </p>
   </div>
   <div class='ocr_carea' id='block_1_111' title="bbox 2175 4717 3820 4792">
    <p class='ocr_par' dir='ltr' id='par_1_111' title="bbox 2175 4717 3820 4792">
     <span class='ocr_line' id='line_1_113' title="bbox 2175 4717 3820 4792; baseline -0.004 -15"><span class='ocrx_word' id='word_1_786' title='bbox 2175 4738 2240 4778; x_wconf 92' lang='lat' dir='ltr'>eo</span> <span class='ocrx_word' id='word_1_787' title='bbox 2263 4721 2362 4792; x_wconf 90' lang='lat' dir='ltr'>qui</span> <span class='ocrx_word' id='word_1_788' title='bbox 2396 4719 2582 4774; x_wconf 84' lang='lat' dir='ltr'>filium</span> <span class='ocrx_word' id='word_1_789' title='bbox 2619 4733 2792 4772; x_wconf 90' lang='lat' dir='ltr'>suum</span> <span class='ocrx_word' id='word_1_790' title='bbox 2817 4717 3156 4789; x_wconf 85' lang='lat' dir='ltr'>baptizavit,</span> <span class='ocrx_word' id='word_1_791' title='bbox 3189 4721 3247 4771; x_wconf 94' lang='lat' dir='ltr'>et</span> <span class='ocrx_word' id='word_1_792' title='bbox 3277 4717 3449 4788; x_wconf 88' lang='lat' dir='ltr'>cujus</span> <span class='ocrx_word' id='word_1_793' title='bbox 3497 4731 3645 4771; x_wconf 83' lang='lat' dir='ltr'>uxor</span> <span class='ocrx_word' id='word_1_794' title='bbox 3689 4731 3820 4771; x_wconf 89' lang='lat' dir='ltr'>eum</span> 
     </span>
    </p>
   </div>
   <div class='ocr_carea' id='block_1_112' title="bbox 2177 4805 3820 4882">
    <p class='ocr_par' dir='ltr' id='par_1_112' title="bbox 2177 4805 3820 4882">
     <span class='ocr_line' id='line_1_114' title="bbox 2177 4805 3820 4882; baseline -0.005 -15"><span class='ocrx_word' id='word_1_795' title='bbox 2177 4813 2246 4867; x_wconf 92' lang='lat' dir='ltr'>de</span> <span class='ocrx_word' id='word_1_796' title='bbox 2280 4812 2433 4866; x_wconf 88' lang='lat' dir='ltr'>fonte</span> <span class='ocrx_word' id='word_1_797' title='bbox 2465 4807 2747 4878; x_wconf 88' lang='lat' dir='ltr'>suscepit,</span> <span class='ocrx_word' id='word_1_798' title='bbox 2788 4823 2855 4862; x_wconf 88' lang='lat' dir='ltr'>ea</span> <span class='ocrx_word' id='word_1_799' title='bbox 2883 4805 3106 4882; x_wconf 87' lang='lat' dir='ltr'>ratione</span> <span class='ocrx_word' id='word_1_800' title='bbox 3139 4805 3538 4861; x_wconf 88' lang='lat' dir='ltr'>utdissidium</span> <span class='ocrx_word' id='word_1_801' title='bbox 3571 4805 3820 4876; x_wconf 72' lang='lat' dir='ltr'>coniugii</span> 
     </span>
    </p>
   </div>
   <div class='ocr_carea' id='block_1_113' title="bbox 2179 4894 3823 4969">
    <p class='ocr_par' dir='ltr' id='par_1_113' title="bbox 2179 4894 3823 4969">
     <span class='ocr_line' id='line_1_115' title="bbox 2179 4894 3823 4969; baseline -0.004 -13"><span class='ocrx_word' id='word_1_802' title='bbox 2179 4902 2362 4966; x_wconf 86' lang='lat' dir='ltr'>ﬁeret,</span> <span class='ocrx_word' id='word_1_803' title='bbox 2397 4898 2444 4954; x_wconf 90' lang='lat' dir='ltr'>si</span> <span class='ocrx_word' id='word_1_804' title='bbox 2481 4901 2682 4969; x_wconf 87' lang='lat' dir='ltr'>postea</span> <span class='ocrx_word' id='word_1_805' title='bbox 2713 4896 2770 4950; x_wconf 93' lang='lat' dir='ltr'>in</span> <span class='ocrx_word' id='word_1_806' title='bbox 2805 4895 2910 4950; x_wconf 91' lang='lat' dir='ltr'>tali</span> <span class='ocrx_word' id='word_1_807' title='bbox 2943 4894 3312 4967; x_wconf 85' lang='lat' dir='ltr'>copulatione</span> <span class='ocrx_word' id='word_1_808' title='bbox 3330 4910 3674 4967; x_wconf 89' lang='lat' dir='ltr'>permanere</span> <span class='ocrx_word' id='word_1_809' title='bbox 3696 4911 3823 4966; x_wconf 86' lang='lat' dir='ltr'>pos-</span> 
     </span>
    </p>
   </div>
   <div class='ocr_carea' id='block_1_114' title="bbox 2177 4982 3821 5056">
    <p class='ocr_par' dir='ltr' id='par_1_114' title="bbox 2177 4982 3821 5056">
     <span class='ocr_line' id='line_1_116' title="bbox 2177 4982 3821 5056; baseline -0.004 -11"><span class='ocrx_word' id='word_1_810' title='bbox 2177 4994 2344 5056; x_wconf 86' lang='lat' dir='ltr'>sent;</span> <span class='ocrx_word' id='word_1_811' title='bbox 2379 4987 2449 5042; x_wconf 93' lang='lat' dir='ltr'>de</span> <span class='ocrx_word' id='word_1_812' title='bbox 2477 4985 2695 5041; x_wconf 90' lang='lat' dir='ltr'>talibus</span> <span class='ocrx_word' id='word_1_813' title='bbox 2727 4982 2811 5039; x_wconf 89' lang='lat' dir='ltr'>sic</span> <span class='ocrx_word' id='word_1_814' title='bbox 2841 4983 3320 5055; x_wconf 89' lang='lat' dir='ltr'>respondendum</span> <span class='ocrx_word' id='word_1_815' title='bbox 3353 4986 3477 5037; x_wconf 89' lang='lat' dir='ltr'>est:</span> <span class='ocrx_word' id='word_1_816' title='bbox 3503 4983 3562 5038; x_wconf 92' lang='lat' dir='ltr'>Si</span> <span class='ocrx_word' id='word_1_817' title='bbox 3587 4982 3821 5038; x_wconf 85' lang='lat' dir='ltr'>filiolam</span> 
     </span>
    </p>
   </div>
   <div class='ocr_carea' id='block_1_115' title="bbox 2179 5070 3822 5145">
    <p class='ocr_par' dir='ltr' id='par_1_115' title="bbox 2179 5070 3822 5145">
     <span class='ocr_line' id='line_1_117' title="bbox 2179 5070 3822 5145; baseline -0.007 -9"><span class='ocrx_word' id='word_1_818' title='bbox 2179 5084 2280 5135; x_wconf 87' lang='lat' dir='ltr'>aut</span> <span class='ocrx_word' id='word_1_819' title='bbox 2302 5079 2682 5134; x_wconf 83' lang='lat' dir='ltr'>commatrem</span> <span class='ocrx_word' id='word_1_820' title='bbox 2705 5089 2873 5128; x_wconf 88' lang='lat' dir='ltr'>suam</span> <span class='ocrx_word' id='word_1_821' title='bbox 2898 5071 3260 5145; x_wconf 88' lang='lat' dir='ltr'>spiritualem</span> <span class='ocrx_word' id='word_1_822' title='bbox 3287 5070 3502 5143; x_wconf 88' lang='lat' dir='ltr'>aliquis</span> <span class='ocrx_word' id='word_1_823' title='bbox 3524 5072 3580 5126; x_wconf 89' lang='lat' dir='ltr'>in</span> <span class='ocrx_word' id='word_1_824' title='bbox 3621 5073 3822 5144; x_wconf 80' lang='lat' dir='ltr'>conju-</span> 
     </span>
    </p>
   </div>
   <div class='ocr_carea' id='block_1_116' title="bbox 2178 5162 3821 5241">
    <p class='ocr_par' dir='ltr' id='par_1_116' title="bbox 2178 5162 3821 5241">
     <span class='ocr_line' id='line_1_118' title="bbox 2178 5162 3821 5241; baseline -0.005 -16"><span class='ocrx_word' id='word_1_825' title='bbox 2178 5170 2272 5241; x_wconf 88' lang='lat' dir='ltr'>gio</span> <span class='ocrx_word' id='word_1_826' title='bbox 2304 5165 2554 5234; x_wconf 82' lang='lat' dir='ltr'>duxerit,</span> <span class='ocrx_word' id='word_1_827' title='bbox 2589 5163 2944 5234; x_wconf 83' lang='lat' dir='ltr'>separandos</span> <span class='ocrx_word' id='word_1_828' title='bbox 2960 5178 3059 5218; x_wconf 90' lang='lat' dir='ltr'>eos</span> <span class='ocrx_word' id='word_1_829' title='bbox 3073 5177 3201 5216; x_wconf 88' lang='lat' dir='ltr'>esse</span> <span class='ocrx_word' id='word_1_830' title='bbox 3218 5162 3650 5232; x_wconf 85' lang='lat' dir='ltr'>judicamus,et</span> <span class='ocrx_word' id='word_1_831' title='bbox 3669 5163 3821 5233; x_wconf 86' lang='lat' dir='ltr'>gravi</span> 
     </span>
    </p>
   </div>
   <div class='ocr_carea' id='block_1_117' title="bbox 2180 5251 3820 5331">
    <p class='ocr_par' dir='ltr' id='par_1_117' title="bbox 2180 5251 3820 5331">
     <span class='ocr_line' id='line_1_119' title="bbox 2180 5251 3820 5331; baseline -0.005 -18"><span class='ocrx_word' id='word_1_832' title='bbox 2180 5254 2521 5331; x_wconf 68' lang='lat' dir='ltr'>poenitentia</span> <span class='ocrx_word' id='word_1_833' title='bbox 2548 5251 2902 5325; x_wconf 84' lang='lat' dir='ltr'>plectendos.</span> <span class='ocrx_word' id='word_1_834' title='bbox 2937 5251 2992 5305; x_wconf 90' lang='lat' dir='ltr'>Si</span> <span class='ocrx_word' id='word_1_835' title='bbox 3026 5255 3218 5306; x_wconf 87' lang='lat' dir='ltr'>autem</span> <span class='ocrx_word' id='word_1_836' title='bbox 3254 5252 3534 5324; x_wconf 87' lang='lat' dir='ltr'>conjuges</span> <span class='ocrx_word' id='word_1_837' title='bbox 3582 5251 3820 5322; x_wconf 87' lang='lat' dir='ltr'>legitimi</span> 
     </span>
    </p>
   </div>
   <div class='ocr_carea' id='block_1_118' title="bbox 2179 5339 3820 5404">
    <p class='ocr_par' dir='ltr' id='par_1_118' title="bbox 2179 5339 3820 5404">
     <span class='ocr_line' id='line_1_120' title="bbox 2179 5339 3820 5404; baseline -0.005 -2"><span class='ocrx_word' id='word_1_838' title='bbox 2179 5363 2332 5402; x_wconf 91' lang='lat' dir='ltr'>unus</span> <span class='ocrx_word' id='word_1_839' title='bbox 2362 5347 2462 5398; x_wconf 88' lang='lat' dir='ltr'>aut</span> <span class='ocrx_word' id='word_1_840' title='bbox 2493 5341 2665 5396; x_wconf 91' lang='lat' dir='ltr'>ambo</span> <span class='ocrx_word' id='word_1_841' title='bbox 2687 5357 2754 5396; x_wconf 85' lang='lat' dir='ltr'>ex</span> <span class='ocrx_word' id='word_1_842' title='bbox 2778 5341 3070 5396; x_wconf 88' lang='lat' dir='ltr'>industria</span> <span class='ocrx_word' id='word_1_843' title='bbox 3093 5339 3636 5404; x_wconf 84' lang='lat' dir='ltr'>fecerint,utfilium</span> <span class='ocrx_word' id='word_1_844' title='bbox 3653 5356 3820 5394; x_wconf 89' lang='lat' dir='ltr'>suum</span> 
     </span>
    </p>
   </div>
   <div class='ocr_carea' id='block_1_119' title="bbox 2179 5427 3820 5500">
    <p class='ocr_par' dir='ltr' id='par_1_119' title="bbox 2179 5427 3820 5500">
     <span class='ocr_line' id='line_1_121' title="bbox 2179 5427 3820 5500; baseline -0.004 -11"><span class='ocrx_word' id='word_1_845' title='bbox 2179 5436 2251 5489; x_wconf 93' lang='lat' dir='ltr'>de</span> <span class='ocrx_word' id='word_1_846' title='bbox 2283 5433 2440 5487; x_wconf 87' lang='lat' dir='ltr'>fonte</span> <span class='ocrx_word' id='word_1_847' title='bbox 2466 5429 2795 5500; x_wconf 84' lang='lat' dir='ltr'>suscipiant</span> <span class='ocrx_word' id='word_1_848' title='bbox 2815 5434 2880 5484; x_wconf 92' lang='lat' dir='ltr'>ut</span> <span class='ocrx_word' id='word_1_849' title='bbox 2901 5427 3218 5484; x_wconf 90' lang='lat' dir='ltr'>dissidium</span> <span class='ocrx_word' id='word_1_850' title='bbox 3237 5427 3361 5498; x_wconf 82' lang='lat' dir='ltr'>fiat,</span> <span class='ocrx_word' id='word_1_851' title='bbox 3383 5427 3500 5482; x_wconf 89' lang='lat' dir='ltr'>tale</span> <span class='ocrx_word' id='word_1_852' title='bbox 3513 5427 3820 5483; x_wconf 88' lang='lat' dir='ltr'>consilium</span> 
     </span>
    </p>
   </div>
   <div class='ocr_carea' id='block_1_120' title="bbox 2180 5515 3820 5592">
    <p class='ocr_par' dir='ltr' id='par_1_120' title="bbox 2180 5515 3820 5592">
     <span class='ocr_line' id='line_1_122' title="bbox 2180 5515 3820 5592; baseline -0.004 -13"><span class='ocrx_word' id='word_1_853' title='bbox 2180 5525 2390 5579; x_wconf 77' lang='lat' dir='ltr'>damus</span> <span class='ocrx_word' id='word_1_854' title='bbox 2421 5537 2432 5575; x_wconf 92' lang='lat'>:</span> <span class='ocrx_word' id='word_1_855' title='bbox 2468 5520 2525 5576; x_wconf 91' lang='lat' dir='ltr'>Si</span> <span class='ocrx_word' id='word_1_856' title='bbox 2559 5519 2793 5592; x_wconf 89' lang='lat' dir='ltr'>innupti</span> <span class='ocrx_word' id='word_1_857' title='bbox 2825 5533 3062 5574; x_wconf 82' lang='lat' dir='ltr'>manere</span> <span class='ocrx_word' id='word_1_858' title='bbox 3081 5515 3398 5582; x_wconf 88' lang='lat' dir='ltr'>voluerint,</span> <span class='ocrx_word' id='word_1_859' title='bbox 3444 5517 3668 5573; x_wconf 89' lang='lat' dir='ltr'>bonum</span> <span class='ocrx_word' id='word_1_860' title='bbox 3700 5521 3820 5584; x_wconf 86' lang='lat' dir='ltr'>est;</span> 
     </span>
    </p>
   </div>
   <div class='ocr_carea' id='block_1_121' title="bbox 2181 5605 3826 5683">
    <p class='ocr_par' dir='ltr' id='par_1_121' title="bbox 2181 5605 3826 5683">
     <span class='ocr_line' id='line_1_123' title="bbox 2181 5605 3826 5683; baseline -0.005 -12"><span class='ocrx_word' id='word_1_861' title='bbox 2181 5613 2272 5672; x_wconf 89' lang='lat' dir='ltr'>sin</span> <span class='ocrx_word' id='word_1_862' title='bbox 2307 5615 2524 5682; x_wconf 88' lang='lat' dir='ltr'>autem,</span> <span class='ocrx_word' id='word_1_863' title='bbox 2557 5609 2752 5683; x_wconf 83' lang='lat' dir='ltr'>gravis</span> <span class='ocrx_word' id='word_1_864' title='bbox 2774 5605 3117 5682; x_wconf 84' lang='lat' dir='ltr'>poenitentia</span> <span class='ocrx_word' id='word_1_865' title='bbox 3138 5606 3826 5680; x_wconf 84' lang='lat' dir='ltr'>iusidiatoriinjungatur</span> 
     </span>
    </p>
   </div>
  </div>
