4002 6054
197 242 309 297 681

816 226 821 229 Δ
925 243 1235 298 DECRETI
1276 245 1466 298 PARS
1504 246 1689 298 IX.—
1719 242 1815 295 DE
1853 240 2161 294 INCES’I‘A
2199 235 2719 301 COPULATIONE,
2762 241 2917 294 ETC.

3531 246 3638 302 682

199 371 263 420 et
301 364 482 420 simul
540 368 837 419 maneant.
873 365 942 419 Et
972 364 1021 419 si
1054 365 1439 437 supervixerit
1470 364 1875 437 praevaricator
1903 381 1953 447 Α
1987 361 2139 415 inter
2169 377 2267 415 eos
2298 376 2464 415 orare
2496 363 2591 432 qui
2627 362 2835 433 spiritu
2870 363 3277 435 periclitantur
3307 368 3639 427 immundo.

200 454 495 526 conjugii,
529 453 812 508 acerrima
845 454 1186 525 pmnitentia
1218 454 1581 521 multetur,et
1614 455 1740 510 sine
1770 470 1872 524 spe

203 542 474 614 conjugii
508 548 765 598 maneat.

201 636 347 689 CAP.
372 634 461 689 83.
486 663 553 672 —
577 633 649 687 De
669 633 857 688 eadem
878 650 958 688 re.
981 636 1061 688 Ea:
1080 635 1283 689 concil.
1314 634 1673 697 Triburiensi,
1694 649 1819 703 cap.
1838 632 1872 685 8

575 706 831 775 (Mogunt.
865 707 958 760 sub
995 707 1117 760 Car.
1146 707 1283 773 Mog.
1319 722 1367 760 ε.
1400 707 1513 776 55).

280 792 498 848 Nullus
528 794 831 865 proprium
862 794 1045 849 ﬁlium
1080 800 1183 849 aut
1220 794 1397 849 ﬁliam
1432 812 1464 849 a
1498 796 1652 849 fonte
1680 793 1870 863 bapti-

202 883 424 939 smatis
446 883 751 954 suscipiat,
779 899 881 938 nec
906 883 1143 938 ﬁliolam
1170 901 1271 939 nec
1294 889 1675 938 commatrcm
1699 883 1875 936 ducat

204 989 480 1037 uxorem,
502 987 605 1027 nec
626 972 787 1026 illam
812 974 979 1043 cujus
1010 973 1195 1026 ﬁlium
1234 974 1356 1043 [aut
1382 972 1580 1035 ﬁliam,
1604 974 1767 1042 orig.]
1800 971 1870 1024 ad

202 1062 720 1117 conﬁrmationem
746 1067 880 1117 ante
899 1066 1241 1134 episcopum
1268 1062 1655 1117 tenuerit.Ubi
1678 1065 1871 1115 autem

206 1152 435 1205 factum
470 1151 664 1216 fuerit,
689 1156 1054 1220 separentur.

206 1244 349 1295 CAP.
381 1241 470 1294 84.
503 1269 572 1281 --
616 1240 693 1294 De
734 1240 923 1295 eadem
970 1256 1048 1294 re.
1081 1241 1163 1365 Esse
1207 1240 1437 1295 concilio
1486 1238 1872 1309 Magunliensi,

945 1329 1067 1365 σαι).
1140 1354 1151 1365 .

945 1329 1067 1383 cap.
1096 1329 1151 1366 ῡ.

287 1402 473 1466 Quam
507 1400 850 1456 detestabile
882 1404 937 1455 et
969 1398 1326 1455 exsecrabile
1344 1398 1536 1454 scelus
1554 1398 1629 1453 sit
1652 1397 1876 1456 unicui-

210 1506 330 1561 que
351 1488 683 1545 Christiano
710 1488 950 1544 ﬁliolam
977 1506 1146 1544 suam
1172 1492 1719 1560 stuprare,testatur
1741 1504 1875 1541 san-

211 1583 349 1633 ctus
380 1578 695 1650 Gregorius
731 1595 883 1649 papa
914 1578 971 1632 in
1005 1577 1263 1649 Dialogis
1296 1577 1419 1633 suis
1444 1578 1562 1648 (lib.
1591 1594 1667 1643 ιν,
1692 1593 1740 1631 c.
1763 1574 1875 1645 32),

213 1667 319 1721 ubi
364 1668 538 1721 refert
590 1668 905 1738 quemdam
957 1667 1253 1721 hominem
1304 1666 1587 1737 polluisse
1638 1664 1877 1719 ﬁliolam

1983 468 2117 523 CAP.
2149 466 2236 521 90.
2269 498 2337 507 -—
2376 473 2449 522 De
2482 467 2605 543 illis
2634 471 2731 539 qui
2759 486 2882 523 cum
2908 473 3211 539 pecudibus
3260 477 3639 543 fornicanlur.

2292 543 2374 593 Ea:
2408 542 2796 594 Paenitentiali
2828 543 3087 599 Theodori
3109 546 3176 615 (c.
3212 542 3318 616 l7).

2054 627 2159 691 Qui
2192 644 2324 680 cum
2361 630 2579 697 pecude
2637 634 2853 699 peccat,
2879 633 3119 701 quidam
3147 636 3419 705 judicant
3452 654 3634 694 annos

1985 720 2068 787 10,
2104 718 2342 786 quidam
2373 722 2426 786 7,
2462 720 2699 789 quidam
2734 722 2880 776 duos
2912 725 3097 793 [tres],
3128 728 3368 796 quidam
3400 735 3634 785 centum

1983 809 2131 875 dies,
2155 808 2324 877 juxta
2355 807 2701 877 qualitatem
2734 826 3016 880 persons,
3051 816 3347 884 poeniteat.

1983 916 2117 971 CAP.
2148 916 2236 969 9t.
2292 946 2353 955 —-
2400 918 2561 991 ltem_
2590 916 2654 970 de
2702 919 3125 990 quadrupedum
3183 925 3634 991 fornicatoribus.

2418 990 2500 1042 Ere
2532 989 2768 1044 Romano
2800 989 3202 1049 Prenitenlzali.

2054 1075 2111 1129 Si
2158 1075 2375 1131 inventi
2426 1077 2641 1131 fuerint
2688 1080 2788 1149 qui
2838 1095 2973 1135 cum
3019 1084 3519 1155 quadrupedibus,
3550 1088 3640 1142 vel

1986 1166 2271 1220 masculis
2302 1170 2503 1221 contra
2535 1172 2805 1222 naturam
2839 1172 3262 1239 peccant,dura
3293 1178 3349 1228 et
3379 1175 3644 1232 districta

1986 1254 2329 1324 poenitentia
2359 1256 2663 1310 coercendi
2695 1262 2855 1313 sunt.
2878 1262 3240 1331 Quapropter
3270 1262 3529 1335 episcopi
3552 1265 3641 1320 vel

1987 1342 2311 1414 presbyteri
2330 1361 2361 1397 a
2379 1345 2897 1415 quibusjudicium
2918 1348 3266 1418 poenitentia
3289 1351 3639 1424 injungitur,

1987 1436 2271 1485 conentur
2321 1432 2598 1488 omnibus
2658 1434 2848 1490 modis
2906 1435 3013 1491 hoc
3073 1438 3295 1494 malum
3358 1442 3640 1498 radicitus

1988 1520 2310 1575 abscidere.

1986 1620 2122 1674 CAP.
2149 1619 2239 1674 92.
2269 1648 2337 1658 —-
2371 1623 2452 1673 De
2481 1619 2599 1674 illis
2630 1624 2729 1691 qui
2754 1624 3107 1691 fornicamur
3142 1628 3281 1681 sicut
3326 1628 3637 1688 Sodomitas”.

2291 1694 2374 1745 Ex
2402 1693 2792 1748 Paenitcnliali
2825 1696 3085 1751 Theodori
3116 1699 3182 1768 (c.
3221 1700 3326 1769 18).

210 1773 407 1812 suam.
434 1756 502 1811 Et
533 1757 673 1827 quia
704 1756 958 1827 neglexit
1002 1756 1407 1827 paenitentiam
1462 1772 1653 1826 agere,
1687 1753 1882 1809 subito

2292 1744 2321 1745 ρ
2456 1744 2489 1746 κ-
2827 1744 3075 1751 “me-..
3116 1744 3182 1768 νη
3221 1744 3326 1769 --,.

2061 1777 2168 1841 Qui
2201 1779 2521 1835 fornicatus
2567 1781 2743 1837 fuerit
2790 1783 2943 1838 sicut
2988 1787 3321 1855 Sodomita,
3347 1790 3397 1844 si
3438 1807 3639 1847 servus

210 1844 540 1901 miserabili
564 1846 767 1900 morbo
785 1851 1085 1917 correptus
1105 1845 1502 1916 exspiravit,et
1519 1842 1745 1914 sepulto
1765 1860 1880 1897 non

208 1934 407 1989 solum
440 1951 673 2006 corpus,
708 1935 807 1989 sed
841 1934 1017 1989 etiam
1053 1951 1226 1990 omne
1253 1933 1592 2005 sepulcrum
1620 1932 1775 2004 ignis
1799 1932 1883 1986 in-

210 2023 469 2077 visibilis
503 2024 890 2093 consumpsit.

215 2116 353 2167 CAP.
378 2114 466 2165 85.
492 2143 559 2152 —
588 2114 662 2166 De
692 2112 1021 2166 mulieribus
1046 2129 1165 2183 qua:
1193 2113 1379 2182 aliquo
1413 2112 1701 2166 molimine
1731 2114 1883 2165 inter

290 2200 349 2238 se
378 2186 750 2252 fornicamur.
781 2186 862 2238 Es:
910 2185 1307 2238 Pwnitcnliali
1352 2183 1609 2238 Theodori
1658 2186 1878 2252 (Pienil.

297 2256 447 2309 Rom.
483 2257 569 2309 tit.
605 2273 689 2321 Ill,
723 2271 768 2309 c.
800 2255 905 2325 15).

294 2344 497 2399 Mulier
538 2360 889 2416 quocunque
922 2343 1246 2410 molimine,
1280 2348 1381 2398 aut
1414 2344 1472 2397 in
1508 2360 1568 2399 se
1599 2344 1748 2414 ipsa,
1782 2347 1883 2398 aut

218 2449 354 2487 cum
387 2433 571 2488 altera
600 2433 915 2499 fornicans,
948 2434 1096 2488 duos
1128 2450 1313 2488 annos
1346 2433 1639 2505 poeniteat.

218 2542 356 2597 CAP.
388 2542 477 2595 86.
513 2571 583 2581 -—-
613 2542 687 2596 De
715 2541 1257 2609 sanctimonialibus,
1306 2543 1353 2595 si
1400 2542 1547 2595 inter
1596 2556 1652 2594 se
1694 2541 1881 2610 forni-

769 2617 987 2667 centur.
1022 2614 1095 2666 De
1131 2613 1333 2667 eodem.

291 2701 351 2755 Si
380 2701 848 2757 sanctimonialis
881 2718 1013 2756 cum
1048 2701 1163 2756 alia
1195 2699 1629 2756 sanctimoniali
1656 2716 1758 2771 per
1789 2699 1884 2758 ali.

223 2790 379 2861 quod
431 2789 974 2845 machinamentum
1025 2790 1318 2845 fornicata:
1361 2790 1598 2859 fuerint,
1631 2790 1663 2841 7
1696 2805 1883 2843 annos

224 2879 564 2952 pceniteant.

225 2970 359 3025 CAP.
394 2970 483 3023 87.
519 2999 587 3009 ——
620 2969 690 3024 De
716 2969 952 3024 muliere
1009 2984 1133 3040 quae
1188 2984 1316 3023 cum
1376 2968 1550 3022 altera
1604 2970 1883 3037 fornicata

481 3043 671 3112 fuerit.
707 3044 797 3095 Ea:
824 3040 1061 3096 concilio
1091 3042 1407 3111 Ancyrano,
1440 3057 1557 3109 cap.
1590 3044 1623 3093 8

1990 1873 2102 1932 est,
2130 1868 2325 1939 scopis
2378 1870 2762 1941 castigabitur
2812 1878 2866 1927 et
2912 1875 2946 1925 2
2995 1891 3177 1931 annos
3228 1877 3543 1947 pmniteat:
3590 1880 3640 1935 si

1991 1956 2138 2011 liber
2168 1961 2257 2012 est
2290 1960 2659 2029 conjugatus,
2702 1962 2762 2013 l0
2793 1977 3008 2029 annos;
3045 1962 3093 2018 si
3123 1965 3641 2038 privatus,septem

1990 2063 2176 2101 annos
2211 2046 2508 2117 poeniteat.
2551 2049 2699 2103 Puer
2733 2050 2833 2103 100
2864 2050 3009 2118 dies,
3044 2052 3095 2107 si
3129 2052 3185 2106 in
3216 2057 3645 2111 consuetudine

1991 2139 2111 2202 est;
2144 2134 2330 2189 laicus
2370 2137 2745 2207 conjugatus,
2779 2138 2827 2193 si
2878 2139 2936 2194 in
2988 2143 3417 2198 consuetudine
3448 2144 3644 2209 habet,

1992 2225 2059 2278 15
2089 2240 2275 2279 annos
2302 2226 2599 2295 pmniteat.
2636 2226 2694 2280 Si
2722 2244 2790 2281 ex
2822 2229 3131 2285 ordinibus
3171 2237 3259 2286 est
3297 2237 3355 2287 et
3401 2234 3458 2287 in
3508 2251 3649 2289 con—

1990 2314 2302 2368 suetudine
2336 2314 2530 2381 habet,
2549 2314 2927 2386 degradatus,
2943 2324 3007 2372 ut
3025 2319 3210 2374 laicus
3232 2321 3648 2391 poeniteat.Qui

1989 2407 2188 2458 autem
2220 2420 2355 2457 cum
2387 2404 2562 2459 fratre
2586 2406 2835 2460 naturali
2860 2408 3179 2463 fornicatus
3204 2410 3504 2482 fuerit,per
3525 2418 3646 2466 tam

1990 2492 2290 2547 sordidam
2340 2493 2837 2564 commistionem,
2867 2497 2937 2550 ab
2966 2498 3125 2551 omni
3158 2515 3332 2553 carne
3363 2517 3425 2554 se
3456 2501 3642 2555 absti-

1990 2580 2247 2647 neat,vel
2274 2582 2370 2650 [et]
2394 2581 2461 2635 15
2478 2598 2661 2637 annos
2685 2584 2991 2654 pceniteat;
3026 2586 3073 2640 si
3108 2586 3353 2642 clericus
3384 2594 3491 2659 est,
3516 2605 3641 2644 am-

1990 2670 2142 2743 plius
2174 2669 2311 2741 pelli
2341 2672 2533 2726 debet.

1990 2774 2122 2824 CAP.
2154 2770 2243 2823 93.
2277 2800 2343 2845 -_-—
2375 2771 2447 2824 De
2496 2772 2709 2845 clericis
2740 2774 2823 2826 vel
2848 2774 3129 2828 monachis
3172 2778 3222 2829 si
3268 2778 3479 2845 fuerint
3524 2794 3643 2831 ma-

2182 2842 2461 2895 sculorum
2495 2841 2861 2899 insectatores.
2899 2849 2981 2901 Ere
3010 2846 3172 2900 dictis
3204 2841 3434 2902 Basilii.

2059 2929 2316 2985 Clericus
2343 2930 2431 2985 vel
2466 2932 2789 2988 monachus
2814 2938 2876 2988 ut
2894 2935 3267 3005 parvulorum
3303 2938 3642 3005 insectator,

1990 3018 2076 3073 vel
2111 3020 2208 3090 qui
2243 3019 2442 3076 osculo
2464 3020 2552 3075 vel
2570 3020 2766 3090 aliqua
2799 3024 3103 3080 occasione
3132 3025 3291 3096 turpi
3320 3027 3649 3098 deprehen-

298 3109 503 3185 Mulie'r
563 3129 610 3185 si
665 3146 799 3184 cum
861 3130 1104 3185 muliere
1166 3109 1448 3184 τότηίοίηᾶ
1510 3128 1702 3196 fuerit,
1738 3128 1886 3182 duos
1920 3109 1960 3175 C
2003 3125 2106 3163 sus
2133 3109 2326 3179 fuerit,
2360 3110 2592 3180 publice
2629 3111 2985 3179 verberetur,
3019 3117 3077 3167 et
3124 3130 3352 3169 comam
3402 3114 3654 3178 amittat,

228 3236 416 3276 annos
446 3220 745 3291 paeniteat.
778 3219 873 3275 Sic
903 3222 960 3274 et
986 3218 1087 3273 illa
1117 3236 1243 3290 quas
1276 3235 1476 3273 semen
1507 3217 1614 3271 viri
1647 3217 1740 3272 sui
1773 3217 1888 3270 mi-

228 3313 351 3365 scet
371 3309 525 3379 cibo,
546 3313 609 3363 ut
632 3307 766 3363 inde
789 3308 923 3380 plus
954 3308 1084 3378 ejus
1115 3307 1365 3380 accipiat
1396 3322 1679 3377 amorem,
1703 3305 1889 3377 pmni-

226 3403 367 3454 teat.

228 3489 361 3543 CAP.
386 3488 476 3543 88.
499 3517 569 3527 —
599 3489 669 3542 De
698 3486 815 3540 illis
844 3488 941 3558 qui
970 3486 1432 3558 irrationabiliter
1463 3486 1777 3539 versantur.
1812 3485 1893 3537 Ex

628 3557 862 3613 concilio
893 3560 1212 3629 Ancyrano,
1243 3574 1366 3625 cap.
1400 3557 1488 3611 45.

298 3648 381 3703 De
418 3647 507 3703 his
539 3649 640 3720 qui
670 3647 1156 3703 irrationabiliter
1193 3646 1405 3701 versati
1438 3649 1577 3700 sunt
1608 3644 1728 3699 sive
1758 3659 1887 3698 ver-

230 3742 460 3806 santur,
485 3737 542 3792 id
577 3741 685 3805 est,
712 3737 812 3807 qui
836 3753 967 3791 cum
994 3736 1303 3807 pecoribus
1325 3740 1383 3788 et
1406 3733 1688 3789 masculis
1713 3750 1773 3788 se
1794 3750 1890 3787 co-

229 3826 692 3897 inquinaverint,
719 3828 1005 3896 quotquot
1035 3830 1172 3880 ante
1200 3825 1271 3878 20
1302 3824 1488 3877 aetatis
1519 3839 1637 3877 sua}
1669 3839 1889 3877 annum

230 3915 347 3970 tale
381 3915 603 3970 crimen
636 3915 1060 3981 commiserint,
1082 3916 1149 3969 15
1178 3914 1351 3969 annis
1382 3912 1600 3968 exactis
1632 3912 1689 3966 in
1716 3912 1895 3983 pceni-

231 4005 435 4071 tentia,
453 4004 929 4059 communionem
955 4008 1293 4059 mereantur
1315 4002 1892 4058 orationum.Deinde

235 4094 640 4166 quinquennio
662 4094 718 4147 in
743 4094 852 4148 hac
874 4093 1288 4149 communione
1310 4093 1610 4158 durantes,
1630 4096 1768 4146 tunc
1789 4091 1891 4146 de-

237 4200 398 4238 mum
426 4183 740 4238 oblationis
762 4188 1133 4237 sacramenta
1153 4183 1515 4252 contingant.
1533 4180 1894 4236 Discutiatur

234 4277 428 4329 autem
462 4277 520 4327 et
550 4273 671 4327 vita
703 4289 932 4337 eorum,
957 4270 1149 4341 qualis
1198 4276 1461 4341 tempore
1509 4268 1892 4341 pmnitudinis

236 4362 543 4429 exstiterit,
563 4366 619 4417 et
642 4361 725 4415 ita
756 4359 1219 4415 misericordiam
1242 4364 1702 4430 consequantur.
1729 4358 1889 4423 Quod

2001 3197 2448 3269 decalvatusque
2506 3199 2755 3270 turpiter
2813 3204 3204 3271 sputamentis
3264 3203 3545 3258 oblinitus
3594 3205 3652 3257 in

2002 3286 2165 3351 facie,
2200 3286 2571 3359 vinculisque
2602 3294 2859 3345 arctatus
2891 3291 3115 3360 ferreis,
3150 3292 3649 3348 carceraliﬁmen-

2002 3377 2166 3430 sibus
2197 3379 2470 3447 angustia
2510 3384 2855 3447 maceretur,
2889 3384 2947 3434 et
2975 3381 3171 3435 triduo
3204 3398 3303 3451 per
3335 3381 3655 3437 hebdoma-

2003 3466 2106 3521 das
2139 3467 2404 3535 singulas
2437 3484 2505 3521 ex
2538 3485 2683 3538 pane
2733 3470 3051 3525 hordeaceo
3084 3472 3154 3525 ad
3188 3487 3490 3543 vesperam
3521 3474 3655 3527 reﬁ-

2002 3554 2209 3609 ciatur.
2233 3555 2367 3609 Post
2398 3556 2517 3609 haec
2548 3555 2677 3611 aliis
2707 3559 2741 3611 6
2774 3559 3078 3614 mensibus
3110 3561 3222 3615 sub
3254 3561 3502 3616 senioris
3532 3561 3651 3633 spi-

2002 3642 2229 3698 ritualis
2274 3644 2545 3699 custodia
2600 3651 2897 3718 segregata
2954 3648 3012 3702 in
3068 3649 3354 3704 curticula
3410 3651 3650 3721 degens,

2001 3733 2162 3801 operi
2194 3748 2477 3787 manuum
2526 3741 2579 3788 et
2627 3736 2874 3790 orationi
2925 3737 3002 3792 sit
3049 3738 3333 3809 intentus,
3360 3739 3576 3807 vigiliis
3601 3744 3656 3793 et

2002 3822 2234 3876 ﬂetibus
2266 3822 2588 3892 subjectus,
2613 3828 2669 3878 et
2704 3826 2811 3880 sub
2842 3828 3107 3882 custodia
3140 3844 3371 3898 semper
3400 3829 3653 3883 duorum

2002 3910 2248 3965 fratrum
2308 3911 2706 3982 spiritualium
2766 3914 3046 3981 ambulet,
3096 3915 3255 3971 nulla
3306 3916 3530 3987 privata
3578 3916 3658 3969 lo-

2002 3999 2236 4054 cutione
2292 4002 2378 4054 vel
2438 4001 2680 4056 consilio
2738 4004 3011 4075 deinceps
3050 4006 3367 4075 juvenibus
3416 4006 3657 4075 conjun-

2001 4089 2249 4160 gendus.

2161 4179 2289 4233 CAP.
2322 4178 2413 4232 9’1.
2447 4208 2513 4218 -ο
2545 4180 2617 4233 De
2644 4180 2829 4234 eadem
2859 4197 2935 4235 re.
2966 4182 3047 4235 Es:
3075 4181 3239 4238 dictis
3269 4184 3487 4239 Isidori.

2074 4267 2132 4321 Si
2167 4267 2298 4337 quis
2331 4283 2395 4322 ex
2422 4268 2766 4337 juvenibus,
2798 4269 2885 4324 vel
2935 4270 3133 4341 aliqua
3165 4273 3495 4342 suspiciosa
3524 4290 3656 4343 per-

2003 4372 2147 4410 sona
2172 4373 2304 4411 cum
2342 4356 2599 4427 parvulis
2634 4359 2867 4427 jocatus
2916 4360 3114 4426 fuerit,
3144 4362 3425 4418 diuturna
3473 4363 3656 4434 pceni-

235 4452 282 4506 si
308 4450 737 4521 inexplebiliter
766 4450 859 4505 his
882 4449 1100 4505 haesere
1119 4448 1491 4514 criminibus,
1510 4449 1580 4502 ad
1605 4448 1890 4518 agendam
1925 4479 1970 4542 Ι)
2005 4444 2187 4499 tentia
2220 4450 2565 4501 maceretur.

236 4540 639 4611 pmnitentiam
675 4538 961 4609 prolixius
993 4542 1227 4609 tempus
1258 4538 1894 4607 insumant.Quotquot

239 4633 431 4684 autem
458 4628 679 4698 post20
701 4644 888 4682 annos
918 4626 1106 4682 aatatis
1139 4642 1347 4682 uxores
1380 4627 1661 4681 habentes
1692 4626 1750 4680 in
1784 4626 1894 4681 hoc

238 4720 473 4790 peccato
502 4716 762 4789 prolapsi
794 4717 1043 4785 sunt,25
1072 4732 1257 4771 annos
1290 4715 1686 4787 paenitentiam
1720 4732 1894 4786 agen~

237 4810 323 4860 tes
356 4806 427 4859 ad
460 4805 745 4861 orationis
777 4804 1251 4860 communionem
1286 4804 1662 4874 recipiantur.
1689 4805 1746 4857 ln
1781 4819 1898 4874 qua

241 4894 647 4966 quinquennio
696 4895 1103 4965 perdurantes,
1150 4898 1293 4949 tunc
1344 4892 1653 4947 oblationis
1700 4909 1898 4947 sacra-

240 4987 439 5038 menta
468 4982 817 5054 percipiant.
851 4983 1013 5047 Quod
1048 4982 1095 5037 si
1130 4982 1230 5053 qui
1265 4986 1322 5037 et
1354 4998 1563 5036 uxores
1613 4981 1898 5036 habentes

238 5077 294 5129 et
327 5072 806 5128 transcendentes
867 5071 1426 5142 quinquagesimum
1462 5088 1680 5125 annum
1713 5072 1900 5125 aetatis

237 5162 318 5217 ita
368 5160 742 5233 deliquerint,
793 5162 863 5215 ad
906 5165 1231 5237 extremum
1281 5161 1407 5216 vitae
1463 5159 1899 5215 communionis

240 5251 494 5325 gratiam
527 5254 988 5322 consequantur.

371 5340 503 5399 CAP.
536 5343 627 5397 89.
661 5371 729 5381 ——-
764 5342 836 5395 De
864 5340 1049 5395 eadem
1076 5355 1174 5464 νῖέ
1193 5342 1276 5393 Ex
1301 5339 1488 5395 eodem
1519 5339 1773 5405 concilio,

954 5428 1071 5464 car).
1182 5452 1195 5464 .

954 5428 1071 5481 cap.
1110 5428 1195 5464 10.

316 5507 428 5561 Eos
462 5504 561 5575 qui
594 5499 1075 5557 irrationabiliter
1115 5498 1383 5567 vixerint,
1416 5502 1474 5554 et
1502 5499 1666 5570 lepra
1695 5498 1905 5569 injusti

256 5595 521 5653 criminis
552 5593 701 5648 alios
745 5589 1079 5663 polluerint,
1114 5588 1386 5660 praecepit
1416 5592 1617 5644 sancta
1646 5588 1905 5660 synodus

566 5720 829 5779 PATROL.
874 5716 1075 5777 CLXI.

2188 4552 2322 4607 CAP.
2354 4552 2443 4608 95.
2477 4555 2548 4609 De
2577 4553 2765 4608 eadem
2794 4571 2874 4609 re.
2902 4557 2982 4609 Ea:
3012 4556 3174 4610 dictis
3200 4557 3460 4627 ejusdem.

2074 4643 2133 4697 Si
2165 4643 2566 4713 deprehensus
2616 4644 2791 4697 fuerit
2839 4644 3052 4715 aliquis
3087 4646 3263 4701 frater
3290 4647 3488 4703 ludere
3519 4665 3655 4703 cum

2006 4732 2225 4804 pueris,
2259 4736 2315 4786 et
2356 4731 2568 4787 habere
2628 4733 2919 4788 amicitias
2978 4736 3167 4789 aetatis
3230 4736 3496 4806 infirmae,
3548 4743 3665 4792 ter-

2007 4821 2086 4875 tio
2119 4825 2561 4875 commoneatur
2602 4826 2665 4875 ut
2713 4838 2932 4877 memor
2981 4823 3058 4877 sit
3106 4824 3458 4890 honestatis,
3491 4830 3663 4896 atque

2007 4910 2235 4963 timoris
2264 4908 2405 4977 Dei;
2453 4908 2503 4963 si
2554 4926 2667 4964 non
2714 4914 3047 4981 cessaverit,
3084 4914 3453 4969 severissime
3483 4915 3662 4969 corri-

2008 4998 2225 5068 piatur.

2009 5107 2143 5160 CAP.
2164 5105 2265 5179 796.
2298 5134 2366 5146 --
2405 5109 2485 5159 De
2514 5122 2573 5159 eo
2604 5108 2702 5175 qui
2739 5109 3087 5176 spiritualem
3119 5110 3283 5163 liabet
3314 5119 3665 5179 compatrem,

2080 5178 2236 5249 cujus
2265 5193 2413 5230 uxor
2431 5183 2732 5249 commater
2760 5195 2867 5232 non
2902 5184 2998 5245 est,
3023 5185 3074 5234 et
3104 5197 3162 5234 eo
3193 5178 3531 5248 defuncto,si
3551 5184 3668 5249 ejus

2082 5248 2307 5303 viduam
2353 5248 2521 5317 possit
2569 5249 2761 5303 ducere
2790 5267 3037 5305 uxorem.
3072 5254 3155 5305 Eo:
3203 5254 3434 5306 concilio
3483 5248 3668 5306 Tribu-

2082 5322 2281 5389 riensi,
2313 5336 2428 5389 cap.
2467 5322 2553 5388 47,
2586 5324 2677 5375 cui
2710 5322 2961 5392 interfuit
2994 5339 3094 5376 res:
3123 5324 3452 5392 Arnulphus.

2083 5409 2193 5479 (30,
2228 5426 2285 5480 q.
2330 5409 2382 5477 4,
2425 5425 2473 5461 c.
2521 5412 2633 5480 Qui
2684 5411 3079 5481 spiritualem.)
3130 5412 3237 5476 Qui
3296 5410 3664 5482 spiritualem

2014 5497 2189 5553 habet
2238 5502 2617 5569 compatrem,
2669 5500 2840 5570 cujus
2890 5500 3075 5554 ﬁlium
3127 5501 3196 5554 de
3240 5499 3467 5556 lavacro
3517 5503 3667 5557 sacri

2016 5586 2192 5643 fontis
2225 5586 2469 5657 accepit,
2503 5591 2559 5641 et
2589 5587 2716 5657 ejus
2752 5605 2893 5644 uxor
2926 5593 3246 5646 commater
3295 5607 3411 5646 non
3454 5596 3563 5662 est,
3593 5592 3667 5647 li-

3252 5720 3331 5779 22
