3972 6064
315 230 422 283 683

310 441 372 496 in
405 457 643 496 uxorem
676 440 725 495 si
758 438 980 494 nullam
1012 440 1228 493 habent
1266 433 1798 506 consanguinitatis
1830 447 1968 502 pro-

312 530 724 601 pinquitatem.
743 528 887 592 Quid
905 526 1094 582 enim?
1116 525 1392 595 Nunquid
1419 541 1533 578 non
1567 525 1816 594 possunt
1838 535 1969 574 con-

305 618 506 690 jungi,
527 634 674 688 quos
708 616 870 671 nulla
901 613 1241 684 proximitas
1271 612 1546 682 carnalis,
1576 610 1664 667 vel
1697 610 1754 664 in
1787 608 1844 662 id
1876 621 1971 677 ge-

313 707 538 764 neratio
569 704 819 761 secernit
845 700 1172 774 spiritualis
1189 702 1216 754 ?

310 849 443 904 ΟΑΡ.
478 848 649 901 97.-—
672 847 859 901 Utrum
901 843 1024 912 quis
1060 841 1253 912 ﬁliam
1289 842 1613 910 spiritualis
1650 840 1969 896 commatris

381 933 501 974 suae
557 933 786 971 uxorem
841 911 1067 969 ducere
1098 915 1283 985 possit.
1347 919 1429 969 Ex
1485 913 1669 969 eodem
1711 911 1966 980 concilio,

380 1007 500 1045 can.
535 990 621 1042 48.

440 1007 500 1061 ρ.
535 1007 621 1042 ab.

379 1103 529 1159 Illud
563 1101 738 1158 etiam
772 1115 878 1156 nec
909 1099 1192 1155 canonica
1222 1098 1593 1154 institutione
1624 1097 1966 1166 definimus,

307 1209 413 1248 nec
433 1190 846 1247 interdictione
867 1189 1066 1262 aliqua
1096 1189 1441 1258 refutamus,
1464 1188 1566 1242 sed
1611 1190 1846 1257 propter
1871 1202 1969 1241 eos

309 1282 409 1353 qui
440 1281 667 1336 diverse
691 1280 760 1334 de
784 1295 849 1334 eo
873 1278 1160 1347 sentiunt,
1183 1276 1293 1332 hoc
1315 1276 1440 1333 loco
1466 1275 1684 1347 aliquid
1712 1291 1969 1328 comme-

221 1387 234 1395 “
311 1370 707 1427 moramus.Si
739 1367 870 1439 quis
901 1384 1018 1423 suae
1050 1365 1378 1438 spiritualis
1408 1364 1756 1420 commatris
1785 1362 1967 1416 ﬁliam

308 1461 642 1528 fortuito,et
662 1459 745 1513 ita
766 1458 1144 1528 contingente
1169 1472 1364 1511 rerum
1389 1471 1528 1509 casu
1552 1454 1610 1508 in
1635 1453 1970 1525 conjugium

310 1550 565 1618 duxerit,
598 1545 866 1621 (consilio
899 1546 1204 1601 maturiori
1255 1543 1508 1614 servato)
1534 1543 1765 1610 habeat,
1799 1547 1970 1611 atque

308 1640 553 1694 honeste
583 1637 847 1710 legitimo
873 1634 1148 1707 coniugio
1180 1649 1415 1706 operam
1447 1634 1562 1688 det.

312 1783 444 1838 CAP.
476 1781 567 1835 98.
602 1810 670 1820 —-
697 1780 771 1834 De
799 1778 1034 1849 quodam
1063 1778 1381 1854 quianam
1420 1775 1653 1854 ﬁliolam
1705 1772 1977 1854 spiritua:

387 1856 494 1907 lem
551 1848 1020 1920 constupraverat.
1054 1850 1137 1903 Ex
1178 1849 1274 1903 lib.
1310 1848 1670 1916 Dialogorum
1725 1848 1975 1916 Gregorii

387 1924 510 1990 (lib.
545 1940 620 1990 1v,
650 1940 696 1977 ε.
725 1922 836 1993 32).

385 2038 669 2094 Terribile
721 2037 895 2091 etiam
943 2035 1220 2106 quiddam
1265 2035 1326 2089 in
1373 2033 1619 2088 Valeriae
1679 2032 1977 2104 provincia

316 2127 631 2200 contigisse
659 2125 746 2180 vir
775 2123 1130 2180 venerabilis
1153 2123 1546 2178 Maximianus
1572 2128 1974 2194 Syracusanus

316 2217 650 2289 episcopus,
675 2214 775 2286 qui
795 2215 893 2268 diu
927 2213 987 2268 in
1021 2213 1129 2268 hac
1149 2213 1292 2268 urbe
1311 2228 1438 2266 meo
1464 2211 1820 2267 monasterio
1840 2228 1980 2282 prae-

316 2307 692 2373 fuit,narrare
706 2303 1012 2358 consuevit
1029 2300 1252 2356 dicens:
1277 2321 1303 2352 α
1321 2300 1564 2366 Quidam
1581 2299 1822 2356 curialis
1836 2299 1973 2369 illic,

316 2393 719 2449 sacratissima
753 2390 1013 2464 paschali
1050 2389 1326 2454 Sabbato,
1354 2386 1731 2458 juvenculam
1774 2388 1976 2456 cujus-

313 2485 450 2538 dam
482 2482 663 2537 ﬁliam
697 2482 756 2535 in
788 2481 1144 2551 baptismate
1176 2478 1457 2548 suscepit.
1487 2477 1593 2540 Qui
1645 2481 1779 2548 post
1821 2476 1976 2546 jeju-

310 2573 475 2631 nium
500 2573 740 2627 domum
761 2585 1054 2636 reversus,
1082 2567 1268 2622 multo
1292 2567 1426 2622 vino
1449 2565 1795 2629 inebriatus,
1813 2581 1976 2620 eam—

311 2661 445 2715 dem
495 2657 738 2712 ﬁliolam
790 2671 959 2710 suam
1007 2670 1206 2709 secum
1240 2668 1478 2708 manere
1510 2653 1696 2724 petiit,
1727 2667 1977 2722 eamque

311 2753 479 2804 nocte
508 2746 610 2802 illa
640 2745 819 2816 (quod
853 2744 1014 2798 dictu
1047 2743 1212 2798 nefas
1245 2742 1378 2812 est!)
1404 2741 1678 2813 perdidit.
1713 2745 1978 2810 Cumque

314 2853 484 2892 mane
517 2835 668 2890 facto
701 2832 1074 2898 surrexisset,
1118 2847 1254 2886 reus
1303 2830 1561 2901 cogitare
1608 2829 1782 2899 cmpit
1812 2835 1874 2883 ut
1905 2831 1976 2883 ad

313 2924 593 2980 balneum
627 2924 995 2992 pergeret,ac
1029 2919 1113 2974 sic
1144 2935 1295 2989 aqua
1329 2918 1517 2972 balnei
1538 2918 1760 2972 lavaret
1781 2934 1978 2972 macu-

313 3015 429 3068 lam
462 3011 703 3083 peccati.
739 3009 995 3064 Perrexit
1051 3007 1251 3079 igitur,
1285 3005 1447 3072 lavit,
1485 3006 1656 3076 ccepit
1689 3007 1976 3076 trepidate

1398 229 1466 278 D.
1508 223 1750 277 IVONIS
1786 219 2296 284 CARNOTENSIS
2318 220 2640 274 EPISCOPI

313 358 441 408 oeat
469 351 836 420 ei,defuncto
859 353 1155 421 compatre
1172 365 1303 414 suo,
1326 348 1454 418 ejus
1484 346 1722 400 viduam
1755 344 1968 397 ducere
1994 345 2050 408 Α

2005 1711 2052 1775 Β

3628 222 3744 278 684

2149 342 2378 418 spiritu_
2406 344 2828 418 fornicationis.
2864 346 2971 418 gEa:
3034 344 3195 400 dictis
3252 346 3560 418 Paphnutii
3615 363 3747 402 ere-

2150 416 2306 469 mitu,’
2334 414 2415 484 (in
2450 418 2595 469 Vitis
2625 416 2899 485 Patrum).

2152 519 2397 583 Quidam
2427 522 2604 576 frater
2630 522 2956 578 molestiam
2992 524 3324 579 sustinebat
3346 525 3606 596 aspiritu
3631 525 3751 582 for-

2080 607 2410 664 nicationis.
2445 610 2607 664 Abiit
2651 616 2846 666 autem
2897 613 2968 666 ad
3019 613 3504 683 probatissimum
3540 616 3746 670 senio-

2078 702 2301 763 rem,et
2330 700 2680 768 precabatur
2707 717 2840 755 eum
2875 701 3101 758 dicens:
3134 724 3158 753 «
3193 707 3347 758 Pone
3379 704 3483 758 tibi
3518 703 3745 761 sollici-

2078 785 2370 852 tudinem,
2433 789 2770 844 beatissime
2820 789 3005 856 Pater,
3041 795 3097 845 et
3145 808 3246 846 ora
3296 808 3398 864 pro
3449 809 3563 863 me,
3598 793 3748 864 quia

2079 874 2334 944 graviter
2373 875 2682 948 impugnat
2730 895 2823 932 me
2869 879 3067 949 passio
3101 881 3572 937 fornicationis.»
3612 887 3750 938 Haec

2079 979 2214 1017 cum
2245 965 2510 1020 audisset
2542 965 2757 1034 senior,
2791 967 2994 1022 orabat
3045 968 3269 1025 intente
3297 971 3504 1025 diebus
3535 988 3603 1026 ac
3635 988 3749 1027 no-

2080 1052 2293 1120 ctibus,
2319 1070 2421 1123 pro
2445 1069 2510 1107 eo
2534 1055 2856 1126 deprecans
2879 1058 3105 1111 Domini
3125 1059 3613 1114 misericordiam.
3641 1061 3750 1116 lte-

2081 1156 2209 1194 rum
2243 1146 2434 1195 autem
2467 1143 2733 1198 veniebat
2764 1144 2919 1199 idem
2951 1146 3151 1211 frater,
3185 1151 3242 1200 et
3271 1148 3515 1219 rogabat
3545 1149 3748 1203 senio-

2081 1243 2202 1281 rem
2237 1233 2300 1282 ut
2331 1229 2518 1300 magis
2539 1231 2818 1285 intentius
2852 1250 2953 1304 pro
2981 1251 3046 1287 eo
3079 1239 3289 1290 oraret.
3319 1235 3604 1291 Similiter
3633 1255 3745 1292 au-

2080 1320 2196 1370 tem
2225 1333 2358 1371 cum
2390 1319 2551 1374 omni
2581 1319 2980 1378 sollicitudine
3002 1324 3206 1378 beatus
3231 1324 3426 1380 senior
3454 1325 3749 1381 intentius

2079 1407 2284 1460 orabat
2331 1423 2435 1476 pro
2467 1424 2554 1462 co.
2588 1409 2948 1480 Frequenter
2981 1418 3176 1467 autem
3207 1414 3537 1468 venientem
3571 1416 3641 1469 ad
3681 1431 3747 1469 se

2083 1494 2434 1549 monachum
2467 1495 2670 1551 videns
2697 1498 2892 1554 senior
2921 1505 2980 1555 et
3009 1501 3418 1572 deprecantem
3443 1519 3505 1558 se
3528 1509 3590 1558 ut
3611 1520 3745 1558 ora-

2083 1587 2192 1646 rut,
2212 1583 2378 1638 valde
2409 1585 2788 1642 contristatus
2812 1588 3215 1645 admirabatur
3246 1591 3385 1662 quia
3411 1607 3524 1647 non
3559 1608 3749 1647 exau-

2084 1672 2234 1726 diret
2265 1673 2545 1729 Dominus
2575 1675 2867 1732 orationes
2911 1679 3061 1748 ejus.
3096 1680 3306 1734 Eadem
3345 1685 3538 1735 autem
3571 1686 3746 1736 nocte

2085 1760 2355 1816 revelavit
2403 1762 2453 1817 ei
2502 1763 2804 1834 Dominus,
2839 1783 2964 1838 qure
2997 1767 3150 1822 circa
3181 1768 3349 1823 illum
3383 1770 3746 1825 monachum

2085 1857 2271 1922 erant,
2305 1855 2674 1926 negligentiae
2706 1861 2760 1910 et
2791 1856 3031 1928 ignaviae
3077 1858 3517 1927 resolutionem,
3551 1865 3608 1915 et
3639 1862 3746 1916 de-

2085 1942 2423 1999 lectationcs
2456 1945 2633 2000 fortes
2665 1963 2974 2017 corporeae
3018 1948 3211 2002 cordis
3247 1951 3397 2020 ejus.
3426 1953 3512 2004 Ita
3542 1954 3745 2004 autem

2087 2037 2385 2088 ostensum
2419 2041 2506 2089 est
2537 2040 2739 2090 sancto
2772 2037 2985 2091 seniori
3013 2053 3027 2092 :
3061 2038 3220 2092 Vidit
3242 2039 3538 2093 sedentem
3572 2039 3745 2092 illum

2088 2122 2464 2186 monachum,
2516 2128 2573 2178 et
2629 2124 2903 2196 spiritum
2939 2126 3342 2182 fornicationis
3391 2127 3449 2180 in
3500 2127 3751 2182 diversis

2088 2211 2405 2266 mulierum
2451 2213 2655 2267 formis
2701 2218 2836 2268 ante
2880 2213 3050 2268 illum
3100 2215 3422 2285 ludentem,
3454 2221 3510 2270 et
3547 2215 3752 2286 ipsum

2085 2299 2495 2354 condelectari.
2519 2301 2760 2357 Videbat
2791 2306 2848 2356 et
2878 2302 3152 2374 angelum
3192 2304 3418 2358 Domini
3453 2310 3748 2360 astantem

2087 2394 2146 2443 et
2174 2389 2579 2459 indignantem
2613 2390 2864 2461 graviter
2911 2397 3115 2447 contra
3162 2393 3435 2447 eumdem
3483 2394 3756 2465 fratrem,

2087 2478 2224 2546 quia
2254 2495 2364 2531 non
2403 2479 2680 2548 surgebat
2711 2495 2899 2550 neque
2936 2481 3345 2551 prosternebat
3365 2498 3426 2536 se
3450 2483 3509 2536 in
3536 2483 3758 2538 oratio-

2089 2565 2261 2619 nibus
2289 2566 2359 2620 ad
2395 2567 2729 2631 Dominum,
2764 2569 2862 2622 sed
2893 2569 3081 2640 magis
3132 2569 3536 2625 delectabatur
3567 2570 3628 2624 in
3657 2588 3757 2626 co-

2087 2653 2474 2723 gitationibus
2521 2655 2668 2709 suis.
2703 2655 2831 2711 Haec
2861 2672 2997 2728 ergo
3031 2662 3270 2713 ostensa
3301 2663 3441 2714 sunt
3467 2677 3568 2730 per
3593 2677 3755 2715 reve-

2086 2739 2365 2795 lationem
2399 2746 2599 2796 sancto
2630 2742 2865 2799 seniori.
2896 2743 3175 2816 Cognovit
3194 2751 3388 2800 autem
3414 2747 3552 2817 quia
3573 2747 3754 2818 culpa

2088 2833 2210 2883 erat
2241 2834 2298 2883 et
2330 2829 2681 2901 negligentia
2711 2831 2870 2886 illius
2906 2833 3206 2901 monachi,
3241 2841 3305 2888 ut
3352 2851 3466 2889 non
3506 2837 3755 2890 cxnudi-

2089 2921 2293 2972 rentur
2313 2919 2603 2974 orationes
2627 2920 2774 2990 ejus.
2793 2921 2852 2974 El
2876 2925 3015 2976 tunc
3039 2922 3186 2977 dixit
3211 2923 3262 2977 ei
3286 2923 3510 2978 senior:
3541 2947 3568 2973 «
3606 2924 3759 2989 Quia

2088 3011 2194 3061 tua
2223 3007 2393 3078 culpa
2418 3013 2527 3077 est,
2563 3009 2757 3078 frater,
2791 3009 2892 3080 qui
2923 3011 3343 3067 condelectaris
3375 3012 3754 3084 cogitationi-

313 3074 622 3157 eccle-siam
680 3098 932 3170 ingredi,
962 3074 1145 3152 sed—si
1175 3074 1337 3150 tanto
1370 3096 1462 3149 die
1495 3074 1609 3149 non
1647 3095 1755 3149 iret
1785 3096 1856 3149 ad
1889 3112 1974 3150 ec-
2007 3074 2050 3141 (ἶ
2089 3095 2200 3150 bus
2225 3094 2431 3163 malis;
2456 3095 2822 3166 impossibile
2843 3102 2933 3154 est
2955 3101 3112 3154 enim
3134 3100 3433 3156 discedere
3453 3118 3486 3156 a
3508 3107 3562 3156 te
3588 3101 3761 3172 spiri-

314 3189 574 3257 clesiam,
626 3175 1009 3243 erubescebat
1057 3184 1368 3251 homines;
1401 3183 1492 3238 sin
1523 3199 1658 3237 vero
1694 3183 1824 3248 iret,
1856 3201 1984 3254 per-

313 3275 972 3347 timescebatjudicium
997 3272 1283 3328 Dei.Vicit
1303 3272 1501 3342 itaque
1531 3271 1790 3326 humana
1819 3289 1983 3328 vere-

315 3368 551 3438 cundia,
584 3364 839 3438 perrexit
869 3363 941 3418 ad
974 3360 1305 3423 ecclesiam,
1327 3361 1426 3415 sed
1463 3361 1896 3417 tremebundus
1930 3367 1986 3417 et

314 3474 530 3530 paVens
562 3461 714 3512 stare
745 3453 1127 3524 coepit,atque
1160 3466 1263 3522 per
1293 3449 1528 3520 singula
1558 3453 1858 3505 momenta
1882 3468 1980 3507 su-

316 3551 556 3618 spectus
587 3560 705 3614 qua
729 3543 872 3598 hora
905 3539 1211 3595 immundo
1253 3537 1489 3608 spiritui
1538 3539 1891 3607 traderetur,
1924 3557 1987 3608 et

316 3650 513 3691 coram
546 3632 704 3688 omni
734 3628 948 3703 populo
968 3633 1294 3684 vexaretur.
1315 3627 1578 3698 Cumque
1602 3626 1985 3684 vehementer

316 3725 573 3791 timeret,
606 3725 664 3776 et
692 3720 750 3774 in
787 3719 887 3773 illa
919 3718 1237 3772 missarum
1270 3716 1607 3770 celebritate
1656 3717 1823 3786 quasi
1876 3718 1983 3773 ad-

319 3811 470 3868 versi
501 3810 646 3865 nihil
678 3807 943 3879 contigit,
967 3807 1068 3877 qui
1088 3805 1256 3860 laetus
1286 3804 1444 3875 exiit,
1469 3807 1526 3858 et
1557 3805 1650 3859 die
1679 3804 1861 3862 altero
1893 3822 1988 3864 ec-

318 3901 557 3956 clesiam
583 3899 707 3970 jam
739 3893 1265 3960 securusintravit;
1300 3893 1641 3963 factumque
1671 3898 1760 3948 est
1791 3902 1853 3949 ut
1884 3911 1988 3966 per

318 4007 420 4046 sex
468 3988 779 4044 continuos
830 3984 954 4040 dies
1004 3983 1172 4037 laetus
1221 3998 1287 4036 ac
1337 3997 1581 4035 securus
1624 3983 1984 4067 procederet,

317 4079 621 4135 mstimans
654 4075 809 4148 quod
829 4076 957 4144 ejus
982 4071 1174 4127 scelus
1211 4070 1490 4124 Dominus
1523 4074 1623 4123 aut
1655 4086 1769 4124 non
1802 4071 1984 4128 vidis-

318 4173 532 4239 set,aut
551 4168 745 4222 visum
786 4159 1247 4218 misericorditer
1285 4157 1647 4226 dimisisset;
1674 4159 1766 4214 die
1789 4167 1986 4218 autem

317 4259 590 4329 septimo,
611 4255 813 4311 subita
833 4258 1017 4306 morte
1040 4249 1356 4302 defunctus
1381 4251 1486 4304 est.
1509 4252 1770 4320 Cumque
1793 4251 1987 4323 sepul-

318 4355 460 4402 tura?
487 4347 741 4402 traditus
764 4341 995 4405 fuisset,
1012 4353 1115 4409 per
1139 4336 1381 4406 longum
1410 4341 1642 4409 tempus
1663 4339 1890 4396 cunctis
1910 4343 1986 4396 vi-

2093 3187 2220 3236 tum
2270 3181 2673 3238 fornicationis
2724 3183 3123 3252 immundum,
3173 3187 3309 3243 aliis
3357 3189 3668 3244 orantibus
3701 3195 3761 3244 et

2095 3275 2276 3325 Deum
2310 3287 2412 3342 pro
2445 3276 2499 3326 te
2529 3272 3002 3342 deprecantibus,
3029 3275 3142 3330 nisi
3175 3282 3228 3330 et
3247 3283 3307 3330 tu
3342 3277 3466 3348 ipse
3495 3277 3758 3333 laborem

2095 3375 2364 3415 assumas
2411 3361 2682 3429 jejuniis,
2709 3367 2766 3415 et
2796 3365 3162 3419 orationibus
3194 3370 3250 3421 et
3275 3365 3491 3437 vigiliis
3526 3367 3756 3435 multis,

2096 3465 2229 3503 cum
2260 3449 2478 3519 gemitu
2529 3449 2871 3521 deprecans,
2905 3456 2970 3506 ut
3000 3453 3468 3511 misericordiam
3497 3474 3670 3513 suam
3702 3464 3762 3513 et

2096 3537 2453 3608 adjutorium
2486 3539 2583 3593 det
2613 3539 2810 3610 gratias
2843 3557 2988 3609 suae,
3016 3543 3393 3615 praebeatque
3424 3545 3528 3600 tibi
3558 3545 3757 3602 Domi-

2097 3644 2209 3682 nus
2257 3628 2524 3682 Christus
2557 3632 2621 3683 ut
2650 3629 2843 3700 possis
2875 3630 3147 3686 resistere
3179 3633 3351 3688 malis
3385 3635 3756 3705 cogitationi-

2097 3717 2228 3772 bus.
2256 3717 2395 3770 Nam
2424 3723 2481 3772 et
2513 3718 2838 3789 mediciqui
2859 3720 3202 3790 corporibus
3235 3720 3544 3778 hominum
3577 3724 3759 3780 medi-

2096 3810 2362 3860 camenta
2383 3807 2703 3862 conﬁciunt
2723 3812 2782 3862 et
2803 3807 3385 3881 adhibent,quamvis
3406 3813 3596 3868 omnia
3619 3830 3755 3869 cum

2098 3913 2332 3950 summa
2378 3895 2684 3966 diligentia
2729 3897 2968 3966 faciant,
2999 3903 3407 3956 verumtamen
3441 3902 3491 3957 si
3523 3901 3624 3957 ille
3655 3903 3758 3975 qui

2099 3985 2433 4041 inﬁrmatur
2483 4004 2595 4041 non
2648 4003 2709 4043 se
2753 3988 3044 4044 abstineat
3076 4006 3109 4044 a
3140 3989 3332 4045 noxiis
3365 3990 3534 4061 cibis,
3565 3993 3654 4048 vel
3689 3994 3760 4049 de

2099 4074 2230 4130 aliis
2252 4092 2377 4145 quae
2410 4074 2598 4130 solent
2625 4075 2831 4132 lzedere
2863 4077 3412 4147 inﬁrmitates,nihil
3445 4079 3495 4134 ei
3528 4082 3762 4151 prolicit

2098 4181 2241 4219 cura
2268 4170 2324 4218 et
2349 4164 2655 4234 diligentia
2677 4170 2732 4221 et
2763 4165 3094 4221 sollicitudo
3130 4168 3511 4223 medicorum.
3533 4170 3758 4225 Simili-

2097 4258 2184 4307 ter
2206 4253 2382 4308 etiam
2406 4263 2457 4308 et
2477 4254 2533 4308 in
2558 4255 2764 4308 animae
2789 4255 3171 4326 languoribus
3190 4257 3434 4322 eveniet,
3456 4258 3588 4313 licet
3624 4277 3754 4315 cum

2097 4342 2255 4395 omni
2286 4342 2609 4397 intentione
2641 4349 2696 4398 et
2728 4361 2794 4397 ex
2827 4348 2944 4399 toto
2977 4348 3146 4400 corde
3181 4347 3366 4400 sancti
3403 4347 3621 4414 Patres,
3658 4350 3756 4420 qui

319 4436 595 4490 dentibus
627 4433 697 4487 de
726 4427 997 4500 sepulcro
1046 4427 1175 4497 ejus
1228 4425 1467 4481 ﬂamma
1496 4426 1656 4495 exiit,
1689 4432 1747 4483 et
1776 4431 1980 4486 tandiu
2013 4441 2060 4505 D
2092 4435 2233 4485 sunt
2291 4432 2499 4486 medici
2558 4432 2934 4503 spirituales,
2996 4438 3236 4488 exorent
3295 4435 3756 4494 misericordiam

321 4541 456 4580 ossa
488 4524 617 4593 ejus
649 4515 1047 4576 concremavit
1107 4531 1418 4587 quousque
1448 4531 1620 4572 omne
1650 4517 1984 4589 sepulcrum

325 4609 720 4681 consumpsit,
741 4611 797 4664 et
825 4611 982 4662 terra
1011 4621 1137 4676 quae
1169 4605 1229 4659 in
1263 4604 1490 4660 tumulo
1523 4605 1764 4663 collecta
1794 4609 1986 4666 fuerat

324 4703 560 4757 defossa
590 4698 906 4752 videretur.
943 4696 1104 4762 Quod
1133 4693 1401 4750 videlicet
1433 4695 1805 4767 omnipotens
1830 4698 1984 4754 Deus

327 4791 564 4854 faciens,
588 4787 846 4844 ostendit
869 4784 1009 4858 quid
1033 4785 1159 4854 ejus
1185 4783 1383 4838 anima
1407 4784 1717 4854 pertulitin
1732 4786 1981 4855 occulto,

324 4881 493 4950 cujus
524 4877 696 4933 etiam
725 4891 936 4947 corpus
983 4878 1118 4927 ante
1150 4873 1442 4928 humanos
1495 4873 1696 4929 oculos
1750 4876 1986 4932 flamma

325 4965 713 5037 consumpsit.
738 4967 861 5027 Qua
891 4962 949 5016 in
983 4977 1041 5014 re
1070 4976 1302 5030 quoque
1335 4961 1502 5014 nobis
1535 4961 1655 5016 haac
1688 4964 1982 5017 audienti-

322 5059 434 5113 bus
466 5053 796 5125 exemplum
831 5049 1162 5105 formidinis
1185 5049 1323 5104 dare
1355 5050 1632 5120 dignatus
1653 5056 1982 5123 cst,quate-

324 5165 435 5202 nus
468 5163 536 5202 ex
565 5144 673 5199 hac
704 5139 1171 5197 consideratione
1204 5137 1576 5209 colligamus,
1611 5141 1748 5210 quid
1784 5141 1982 5196 anima

324 5239 522 5294 vivens
571 5252 638 5290 ac
686 5233 941 5290 sentiens
974 5247 1076 5301 pro
1108 5232 1269 5282 reatu
1305 5245 1412 5283 suo
1447 5230 1686 5299 patitur,
1723 5232 1769 5285 si
1821 5237 1982 5286 tanto

326 5327 480 5399 ignis
547 5321 834 5396 supplicio
887 5319 1063 5375 etiam
1119 5315 1490 5371 insensibilia
1549 5334 1684 5372 ossa
1741 5334 1980 5373 concre-

329 5423 586 5470 mentur.
624 5434 651 5462 »

328 5539 462 5595 CAP.
492 5538 580 5592 99.
613 5567 681 5577 —-
709 5536 784 5592 De
811 5532 1053 5606 quodam
1079 5533 1259 5603 fratre
1308 5531 1407 5602 qui
1454 5531 1894 5602 impugnabatur
1947 5549 1982 5588 α

2096 4519 2307 4573 Christi
2357 4519 2670 4575 Salvatoris
2722 4521 2907 4576 nostri
2959 4539 3060 4593 pro
3105 4523 3209 4589 eis,
3244 4523 3344 4593 qui
3394 4525 3757 4582 orationibus

2095 4623 2296 4664 eorum
2325 4625 2386 4663 se
2418 4609 2715 4679 postulant
2744 4611 3030 4680 adjuvari,
3058 4612 3172 4665 nisi
3204 4617 3261 4666 et
3290 4613 3398 4684 ipsi
3431 4631 3560 4669 cum
3593 4616 3754 4670 omni

2093 4696 2419 4752 intentione
2443 4700 2657 4753 mentis
2678 4705 2794 4752 tam
2816 4699 2875 4751 in
2896 4699 3483 4772 orationibus,quam
3510 4703 3566 4756 in
3596 4707 3753 4758 omni

2094 4802 2264 4857 opere
2307 4786 2619 4856 spirituali,
2647 4803 2772 4858 quae
2807 4787 2922 4842 Deo
2951 4787 3165 4857 placita
3195 4795 3337 4844 sunt
3369 4792 3606 4859 faciant,
3643 4810 3753 4848 non

2093 4875 2176 4928 eis
2209 4876 2512 4945 proﬁcient
2542 4877 2838 4930 orationes
2868 4891 3096 4930 eorum.
3133 4899 3160 4925 »

2093 5012 2216 5063 Car.
2253 5009 2366 5062 100.
2403 5041 2469 5048 -
2505 5015 2580 5063 Dc
2610 5026 2806 5079 sponsa
2837 5012 3056 5080 fratris,
3089 5012 3139 5064 si
3184 5012 3363 5080 frater
3408 5027 3528 5067 eam
3580 5017 3753 5071 viola-

2167 5083 2327 5156 verit.
2359 5084 2622 5156 Expone.
2651 5083 3004 5156 ΔΊνίὶξιινίθηηςί
3059 5098 3177 5152 cap.
3229 5087 3312 5149 10,
3362 5087 3456 5138 rui
3500 5087 3752 5156 interfuit

2164 5168 2262 5205 rea:
2294 5153 2615 5221 Arnulphus
2645 5153 2712 5223 ξε.
2749 5154 2859 5224 41).

2162 5267 2270 5336 (32,
2297 5282 2354 5335 q.
2381 5267 2433 5332 2,
2459 5283 2506 5319 c.
2530 5267 2808 5338 Quidam.)
2828 5268 3079 5332 Quidam
3102 5268 3483 5339 desponsavit
3517 5291 3750 5330 uxorem

2089 5360 2147 5410 et
2173 5355 2413 5422 dotavit,
2438 5363 2639 5410 etcum
2672 5374 2738 5412 ea
2769 5357 2923 5412 coire
2957 5374 3072 5410 non
3108 5359 3327 5428 potuit;
3363 5376 3542 5430 quam
3581 5364 3754 5419 frater

2091 5444 2219 5512 ejus
2250 5442 2514 5499 clanculo
2537 5445 2815 5517 corrupit,
2839 5450 2895 5501 et
2915 5445 3216 5516 gravidam
3243 5448 3528 5504 reddidit:
3553 5451 3748 5508 decre-

2091 5537 2214 5587 tum
2247 5536 2336 5588 est
2368 5537 2451 5603 ut,
2477 5536 2747 5606 quamvis
2797 5539 2980 5606 nupta
3012 5550 3139 5591 esse
3174 5552 3289 5592 non
3320 5541 3577 5609 potuerit
3609 5541 3747 5615 legi-
