4002 6054
184 284 314 339 685

921 290 1234 345 DECRETI
1275 292 1460 347 PARS
1496 292 1592 345 1X.
1618 318 1682 331 -—
1707 291 1802 343 DE
1844 290 2142 343 INCESTA
2184 290 2705 363 COPULATIONE,
2746 295 2901 352 ETC.

3507 298 3614 353 686

187 411 345 466 timo
373 410 517 476 viro,
552 412 969 483 desponsatam
1003 415 1198 467 tamen
1232 412 1395 467 fratri
1428 414 1601 468 frater
1631 413 1846 468 habere
1877 415 1931 479 Α
1962 412 2117 469 citus
2139 418 2228 469 est
2259 414 2318 469 in
2349 416 2643 488 conjugio,
2696 418 2850 474 sicut
2899 417 3144 475 illicitus
3197 420 3256 476 in
3304 422 3610 480 adulterio.

182 515 314 555 non
348 501 557 572 possit,
585 501 689 555 sed
710 499 975 554 moechus
1007 504 1063 554 et
1085 500 1316 555 moecha
1337 500 1734 556 fornicationis
1756 499 1859 573 qui

180 590 330 644 dem
363 605 598 661 poenam
629 589 922 645 sustineat
946 606 960 657 ;
984 588 1146 644 licita
1166 606 1302 645 vero
1323 590 1407 646 eis
1440 590 1712 661 conjugis
1742 606 1856 644 non

182 682 508 749 negentur.

179 766 329 820 CAP.
362 765 490 820 101.
521 794 586 805 -
621 763 683 820 Si
729 765 855 835 quis
892 763 957 818 de
1004 781 1110 821 uno
1162 766 1225 820 in
1265 765 1449 821 alium
1493 766 1860 834 transmigrat

260 835 667 908 episcopatum,
698 841 751 891 et
775 838 1241 903 consanguineam
1269 853 1429 892 suam
1451 837 1742 908 polluerit,
1777 838 1857 892 vel

257 907 489 977 aliquod
542 910 754 963 crimen
819 908 1057 978 capitale
1106 908 1478 964 commiserit.
1522 911 1607 963 Eae
1668 908 1855 964 eodem

258 980 525 1043 concilio,
559 995 680 1050 cap.
716 979 805 1035 42.

262 1066 327 1121 Si
352 1067 486 1139 quis
517 1070 587 1123 de
616 1084 729 1123 uno
762 1068 820 1123 in
851 1066 1034 1123 alium
1061 1068 1300 1123 omnino
1324 1068 1708 1141 transmigrat
1734 1068 1856 1140 epi-

191 1161 541 1227 scOpatum,
570 1160 627 1212 et
661 1157 711 1213 si
744 1157 921 1228 (quod
944 1158 1098 1213 absit
1121 1158 1158 1229 l)
1190 1158 1492 1230 contingat
1511 1173 1645 1214 eum
1672 1157 1855 1213 ﬁliam

188 1245 421 1302 sororis
452 1262 594 1315 suae,
626 1246 846 1313 amitae,
879 1252 981 1301 aut
1010 1250 1358 1315 matertera,
1393 1251 1496 1302 aut
1553 1246 1852 1313 avunculi,

179 1335 275 1390 vel
327 1335 521 1405 patrui
570 1333 851 1406 polluere,
908 1339 1011 1391 aut
1052 1334 1289 1407 aliquod
1338 1336 1559 1392 crimen
1608 1336 1854 1408 capitale

180 1422 574 1494 committere,
604 1423 916 1495 episcOpus
947 1424 1007 1479 in
1037 1424 1209 1495 cujus
1240 1431 1381 1481 tunc
1412 1425 1647 1482 dimcesi
1695 1442 1852 1481 com-

185 1515 462 1568 moratur
488 1517 548 1568 et
576 1512 677 1567 tali
700 1512 1048 1569 criminatur
1069 1513 1306 1582 scelere,
1334 1514 1542 1570 habeat
1553 1515 1656 1585 jus
1677 1522 1734 1571 et
1751 1533 1852 1587 po-

183 1603 465 1657 testatem
498 1603 823 1657 secundum
857 1601 1201 1658 canonicam
1225 1603 1633 1659 auctoritatem
1658 1610 1715 1659 et
1745 1620 1851 1660 no-

182 1695 373 1745 stram
391 1690 732 1761 synodalem
750 1690 1180 1746 institutionem
1198 1691 1550 1764 ﬂagitiosum
1566 1708 1851 1763 coercere,

1968 501 2181 558 Contra
2194 508 2465 560 naturam
2481 522 2615 560 vero
2633 506 3120 578 semperillicitus
3137 513 3194 564 et
3213 510 3414 580 procul
3436 513 3612 568 dubio

1966 591 2314 662 ﬂagitiosior
2338 597 2515 666 atque
2541 596 2786 666 turpior,
2819 612 2994 668 quem
3029 602 3271 654 sanctus
3299 599 3614 670 Apostolus

1967 685 2024 734 et
2062 680 2123 735 in
2176 680 2413 738 feminis
2457 687 2515 737 et
2557 686 2615 736 in
2657 684 2939 740 masculis
2988 687 3271 756 arguebat
3299 691 3483 756 (Rom.
3540 690 3612 761 1),

1968 768 2427 826 damnabiliores
2488 771 2682 827 volens
2729 773 3000 845 intelligi,
3071 791 3247 847 quam
3297 776 3346 831 si
3385 776 3446 831 in
3501 794 3612 833 usu

1966 856 2221 912 naturali
2282 858 2369 914 vel
2423 860 2808 917 adulterando
2875 862 2963 918 vel
2997 862 3339 919 fornicando
3404 882 3612 937 pecca-

1967 951 2115 1001 rent.

1964 1053 2097 1108 CAP.
2133 1053 2255 1107 107.
2287 1057 2451 1110 —-1)e
2495 1058 2825 1126 paenitentia
2874 1072 3064 1112 eorum
3093 1059 3191 1126 qui
3234 1059 3613 1117 commistione

2033 1127 2309 1197 animalis
2370 1131 2735 1197 peccaverint.
2787 1129 3029 1185 Canones
3061 1127 3285 1185 Martini
3325 1132 3396 1185 ad
3443 1132 3612 1187 laicos

2034 1196 2127 1322 ges;
2148 1197 2244 1323 lcib.
2276 1200 2500 1340 ειὲπῖςιαι.
2525 1199 2720 1271 synod.
2754 1201 2994 1256 Graecar.
3024 1201 3245 1257 illartin.
3278 1203 3605 1259 Bracareus.

2060 1285 2149 1338 prs
2186 1312 2197 1325 .
2230 1286 2276 1324 c.
2406 1312 2418 1325 .

2060 1285 2197 1338 'pisc.
2230 1286 2276 1324 c.
2308 1285 2418 1338 δι).

2036 1365 2093 1420 Si
2127 1366 2254 1436 quis
2274 1370 2411 1421 ante
2430 1367 2499 1419 20
2517 1383 2704 1422 annos
2724 1367 2782 1422 in
2810 1367 3127 1438 cujuslibet
3152 1369 3426 1426 animalis
3450 1387 3607 1427 com-

1967 1453 2243 1509 mistione
2276 1455 2622 1525 peccaverit,
2655 1456 2725 1511 15
2745 1455 2920 1510 annis
2947 1455 3007 1510 in
3041 1456 3381 1514 humilitate
3404 1460 3608 1529 subja-

1964 1548 2090 1598 ceat
2119 1544 2190 1597 ad
2211 1542 2469 1598 ecclesiae
2497 1544 2760 1614 ianuam,
2794 1549 2851 1598 et
2880 1553 3012 1616 post
3042 1545 3150 1601 hos
3189 1546 3321 1602 aliis
3344 1547 3609 1620 quinque

1964 1632 2134 1686 annis
2155 1632 2214 1686 in
2246 1632 2526 1688 orationis
2556 1633 2970 1689 communione
2994 1643 3284 1707 receptus,
3325 1637 3610 1707 paeniten-

1960 1721 2102 1777 tiam
2138 1728 2271 1794 agat
2300 1727 2357 1778 et
2379 1723 2462 1778 sic
2492 1724 2842 1779 sacramenti
2882 1724 3125 1797 gratiam
3157 1725 3461 1798 percipiat.
3514 1725 3606 1782 In-

183 1780 348 1878 ew
382 1778 782 1886 penitentiam
812 1779 1094 1834 οωοιιίτθ-
1129 1779 1439 1886 Ρθεειιιεηι
1463 1780 1617 1886 θρίω
1640 1781 1847 1886 mare
1879 1781 1927 1846 Β
1960 1778 2330 1881 ωτι-σεξυτι..
2358 1778 2553 1868 aut...
2579 1811 2677 1867 am
2699 1813 2769 1868 de
2796 1827 2861 1869 ρο
2882 1778 3604 1886 suamsuam-

181 1867 268 1922 rei
300 1867 520 1922 veritas
551 1868 867 1923 ventilatur
896 1884 1073 1939 quam
1099 1884 1203 1940 per
1224 1867 1391 1923 illum
1417 1870 1527 1924 sub
1560 1886 1673 1941 quo
1707 1869 1846 1925 habi

187 1959 301 2023 tat,
334 1959 391 2010 et
420 1954 687 2011 habitare
716 1956 1058 2011 desiderat?

190 2045 329 2100 CAP.
357 2045 477 2099 102.
514 2075 580 2085 -
604 2049 683 2099 De
700 2046 1031 2099 mulieribus
1068 2059 1191 2115 quae
1218 2047 1440 2102 absente
1478 2048 1681 2102 marito
1716 2064 1847 2103 con-

282 2118 545 2187 ceperint.
569 2118 652 2171 Ex
679 2116 915 2171 concilio
935 2116 1262 2187 Elibertino,
1293 2134 1411 2189 cap.
1444 2117 1640 2191 3(eap.
1661 2120 1777 2191 63.)

260 2205 320 2259 Si
351 2222 466 2275 qua
481 2203 694 2259 mulier
706 2221 806 2275 per
818 2204 1196 2274 adulterium,
1210 2206 1451 2262 absente
1473 2208 1703 2275 marito,
1718 2224 1850 2264 con-

190 2293 437 2365 ceperit,
470 2294 648 2365 idque
680 2299 813 2365 post
840 2294 1068 2349 facinus
1099 2294 1398 2363 occiderit,
1424 2296 1643 2367 placuit
1673 2297 1767 2353 vix
1787 2299 1846 2353 in

190 2383 309 2437 ﬁne
340 2383 596 2437 dandam
629 2398 755 2437 esse
786 2384 1285 2453 communionem,
1319 2400 1384 2440 eo
1418 2400 1531 2456 quo
1578 2387 1849 2457 gemina-

186 2471 339 2526 verit
369 2471 581 2527 scelus.
616 2471 723 2543 (Ex
751 2473 947 2528 concil.
976 2472 1261 2540 Ilerdensi,
1308 2490 1430 2545 cap.
1480 2474 1558 2544 2.)
1611 2479 1686 2530 De
1730 2475 1849 2531 illis

192 2559 547 2616 mulieribus
578 2577 708 2632 quae
738 2560 891 2617 male
923 2566 1234 2633 conceptos
1264 2578 1333 2617 ex
1354 2562 1640 2618 adulterio
1674 2565 1845 2632 fetus,

188 2647 282 2704 vel
308 2649 497 2704 editos
530 2665 739 2705 necare
771 2651 1129 2713 studuerint,
1163 2650 1247 2705 vel
1281 2652 1339 2706 in
1370 2656 1568 2707 ventre
1590 2657 1848 2708 matrum

192 2737 534 2810 potionibus
549 2737 844 2809 aliquibus
865 2739 1358 2809 consumpserint,
1372 2739 1429 2793 in
1446 2743 1693 2811 utroque
1707 2757 1848 2796 sexu

193 2826 481 2883 adulteris
512 2829 644 2899 post
679 2828 715 2880 7
765 2843 1055 2882 annorum
1082 2826 1373 2883 curricula
1402 2828 1728 2893 communio
1749 2830 1852 2884 tri-

194 2917 436 2981 buatur,
459 2914 541 2971 ita
560 2918 757 2972 tamen
780 2920 841 2972 ut
858 2915 1020 2972 omni
1041 2920 1304 2989 tempore
1320 2916 1449 2972 vitae
1469 2935 1585 2975 suae
1610 2918 1847 2974 ﬂetibus

196 3008 254 3061 et
282 3004 605 3061 humilitati
636 3004 934 3061 insistant.

195 3094 333 3151 CAP.
367 3093 490 3148 103.
519 3123 588 3134 —
617 3094 693 3149 De
714 3093 1043 3149 mulieribus
1072 3110 1196 3165 quae
1241 3102 1433 3165 partus
1476 3112 1600 3151 suos
1647 3098 1849 3152 occulte

356 3166 717 3235 interﬁciunt.
741 3166 826 3221 Eo:
854 3167 1105 3222 concilio.
1139 3166 1596 3239 Arelatensi,cap.
1628 3169 1682 3223 6.

267 3253 538 3309 Mulieres
569 3255 858 3326 quaedam,
892 3259 958 3310 ut
986 3254 1343 3324 audivimus,
1368 3272 1496 3327 qum
1512 3272 1581 3311 ex
1599 3255 1849 3311 fornica-

193 3341 353 3398 tione
383 3341 800 3415 concipientes,
833 3347 1160 3399 metuentes
1194 3360 1265 3399 ne
1313 3344 1506 3400 scelus
1549 3345 1701 3415 quod
1749 3361 1848 3401 oe-

198 3430 352 3487 culte
396 3435 875 3502 perpetraverunt
915 3431 1295 3489 manifestum
1362 3434 1544 3498 fieret,
1594 3433 1851 3490 infantes

198 3537 347 3593 quos
378 3524 730 3592 pepererunt
757 3520 1121 3587 occiderunt,
1157 3524 1398 3576 etterras
1429 3522 1700 3593 congerie
1721 3539 1851 3592 ope-

199 3612 465 3677 ruerunt,
499 3614 564 3663 ut
593 3608 654 3663 in
686 3626 872 3680 aquas
904 3610 1255 3680 projicerent
1286 3610 1484 3677 [autin
1508 3626 1691 3681 aquas
1719 3628 1849 3683 pro-

196 3697 507 3768 jeoerunt].
534 3697 696 3762 Quod
729 3702 1019 3769 quantum
1054 3698 1217 3753 nefas
1249 3698 1346 3767 sit,
1380 3714 1635 3753 canones
1664 3702 1851 3772 Ancy-

202 3787 329 3843 rani
351 3787 420 3858 (c.
440 3786 559 3856 20),
579 3785 916 3842 Eliberitani
936 3786 1005 3857 (c.
1021 3786 1135 3858 63),
1152 3786 1654 3858 atquellerdensis
1670 3788 1739 3858 (c.
1771 3790 1853 3859 2),

203 3875 431 3933 concilii
460 3880 643 3931 testes
675 3879 834 3931 sunt.
872 3876 969 3931 llis
1000 3874 1198 3947 itaque
1239 3877 1331 3931 vix
1360 3874 1418 3930 in
1453 3876 1565 3930 fine
1597 3876 1850 3932 dandam

203 3980 331 4022 esse
361 3964 835 4020 communionem
867 3965 1183 4020 decernunt
1209 3982 1222 4031 ;
1256 3965 1357 4020 sed
1389 3965 1709 4022 humanius
1731 3971 1851 4021 tra-

200 4057 446 4122 ctantes,
477 4057 610 4125 post
638 4054 956 4109 decennem
988 4052 1388 4125 paenitentiam
1436 4052 1583 4109 tales
1629 4053 1853 4126 placuit

201 4144 274 4199 ad
304 4143 774 4199 communionem
808 4142 1005 4213 recipi.

203 4233 335 4288 CAP.
372 4232 491 4286 104.
515 4263 583 4271 -
605 4232 678 4286 De
697 4231 885 4286 eadem
907 4246 984 4285 re.
1018 4232 1110 4285 Eae
1129 4230 1311 4286 eodem
1330 4233 1588 4299 concilio,
1611 4248 1734 4301 cap.
1766 4234 1849 4287 10.

272 4321 331 4376 Si
362 4320 462 4392 qui
496 4320 781 4375 infantem
812 4324 1235 4391 oppresserint,
1267 4324 1385 4375 tres
1430 4338 1617 4376 annos
1665 4323 1849 4394 poeni-

202 4414 382 4475 teant,
418 4426 599 4464 unum
622 4424 691 4464 ex
720 4408 814 4463 his
840 4409 893 4462 in
920 4425 1068 4480 pane
1086 4413 1144 4463 et
1170 4425 1341 4480 aqua.
1369 4410 1423 4462 Si
1453 4410 1698 4466 clericus
1722 4411 1849 4466 fue-

205 4499 299 4567 rit,
330 4500 363 4552 4
396 4514 602 4567 annos,
634 4513 820 4552 unum
843 4512 911 4552 ex
940 4497 1033 4553 his
1063 4496 1120 4553 in
1155 4514 1301 4569 pane
1324 4502 1381 4553 et
1404 4515 1578 4570 aqua.

207 4587 345 4643 CAP.
384 4586 506 4642 105.
541 4616 607 4627 --
639 4587 714 4640 De
744 4585 833 4658 bis
864 4585 959 4657 qui
978 4595 1168 4642 contra
1190 4595 1451 4642 naturam
1467 4591 1851 4658 peccant.Au-

435 4657 690 4728 gustinus
723 4656 1137 4728 Confessionum
1169 4659 1264 4713 lib.
1301 4676 1386 4728 ιιι,
1417 4656 1534 4730 cap.
1567 4660 1620 4714 8.

348 4747 460 4818 (22,
492 4763 543 4817 q.
573 4746 628 4813 7,
659 4762 704 4800 c.
739 4745 1035 4817 Flagitia.)
1066 4745 1307 4816 Flagitia
1337 4763 1463 4818 quae
1489 4752 1630 4802 sunt
1652 4751 1856 4803 contra

210 4839 479 4890 naturam
513 4834 730 4905 ubique
761 4851 827 4889 ac
859 4849 1093 4905 semper
1122 4834 1485 4905 repudianda
1525 4839 1698 4907 atque
1747 4853 1849 4902 pu-

210 4925 421 4980 nienda
452 4929 612 4991 sunt,
649 4923 849 4995 qualia
876 4923 1310 4978 Sodomitarum
1346 4925 1601 4979 fuerunt.
1636 4925 1769 4988 Quae
1806 4924 1852 4979 si

209 5028 410 5070 omnes
434 5018 638 5086 gentes
667 5014 943 5081 facerent,
966 5013 1166 5067 eodem
1188 5013 1451 5068 criminis
1474 5018 1635 5069 reatu
1660 5013 1857 5069 divina

210 5103 333 5175 lege
363 5106 722 5171 tenerentur,
750 5118 877 5172 quae
900 5117 1014 5155 non
1038 5101 1120 5156 sic
1140 5102 1272 5157 fecit
1302 5102 1569 5159 homines
1594 5108 1657 5157 ut
1677 5120 1739 5158 se
1759 5102 1858 5157 illo

131 5176 152 5190 ’
211 5197 515 5249 uterentur
545 5192 756 5260 modo;
788 5189 1041 5246 violatur
1067 5190 1287 5263 quippe
1308 5193 1436 5264 ipsa
1459 5192 1708 5248 societas
1732 5208 1860 5263 qua:

212 5298 343 5339 cum
374 5281 489 5337 Deo
524 5279 694 5336 nobis
725 5295 856 5340 esse
887 5279 1077 5347 debet,
1113 5295 1246 5334 cum
1278 5281 1477 5335 eadem
1513 5286 1744 5349 natura,
1767 5296 1863 5335 cu-

207 5375 306 5445 jus
338 5374 463 5446 ipse
494 5377 700 5428 auctor
730 5372 820 5425 est
850 5367 1115 5424 libidinis
1147 5372 1519 5440 perversitate
1560 5369 1860 5442 polluitur.

1954 1899 2135 1955 tentia
2166 1902 2369 1972 egerit,
2423 1907 2478 1957 et
2528 1902 2614 1956 sic
2656 1902 3119 1958 misericordiam
3168 1904 3601 1960 communionis

1956 1995 2370 2059 consequatur.
2404 1990 2463 2045 Si
2488 1989 2621 2061 quis
2654 1994 2849 2046 autem
2882 1994 3014 2061 post
3036 1993 3105 2045 20
3140 2008 3326 2047 annos
3374 1992 3599 2049 habens

1958 2094 2197 2132 uxorem
2232 2078 2365 2133 huic
2389 2083 2623 2150 peccato
2648 2079 2905 2147 irruerit,
2931 2081 3003 2134 25
3035 2097 3221 2136 annos
3272 2081 3601 2137 humilitati

1956 2167 2277 2238 subjaceat,
2293 2172 2348 2222 et
2371 2168 2631 2240 quinque
2645 2168 2816 2224 annis
2830 2169 3076 2225 orationi
3091 2174 3321 2226 tantum
3334 2186 3604 2226 commu-

1958 2255 2183 2323 nicans,
2215 2261 2412 2327 postea
2443 2257 2684 2327 recipiat
2733 2263 3191 2313 sacramentum.
3235 2260 3399 2324 Quod
3456 2259 3507 2314 si
3549 2263 3609 2314 et

1958 2345 2105 2401 hanc
2141 2362 2478 2400 mensuram
2499 2345 2713 2417 aliquis
2744 2350 3151 2417 transgressus
3185 2346 3381 2414 fuerit,
3417 2354 3609 2403 sacra-

1958 2440 2227 2490 mentum
2259 2433 2317 2488 iu
2339 2436 2493 2489 exitu
2518 2440 2933 2505 consequatur.

1958 2550 2088 2604 Car.
2125 2550 2245 2604 108.
2278 2580 2346 2589 —
2377 2550 2557 2616 Quare
2582 2565 2744 2621 pecus
2764 2549 3011 2604 humana
3031 2552 3410 2621 commistione
3431 2550 3611 2619 pollu-

2030 2626 2146 2675 tum
2187 2625 2405 2692 jussum
2444 2622 2517 2675 sit
2589 2622 2847 2689 interﬁci.
2901 2620 3272 2688 Quaestionum
3312 2622 3611 2687 Augustini

2026 2709 2192 2762 super
2222 2693 2520 2746 Levitz‘cum
2549 2707 2670 2763 cap.
2693 2693 2764 2746 74
2796 2694 2871 2763 (q.
2902 2693 2996 2758 74,
3025 2708 3146 2762 sup.
3180 2709 3254 2747 xx
3300 2709 3346 2747 ε.
3392 2694 3607 2759 Leuit).

2028 2781 2232 2835 Mulier
2255 2797 2378 2849 qum
2410 2779 2721 2835 accesserit
2752 2781 2823 2835 ad
2854 2796 3026 2835 omne
3049 2796 3248 2851 pecus,
3284 2780 3608 2836 ascendiab

1957 2885 2023 2924 eo
2059 2868 2465 2923 :interﬁcietis
2490 2868 2820 2936 mulierem,
2851 2873 2907 2924 et
2942 2885 3121 2941 pecus
3166 2873 3354 2925 morte
3402 2868 3612 2924 moria-

1957 2963 2107 3025 tum,
2133 2958 2212 3013 rei
2231 2957 2386 3012 enim
2404 2962 2559 3011 sunt.
2583 2957 2875 3020 Quaeritur
2893 2958 3186 3029 quomodo
3208 2957 3287 3012 sit
3304 2974 3468 3013 reum
3514 2972 3607 3028 pe-

1957 3062 2080 3112 cus,
2097 3063 2230 3101 cum
2256 3049 2332 3100 sit
2352 3046 2752 3101 irrationabile
2766 3062 2871 3101 nec
2889 3046 3010 3101 ullo
3033 3047 3203 3102 modo
3218 3063 3400 3118 capax
3424 3045 3608 3116 legis?

1876 3145 1920 3211 ρ
1958 3136 2108 3205 Item,
2135 3136 2275 3190 ibid.
2309 3135 2659 3205 postaliqu'ot
2690 3151 2894 3189 versus.
2938 3139 3154 3190 Peeora
3181 3135 3318 3190 inde
3364 3136 3609 3190 credenrv

1958 3227 2094 3280 dum
2116 3225 2391 3293 estiussa
2429 3223 2700 3289 interfici,
2735 3224 2873 3294 quia
2921 3223 3023 3278 tali
3072 3223 3293 3295 ﬂagitio
3325 3223 3606 3279 contami-

1957 3319 2115 3381 nata,
2145 3313 2449 3384 indignam
2488 3313 2763 3368 refricant
2796 3313 2929 3368 facti
2962 3312 3331 3368 memoriam.

1958 3430 2093 3485 CAP.
2150 3429 2265 3484 109.
2317 3460 2385 3467 —
2429 3430 2501 3483 De
2545 3430 2951 3499 stupratoribus
2999 3443 3322 3500 puerorum.
3372 3427 3609 3483 Eliberi-

2448 3508 2641 3553 tanum
2674 3515 2822 3555 conc.
2837 3543 2850 3565 ,
2873 3499 3007 3570 cap.
3024 3499 3086 3553 71
3104 3541 3116 3554 .

2031 3587 2477 3659 Stupratorihus
2507 3604 2822 3658 puerorum
2848 3604 2951 3642 nec
2982 3587 3040 3642 in
3069 3589 3183 3644 fine
3206 3588 3443 3643 dandan
3477 3602 3608 3643 esse

1960 3677 2433 3733 communionem
2462 3675 2822 3731 censuimus.

1960 3795 2094 3849 CAP.
2131 3794 2251 3847 110.
2282 3824 2348 3832 -
2368 3792 2520 3861 Quod
2550 3792 2829 3847 naturalis
2844 3808 2976 3848 usus
2994 3793 3230 3849 venialis
3250 3802 3326 3850 est
3359 3796 3417 3849 in
3439 3810 3615 3850 uxore

2029 3867 2276 3938 propria,
2340 3866 2739 3938 uliginaliena
2786 3865 2871 3938 vel
2918 3866 3205 3938 meretrice
3253 3865 3606 3921 damnabilis.

2031 3936 2389 4005 Augustinus,
2424 3936 2493 3990 De
2523 3936 2661 3992 bono
2689 3937 2972 4007 conjugali
3004 3937 3145 4008 (cap.
3178 3937 3254 4004 8).

2037 4028 2202 4097 Pejus
2232 4030 2320 4079 est
2350 4024 2605 4080 alienum
2650 4026 3100 4081 matrimonium
3145 4025 3387 4092 violare,
3431 4040 3607 4096 quam

1962 4113 2254 4171 meretrici
2303 4113 2617 4169 adhaerere.
2670 4115 2825 4183 Item,
2872 4113 3094 4168 ibidem.
3129 4112 3302 4183 Pejus
3352 4118 3441 4170 est
3483 4130 3613 4169 cum

1961 4208 2171 4269 matre,
2204 4218 2382 4273 quam
2438 4219 2569 4256 cum
2615 4201 2809 4256 aliena
2826 4218 3001 4256 uxore
3025 4202 3432 4258 concumbere.
3456 4204 3611 4271 Item,

1960 4292 2180 4361 ibid.,c.
2205 4291 2548 4353 8.0uzedam
2584 4289 2913 4345 necessaria
2947 4295 3086 4345 sunt
3108 4296 3343 4362 pr0pter
3377 4291 3603 4363 sapien-

1957 4380 2123 4448 tiam,
2151 4380 2272 4434 sicu
2286 4385 2307 4433 t
2320 4379 2588 4433 doctrina
2606 4399 2619 4443 ς
2639 4396 2668 4449 q
2682 4379 2902 4432 umdam
2921 4383 3158 4450 propter
3174 4379 3449 4450 salutem,
3466 4379 3620 4436 sicut

1959 4469 2130 4524 cibus
2160 4471 2217 4521 et
2240 4471 2412 4538 potus
2430 4472 2483 4522 et
2509 4483 2751 4521 somnus
2781 4485 2794 4534 ;
2828 4468 3097 4539 quaedam
3129 4473 3366 4539 propter
3411 4469 3615 4524 amici-

1885 4524 1928 4588 Β
1959 4558 2102 4613 tiam
2126 4524 2511 4627 sicdtnuptim
2530 4560 2586 4610 et
2604 4524 2973 4611 concubitus.
3002 4524 3145 4611 Hine
3166 4524 3319 4613 enim
3342 4558 3620 4613 subsistit

1962 4644 2306 4718 propagatio
2342 4644 2572 4716 generis
2596 4644 2864 4715 humani,
2896 4647 2955 4700 in
2979 4662 3094 4717 quo
3127 4647 3376 4703 societas
3401 4648 3617 4702 amica-

1965 4735 2102 4791 bilis
2144 4750 2428 4805 magnum
2472 4734 2691 4788 bonum
2735 4738 2843 4788 est.
2889 4734 2989 4789 His
3032 4735 3230 4805 itaque
3265 4735 3438 4791 bonis
3489 4752 3617 4807 quae

1964 4828 2203 4895 propter
2227 4822 2382 4877 aliud
2410 4823 2736 4877 necessaria
2761 4827 2921 4889 sunt,
2947 4824 3045 4893 qui
3067 4841 3178 4878 non
3205 4825 3273 4879 ad
3301 4824 3407 4879 hoc
3431 4822 3620 4879 utitur

1967 4918 2214 4984 propter
2247 4912 2403 4982 quod
2435 4911 2702 4965 instituta
2735 4916 2894 4978 sunt,
2921 4911 3277 4984 peccatalias
3303 4911 3623 4982 venialiter,

1979 5000 2129 5056 alias
2163 5000 2603 5055 damnabiliter.
2628 5001 2905 5072 Quisquis
2934 5018 3069 5057 vero
3117 5002 3189 5058 iis
3235 5006 3470 5074 propter
3514 5001 3623 5056 hoc

1968 5090 2154 5145 utitur
2185 5094 2381 5160 proter
2413 5089 2567 5160 quod
2601 5090 2739 5143 data
2769 5094 2928 5157 sunt,
2953 5091 3102 5146 bene
3133 5090 3290 5145 facit.
3324 5091 3458 5146 Item
3487 5089 3621 5143 ibid.

1970 5180 2059 5234 11.
2094 5180 2241 5234 Cum
2298 5178 2586 5233 naturalis
2630 5195 2775 5233 usus
2818 5180 3053 5250 quando
3104 5179 3428 5251 prolabitur
3474 5177 3628 5231 ultra

1978 5272 2149 5339 pacta
2180 5267 2490 5338 nuptialia,
2516 5268 2569 5321 id
2605 5272 2697 5322 est
2722 5267 2871 5322 ultra
2891 5268 3250 5340 propagandi
3287 5263 3632 5321 neccessita-

1973 5360 2115 5425 tem,
2147 5356 2395 5412 venialis
2418 5359 2495 5411 sit
2522 5356 2579 5410 in
2610 5355 2877 5421 uxore,in
2905 5357 3211 5411 meretrice
3233 5351 3620 5419 damnabilis;

215 5441 506 5521 CAR-106.
541 5491 608 5501 —-
642 5459 793 5529 Quod
821 5460 1045 5533 gravius
1065 5461 1347 5533 sitcontra
1367 5441 1623 5533 naturam
1643 5477 1852 5533 peccare

1976 5444 2082 5499 iste
2108 5444 2337 5516 quidem
2368 5450 2569 5499 contra
2597 5445 2718 5517 [qui
2745 5450 2831 5499 est
2855 5450 3078 5513 contra,
3108 5448 3241 5512 etc.,
3264 5441 3431 5513 orig.]
3454 5447 3625 5496 natu-

215 5551 375 5608 quam
404 5530 1095 5600 adulterare.Augustinus,
1117 5530 1320 5587 Contra
1338 5533 1403 5587 Ju
1416 5530 1659 5600 lienam,
1693 5532 1787 5588 lib.
1810 5549 1863 5587 v.

287 5623 399 5697 (32,
431 5640 489 5696 q.
524 5623 581 5691 7,
613 5638 662 5677 c.
697 5623 830 5678 Usus
859 5621 1188 5693 naturalis.)
1225 5622 1373 5678 Usus
1405 5621 1694 5679 naturalis
1723 5621 1866 5678 etli-

1975 5548 2098 5588 ram
2114 5533 2548 5588 exsecrabiliter
2565 5533 2699 5586 {itin
2725 5533 3046 5599 meretrice,
3064 5532 3161 5587 sed
3187 5528 3627 5600 exsecrabilius,

1980 5624 2053 5679 ad
2096 5623 2380 5679 utendum
2397 5620 2698 5677 concessis
2719 5621 2892 5678 etiam
2911 5638 3045 5678 cum
3069 5621 3282 5680 modus
3298 5620 3622 5679 exceditur:
