3972 6064
329 329 437 385 687

323 453 497 524 longe
525 451 604 506 sit
630 448 707 504 to]

325 513 483 609 sunt,
505 538 593 594 vel
642 552 795 592 unus
838 531 924 587 vel
972 543 1142 583 rarus
1189 536 1482 577 excessus.
1517 517 1583 570 Et
1629 515 1757 569 ideo
1798 513 1857 566 in
1918 525 1980 564 re

324 606 602 686 concessa
626 618 1035 680 immoderatio
1058 610 1355 682 conjugis,
1379 624 1450 662 ne
1481 606 1538 659 in
1560 619 1682 658 rem
1709 618 1824 656 non
1848 616 1984 654 con-

321 734 550 775 cessam
579 715 760 770 libido
794 706 1156 780 prorumpat,
1187 696 1494 753 toleranda
1543 697 1652 747 est.
1695 690 1842 780 Hinc
1899 690 1988 741 est

328 808 507 866 etiam
540 803 694 876 quod
730 777 898 868 longe
921 792 1120 848 minus
1145 791 1346 859 peccat
1369 781 1690 854 quamlibet
1709 777 1986 833 assiduus

331 898 400 954 ad
423 867 683 956 uxorem,
707 867 882 958 quam
911 880 1000 937 vel
1025 876 1370 934 rarissimus
1406 873 1475 926 ad
1514 867 1984 925 fornicationem.

334 986 479 1040 Cum
505 997 638 1035 vero
660 977 750 1032 vir
771 971 1034 1028 membro
1059 965 1321 1020 mulieris
1346 978 1462 1016 non
1490 960 1560 1014 ad
1580 959 1689 1012 hoc
1712 970 1988 1011 concesso

333 1073 417 1128 uti
447 1067 713 1134 voluerit,
746 1060 973 1132 turpior
1001 1060 1089 1113 est
1118 1070 1283 1119 uxor,
1318 1051 1368 1106 si
1397 1051 1454 1104 in
1488 1065 1571 1115 se,
1627 1061 1804 1117 quam
1847 1044 1897 1098 si
1927 1042 1987 1096 in

336 1161 451 1215 alia
484 1155 603 1212 ﬁeri
633 1149 988 1225 permiserit.

333 1261 468 1312 CAP.
503 1255 624 1308 111.
657 1281 724 1291 —
751 1250 822 1303 De
841 1241 1240 1317 pollutionibus
1274 1251 1398 1317 qum
1423 1243 1990 1317 variaIefrcausa‘ei've-

405 1300 893 1381 uiuit-tiberium
943 1315 1186 1370 Historia
1232 1300 1532 1380 Anglorum
1591 1304 1684 1358 lib.
1720 1320 1737 1356 ι
1768 1300 1988 1381 ⁸ςΒεςία,

405 1373 758 1464 tibi
798 1391 935 1464 Hist.
967 1387 1158 1464 ecct.)._
1204 1373 1494 1464 Gregorius
1544 1374 1824 1446 respondit
1882 1373 1990 1426 Au-

404 1452 625 1540 gusti-no
647 1464 728 1536 (in
759 1462 904 1517 calce
935 1456 1178 1528 registri,
1212 1469 1259 1506 c.
1297 1452 1406 1521 11).

408 1533 568 1628 (Dist.
599 1533 663 1624 6,1
687 1569 734 1608 ο.
789 1552 1212 1607 Testamentum,
1248 1544 1395 1612 part.
1422 1540 1487 1606 ι.)
1541 1533 1870 1628 Aliquando
1900 1546 1993 1628 “ex

339 1620 606 1717 crapula,
629 1620 945 1711 aliquando
967 1651 1036 1689 ex
1056 1637 1279 1688 natura:
1303 1620 1810 1700 superﬂuitatevel
1829 1621 1990 1674 inﬁr-

343 1708 568 1800 mitate,
596 1708 921 1800 aliquando
947 1741 1014 1779 ex
1036 1719 1385 1791 cogitatione
1409 1712 1701 1800 contingit,
1721 1708 1986 1800 pollutio.

341 1826 412 1880 Et
433 1793 667 1894 quidem
693 1793 825 1873 cum
850 1831 918 1869 ex
938 1816 1160 1868 naturae
1184 1804 1590 1877 superﬂuitate
1619 1799 1708 1855 vel
1742 1797 1996 1853 inﬂrmi-
2027 1793 2074 1857 B

344 1887 469 1968 tate
494 1905 770 1969 evenerit,
803 1899 1141 1958 omnimodo
1173 1895 1375 1950 illusio
1409 1909 1524 1948 non
1575 1893 1663 1946 est
1712 1887 1997 1955 timenda,

346 1998 486 2071 quia
516 1997 665 2050 hanc
692 1993 926 2048 animus
947 1986 1216 2044 nesciens
1238 1982 1551 2056 pertulisse
1581 1976 1770 2048 magis
1793 1975 1996 2029 dolen-

346 2067 459 2142 dus
477 2090 762 2154 estquam
789 2079 1015 2134 fecisse.
1043 2077 1188 2132 Cum
1207 2089 1338 2128 vero
1363 2069 1519 2125 ultra
1544 2067 1787 2122 modum
1822 2078 1999 2134 appe-

345 2177 492 2231 titus
522 2171 666 2243 gulae
712 2170 769 2225 in
823 2165 1128 2223 sumendis
1179 2158 1475 2216 alimentis
1525 2155 1772 2226 rapitur,
1825 2157 2000 2221 atque

345 2240 560 2316 idcirco
628 2259 947 2313 humorum
999 2248 1371 2322 receptacula
1433 2247 1770 2316 gravantur,
1828 2240 2002 2293 habet

346 2351 554 2405 exinde
585 2347 823 2404 animus
854 2343 1110 2415 aliquem
1140 2342 1394 2402 reatum,
1424 2351 1538 2390 non
1567 2339 1766 2388 tamen
1813 2344 2002 2398 usque

348 2440 420 2494 ad
454 2435 910 2509 prohibitionem
973 2427 1334 2502 percipiendi
1385 2423 1536 2480 sacri
1590 2418 1876 2492 mysterii,
1914 2415 2000 2470 vel

348 2527 665 2582 missarum
699 2522 988 2578 solemnia
1019 2517 1387 2580 celebranda,
1421 2529 1555 2568 cum
1607 2511 1854 2564 fortasse
1900 2510 2005 2561 aut

351 2621 539 2672 festus
570 2614 694 2669 dies
727 2612 928 2683 exigit,
951 2612 1054 2664 aut
1073 2606 1341 2662 exhibere
1367 2599 1766 2658 ministerium
1792 2599 1918 2668 (pro
1937 2611 2002 2649 eo

349 2705 505 2777 quod
523 2703 796 2760 sacerdos
811 2700 1032 2756 aliusin
1046 2697 1169 2752 loco
1185 2695 1362 2762 deest)
1379 2692 1506 2764 ipsa
1524 2689 1838 2744 necessitas
1853 2700 2005 2739 com-

353 2775 540 2866 pellit.
562 2794 710 2848 Nam
742 2791 791 2846 si
823 2785 1176 2851 adsuntalii,
1208 2783 1310 2855 qui
1334 2779 1575 2852 implere
1605 2775 2002 2832 ministerium

353 2863 605 2947 valeant,
641 2879 838 2934 illusio
871 2894 972 2948 per
1027 2873 1329 2945 crapulam
1386 2871 1590 2925 factaa
1634 2863 2003 2937 perceptione

355 2973 506 3026 sacri
531 2966 794 3040 mysterii
825 2964 1132 3036 prohibere
1151 2978 1265 3016 non
1299 2959 1488 3025 debet,
1515 2956 1617 3011 sed
1636 2955 1708 3009 ab
1733 2951 2002 3008 immola-

355 3059 510 3114 tione
531 3057 680 3113 sacri
707 3053 968 3127 mysterii
986 3051 1281 3107 abstinere
1297 3050 1384 3119 (ut
1404 3044 1677 3114 arbitror)
1700 3041 2005 3097 humiliter

1421 311 1485 360 D.
1525 305 1765 358 IVONIS
1802 298 2296 354 CARNOTENSIS
2331 295 2653 350 EPISCOPI

717 443 998 502 erabilius
1022 453 1197 512 quam
1226 435 1285 489 in
1304 432 1386 488 eis
1410 444 1538 501 quas
1564 439 1843 481 concessa
1859 438 1974 476 non
2006 420 2060 484 Α
2091 418 2325 491 gravius
2354 418 2629 474 delictum
2662 416 2971 473 devitetur.
3025 415 3168 470 Ecce
3227 413 3385 469 enim
3445 415 3552 469 Lot
3593 415 3757 471 ﬁlias

3635 291 3752 346 688

2099 525 2237 564 suas
2266 507 2514 564 incestui
2545 507 2775 562 tradere
2805 504 3010 572 voluit,
3062 519 3136 558 ne
3196 503 3392 572 majus
3451 508 3772 572 peccatum

2098 602 2298 652 contra
2328 600 2598 651 naturam
2630 597 2686 651 in
2718 595 2873 649 viros
2905 591 3372 648 committeretur
3403 591 3562 661 (Gen.
3614 595 3768 663 xrx).

2095 687 2203 741 Sed
2262 685 2370 741 hoc
2428 685 2768 757 perturbato
2828 681 3025 737 animo
3084 681 3223 735 dare
3282 680 3587 735 debemus.
3651 687 3772 737 Ne-

2097 775 2288 830 sciens
2318 775 2471 829 enim
2504 774 2644 845 quid
2703 775 2918 844 ageret.
2978 768 3064 824 vel
3127 770 3425 840 quomodo
3487 769 3765 841 hospites

2099 881 2245 935 quos
2277 863 2544 919 homines
2595 862 2856 935 putabat,
2891 860 3189 926 liberaret,
3225 858 3334 913 hoc
3394 857 3591 930 egisse
3623 875 3768 914 cre-

2099 953 2330 1007 dendus
2363 958 2473 1007 est.

2099 1042 2228 1092 CAP.
2265 1039 2384 1091 115.
2418 1069 2484 1078 -—
2542 1034 2692 1105 Quod
2747 1035 2930 1088 minus
2988 1036 3066 1087 est
3121 1032 3423 1105 secundum
3489 1037 3769 1088 naturam

2169 1111 2311 1164 coire
2339 1127 2503 1179 quam
2557 1103 2746 1179 contra
2799 1114 3063 1179 naturam
3121 1103 3462 1179 delinquere.
3526 1105 3770 1160 Ambro-

2169 1182 2286 1234 sius
2319 1177 2378 1234 in
2409 1182 2485 1234 lib
2517 1197 2534 1233 ι
2564 1181 2639 1234 De
2666 1177 2966 1241 Abraham,
2992 1191 3114 1246 cap.
3150 1178 3203 1229 6.

2174 1268 2268 1338 (32
2328 1284 2379 1338 q.
2429 1269 2485 1335 7,
2543 1283 2589 1321 ο.
2643 1265 2954 1336 Oﬂerebat.)
3012 1262 3302 1317 Otl‘erebat
3359 1267 3606 1319 sanctus
3665 1264 3778 1319 Lot

2101 1355 2357 1410 ﬁliarum
2390 1356 2698 1426 pudorem,
2724 1371 2859 1409 nam
2890 1360 2947 1408 et
2975 1353 3026 1407 si
3057 1351 3158 1406 illa
3178 1367 3416 1422 quoque
3454 1351 3779 1422 impuritas

2102 1446 2393 1517 ﬂagitiosa
2423 1451 2568 1511 erat,
2600 1450 2799 1500 tamen
2842 1445 3040 1498 minus
3074 1447 3200 1496 erat
3229 1441 3561 1496 secundum
3595 1445 3778 1496 natu-

2101 1551 2228 1589 ram
2256 1535 2460 1605 croire,
2496 1549 2674 1604 quam
2702 1533 2981 1588 adversus
3014 1536 3287 1585 naturam
3321 1529 3694 1600 delinquere.

2103 1633 2235 1687 CAP.
2273 1634 2394 1685 116.
2425 1661 2492 1674 —-
2529 1632 2679 1698 Quod
2703 1632 2799 1685 Lot
2830 1631 2894 1684 de
2943 1630 3206 1684 ebrietate
3248 1629 3432 1698 potius
3483 1644 3654 1697 quam
3702 1630 3778 1683 de

2175 1706 2384 1758 incestu
2402 1704 2710 1774 culpandus
2738 1705 2828 1758 sit.
2856 1703 3218 1770 Augustinus,
3248 1701 3452 1756 Contra
3500 1701 3777 1754 Faustum

2177 1775 2297 1842 (lib.
2330 1791 2467 1844 xxu,
2497 1791 2544 1829 c.
2571 1775 2682 1844 44).

2180 1863 2620 1918 lnebriaverunt
2647 1865 2753 1918 Lot
2783 1862 2914 1918 ﬁliae
2948 1861 3100 1932 ejus,
3134 1862 3191 1915 et
3220 1875 3282 1914 se
3312 1858 3607 1914 nescienti
3660 1859 3777 1914 mi-

2109 1956 2389 2008 scuerunt
2417 1954 2562 2024 (Gen
2597 1956 2738 2020 xix).
2779 1952 3144 2022 Quapropter
3160 1947 3494 2020 culpandus
3521 1954 3615 2003 est
3638 1949 3777 2020 qui-

2111 2043 2265 2108 dem,
2302 2057 2416 2096 non
2451 2048 2647 2096 tamen
2679 2039 3087 2113 quantumille
3111 2037 3401 2105 incestus,
3431 2038 3536 2092 sed
3570 2054 3772 2109 quan-

2109 2136 2236 2186 tum
2269 2134 2527 2185 meretur
2557 2131 2658 2186 illa
2689 2130 2962 2185 ebrietas.

2111 2230 2246 2285 CAP.
2280 2231 2401 2285 117.
2436 2261 2500 2269 -
2530 2231 2689 2297 Quod
2719 2231 2815 2284 Lot
2841 2228 3171 2297 prostituere
3203 2226 3414 2281 volebat
3445 2224 3594 2294 ﬁlias
3642 2242 3780 2282 suas

2177 2303 2359 2373 potius
2386 2302 2780 2371 pertubatione
2809 2317 2975 2371 quam
3023 2297 3452 2373 dispensatione.
3501 2298 3778 2373 Augusti-

2182 2369 2285 2427 nus
2313 2369 2405 2426 lib.
2437 2369 3001 2440 Quaestionumsuper
3032 2371 3295 2436 Genesim,
3329 2385 3456 2440 cap.
3488 2369 3578 2422 42.

2184 2460 2345 2522 Quod
2379 2460 2459 2514 ait
2488 2458 2808 2514 Sodomitis
2837 2459 2972 2513 Lot:
3007 2457 3447 2512 Suntmihiduaz
3479 2455 3621 2524 ﬁliae
3648 2471 3779 2526 quae

2114 2549 2363 2603 nondum
2392 2552 2665 2603 noverunt
2696 2547 2864 2614 viros,
2895 2547 3197 2618 producam
3224 2545 3354 2600 illas
3379 2545 3451 2598 ad
3493 2561 3606 2612 vos,
3657 2547 3777 2599 uti-

2112 2639 2257 2692 mini
2278 2638 2415 2704 illis,
2445 2637 2877 2708 sicutplacuerit
2902 2635 3069 2700 vobis,
3093 2639 3309 2689 tantum
3341 2635 3400 2688 in
3450 2633 3597 2689 viros
3641 2635 3778 2689 istos

2111 2741 2182 2780 ne
2209 2726 2439 2799 faciatis
2468 2728 2720 2796 iniquum
2745 2725 2897 2796 (Gen.
2917 2724 3034 2795 x1x)
3062 2741 3074 2778 :
3103 2723 3378 2795 quoniam
3417 2723 3779 2793 prostituere

2111 2815 2344 2870 volebat
2372 2815 2522 2870 tilias
2539 2832 2678 2871 suas
2705 2815 2811 2869 hac
2834 2813 3330 2884 compensatione,
3356 2816 3422 2867 ut
3438 2811 3544 2866 viri
3573 2811 3780 2882 hospi-

2113 2908 2201 2960 tes
2224 2906 2352 2975 ejus
2374 2903 2518 2960 nihil
2540 2921 2573 2959 a
2593 2903 2912 2958 Sodomitis
2935 2902 3048 2958 tale
3072 2901 3652 2974 paterentur,utrum
3679 2902 3782 2956 ad-

2114 2994 2401 3048 mittenda
2432 2994 2506 3049 sit
2537 2992 2929 3064 compensatio
2971 2991 3329 3064 ﬂagitiorum
3361 2989 3450 3045 vel
3483 3007 3778 3061 quorum-

2117 3098 2347 3154 cunque
2379 3085 2772 3153 peccatorum,
2808 3085 2872 3134 ut
2901 3097 3009 3134 nos
3040 3079 3327 3134 faciamus
3359 3077 3501 3133 mali
3523 3078 3778 3149 aliquid,

353 3149 543 3242 alia.
571 3141 1255 3242 ιςετηηεοίαςραιςιο
1279 3137 1345 3242 sa
1365 3134 1621 3242 αξυξιῖῖ
1640 3129 2000 3242 egebas}:
2031 3157 2074 3224 c
2113 3129 2636 3242 ...ιῑῑυτεξςένξίις
2655 3129 3777 3239 3.7.1.;issi;igneaigsi‘sgsg:

349 3235 648 3307 vigilantis
671 3230 1066 3289 oriturillusio
1099 3229 1158 3282 in
1193 3231 1388 3282 mente
1436 3221 1807 3288 dormientis,
1842 3223 2002 3292 patet

355 3324 564 3380 animae
595 3338 741 3378 suus
768 3323 985 3376 reatus.
1008 3317 1180 3372 Videt
1199 3316 1355 3371 enim
1386 3331 1419 3368 a
1451 3329 1565 3384 qua
1594 3311 1788 3366 radice
1809 3307 1994 3379 inqui-

350 3413 509 3470 natio
541 3411 642 3466 illa
673 3407 1062 3482 processerit:
1098 3423 1225 3477 quis
1252 3403 1407 3476 quod
1457 3400 1735 3474 cogitavit
1787 3397 2002 3463 sciens,

355 3505 461 3558 hoc
495 3498 736 3573 pertulit
757 3498 1055 3553 nesciens.

351 3601 489 3655 CAP.
525 3598 649 3652 112.
680 3628 746 3637 —
776 3596 850 3649 De
874 3594 1078 3649 eodem.
1122 3592 1383 3648 Isidorus.
1417 3588 1831 3643 Sententiarum
1863 3585 2003 3640 libro

495 3671 675 3740 primo
707 3668 932 3738 (Isidor.
965 3684 1011 3721 ε.
1035 3666 1069 3719 6
1097 3665 1134 3718 l.
1171 3681 1234 3719 III
1289 3665 1363 3717 De
1390 3676 1602 3716 summo
1652 3659 1832 3727 bono).

429 3759 594 3829 (Dist.
625 3759 678 3827 6,
720 3773 766 3812 ε.
816 3757 930 3811 Non
961 3763 1040 3810 est
1077 3756 1385 3825 peccatum,
1432 3753 1579 3821 part.
1634 3748 1692 3818 ι.)
1742 3747 1868 3801 Non
1917 3747 2006 3800 est

360 3853 663 3918 peccatum
695 3846 927 3917 quando
955 3843 1218 3899 nolentes
1241 3839 1597 3910 imaginibus
1612 3835 1916 3891 nocturnis
1935 3834 2004 3888 i1-

358 3937 640 4002 ludimur,
676 3937 775 3992 sed
799 3941 939 3989 tunc
961 3938 1052 3988 est
1084 3934 1410 4002 peccatum,
1443 3927 1492 3983 si
1523 3930 1842 3996 antequam
1873 3923 2004 3978 illu-

353 4030 581 4094 damur,
616 4024 986 4098 cogitationis
1017 4019 1321 4076 atiectibus
1352 4015 1762 4088 praevenimur.
1807 4014 2004 4068 Luxu-

354 4118 450 4170 riae
466 4112 986 4188 quippeimagines
1000 4125 1148 4181 quas
1171 4109 1228 4160 in
1242 4105 1482 4161 veritate
1504 4104 1820 4175 gessimus,
1853 4117 2004 4172 saepe

351 4205 785 4261 dormientibus
817 4203 876 4256 in
904 4200 1101 4255 animo
1151 4200 1455 4268 apparent,
1507 4195 1604 4248 sed
1658 4191 1928 4258 innoxiae,
1953 4189 2003 4244 si

350 4312 466 4350 non
498 4291 968 4364 concupiscendo
1011 4289 1347 4342 occurrunt.
1383 4283 1490 4349 Qui
1540 4286 1828 4337 nocturna
1876 4278 2004 4333 illu-

348 4385 512 4438 sione
544 4381 847 4452 polluitur,
883 4375 1153 4448 quamvis
1178 4380 1342 4428 extra
1362 4371 1708 4426 memoriam
1741 4368 2001 4440 turpium

346 4470 769 4540 cogitationum
801 4482 930 4521 sese
969 4463 1290 4535 persentiat
1337 4461 1737 4531 inquinatum,
1799 4463 1997 4512 tamen

2110 3259 2252 3315 tioni
2289 3259 2416 3327 Lot,
2447 3276 2562 3314 non
2597 3258 2842 3314 consilio
2899 3257 3280 3312 tribuendum
3333 3256 3410 3312 sit
3459 3257 3601 3329 quia
3662 3256 3776 3312 hoc

2111 3348 2318 3403 dixerit
2334 3349 2538 3404 merito
2558 3347 2839 3420 quaeritur
2862 3367 2874 3415 ;
2892 3351 2948 3402 et
2967 3346 3248 3401 nimirum
3273 3345 3776 3418 periculosissime

2110 3437 2444 3494 admittitur
2464 3437 2583 3492 haec
2605 3436 3029 3508 compensatio.
3052 3433 3110 3488 Si
3133 3439 3330 3489 autem
3366 3435 3771 3507 pertubationi

2109 3527 2380 3580 humana:
2411 3526 2710 3594 tribuitur,
2745 3529 2801 3579 et
2845 3523 3027 3578 menti
3070 3527 3234 3578 tanto
3286 3522 3443 3579 malo
3487 3529 3768 3596 permotis

2113 3614 2274 3670 nullo
2307 3616 2479 3670 modo
2511 3613 2801 3668 imitanda
2831 3617 2941 3668 est.

2326 3703 2460 3758 CAP.
2499 3703 2617 3757 118,
2650 3733 2717 3742 -
2745 3707 2821 3756 De
2841 3701 3044 3756 eodem.
3068 3701 3278 3756 Ibidem
3298 3717 3424 3773 cap.
3457 3702 3548 3756 44.

2186 3790 2591 3862 Intelligamus
2623 3807 2739 3844 non
2766 3806 2866 3861 pro
2889 3790 3231 3845 auctoritate
3255 3790 3595 3847 habendum
3617 3794 3775 3864 quod

2115 3881 2256 3935 dixit
2296 3881 2398 3935 Lot
2429 3881 2497 3935 de
2529 3878 2894 3950 turpitudine
2925 3878 3206 3934 ﬁliarum.

2112 3982 2246 4034 CAP.
2282 3979 2403 4032 119.
2437 4008 2506 4017 ——
2536 3980 2615 4032 Ne
2643 3978 2765 4048 quis
2795 3985 3148 4032 menstrualie
3178 3978 3408 4034 mulieri
3451 3982 3774 4038 misceatur.

2554 4049 2795 4104 Clemens
2823 4050 2970 4104 Julio
2991 4054 3042 4104 et
3070 4048 3316 4105 Iuliano.

2183 4137 2462 4194 Observet
2509 4139 2920 4209 unusquisque
2978 4154 3049 4193 ne
3102 4142 3478 4194 menstruataa
3529 4140 3768 4197 mulieri

2112 4227 2469 4295 misceatur;
2530 4227 2638 4281 hoc
2695 4227 2850 4282 enim
2905 4227 3262 4282 exsecrabile
3322 4227 3464 4284 dicit
3518 4228 3609 4284 lex
3665 4230 3768 4286 Dei

2112 4318 2258 4388 (Lev.
2293 4318 2476 4386 xvm).

2112 4406 2245 4460 CAP.
2288 4406 2407 4460 120.
2440 4436 2508 4444 —
2553 4404 2700 4472 Quod
2749 4409 3039 4468 conceptus
3094 4410 3458 4460 menstruales
3509 4407 3762 4462 mulieris

2179 4476 2377 4530 multis
2406 4477 2578 4531 modis
2616 4478 3012 4549 corrumpitur.
3047 4477 3389 4545 Augustinus
3435 4494 3600 4549 super
3659 4479 3762 4534 Ge-

345 4523 455 4613 Ι]οδ
487 4564 550 4612 ut
577 4560 906 4612 tentaretur
935 4523 1117 4624 culpae
1152 4569 1268 4607 sua:
1299 4523 1542 4617 tribuat,
1577 4523 1865 4618 suamque
1886 4545 1995 4599 im-
2027 4523 2074 4589 D
3000 4523 3432 4620 £57773?»

346 4645 701 4701 munditiam
739 4645 939 4700 statim
972 4642 1208 4697 ﬂetibus
1233 4644 1442 4712 terget.

343 4752 475 4807 CAP.
506 4752 629 4806 113.
660 4780 730 4790 —-
760 4751 895 4805 Item
941 4749 1006 4803 de
1053 4748 1258 4802 eodem.
1313 4746 1395 4799 Ea:
1449 4745 1567 4799 Vita
1611 4744 1666 4798 S.
1721 4742 1988 4797 Dioscori.

856 4824 912 4874 ις.
939 4823 1223 4875 Dioscorus
1251 4817 1490 4872 dicebat.

411 4913 470 4968 Si
501 4913 725 4983 absque
750 4909 1065 4966 mulierum
1110 4906 1427 4978 phantasia
1473 4903 1716 4976 pollutio
1773 4903 1985 4965 veniat,

338 5021 456 5060 non
489 5019 617 5060 esse
651 5007 976 5073 peccatum.
1011 4997 1315 5069 Ingenitus
1347 4996 1502 5050 enim
1524 4995 1736 5049 humor
1765 4994 1824 5048 in
1857 5010 1984 5048 cor-

338 5110 500 5166 pore,
529 5092 627 5147 ubi
658 5089 892 5162 propria
923 5085 1233 5158 repleverit
1253 5083 1689 5155 conceptacula,
1736 5084 1859 5137 suis
1882 5099 1982 5137 ne-

337 5199 499 5239 cesse
530 5185 618 5237 est
649 5179 962 5243 meatibus,
995 5181 1286 5247 egeratur,
1327 5179 1384 5228 et
1411 5173 1542 5227 ideo
1593 5190 1704 5226 non
1729 5173 1982 5226 trahitur

337 5275 408 5328 ad
442 5274 768 5344 peccatum.

335 5363 468 5417 CAP.
503 5360 625 5415 114.
649 5388 717 5397 —-
768 5358 956 5414 Utrum
984 5356 1168 5408 minus
1216 5360 1496 5420 peccatum
1541 5354 1614 5405 sit
1649 5353 1976 5417 permitten—

404 5434 534 5487 dum
563 5440 622 5486 ut
649 5432 873 5500 gravius
901 5430 1152 5482 evitetur.
1185 5426 1411 5495 Haymo,
1443 5439 1609 5493 super
1635 5425 1900 5478 Genesim.

405 5521 592 5584 Quaeri
623 5519 773 5574 solet
795 5521 992 5572 utrum
1027 5515 1144 5570 haec
1173 5513 1573 5584 compensatio
1595 5512 1716 5566 ﬂeri
1743 5513 1970 5579 debeat,

334 5614 399 5664 ut
426 5606 693 5663 videlicet
723 5607 920 5662 minus
952 5608 1256 5676 peccatum
1289 5601 1411 5657 lieri
1443 5605 1874 5672 permittamus,
1911 5608 1973 5655 ut

2171 4637 2333 4701 Quod
2366 4637 2654 4708 scriptum
2678 4641 2767 4691 est
2794 4653 2807 4690 :
2834 4638 2978 4691 Puer
2998 4653 3157 4692 eram
3178 4639 3520 4708 ingeniosus,
3553 4645 3611 4694 et
3637 4657 3759 4695 sum

2097 4725 2320 4780 sortitus
2352 4726 2598 4780 animam
2629 4727 2824 4780 bonam
2857 4725 3006 4794 (Sap.
3030 4730 3183 4795 vm),
3231 4725 3501 4781 videlicet
3543 4744 3613 4782 ex
3661 4746 3759 4799 pa-

2097 4818 2261 4871 terno
2294 4815 2531 4886 ingenio
2563 4813 2649 4868 vel
2683 4813 2968 4884 corporali
3000 4818 3464 4884 temperamento
3491 4841 3504 4882 ;
3548 4815 3760 4873 deinde

2093 4920 2216 4958 cum
2239 4919 2411 4958 essem
2440 4904 2623 4973 magis
2655 4903 2824 4956 bonus
2848 4903 2974 4956 veni
3001 4902 3071 4956 ad
3099 4917 3295 4973 corpus
3321 4904 3748 4975 coinquinatum

2096 4993 2296 5064 ibid):
2333 4992 2773 5063 coinquinatum
2804 4991 3093 5063 videlicet,
3127 4993 3212 5048 vel
3271 5011 3304 5050 a
3351 5010 3559 5050 cruore
3592 5013 3753 5052 men-

2093 5088 2256 5138 struo
2288 5083 2590 5155 (dicuntur
2621 5081 2779 5136 enim
2811 5097 2878 5135 ex
2909 5080 3017 5136 hoc
3049 5082 3282 5153 ingenia
3312 5085 3590 5156 gravari),
3611 5085 3696 5141 vel
3722 5104 3753 5142 a

2091 5173 2592 5227 contaminatione
2623 5169 2975 5224 adulterina.

2159 5270 2287 5324 CAP.
2323 5270 2443 5324 121.
2479 5297 2547 5341 τ-
2576 5268 2648 5321 De
2667 5267 2869 5321 eodem.
2908 5269 3283 5340 Hieronymus
3305 5286 3472 5341 super
3489 5271 3744 5328 Ezechie-

2328 5341 2453 5408 lem,
2489 5338 2587 5392 lib.
2622 5356 2699 5405 v1,
2725 5341 2786 5393 in
2815 5344 2978 5410 caput
3007 5338 3142 5396 xvni
3175 5344 3254 5412 (in
3279 5338 3502 5413 medio).

2161 5433 2266 5481 Pcr
2296 5427 2561 5498 singulos
2595 5443 2826 5482 menses
2847 5428 3044 5499 gravia
3069 5435 3243 5502 atque
3285 5433 3581 5502 torpentia
3613 5450 3749 5489 mu-

2079 5516 2290 5571 lierum
2321 5532 2565 5586 corpora
2594 5515 2888 5571 immundi
2919 5519 3230 5590 sanguinis
3274 5519 3562 5577 effusione
3594 5521 3742 5578 rele-

2081 5609 2308 5659 vantur.
2343 5605 2465 5668 Quo
2492 5609 2753 5675 tempore
2783 5606 2831 5661 si
2858 5606 2945 5662 vir
2974 5609 3180 5666 coierit
3211 5627 3344 5667 cum
3380 5609 3745 5682 muliere,di-
