4002 6054
220 248 345 302 689

1167 250 1479 303 DECRETI
1525 251 1706 302 PARS
1744 251 1816 302 X.
1852 277 1916 286 —
1950 251 2043 300 DE
2084 248 2500 311 HOMICIDIIS,
2544 251 2698 302 ETC.

3555 246 3661 302 690

220 378 451 430 cuntur
471 372 735 444 concepti
755 373 909 428 fetus
928 390 1127 428 secum
1148 373 1355 427 vitium
1380 374 1623 429 seminis
1644 373 1898 441 trahere,
1929 375 1978 440 Α
2081 373 2271 440 ganda
2296 378 2377 427 est
2410 378 2539 428 ante
2570 364 2801 441 paenam.
2838 373 3139 445 Gregorius
3174 374 3377 429 Joanni
3414 372 3659 445 episcopo

222 463 315 519 ita
347 468 411 518 ut
441 462 659 534 leprosi
691 467 749 517 et
769 461 1155 532 elephantiosi
1180 479 1247 516 ex
1268 463 1376 516 hac
1398 463 1774 535 conceptione
1794 481 1895 518 na-

220 556 481 606 scantur
513 556 570 606 et
606 552 737 605 feda
770 552 827 605 in
858 556 1109 621 utroque
1142 568 1282 605 sexu
1316 568 1581 621 corpora,
1610 554 1897 623 parvitate

228 641 329 695 vel
363 640 710 695 enormitate
737 641 1134 695 membrorum
1170 640 1393 695 sanitas
1453 641 1672 709 [sanies
1726 642 1893 710 orig]

222 734 511 800 corrupta
528 731 857 799 degeneret.
886 730 1231 800 Prmcipitur
1254 746 1390 800 ergo
1413 730 1551 784 viris
1574 736 1638 783 ut
1662 747 1775 784 non
1795 747 1892 784 so-

223 819 361 873 lum
394 818 451 872 in
480 818 689 873 alienis
722 818 1093 885 mulieribus,
1128 819 1226 873 sed
1261 818 1320 872 in
1342 818 1467 873 suis
1499 835 1731 889 quoque
1755 819 1889 889 qui-

2082 444 2494 499 Panormitano
2524 446 2778 516 (Regisl.,
2811 446 2906 500 lib.
2940 462 3017 514 x1,
3048 444 3210 512 epist.
3257 446 3368 515 62).

2080 533 2224 597 Quia
2255 538 2393 589 sunt
2425 534 2606 605 culpa:
2650 535 2705 587 in
2761 534 2978 604 quibus
3026 533 3199 604 culpa
3249 538 3339 588 est
3392 533 3656 588 relaxare

2003 619 2347 689 vindictam,
2382 624 2696 693 quierenda
2727 639 2959 692 semper
2981 628 3069 676 est
3090 623 3325 689 veritas,
3352 626 3417 677 ut
3439 622 3654 691 inquiri

2003 709 2193 764 valeat
2227 714 2423 766 uirum
2460 716 2798 766 accusatum
2846 728 2997 765 noxa
3058 713 3429 777 condemnet,
3490 728 3561 765 an
3624 729 3657 765 a

2004 816 2175 870 pcena
2190 799 2527 855 innocentia
2540 802 2827 871 patefacta
2844 800 3149 855 subducat.
3162 802 3221 870 (A
3234 800 3542 871 ugustinus,
3561 800 3661 853 De-

219 908 346 963 bus
375 907 648 961 videntur
670 906 795 977 lege
817 906 1118 976 conjungi,
1145 911 1303 962 certa
1325 888 1674 962 concubitus
1696 888 1892 963 norint
2000 888 2180 977 Ϋενθίδ
2207 889 2445 955 Domi“:
2480 891 2569 944 ίίίο
2598 908 2677 958 Χῖ,
2713 890 2769 943 in
2802 892 3007 959 Ειάηθ·
3042 889 3254 955 malum
3312 905 3480 944 δενιηο
3542 890 3657 957 16·)

217 1000 525 1068 tempora,
558 995 794 1067 quando
826 995 1182 1059 coeundum,
1217 997 1452 1066 quando
1493 997 1564 1050 ab
1603 996 1884 1051 uxoribus

222 1086 309 1141 sit
340 1084 776 1139 abstinendum.
819 1086 970 1138 Item.
994 1088 1206 1140 Caveat
1230 1102 1373 1139 uxor
1398 1101 1469 1139 ne
1494 1084 1782 1140 desiderio
1806 1085 1889 1139 vi-

2000 975 2148 1031 Sunt
2196 977 2466 1033 homines
2522 978 2771 1033 adulteri
2823 978 2881 1031 in
2940 978 3212 1032 domibus
3243 978 3391 1042 suis,
3453 977 3511 1031 in
3562 994 3652 1033 se-

2000 1070 2155 1119 creto
2188 1071 2450 1136 peccant,
2477 1066 2795 1138 aliquando
2821 1066 2990 1121 nobis
3016 1066 3343 1137 produntur
3366 1065 3439 1119 ab
3462 1066 3653 1119 uxori-

218 1178 320 1227 cta
347 1172 595 1229 coeundi
629 1172 777 1227 celet
806 1172 1020 1238 virum,
1051 1177 1108 1226 et
1140 1173 1387 1227 maritus
1418 1189 1489 1226 ne
1521 1174 1637 1225 vim
1713 1174 1889 1227 faciat
1996 1153 2106 1207 bus
2138 1155 2284 1221 θυῖε»
2319 1154 2665 1226 Plerumque
2696 1154 3047 1220 zelantibusv
3072 1154 3386 1225 aliquando
3410 1154 3653 1208 marito‘

220 1262 417 1327 uxori,
459 1266 675 1332 putans
707 1260 866 1315 omni
900 1266 1159 1332 tempore
1200 1261 1310 1315 sibi
1373 1262 1700 1330 subjectam
1758 1278 1886 1316 esse

222 1352 445 1405 debere
476 1350 734 1421 conjugii
759 1349 1143 1403 voluntatem.

222 1440 357 1491 CAP.
396 1437 515 1509 122.
554 1468 619 1509 έ
653 1439 730 1491 Ne
750 1438 921 1509 nimis
943 1453 1137 1509 aspera
1160 1438 1334 1491 alicui
1358 1439 1688 1505 iniungatur
1708 1440 1884 1509 ι)ωηὶ-

298 1507 493 1563 tentia.
537 1508 835 1579 Gregorius
896 1508 1208 1563 Domitiano
1264 1507 1806 1580 metropolitanoll.
1842 1527 1883 1564 ιι

300 1580 511 1650 regist.,
545 1597 588 1634 c.
631 1582 748 1645 101,
781 1597 863 1648 ep.
896 1580 1008 1649 62).

300 1669 409 1733 Qui
438 1668 671 1740 culpam
700 1668 987 1739 plangunt
1009 1668 1273 1735 luxuriae,
1297 1674 1351 1724 et
1372 1670 1729 1740 voluptatem
1755 1686 1879 1723 car-

229 1758 328 1813 nis
361 1758 418 1812 in
452 1758 711 1813 dolorem
741 1762 997 1827 vertunt,
1023 1776 1055 1811 a
1079 1758 1379 1829 magistris
1402 1759 1620 1812 sentire
1642 1776 1753 1813 non
1780 1760 1882 1813 de-
1914 1746 1960 1809 B

230 1847 377 1902 bent
403 1847 774 1918 asperitatem
800 1846 1221 1917 disciplinaa,ne
1244 1848 1367 1918 ipse
1385 1848 1626 1902 humani
1652 1848 1882 1919 generis

233 1936 591 2007 Redemptor
622 1936 819 1991 minus
852 1941 1102 2005 ametur,
1135 1938 1185 1991 si
1224 1954 1325 2008 pro
1383 1954 1449 1991 eo
1499 1937 1697 1992 anima
1745 1936 1880 2008 plus

233 2039 416 2093 quam
446 2022 616 2077 debet
647 2022 940 2077 atteritur.

231 2114 370 2167 CAP.
407 2112 528 2165 123.
559 2142 626 2151 —
657 2112 773 2165 Non
801 2126 915 2165 esse
959 2113 1178 2182 culpam
1236 2112 1617 2167 inordinatum
1672 2118 1879 2167 motum

303 2183 675 2256 membrorum
705 2182 827 2237 sine
855 2200 1139 2239 consensu.
1167 2187 1532 2256 Augustinus,
1567 2187 1642 2239 De
1666 2188 1883 2241 civitate

301 2254 421 2319 Dei,
459 2254 533 2308 lib
566 2272 605 2323 ι,
637 2271 757 2325 cap.
790 2256 881 2309 23.

298 2344 354 2396 Si
387 2343 943 2412 concupiscentialis
973 2342 1393 2412 inobedientia,
1428 2361 1554 2415 quas
1588 2344 1781 2399 adhuc
1820 2346 1879 2400 in

232 2431 518 2487 membris
550 2432 917 2487 moribundis
944 2432 1187 2497 habitat,
1215 2438 1421 2503 praeter
1442 2438 1657 2489 nostrae
1674 2434 1881 2489 volun-

226 2522 370 2576 tatis
398 2520 584 2591 legem
615 2520 787 2591 quasi
810 2538 919 2575 sua
940 2520 1063 2591 lege
1087 2526 1371 2587 movetur,
1398 2522 1446 2576 si
1471 2522 1693 2591 absque
1711 2523 1883 2593 culpa

225 2615 317 2665 est
346 2610 405 2664 in
440 2625 679 2681 corpore
729 2609 1098 2677 dormientis,
1134 2616 1356 2679 quanto
1410 2611 1600 2681 magis
1659 2613 1880 2681 absque

226 2698 403 2770 culpa
432 2703 521 2753 est
554 2699 610 2753 in
644 2715 885 2769 corpore
917 2715 1035 2753 non
1070 2699 1544 2754 consentientis?

232 2805 368 2860 CAP.
406 2806 525 2859 12/1.
561 2836 626 2845 —
658 2805 736 2859 Ne
766 2806 975 2859 mulier
1003 2806 1122 2859 sine
1163 2822 1429 2860 consensu
1484 2806 1593 2859 viri
1650 2807 1875 2863 veletur.

539 2876 959 2948 Capitularium
990 2877 1066 2931 lib
1096 2894 1148 2945 ν,
1180 2894 1226 2931 c.
1266 2878 1331 2931 18
1361 2878 1428 2947 (c.
1465 2878 1575 2948 16.)

301 2964 514 3020 Mulier
570 2966 622 3022 si
668 2967 796 3021 sine
844 2970 1173 3021 commeatu
1231 2967 1528 3034 [comiato,
1579 2968 1725 3035 orig.
1770 2968 1877 3023 viri

232 3055 324 3109 sui
357 3054 552 3111 velum
584 3055 644 3109 in
677 3060 851 3127 caput
883 3054 1131 3124 miserit,
1154 3054 1201 3110 si
1234 3072 1366 3110 vero
1391 3073 1495 3112 suo
1516 3055 1762 3127 placeat,
1789 3072 1876 3113 re-

230 3143 410 3215 cipiat
440 3161 568 3199 eam
601 3145 813 3199 iterum
837 3145 908 3199 ad
942 3145 1309 3215 conjugium.

228 3247 364 3321 CAP.
392 3250 515 3321 125.
543 3280 611 3289 ——
645 3250 791 3317 Quod
822 3251 1119 3305 incesluosi
1164 3251 1229 3304 ab
1292 3250 1529 3305 Ecclesia
1586 3251 1881 3321 separandi

293 3320 430 3375 sint.
494 3320 787 3389 Gregorius
846 3323 1016 3377 Felici
1072 3322 1321 3392 episcopo
1382 3322 1602 3378 Sicilia:
1635 3320 1753 3391 (lib.
1801 3340 1877 3377 xu

299 3392 490 3462 regist.
524 3396 685 3464 epist.
717 3392 830 3461 51).

298 3485 517 3535 ()mnes
541 3480 859 3536 incestuosi
886 3498 917 3535 a
934 3480 1239 3535 liminibus
1262 3484 1475 3536 sanctas
1498 3481 1877 3536 DeiEcclesize

242 3574 381 3625 sunt
410 3570 745 3641 separandi,
778 3587 965 3642 usque
996 3572 1137 3624 dum
1171 3586 1273 3641 per
1294 3570 1755 3624 satisfactionem
1781 3588 1878 3624 sa—

237 3658 538 3713 cerdotum
573 3659 845 3730 precibus
868 3659 1056 3713 eidem
1082 3665 1293 3713 sanctae
1315 3657 1581 3712 Ecclesiae
1604 3658 1880 3712 canonice

240 3747 714 3803 reconcilientur.
734 3750 883 3803 Sunt
914 3747 1070 3803 enim
1095 3747 1231 3802 mali
1254 3747 1599 3818 segregandi
1624 3764 1655 3801 a
1686 3747 1876 3813 bonis,

227 3840 284 3891 at
314 3836 501 3907 iniqui
524 3838 784 3908 ajustis,
811 3842 874 3891 ut
896 3836 1101 3892 saltem
1128 3837 1337 3894 rubore
1360 3852 1466 3891 suo
1490 3836 1878 3891 conscientias

226 3940 365 3980 suas
398 3930 844 3997 recognoscant,
877 3931 933 3980 et
966 3930 1381 3980 convertantur
1413 3942 1445 3979 a
1494 3924 1877 3994 pravitatibus

228 4014 372 4069 suis.
408 4016 475 4069 At
504 4014 554 4070 si
586 4014 1017 4085 incorrigibiles
1069 4019 1373 4085 apparent,
1407 4019 1790 4085 segregantur
1846 4031 1879 4068 a

235 4102 508 4158 ﬁdelibus
542 4120 727 4173 usque
759 4104 828 4158 ad
853 4102 1332 4158 satisfactionem.

228 4191 355 4247 CAP.
389 4192 511 4247 126.
547 4222 617 4231 —
646 4191 801 4262 Quod
826 4192 1033 4247 veritas
1063 4192 1245 4260 σαίρω
1293 4191 1593 4259 diligenter
1648 4192 1876 4246 investi-

1996 1259 2059 1295 ru
2074 1258 2126 1297 rn
2144 1242 2389 1299 salutem
2409 1243 2809 1314 quaerentibus
2827 1262 2840 1312 ;
2858 1260 2964 1298 nos
2979 1260 3093 1297 non
3119 1243 3418 1313 prodimus
3433 1241 3621 1312 palam
3636 1283 3649 1307 ,

1996 1332 2094 1385 sed
2157 1331 2214 1385 in
2278 1338 2500 1387 secreto
2561 1332 2889 1404 arguimus.
2953 1331 3054 1386 Ubi
3115 1330 3358 1403 contigit
3405 1330 3647 1398 malum,

1993 1418 2073 1473 ibi
2108 1422 2395 1476 moriatur
2417 1421 2637 1477 malum
2664 1443 2677 1490 ;
2701 1438 2817 1475 non
2854 1425 3045 1475 tamen
3078 1419 3449 1476 vulnusillud
3473 1419 3649 1492 negli-

1994 1525 2215 1580 gimus.

1990 1599 2272 1653 0.119.127.
2309 1629 2370 1638 —
2410 1600 2471 1653 Ut
2532 1598 2619 1651 vir
2675 1598 2891 1653 nolente
2950 1613 3125 1653 uxore
3180 1613 3287 1652 non
3344 1600 3642 1653 contineat.

2219 1672 2563 1738 Augustinus
2594 1686 2759 1740 super
2787 1670 3062 1740 psalmum
3093 1686 3254 1723 cexth
3280 1669 3414 1740 (88).

2064 1756 2173 1826 (33.
2207 1774 2257 1827 q.
2292 1759 2347 1823 5,
2377 1774 2423 1812 c.
2457 1757 2518 1811 Si
2543 1758 2733 1828 dicat.)
2760 1758 2817 1812 Si
2847 1758 3003 1812 dicat
3032 1758 3154 1811 vir:
3188 1757 3493 1812 Continere
3516 1758 3641 1827 jam

1990 1846 2142 1913 volo,
2175 1847 2311 1902 nolo
2337 1848 2460 1917 jam
2496 1865 2754 1917 uxorem,
2790 1865 2905 1903 non
2940 1851 3152 1919 potest.
3186 1848 3333 1910 Quid
3368 1849 3416 1903 si
3454 1852 3518 1902 tu
3552 1848 3641 1903 vis

1989 1940 2045 1990 et
2075 1935 2175 1990 illa
2207 1953 2321 1991 non
2378 1936 2548 1991 vult?
2578 1937 2855 2007 Nunquid
2888 1952 2988 2007 per
3018 1935 3440 1991 continentiam
3472 1940 3637 1991 tuam

1990 2027 2162 2081 debet
2228 2026 2329 2082 illa
2392 2027 2516 2083 ﬁeri
2576 2028 2936 2084 fornicaria?
2993 2027 3048 2082 Si
3106 2027 3202 2083 alii
3263 2028 3529 2098 nupserit
3584 2032 3641 2082 te

1988 2115 2138 2181 viva,
2172 2116 2437 2170 adultera
2463 2116 2593 2170 erit.
2645 2117 2769 2171 Non
2802 2115 2927 2171 vult
2957 2115 3059 2171 tali
3113 2114 3271 2171 lucro
3326 2116 3479 2171 Deus
3527 2115 3644 2170 tale

1991 2204 2271 2259 damnum
2307 2221 2705 2276 compensare.
2764 2204 2961 2259 Redde
2990 2204 3272 2270 debitum,
3304 2209 3361 2259 et
3418 2204 3467 2258 si
3529 2221 3643 2259 non

1990 2295 2190 2364 exigit,
2222 2296 2415 2349 redde.
2453 2295 2556 2350 Pro
2588 2295 3052 2349 sanctiﬁcatione
3083 2295 3340 2366 perfecta
3361 2293 3515 2349 Deus
3538 2295 3647 2349 tibi

1991 2383 2379 2453 computabit,
2416 2400 2527 2437 non
2561 2384 2713 2452 quod
2743 2382 2848 2437 tibi
2880 2383 3123 2437 debetur
3153 2382 3356 2453 exigis,
3380 2382 3481 2437 sed
3515 2383 3645 2438 red-

1990 2471 2079 2525 dis
2112 2472 2265 2543 quod
2297 2472 2541 2525 debetur
2572 2472 2757 2525 uxori.

1989 2566 2117 2621 CAP.
2158 2566 2277 2619 128.
2321 2596 2389 2605 —-
2440 2566 2580 2633 Quid
2610 2568 2682 2620 sit
2734 2567 2891 2621 abuti
2946 2583 3140 2621 uxore.
3178 2566 3520 2635 Augustinus
3575 2567 3646 2622 ad

2066 2638 2362 2780 Vazlgriium,
2423 2638 2497 2693 De
2543 2638 2751 2709 nuptiis
2808 2647 2859 2693 et
2915 2640 3361 2708 concupiscentia
3410 2639 3505 2708 (lib
3576 2656 3638 2706 11,

2059 2726 2107 2764 c.
2231 2752 2243 2763 .

2061 2798 2145 2851 Ab
2176 2815 2241 2852 ea
2272 2802 2431 2867 parte
2465 2798 2753 2869 corporis,
2784 2814 2909 2869 quae
2942 2816 3055 2853 non
3112 2800 3182 2853 ad
3241 2799 3641 2870 generandum

1988 2890 2077 2941 est
2109 2887 2401 2955 instituta,
2437 2888 2483 2941 si
2518 2892 2575 2941 et
2607 2888 2855 2957 conjuge
2887 2888 3135 2959 quisque
3184 2892 3401 2958 utatur,
3442 2892 3644 2943 contra

1989 2981 2258 3031 naturam
2293 2980 2382 3030 est
2413 2980 2470 3031 et
2499 2975 2877 3046 ﬂagitiosum.

1988 3072 2121 3127 CAP.
2158 3074 2279 3126 129.
2306 3105 2371 3114 —
2400 3073 2553 3142 Quod
2576 3075 2798 3128 nomine
2829 3076 3077 3141 corporis
3111 3090 3243 3144 pars
3273 3076 3519 3144 corporis
3548 3076 3640 3128 in-

2058 3146 2364 3211 telligatur.
2397 3148 2728 3214 Augustinus
2772 3148 2849 3200 ad
2892 3144 3186 3201 Claudium
3237 3151 3429 3201 contra
3457 3147 3641 3200 Julia-

2058 3233 2214 3283 num,
2246 3216 2340 3269 lib.
2375 3233 2430 3283 v,
2462 3234 2582 3287 cap.
2618 3218 2669 3270 4.

2062 3306 2120 3361 Si
2156 3322 2288 3375 pars
2311 3307 2571 3376 corporis
2590 3306 2827 3360 nomine
2850 3307 3108 3377 corporis
3136 3323 3251 3361 non
3274 3311 3472 3377 posset
3494 3323 3641 3361 nun-

1988 3394 2214 3463 cupari,
2252 3410 2363 3447 non
2416 3394 2635 3448 diceret
2690 3395 3048 3463 Apostolus:
3083 3393 3285 3449 Mulier
3340 3410 3449 3449 non
3486 3395 3643 3449 habet

1986 3486 2304 3553 potestatem
2333 3481 2419 3534 sui
2448 3484 2691 3551 corporis
2720 3481 2809 3535 sed
2840 3482 2961 3543 vir;
2992 3481 3256 3536 similiter
3284 3487 3333 3538 et
3388 3483 3479 3537 vir
3532 3498 3643 3536 non

1990 3569 2149 3622 habet
2176 3573 2499 3637 potestatem
2520 3570 2609 3622 sui
2638 3568 2902 3637 corporis,
2934 3569 3026 3623 sed
3056 3570 3261 3624 mulier
3288 3570 3333 3637 (ι
3366 3570 3485 3625 Cor.
3518 3573 3638 3636 vn).

1988 3655 2119 3725 Ipsa
2149 3656 2348 3725 utique
2382 3657 2648 3711 membra
2679 3656 2929 3727 appellat
2963 3658 3221 3727 corporis
3244 3658 3642 3729 nomine,qui-

1988 3744 2099 3799 bus
2159 3744 2516 3799 discernitur
2568 3762 2743 3799 sexus
2801 3746 3217 3817 peragiturque
3269 3749 3636 3803 concubitus.

1988 3836 2130 3898 Quis
2161 3840 2249 3890 est
2276 3835 2433 3891 enim
2459 3836 2557 3906 qui
2592 3836 2748 3892 dicat
2770 3836 2964 3891 virum
2991 3838 3083 3892 sui
3102 3838 3362 3910 corporis
3394 3843 3640 3909 potesta-

1988 3931 2105 3980 tem
2138 3943 2253 3981 non
2280 3926 2512 3992 habere,
2548 3927 2597 3981 si
2653 3927 2713 3980 in
2768 3926 2861 3981 his
2915 3928 3108 3983 verbis
3157 3928 3420 3998 Apostoli
3451 3933 3638 3983 totum

1988 4031 2201 4085 corpus
2232 4014 2548 4086 intelligas,
2574 4017 2727 4086 quod
2757 4020 2987 4071 constat
3009 4016 3287 4072 omnibus
3315 4017 3597 4071 membris
3623 4019 3644 4069 Ρ

1990 4104 2067 4156 Ac
2090 4118 2193 4172 per
2240 4102 2370 4170 hoc,
2414 4104 2741 4157 secundum
2794 4103 3162 4173 Apostolum,
3216 4104 3394 4158 etiam
3450 4102 3642 4158 solum

1988 4192 2243 4262 genitale
2266 4193 2598 4249 membrum
2624 4192 2859 4247 nomine
2888 4194 3147 4265 corporis
3171 4196 3567 4264 nuncupatur.

291 4333 407 4404 (88)
439 4333 547 4388 Sub
578 4334 744 4404 ﬁnem
773 4334 851 4390 ad
880 4334 1249 4390 versiculum:
1281 4333 1352 4389 Ut
1379 4332 1621 4404 alligent
1652 4349 1817 4405 reges
1850 4349 2050 4388 eorum
2082 4334 2143 4389 in
2173 4335 2577 4407 compedibus.

1176 4619 1713 4712 DECRETI
1800 4618 2105 4712 PARS
2196 4619 2693 4713 DECIMA.

226 4819 309 4877 De
341 4816 696 4877 homicidiis
726 4815 1203 4897 spontaneis,et
1234 4834 1359 4875 non
1392 4814 1775 4897 spontaneis.
1812 4818 1899 4875 De
1930 4815 2303 4897 parricidiis,
2339 4821 2401 4876 et
2429 4816 2810 4876 fratricidiis.
2854 4818 2933 4876 Et
2963 4816 3039 4876 de
3070 4817 3379 4877 occisione
3436 4819 3635 4897 legiti-

308 4915 553 4957 marum
585 4893 874 4970 uxorum,
912 4905 973 4956 et
1001 4896 1341 4968 seniorum,
1379 4901 1440 4954 et
1468 4893 1859 4955 clericorum.
1894 4893 1972 4956 Et
2002 4896 2172 4974 quod
2203 4915 2327 4957 non
2358 4897 2561 4957 omnis
2600 4897 2922 4957 hominem
2970 4898 3259 4959 occidens
3317 4893 3633 4960 homicida

304 4978 385 5037 sit
412 4996 425 5051 ;
461 4984 523 5037 et
551 4977 629 5037 de
661 4996 877 5038 eorum
909 4977 1301 5055 poenitentia.

1717 5108 2139 5121 υ*

222 5206 355 5262 CAP.
388 5206 437 5260 1.
480 5237 546 5248 —
606 5206 756 5275 Quod
817 5223 1003 5262 omnes

290 5295 459 5403 gluam
490 5280 812 5340 szeculares,
838 5280 1157 5347 effusionem
1185 5280 1415 5334 humani
1434 5278 1723 5348 sanguinis
1744 5296 1867 5348 pro-

335 5350 539 5403 ibeant.
590 5350 934 5403 Augustinus
998 5350 1055 5403 in
1102 5353 1332 5403 epistola
1392 5352 1465 5403 ad
1521 5351 1867 5403 Publicolam

335 5350 555 5423 ibeant.
590 5350 934 5423 Augustinus
998 5350 1055 5405 in
1102 5353 1332 5421 epistola

296 5423 481 5493 (epist.
517 5422 661 5493 154).

294 5563 406 5633 (23,
460 5579 510 5634 q.
560 5564 661 5619 5c.
712 5564 786 5619 De
842 5563 1157 5619 occidendis
1225 5563 1558 5635 homnibus.)
1593 5564 1671 5619 De
1714 5562 1873 5619 occi-

1079 5210 1243 5282 leges,
1302 5215 1418 5282 tam
1494 5207 1875 5282 ecclesiasticae
1904 5209 1951 5273 D
1984 5208 2191 5264 dendis
2216 5208 2577 5278 hominibus,
2611 5227 2683 5266 ne
2711 5211 2783 5267 ab
2806 5211 2889 5266 eis
2908 5211 3159 5282 quisque
3180 5210 3499 5275 occidatur,
3520 5224 3633 5262 non

1682 5296 1867 5367 t‘sﬂro‘
1979 5296 2125 5351 mihi
2155 5296 2340 5367 placet
2371 5299 2707 5365 consilium,
2740 5299 2854 5354 nisi
2888 5299 3032 5354 forte
3059 5297 3136 5351 sit
3167 5297 3357 5366 miles,
3391 5301 3490 5349 aut
3524 5311 3630 5364 pu-

1392 5352 1465 5407 αει
1521 5351 1869 5407 Publicolam
1977 5384 2133 5440 huc.
2155 5351 3026 5456 ista}.animum;
3059 5400 3161 5455 ρτο
3193 5399 3253 5438 se
3294 5351 3402 5436 hac
3433 5351 3627 5453 ιαοῖαι,

1980 5473 2080 5526 sed
2104 5490 2205 5543 pro
2229 5474 2382 5538 aliis,
2406 5474 2490 5529 vel
2512 5491 2614 5545 pro
2634 5474 2889 5540 civitate,
2914 5472 3012 5527 ubi
3037 5469 3209 5525 etiam
3242 5470 3365 5538 ipse
3396 5473 3504 5538 est,
3528 5484 3627 5524 ac-

1984 5568 2149 5632 cepta
2180 5562 2439 5634 legitima
2469 5567 2781 5634 potestate,
2815 5561 2863 5617 si
2895 5562 3021 5631 ejus
3052 5557 3622 5629 congruitpersonee.
