3972 6064
351 221 451 278 691

1442 222 1508 272 D.
1550 217 1790 272 IVONIS
1826 214 2322 272 CARNOTENSIS
2358 211 2680 269 EPISCOPI

3664 207 3787 262 692

355 345 464 411 Qui
496 361 630 402 vero
661 343 1024 415 repelluntur
1039 344 1236 417 aliquo
1259 347 1476 399 terrore
1494 356 1566 396 ne
1596 339 2000 405 malefaciant,
2034 341 2088 406 Α
2117 335 2560 408 nobismetipsis
2593 351 2794 392 necem
2817 335 3164 390 inferamus.
3197 333 3345 392 Nam
3369 339 3426 390 et
3443 332 3788 404 prohibitos

359 435 537 491 etiam
563 434 709 505 ipsis
741 434 968 506 aliquid
1003 433 1246 488 fortasse
1279 435 1607 502 praistatur.
1645 429 1788 484 Hinc
1819 432 2014 482 autem

360 523 584 578 dictum
615 528 724 594 est,
761 541 873 578 non
908 522 1256 578 resistamus
1289 519 1440 574 malo
1470 519 1700 587 (Matth.
1724 519 1800 588 v),
1824 533 1893 571 ne
1912 533 2018 570 nos

360 613 620 667 vindicta
653 612 920 676 delectet,
953 627 1079 680 quae
1113 609 1301 663 alieno
1336 607 1489 662 malo
1522 608 1781 662 animum
1813 606 2016 676 pascit,

366 718 480 756 non
515 707 580 755 ut
611 701 1028 756 correctionem
1059 696 1365 751 hominum
1400 696 1807 767 negligemus;
1862 695 2015 748 unde

365 807 471 846 nec
497 806 631 844 reus
664 788 871 842 mortis
905 786 1129 854 alienae,
1165 786 1266 856 qui
1297 801 1430 838 cum
1463 802 1580 838 sua:
1628 782 2019 854 possessionis

367 895 568 934 muros
595 874 1072 943 circumduxerit,
1103 873 1318 945 aliquis
1351 890 1417 926 ex
1449 874 1711 943 ipsorum
1747 888 1853 927 usu
1891 887 2018 942 per-

367 983 575 1022 cussus
597 966 858 1019 intereat.
880 963 1078 1032 Neque
1098 963 1252 1017 enim
1281 980 1414 1017 reus
1445 967 1534 1017 est
1555 962 1944 1030 Christianus,
1970 960 2020 1014 si

364 1057 469 1110 hos
500 1055 628 1124 ejus
686 1052 942 1123 aliquem
995 1053 1276 1118 feriendo,
1331 1051 1417 1105 vel
1450 1069 1636 1122 equus
1667 1051 1885 1106 calcem
1935 1051 2022 1119 ja-

368 1144 570 1198 ciendo
605 1141 860 1212 aliquem
894 1141 1144 1196 occidat.
1165 1143 1281 1195 Aut
1303 1140 1431 1195 ideo
1457 1157 1571 1194 non
1597 1141 1809 1194 debent
1829 1138 2023 1194 Chris-

367 1231 551 1286 stiani
583 1231 755 1286 boves
787 1230 1002 1285 habere
1024 1247 1261 1296 cornua,
1289 1234 1391 1284 aut
1411 1246 1599 1300 equus
1622 1227 1899 1300 ungulas,
1925 1216 2025 1283 aut

370 1321 576 1376 dentes
607 1337 781 1375 canes
802 1320 829 1374 ‘?
854 1325 969 1374 Aut
999 1337 1130 1374 vero
1163 1319 1440 1390 quoniam
1477 1317 1692 1372 Paulus
1723 1316 2023 1388 apostolus

369 1410 514 1465 satis
547 1410 666 1481 egit
686 1414 751 1463 ut
781 1410 838 1463 in
871 1409 1090 1463 tribuni
1112 1409 1384 1463 notitiam
1406 1409 1758 1478 perferretur
1778 1407 2025 1462 insidias

371 1498 483 1555 sibi
513 1517 546 1554 a
577 1499 930 1569 quibusdam
965 1497 1208 1568 perditis
1241 1497 1574 1568 praeparari,
1607 1500 1663 1551 et
1692 1496 1762 1551 ob
1782 1496 1890 1550 hoc
1921 1496 2025 1550 de-

372 1589 644 1643 ductores
675 1587 896 1658 accepit
921 1591 1199 1654 armatos,
1233 1585 1282 1640 si
1335 1586 1392 1639 in
1438 1585 1535 1639 illa
1567 1602 1730 1640 arma
1760 1583 2025 1640 scelerati

371 1677 642 1732 homines
673 1674 1019 1730 incidissent
1052 1675 1186 1746 (Act.
1221 1675 1357 1744 XXI),
1392 1673 1606 1729 Paulus
1635 1674 1694 1728 in
1744 1673 2024 1728 eil‘usione
2057 1703 2104 1768 Β

373 1765 677 1837 sanguinis
707 1781 904 1820 eorum
923 1779 1098 1818 suum
1123 1763 1342 1818 crimen
1369 1763 1758 1834 agnosceret?
1780 1762 1944 1817 Absit
1965 1767 2030 1817 ut

376 1869 439 1909 ea
455 1871 578 1924 quae
603 1859 840 1924 propter
860 1853 1080 1907 bonum
1106 1869 1171 1907 ac
1195 1851 1422 1906 licitum
1443 1853 1711 1921 facimus,
1735 1856 1836 1906 aut
1857 1852 2030 1907 habe'

374 1959 528 2008 mus,
561 1943 610 1996 si
643 1941 781 2013 quid
813 1958 916 2010 per
960 1941 1080 1995 haec
1115 1946 1323 2013 praeter
1370 1946 1626 1996 nostram
1674 1941 2029 1996 voluntatem

373 2032 648 2101 cuiquam
682 2029 820 2085 mali
855 2030 1150 2096 acciderit,
1177 2030 1345 2086 nobis
1369 2031 1694 2100 imputetur
1718 2032 1728 2085 ι
1756 2030 2026 2101 Alioquin

374 2136 478 2174 nec
503 2121 856 2174 ferramenta
875 2119 1198 2175 domestica
1219 2124 1275 2174 et
1297 2120 1549 2190 agrestia
1570 2125 1710 2175 sunt
1731 2120 2026 2188 habenda,

375 2224 446 2263 ne
477 2207 609 2280 quis
640 2208 724 2264 eis
754 2208 842 2263 vel
867 2225 929 2263 se
958 2209 1044 2263 vel
1070 2207 1314 2264 alterum
1351 2209 1671 2264 interimat.

374 2325 506 2381 CAP.
536 2327 590 2382 2.
624 2356 692 2366 —
721 2326 796 2380 De
821 2330 1092 2397 potestate
1122 2326 1339 2394 iudicis.
1383 2326 1716 2395 Augustinus
1868 2327 2025 2396 epist.

878 2399 979 2451 158
1009 2399 1078 2452 ad
1106 2397 1528 2453 Marcellinum.

446 2493 613 2551 Soleo
646 2495 852 2550 audire
876 2495 930 2548 in
958 2498 1246 2566 potestate
1272 2493 1632 2564 essejudicis
1655 2493 1881 2548 mollire
1905 2509 2030 2549 sen-

377 2585 647 2653 tentiam,
679 2589 735 2640 et
765 2584 970 2640 mitius
995 2584 1292 2639 vindicare
1315 2600 1492 2655 quam
1525 2582 1698 2652 leges.

445 2693 578 2748 Cap.
611 2691 663 2746 3.
699 2721 764 2732 --
796 2693 929 2745 Item
960 2691 1024 2746 de
1053 2691 1252 2746 eadem
1276 2707 1352 2760 re,
1387 2692 1448 2744 in
1469 2691 1669 2746 eadem
1701 2690 1954 2760 epistola.

445 2799 622 2853 Paulo
659 2806 794 2868 post.
829 2799 960 2853 Scio
993 2799 1050 2852 in
1086 2815 1263 2853 causa
1313 2797 1659 2852 clericorum
1717 2799 2028 2852 Anaunen-

377 2887 553 2954 sium,
588 2887 686 2958 qui
721 2886 895 2941 occisi
928 2903 960 2940 a
989 2886 1308 2957 gentilibus
1341 2903 1496 2940 nunc
1528 2890 1812 2954 martyres
1843 2885 2028 2940 hono-

375 2979 602 3040 rantur,
625 2974 1037 3045 imperatorem
1062 2978 1330 3045 rogatum
1359 2974 1526 3027 facile
1551 2975 1932 3038 concessisse,
1956 2990 2028 3028 ne

374 3062 460 3118 illi
495 3063 595 3134 qui
627 3079 726 3117 eos
747 3062 1080 3116 occiderant
1100 3063 1452 3132 etcaptijam
1470 3063 2027 3134 tenobantur,pcena
2051 3060 2094 3128 C,

371 3151 553 3208 simili
584 3150 958 3223 punirentur.

371 3266 508 3322 CAP.
535 3265 589 3320 4.
621 3297 688 3306 -
721 3265 872 3332 Quod
891 3265 989 3335 qui
1017 3267 1258 3335 seipsum
1316 3264 1538 3334 occidit,
1592 3265 1871 3320 homicida
1929 3274 2024 3320 est.

658 3337 796 3408 Aug.
831 3342 914 3392 De
941 3339 1094 3393 civit.
1128 3337 1246 3391 Dei.
1281 3336 1378 3391 lib.
1420 3354 1462 3403 1,
1492 3353 1614 3407 cap.
1660 3338 1739 3390 I7.

449 3453 563 3523 (25,
587 3470 638 3523 q.
677 3455 732 3521 5,
764 3469 810 3506 c.
849 3453 907 3507 Si.
936 3468 1046 3508 non
1076 3453 1246 3522 licet.)
1280 3452 1334 3506 Si
1368 3469 1483 3507 non
1513 3451 1650 3507 licet
1679 3453 1902 3522 privata
1933 3469 2029 3522 po-

382 3545 591 3597 testate
613 3541 782 3596 alicui
807 3541 1104 3596 hominem
1129 3541 1391 3597 occidere
1408 3542 1492 3596 vel
1509 3546 1833 3608 nocentem,
1858 3543 2028 3610 cujus

385 3629 687 3686 occidendi
743 3629 1037 3685 licentiam
1085 3629 1176 3685 lex
1222 3629 1385 3684 nulla
1440 3631 1720 3696 concedit,
1773 3630 2030 3702 profecto

383 3718 561 3774 etiam
593 3719 690 3790 qui
721 3719 978 3791 seipsum
1013 3720 1243 3786 occidit,
1263 3719 1676 3774 homicidaest.
1702 3721 1942 3774 Ettanto
1967 3719 2031 3772 fit

383 3808 683 3864 nocentior
705 3824 837 3863 cum
873 3825 934 3863 se
964 3809 1258 3878 occiderit,
1291 3813 1509 3878 quanto
1567 3808 1928 3863 innocentior
1969 3808 2028 3861 in

377 3911 445 3950 ea
476 3912 658 3951 causa
685 3896 815 3960 fuit,
851 3914 965 3967 qua
997 3913 1060 3951 se
1094 3897 1478 3952 occidendum
1513 3896 1762 3966 putavit.
1799 3897 1942 3950 Nam
1978 3895 2026 3948 si

373 3985 537 4040 Juda:
562 3986 778 4040 factum
806 3985 1014 4040 merito
1033 3985 1416 4054 detestamur,
1431 4001 1687 4053 eumque
1707 3984 2024 4052 veritasju-

367 4073 546 4142 dicat,
563 4091 695 4129 eum
730 4091 792 4129 se
813 4074 1020 4144 laqueo
1051 4072 1383 4143 suspendit,
1404 4073 1698 4126 sceleratae
1723 4072 1880 4127 illius
1904 4077 2026 4126 tra-

371 4162 617 4219 ditionis
641 4163 874 4218 auxisse
908 4162 1103 4233 potius
1127 4178 1305 4232 quam
1329 4162 1594 4232 expiasse
1616 4161 2024 4225 commissum,

370 4252 647 4321 quoniam
662 4252 732 4304 de
751 4251 843 4304 Dei
863 4249 1262 4306 misericordia
1277 4250 1643 4320 desperando
1657 4249 2027 4305 cxitiahiliter

369 4340 681 4410 pcenitens,
706 4339 933 4393 nullum
958 4339 1069 4392 sibi
1086 4339 1338 4394 salubris
1353 4339 1706 4410 pcenitentize
1728 4337 1918 4393 locum
1936 4355 2021 4393 rc-

2127 444 2232 481 nos
2263 443 2391 482 esse
2423 425 2869 498 intelligendum
2901 427 3008 492 est,
3043 424 3144 478 ubi
3176 423 3266 478 lex
3295 422 3378 476 ait
3400 423 3545 478 :Non
3565 422 3787 478 occides

2125 513 2322 584 (Exod.
2354 517 2468 585 xx),
2502 515 2824 586 praesertim
2858 515 2997 584 quia
3027 530 3140 568 non
3177 511 3401 567 addidit
3434 512 3782 582 proximum

2128 608 2320 672 tuum,
2353 605 2506 659 sicut
2536 603 2748 658 falsum
2772 602 3182 658 testimonium
3209 617 3342 656 cum
3367 605 3590 655 vetaret
3615 618 3627 654 :
3652 602 3787 655 Fal-

2128 709 2268 758 sum,
2298 693 2512 764 inquit,
2543 694 2916 747 testimonium
2944 708 3054 746 non
3083 693 3229 746 dices
3273 690 3539 746 adversus
3585 691 3787 760 proxi-

2129 797 2282 835 mum
2312 785 2469 836 tuum
2500 782 2711 852 (Matth.
2745 782 2880 850 XIX).
2912 780 2994 835 Ne
3022 780 3152 835 ideo
3175 785 3390 850 tamen,
3420 779 3468 834 si
3494 779 3786 834 adversus

2130 869 2389 940 seipsum
2425 869 2738 941 quisquam
2773 869 2986 924 falsum
3015 868 3418 924 testimonium
3453 868 3686 937 dixerit,
3709 869 3786 923 ab

2131 957 2236 1012 hoc
2254 959 2498 1014 crimine
2519 975 2580 1014 se
2604 961 2892 1030 putaverit
2913 958 3480 1030 alienum,quoniam
3507 957 3785 1029 regulam

2132 1048 2416 1119 diligendi
2449 1049 2776 1119 proximum
2811 1065 2843 1103 a
2871 1047 3189 1120 semetipso
3212 1047 3439 1117 accepit
3461 1045 3785 1117 [dilector],

2133 1137 2611 1208 quandoquidem
2671 1137 2957 1209 scriptum
3008 1141 3136 1192 est:
3187 1137 3390 1206 Diliges
3453 1137 3790 1207 proximum

2131 1230 2284 1280 tuum
2318 1236 2582 1298 tanquam
2610 1228 2845 1299 teipsum
2879 1227 3086 1297 (Matth.
3117 1228 3280 1296 xxu).
3306 1226 3483 1281 Porro
3534 1225 3584 1280 si
3645 1224 3788 1280 falsi

2133 1315 2456 1371 testimonii
2489 1333 2602 1372 non
2636 1316 2836 1371 minus
2865 1331 2999 1371 reus
3030 1320 3140 1386 est,
3175 1315 3274 1387 qui
3307 1315 3377 1370 de
3409 1314 3537 1386 ipso
3561 1314 3788 1368 falsum

2135 1406 2370 1470 fatetur,
2407 1423 2583 1476 quam
2615 1406 2664 1461 si
2698 1407 2981 1461 adversus
3013 1404 3343 1475 proximum
3379 1403 3489 1458 hoc
3539 1403 3788 1469 taceret,

2135 1510 2267 1548 cum
2303 1494 2362 1548 in
2385 1511 2450 1550 eo
2469 1499 2756 1567 praecepto
2779 1511 2892 1566 quo
2917 1495 3129 1549 falsum
3154 1492 3556 1549 testimonium
3579 1491 3790 1562 prohi-

2135 1584 2326 1650 betur,
2359 1585 2638 1640 adversus
2669 1585 2997 1656 proximum
3041 1584 3442 1655 prohibeatur,
3476 1583 3790 1654 possitque

2135 1690 2248 1728 non
2284 1678 2438 1729 recte
2469 1674 2933 1746 intelligentibus
2963 1673 3144 1728 videri
3181 1689 3296 1727 non
3335 1688 3463 1728 esse
3514 1671 3788 1742 prohibi-

2136 1765 2285 1832 tum,
2320 1767 2384 1817 ut
2416 1763 2693 1817 adversus
2727 1762 2988 1833 seipsum
3021 1762 3274 1833 quisque
3295 1761 3476 1814 falsus
3501 1758 3673 1814 testis
3689 1774 3788 1812 as-

2139 1851 2330 1919 sistat,
2361 1857 2578 1923 quanto
2612 1851 2798 1922 magis
2829 1850 3275 1922 intelligendum
3311 1852 3399 1904 est
3450 1865 3568 1903 non
3600 1847 3784 1902 licere

2138 1940 2362 1995 homini
2387 1940 2647 2011 seipsum
2673 1940 2953 2010 occidere,
2973 1955 3107 1995 cum
3139 1939 3197 1993 in
3223 1955 3288 1994 eo
3312 1938 3466 2010 quod
3493 1937 3788 2008 scriptum

2138 2034 2262 2084 est:
2346 2031 2468 2084 Non
2493 2031 2699 2084 occides
2731 2029 2926 2100 (Exod.
2963 2027 3108 2082 nihil
3150 2027 3361 2082 deinde
3409 2026 3628 2096 addito,
3677 2041 3788 2080 nec

2138 2116 2522 2190 ipse[nullus]
2555 2117 2759 2188 utique
2789 2117 2879 2171 cui
2914 2116 3274 2188 prrecipitur,
3301 2114 3666 2186 intelligatur
3693 2131 3792 2168 ex-

2139 2207 2390 2277 ceptus?
2417 2211 2575 2262 Item.
2608 2205 2898 2276 Scriptum
2933 2211 3062 2260 est:
3095 2206 3211 2260 Non
3241 2202 3661 2273 occides(E.~rod.
3688 2206 3790 2271 xx)

2137 2311 2241 2348 nec
2273 2294 2546 2364 alterum,
2579 2311 2684 2348 nec
2717 2295 2897 2365 [ergo]
2930 2299 3004 2350 te.
3038 2294 3237 2365 Neque
3268 2295 3427 2349 enim
3449 2293 3551 2363 qui
3575 2309 3636 2348 se
3688 2308 3790 2346 oc-

2139 2383 2302 2453 cidit,
2335 2383 2491 2437 aliud
2521 2400 2698 2454 quam
2735 2384 3028 2438 hominem
3065 2383 3299 2437 occidit.
3325 2382 3549 2452 (Ibidem
3573 2381 3644 2435 ad
3668 2381 3788 2434 cal-

2138 2489 2271 2541 cem,
2307 2489 2426 2542 cap.
2458 2473 2573 2542 21.)
2611 2472 2906 2536 Quasdam
2960 2487 3094 2527 vero
3149 2471 3518 2542 exceptiones
3578 2470 3787 2524 eadem

2139 2561 2269 2632 ipsa
2297 2561 2497 2616 divina
2527 2561 2660 2615 fecit
2691 2558 3029 2614 auctoritas.
3062 2559 3172 2614 Sed
3205 2559 3297 2614 his
3330 2557 3590 2630 exceptis
3633 2574 3786 2628 quos

2137 2651 2291 2706 Deus
2323 2649 2504 2704 occidi
2529 2649 2722 2718 jubet,
2755 2649 2873 2702 sive
2898 2648 3035 2702 data
3057 2647 3200 2717 lege,
3231 2647 3350 2702 sive
3370 2648 3437 2702 ad
3467 2662 3786 2718 personam

2139 2757 2241 2811 pro
2265 2744 2522 2810 tempore
2548 2737 3127 2809 expressajussione.
3162 2737 3286 2791 Non
3311 2741 3507 2791 autem
3534 2738 3660 2806 ipse
3683 2752 3785 2790 oc-

2139 2827 2341 2897 cidit,q
2354 2828 2409 2880 ui
2430 2825 2820 2881 ministerium
2837 2825 3036 2895 debetj
3049 2824 3267 2893 ubenti,
3284 2825 3436 2880 sicut
3451 2824 3784 2879 adminicu-

2138 2915 2260 2970 lum
2295 2916 2528 2987 gladius
2558 2919 2646 2969 est
2677 2913 2885 2977 utenti,
2918 2920 2974 2968 et
3003 2915 3132 2968 ideo
3164 2930 3536 2984 nequaquam
3576 2919 3787 2967 contra

2136 3004 2246 3059 hoc
2278 3009 2629 3075 praeceptum
2665 3004 2944 3070 fecerunt,
2977 3019 3093 3073 quo
3126 3003 3346 3057 dictum
3375 3007 3501 3056 est:
3537 3004 3659 3056 Non
3694 3018 3785 3057 oc-

2137 3094 2304 3160 cides,
2337 3094 2435 3163 qui
2466 3093 2580 3147 Deo
2613 3097 2847 3147 auctore
2875 3091 3028 3146 bella
3059 3096 3391 3163 gesserunt,
3426 3096 3528 3145 aut
3579 3107 3784 3162 perso-

2138 3200 2274 3239 nam
2306 3187 2574 3252 gerentes
2606 3181 2849 3251 publicae
2900 3181 3207 3252 potestatis
3256 3180 3582 3235 secundum
3625 3179 3787 3251 leges

2137 3271 2285 3340 ejus,
2320 3270 2428 3325 hoc
2454 3275 2543 3325 est
2564 3269 2914 3339 justissima:
2944 3269 3189 3324 rationis
3235 3269 3566 3340 imperium,
3599 3268 3784 3324 scele-

2139 3365 2295 3414 ratos
2321 3364 2503 3414 morte
2529 3357 2866 3430 punierunt.
2897 3361 2962 3412 Et
2989 3357 3282 3412 Abraham
3310 3374 3422 3412 non
3447 3356 3636 3413 solum
3667 3373 3782 3411 non

2138 3453 2227 3503 est
2257 3448 2526 3519 culpatus
2548 3446 2913 3502 crudelitatis
2936 3445 3203 3511 crimine,
3227 3463 3422 3501 verum
3448 3446 3625 3500 etiam
3651 3445 3783 3501 lau-

2138 3539 2312 3592 datus
2333 3541 2422 3592 est
2439 3537 2674 3592 nomine
2696 3535 2948 3607 pietatis,
2974 3536 3124 3606 quod
3150 3534 3333 3590 voluit
3353 3533 3538 3589 ﬁlium
3567 3551 3784 3606 nequa-

2138 3643 2312 3697 quam
2349 3626 2649 3695 scelerate,
2682 3625 2783 3680 sed
2814 3623 3150 3679 obedienter
3169 3622 3598 3693 occidere(Gcn.
3619 3625 3780 3693 xxu).

2139 3717 2206 3771 Et
2236 3717 2442 3771 merito
2474 3715 2755 3786 quaeritur
2784 3718 2982 3768 utrum
3015 3714 3301 3785 projussu
3332 3712 3425 3767 Dei
3451 3714 3528 3767 sit
3550 3712 3779 3768 haben-

2138 3806 2303 3867 dum,
2336 3806 2487 3874 quod
2520 3805 2686 3874 Jepte
2720 3803 2900 3858 filiam
2932 3820 3057 3874 quas
3091 3802 3241 3872 patri
3275 3801 3525 3856 occurrit
3545 3802 3777 3872 occidit,

2137 3910 2271 3946 cum
2307 3910 2367 3948 se
2399 3893 2727 3948 advovisset
2757 3892 2836 3962 [id
2870 3893 3146 3956 vovisset,
3179 3891 3285 3962 or.]
3331 3890 3778 3946 immolatarum

2141 3985 2272 4048 Deo,
2306 3983 2446 4051 quid
2477 3981 2525 4034 ei
2548 3980 2810 4036 redeunti
2836 3981 2908 4035 de
2929 3978 3125 4051 praelia
3150 3979 3356 4035 victori
3379 3978 3657 4050 primitus
3683 3996 3777 4034 oc-

2135 4071 2418 4126 currisset
2447 4070 2646 4132 (Judic.
2682 4069 2765 4140 ιι).
2798 4069 2911 4123 Nec
2943 4069 3190 4124 Samson
3245 4067 3413 4123 aliter
3441 4072 3777 4136 excusatur,

2137 4158 2289 4228 quod
2322 4157 2582 4228 seipsum
2606 4172 2738 4211 cum
2764 4155 3036 4211 hostibus
3059 4156 3231 4211 ruina
3249 4158 3460 4212 domus
3483 4155 3778 4227 oppressit

2134 4247 2332 4314 (ludio.
2365 4245 2502 4317 XVI),
2533 4245 2644 4300 nisi
2669 4245 2808 4315 quia
2837 4245 3082 4316 spiritus
3104 4245 3353 4300 latenter
3373 4245 3776 4315 hocjusserat,

2134 4335 2233 4407 qui
2270 4352 2371 4406 per
2401 4335 2565 4389 illum
2595 4333 2882 4388 miracula
2911 4334 3160 4389 faciebat
3192 4335 3329 4406 (cap.
3363 4333 3476 4406 22).
3507 4334 3608 4389 His
3640 4349 3775 4406 ergo

363 4425 558 4496 liquit,
593 4430 814 4496 quanto
845 4427 1032 4497 magis
1063 4444 1096 4481 a
1125 4444 1229 4481 sua
1259 4429 1412 4483 caede
1434 4429 1620 4499 [nece]
1645 4445 1704 4482 se
1727 4428 2018 4482 abstinere
2049 4433 2095 4496 Ι)
2126 4424 2402 4494 exceptis,
2437 4441 2584 4494 quos
2614 4421 2704 4477 vel
2731 4422 2999 4492 lexjusta
3029 4423 3399 4494 generaliter,
3422 4423 3511 4478 vel
3537 4422 3775 4494 ipseju-

365 4515 557 4583 debet,
576 4514 677 4584 qui
700 4513 801 4569 tali
827 4515 1117 4586 supplicio
1140 4517 1281 4586 quid
1299 4517 1357 4571 in
1374 4534 1434 4571 se
1448 4517 1654 4588 puniat
1676 4533 1789 4572 non
1806 4517 2021 4572 habet?

362 4603 548 4657 Judas
581 4603 736 4657 enim
770 4620 902 4658 cum
953 4621 1014 4659 se
1044 4605 1278 4670 occidit,
1328 4606 1675 4662 sceleratum
1721 4605 2016 4661 hominem

367 4691 583 4746 occidit
604 4696 865 4747 ettamen
883 4710 996 4748 non
1029 4694 1215 4748 solum
1239 4695 1474 4760 Christi,
1492 4709 1691 4749 verum
1712 4695 2019 4749 etiamsum

370 4780 577 4835 mortis
612 4797 747 4836 reus
780 4781 968 4838 ﬁnivit
1012 4782 1162 4838 hanc
1192 4784 1392 4850 vitam,
1427 4784 1546 4853 qui,
1579 4783 1750 4840 liceat
1789 4793 2023 4856 propter

366 4887 540 4925 suum
560 4869 773 4940 scelus,
790 4870 904 4926 alio
918 4888 1023 4928 suo
1039 4872 1253 4928 scelere
1270 4874 1500 4929 occisus
1515 4878 1621 4930 est.
1641 4873 1821 4943 (Ibid.,
1844 4874 2020 4944 0.18.)

373 4961 487 5013 Cur
515 4962 712 5013 autem
747 4958 921 5015 homo
955 4962 1053 5030 qui
1087 4961 1232 5016 nihil
1258 4961 1397 5016 mali
1431 4963 1582 5030 fecit,
1606 4963 1718 5017 sibi
1754 4962 1906 5017 male
1937 4962 2019 5017 fa-

371 5047 505 5116 ciat,
539 5050 596 5102 et
627 5047 885 5118 seipsum
921 5048 1324 5104 interﬁciendo
1365 5051 1665 5105 hominem
1713 5050 2024 5106 interﬁciat

369 5137 766 5202 innocentem,
799 5154 871 5192 ne
900 5137 1081 5193 alium
1116 5139 1380 5209 patiatur
1397 5145 1728 5209 nocentem,
1753 5144 1930 5211 atque
1962 5139 2017 5195 in

371 5243 433 5282 se
463 5230 756 5297 perpetret
787 5231 1092 5298 peccatum
1115 5228 1440 5298 proprium,
1463 5246 1534 5282 ne
1557 5229 1613 5282 in
1637 5245 1701 5283 eo
1727 5234 2021 5300 perpetre-

372 5319 472 5370 tur
491 5314 748 5370 alienum
771 5314 798 5369 ?
818 5319 955 5370 Item
983 5318 1120 5387 (cap.
1147 5317 1258 5388 20).
1286 5318 1349 5372 In
1366 5317 1586 5372 sanctis
1610 5317 2024 5388 canonicisque

373 5403 542 5458 libris
577 5419 873 5475 nusquam
905 5403 1075 5459 nobis
1097 5404 1377 5460 divinitus
1403 5409 1757 5476 praeceptum
1782 5406 2024 5476 permis-

376 5506 582 5546 sumve
605 5492 845 5563 reperiri
867 5494 1264 5564 potest,utvel
1297 5495 1484 5566 ipsius
1517 5495 1881 5565 adipscendas
1917 5495 2023 5548 im-

381 5577 780 5652 mortalitatis,
801 5581 888 5637 vel
909 5581 1099 5653 ipsius
1112 5583 1354 5638 cavendi
1367 5582 1671 5641 carendive
1689 5582 1829 5640 mali
1847 5598 2023 5639 causa

2133 4513 2303 4567 stitiae
2335 4513 2465 4567 fons
2495 4512 2648 4566 Deus
2674 4511 3348 4582 occidijubet,quisquis
3368 4511 3669 4566 hominem
3688 4509 3774 4564 vel

2132 4601 2415 4673 seipsum,
2447 4601 2534 4656 vel
2567 4599 2887 4671 quemlibet
2916 4599 3774 4655 occiderithoniicidiicrimine

2130 4691 2468 4746 innectitur.
2502 4691 2634 4744 Item
2667 4690 2806 4758 (cap.
2839 4689 2950 4760 26).
2988 4688 3105 4743 Hoc
3137 4688 3410 4755 dicimus,
3433 4688 3540 4743 hoc
3563 4687 3774 4743 asseri-

2133 4797 2289 4850 mus,
2317 4779 2427 4834 hoc
2459 4778 2648 4833 modis
2681 4777 2957 4832 omnibus
3005 4778 3403 4848 approbemus
3455 4779 3773 4832 nemimem

2134 4876 2515 4940 spontaneum
2549 4871 2796 4922 mortem
2828 4865 2939 4920 sibi
2972 4865 3187 4920 inferre
3216 4866 3450 4936 debere,
3481 4865 3643 4921 velut
3683 4867 3774 4921 fu-

2131 4959 2339 5028 giendo
2372 4955 2671 5011 molestias
2701 4955 3076 5026 temporales,
3110 4971 3180 5010 ne
3211 4955 3434 5010 incidat
3464 4955 3525 5009 in
3571 4972 3772 5027 perpe-

2135 5053 2305 5115 tuas;
2340 5045 2635 5100 neminem
2667 5048 2905 5116 propter
2927 5043 3114 5098 aliena
3133 5049 3392 5116 peccata,
3421 5060 3492 5098 ne
3515 5045 3627 5099 hoc
3651 5045 3770 5116 ipso

2133 5135 2375 5207 incipiat
2404 5133 2616 5189 habere
2645 5133 3060 5204 gravissimum
3094 5132 3394 5204 proprium
3423 5149 3436 5200 ;
3474 5133 3768 5188 neminem

2132 5229 2371 5297 propter
2391 5241 2499 5279 sua
2530 5227 2764 5292 peccata
2795 5223 3102 5293 praeterita,
3139 5226 3377 5293 propter
3408 5238 3534 5292 quae
3587 5221 3770 5294 magis

2133 5315 2240 5369 hac
2268 5314 2384 5367 vita
2414 5327 2562 5381 opus
2579 5314 2685 5374 est,
2707 5314 2772 5365 ut
2789 5309 3018 5381 possint
3038 5310 3373 5381 pcenitendo
3400 5311 3602 5366 sanari
3627 5327 3642 5379 ;
3670 5326 3769 5366 ne-

2133 5401 2353 5456 minem
2382 5400 2541 5455 velut
2561 5399 2850 5455 desiderio
2873 5398 3132 5454 melioris
3155 5398 3285 5454 vitea
3311 5415 3436 5470 qua;
3458 5404 3596 5470 post
3617 5415 3772 5455 mor-

2132 5496 2249 5545 tem
2279 5493 2566 5560 speratur,
2601 5488 2741 5560 quia
2769 5505 2898 5544 reos
2941 5504 3060 5543 suae
3120 5489 3324 5545 mortis
3377 5487 3584 5544 melior
3640 5493 3771 5560 post

2133 5583 2381 5634 mortem
2412 5578 2532 5635 vita
2559 5594 2676 5634 non
2705 5576 2975 5648 suscipit.
