4002 6054
243 230 360 283 693

1184 237 1491 289 DECRETI
1530 238 1716 289 PARS
1750 237 1821 287 X.
1856 260 1925 274 -
1956 238 2052 288 DE
2091 240 2507 306 HOMICIDIIS,
2548 247 2703 298 ETC.

3560 248 3667 302 (594

241 358 379 410 CAP.
411 356 464 409 5.
499 385 565 393 —
602 354 859 436 Uttmissq
874 360 927 409 et
945 355 1647 436 oblationibuscareat,qui
1665 359 1905 429 seipsum
1931 359 1985 425 Α
2016 359 2287 418 facinoris
2310 370 2543 419 curaret
2569 366 2905 436 abruptum.
2942 367 3105 432 Quod
3138 368 3313 423 etiam
3347 369 3395 424 si
3431 386 3463 424 a
3493 371 3665 426 nobis

567 426 784 481 occidit.
821 426 1059 497 Capitul.
1097 430 1193 482 lib.
1227 445 1325 497 vn,
1358 446 1477 501 cap.
1509 426 1599 485 70.

323 516 401 570 De
437 532 503 571 eo
538 515 635 586 qui
669 517 1051 587 semetipsum
1079 518 1313 582 occidit,
1334 525 1433 574 aut
1459 519 1665 589 laqueo
1689 536 1749 574 se
1772 537 1902 574 sus-

248 605 476 676 pendit,
532 606 968 661 consideratum
1010 612 1098 663 est
1149 614 1245 675 ut,
1295 608 1342 663 si
1376 609 1506 678 quis
1539 609 1902 679 compatiens

240 694 388 749 velit
428 694 859 765 eleemosynam
893 697 1032 751 dare
1082 697 1323 766 tribuat,
1374 704 1429 751 et
1480 698 1793 752 oratiomes
1842 699 1899 751 in

244 784 597 856 psalmodiis
629 786 807 841 faciat
836 786 1231 843 oblationibus
1263 793 1457 842 tamen
1491 799 1545 843 ct
1577 788 1773 842 missis
1808 805 1899 842 ca-

242 878 396 928 reat.

348 963 462 1017 CAP
490 964 543 1017 6.
578 995 643 1004 —
675 964 749 1019 De
779 964 981 1019 eodem.
1007 965 1473 1090 Anl‘igsiodorense
1500 968 1813 1033 consilium,

953 1053 1075 1090 can.
1185 1079 1195 1090 .

953 1053 1075 1107 cap.
1108 1053 1129 1090 1
1151 1053 1195 1091 Ι.

320 1123 666 1195 Quicunque
698 1140 757 1179 se
787 1126 1020 1196 propria
1048 1124 1345 1179 voluntate
1378 1126 1550 1180 autin
1582 1127 1899 1197 aquamja-

241 1213 508 1279 ctaverit,
534 1218 632 1267 aut
666 1212 881 1268 collum
907 1214 1191 1285 ligaverit,
1236 1219 1336 1269 aut
1370 1216 1437 1270 dc
1462 1217 1665 1271 arbore
1700 1215 1898 1286 praeci-

240 1300 539 1371 pitaverit,
574 1307 677 1356 aut
726 1302 943 1356 luriose
994 1304 1373 1373 percusserit,
1425 1304 1687 1375 qualibet
1730 1321 1899 1359 occa-

242 1391 414 1445 sione
447 1397 653 1462 sponte
686 1408 795 1446 sua
818 1408 879 1447 se
904 1391 1077 1447 morti
1101 1393 1683 1458 tradiderit,istorum
1707 1393 1900 1449 oblata

242 1496 365 1533 non
398 1479 778 1551 recipiantur.

243 1574 380 1622 CAP.
413 1569 466 1621 7.
499 1599 569 1609 -
598 1571 750 1638 Quod
781 1570 1024 1623 Ecclesia
1054 1571 1271 1624 nullum
1304 1571 1520 1625 occidit.
1556 1573 1634 1625 Ea:
1655 1570 1898 1640 Dialogis

318 1644 869 1780 gitiqpstinzggqontra
910 1642 1255 1697 Petilianum
1299 1644 1417 1711 (lib.
1451 1653 1639 1698 eontra
1688 1642 1900 1698 litteras

367 1730 393 1765 ε
422 1730 439 1766 t
469 1753 507 1777 .,
538 1730 584 1767 c.
713 1755 724 1766 .

367 1730 507 1777 ettt.,
538 1730 584 1767 ο.
616 1730 724 1777 4‘s).

318 1802 401 1855 Tu
436 1801 634 1857 dixisti
665 1818 677 1855 :
706 1803 935 1873 Laqueo
958 1802 1206 1857 traditor
1238 1802 1427 1872 periit,
1462 1803 1738 1874 laqueum
1761 1804 1893 1859 tali-

238 1889 355 1943 bus
387 1890 720 1962 dereliquit.
757 1891 871 1945 Hoc
901 1892 971 1945 ad
1006 1909 1110 1946 nos
1162 1892 1400 1946 omnino
1455 1910 1567 1947 non
1621 1894 1891 1963 pertinet,

240 1994 434 2047 neque
465 1978 618 2032 enim
666 1995 1015 2034 veneramur
1044 1980 1283 2034 nomine
1315 1988 1640 2053 martyrum
1667 1998 1765 2037 eos
1797 1984 1891 2053 qui

239 2067 357 2121 sibi
388 2066 606 2122 collum
640 2067 990 2138 ligaverunt.

238 2160 376 2231 Cap.
408 2156 461 2209 8.
496 2157 1096 2231 —-_Quod7presb_i/teri
1138 2160 1417 2229 inter/ccli
1463 2161 1710 2231 episcopo
1757 2162 1894 2215 solvi

268 2228 521 2282 debeant.
555 2229 967 2299 Capitularium
1007 2231 1081 2284 lib
1115 2248 1165 2299 ν,
1200 2228 1319 2299 cap.
1352 2232 1421 2283 90
1453 2231 1520 2301 (l.
1556 2228 1707 2300 1v,'c.
1748 2234 1852 2299 15),

314 2317 642 2388 Presbyteri
674 2318 966 2374 interfecti
999 2320 1271 2391 episcopo
1292 2321 1361 2375 ad
1386 2322 1554 2390 cujus
1578 2322 1889 2391 parcsciam

241 2406 539 2476 pertinent
569 2407 890 2462 solvantur.

241 2494 378 2549 CAP.
410 2494 463 2548 9.
496 2526 565 2535 —
596 2498 669 2551 De
687 2498 1079 2565 compositione
1108 2498 1462 2564 subdiaconi,
1496 2498 1737 2565 diaconi,
1762 2516 1889 2565 pre-

312 2567 541 2692 sbgggrt’,
576 2570 831 2639 episcopi,
862 2570 948 2623 vel
977 2570 1258 2625 monachi.
1294 2572 1429 2626 Item
1457 2587 1575 2642 cap.
1625 2573 1696 2625 26
1738 2572 1800 2642 (l.
1826 2587 1887 2627 IIl

312 2654 359 2693 ε.
464 2681 478 2693 .

313 2727 424 2797 (17,
458 2744 515 2798 q.
549 2729 581 2781 4
611 2745 660 2782 c.
694 2729 1151 2800 Subdiaconum.)
1182 2730 1289 2794 Qui
1340 2730 1769 2786 subdiaconum
1794 2748 1888 2786 oc-

242 2816 473 2885 ciderit,
492 2822 785 2873 trecentos
808 2818 1027 2873 solidos
1050 2825 1387 2889 componat;
1423 2822 1522 2890 qui
1555 2820 1888 2891 diaconum,

238 2905 736 2977 quadringentos;
769 2908 865 2977 qui
900 2909 1332 2979 presbyterum,
1359 2910 1493 2977 600;
1528 2909 1630 2979 qui
1660 2910 1887 2982 episco-

240 3010 400 3063 pum,
434 2995 568 3063 900;
601 2995 701 3066 qui
734 2997 1106 3065 monachum,
1141 2998 1263 3051 400.
1850 3020 1855 3023 ·

236 3087 364 3137 CAP.
398 3084 484 3137 10.
517 3115 586 3123 -
616 3085 688 3138 De
717 3087 1037 3154 ptenitentia
1069 3087 1185 3153 eius
1216 3090 1310 3155 qui
1338 3087 1600 3142 clericum
1638 3096 1735 3142 aut
1764 3103 1885 3143 mo-
1916 3092 1959 3156 ί]

521 3158 760 3210 nae/tum
791 3158 1063 3211 occiderit.
1095 3158 1213 3212 Lib.
1246 3175 1323 3223 v1,
1355 3176 1474 3229 cap.
1508 3160 1597 3212 9t).

308 3242 422 3312 (17,
456 3260 511 3315 q.
549 3245 601 3309 4,
637 3261 686 3299 c.
723 3246 827 3313 Qui
856 3246 1160 3315 occiderit.)
1202 3246 1308 3309 Qui
1355 3247 1634 3302 occiderit
1684 3264 1885 3302 mona-

237 3332 416 3387 chum
450 3337 553 3387 aut
578 3331 1051 3400 clericum,arma
1072 3335 1450 3405 relinquat,et
1474 3341 1586 3390 Deo
1610 3337 1667 3390 in
1689 3353 1887 3391 mona-

238 3421 421 3476 sterio
452 3420 666 3475 serviat
688 3424 917 3478 cunctis
950 3423 1157 3478 diebus
1188 3424 1318 3478 vitae
1339 3442 1458 3479 sua:
1482 3442 1784 3495 nunquam
1813 3425 1885 3479 ad

237 3509 519 3564 saeculum
541 3527 906 3582 reversurus,
930 3519 1153 3584 septem
1182 3530 1364 3567 annos
1389 3514 1683 3583 publicam
1707 3514 1886 3583 pmni-

231 3599 472 3654 tentiam
506 3605 687 3671 gerat.

230 3686 363 3742 CAP.
401 3688 485 3741 11.
519 3720 587 3726 -
621 3687 768 3752 Quod
817 3690 889 3744 ad
947 3690 1045 3745 hoc
1092 3690 1260 3756 iudex
1316 3690 1565 3757 gladium
1592 3695 1793 3760 portat,
1826 3695 1885 3744 ut

294 3760 583 3839 sceleratos
613 3760 852 3815 danmet.
875 3763 1105 3831 Haymo,
1126 3780 1290 3833 super
1318 3763 1604 3833 epistolam
1629 3763 1698 3816 ad
1730 3764 1879 3816 Rom.

298 3848 357 3883 tn
390 3847 511 3901 cap.
544 3847 668 3885 xm.

303 3920 415 3988 ('23,
450 3937 507 3990 q.
543 3921 574 3973 4
602 3937 649 3975 c.
680 3920 820 3974 Sunt
843 3920 1141 3992 quaedam.)
1166 3922 1315 3975 Sunt
1339 3922 1605 3993 quaedam
1624 3922 1883 3975 enormia

234 4007 476 4078 ﬂagitia,
494 4025 618 4079 qua:
644 4008 837 4078 potius
862 4026 964 4079 per
986 4011 1192 4064 mundi
1214 4010 1443 4079 judices
1463 4027 1639 4081 quam
1658 4028 1757 4081 per
1780 4028 1881 4066 an-

239 4095 453 4150 tistites
476 4102 531 4150 et
549 4098 1579 4169 rectoresEcclesiarumjudicantur.
1593 4101 1751 4154 Sicut
1772 4106 1880 4172 est,

233 4200 366 4239 cum
400 4186 535 4255 quis
565 4185 883 4241 interﬁciat
915 4188 1246 4257 pontiﬁcem
1286 4187 1694 4259 apostolicum,
1726 4190 1881 4261 epis-

227 4290 458 4344 copum,
493 4276 923 4346 presbyterum,
958 4276 1077 4331 sive
1134 4278 1443 4332 diaconum
1490 4294 1501 4330 :
1543 4277 1879 4347 hujusmodi

228 4378 357 4417 reos
390 4378 555 4431 reges
587 4370 642 4417 et
675 4364 965 4433 principes
997 4366 1204 4420 mundi
1257 4366 1559 4420 damnant.
1593 4367 1741 4437 Ergo
1770 4384 1882 4422 non

229 4452 351 4505 sine
379 4467 545 4505 causa
572 4456 757 4523 portat
788 4453 1037 4521 gladium
1064 4455 1239 4525 (Rom.
1274 4460 1420 4523 xm),
1454 4456 1551 4525 qui
1586 4455 1728 4510 talia
1760 4474 1882 4510 sce-
1914 4463 1962 4527 Ι)

238 4538 355 4594 lera
378 4538 665 4609 dijudicat
712 4542 1175 4613 [judicat,orig.]
1233 4543 1576 4598 Suntctiam
1632 4545 1883 4600 maxime

233 4628 533 4683 constituti
560 4637 795 4700 propter
817 4630 1461 4703 homicidas,raptores,
1479 4639 1543 4685 ut
1561 4632 1689 4687 illos
1712 4634 1879 4687 dam-

236 4722 393 4783 nent,
428 4723 485 4771 et
518 4718 663 4772 alios
695 4735 801 4773 suo
838 4719 1041 4775 timore
1074 4738 1443 4791 compescere
1476 4720 1709 4775 faciant.

235 4808 361 4862 CAP.
403 4807 485 4860 12.
522 4838 587 4846 —
622 4808 693 4862 De
724 4808 956 4878 quodam
987 4810 1080 4879 qui
1109 4810 1171 4864 de
1200 4812 1344 4863 caede
1373 4810 1611 4878 episcopi
1641 4809 1731 4863 sui
1755 4825 1882 4863 con-

300 4879 467 5002 vicfius
497 4887 577 4933 est
600 4881 773 4949 [uisse
802 4883 1069 4934 conscius.
1102 4880 1349 4937 Gelasius
1379 4880 1636 4951 Philippo
1678 4884 1728 4935 et
1760 4882 1883 4935 Car-

303 4965 380 5002 sio
422 4966 536 5002 oro.

303 4965 514 5004 810(107‘0
523 4992 536 5005 .

305 5038 602 5092 leestini
638 5055 819 5094 causa
847 5039 983 5095 talis
1005 5045 1115 5107 est,
1150 5058 1325 5111 quam
1359 5058 1461 5095 vos
1502 5057 1734 5111 quoque
1767 5059 1879 5096 non

231 5127 481 5181 arbitror
512 5128 805 5197 ignorare.
828 5129 1129 5201 Siquidem
1164 5130 1255 5184 hic
1288 5131 1559 5184 conscius
1584 5130 1881 5185 convictus

230 5216 285 5269 in
321 5216 474 5270 caede
497 5217 760 5285 parentis
786 5222 843 5271 et
873 5219 1155 5288 episc0pi,
1178 5220 1674 5288 quemadmodum
1696 5226 1881 5289 gesto-

230 5320 357 5359 rum
390 5309 587 5359 tenore
616 5312 1001 5371 monstratur,
1027 5308 1613 5377 cunctorumjudicio
1635 5308 1880 5363 nullate-

233 5409 339 5447 nus
367 5393 695 5449 aastimatus
726 5399 815 5450 est
840 5394 1031 5450 ofﬁcio
1065 5395 1276 5464 dignus
1309 5396 1529 5467 altaris,
1578 5397 1747 5467 eique
1778 5414 1881 5469 pro

233 5485 348 5537 tam
382 5482 729 5538 detestando
758 5483 1013 5538 facinore
1045 5484 1222 5537 unius
1245 5484 1381 5537 anni
1407 5486 1715 5541 interdicta
1732 5504 1883 5541 com-

237 5570 437 5625 munio
471 5579 583 5637 est,
620 5576 914 5642 quatenus
958 5573 1322 5644 pcsnitudine
1352 5577 1700 5645 competenti
1734 5578 1880 5631 tanti

2015 449 2257 506 minime
2285 454 2613 523 juberetur,
2650 456 2775 526 ipse
2812 457 2996 527 magis
3028 457 3289 528 cogitans
3319 458 3499 512 divini
3539 476 3664 515 cor-

2014 540 2172 609 poris
2202 548 2657 608 sacramentum,
2677 544 2879 599 debuit
2912 546 2979 598 ad
3006 546 3114 599 hoc
3131 551 3324 600 mente
3343 547 3663 617 purgatiori

2015 645 2291 686 remeare.
2324 634 2486 696 Quod
2519 637 2751 704 tempus
2798 638 2995 689 tamen
3047 642 3147 689 aut
3191 634 3513 705 expletum,
3564 642 3665 690 aut

2016 735 2192 790 prope
2215 721 2338 789 jam
2374 727 2652 793 putamus
2676 728 2967 790 exactum,
2990 726 3294 794 postquod
3316 725 3373 778 in
3406 740 3659 778 commu-

2014 808 2205 863 nionis
2226 810 2562 865 facultatem
2584 817 2785 882 patere
2808 829 2924 867 non
2949 812 3193 867 dubium
3225 816 3335 879 est,
3361 818 3425 867 ut
3453 817 3511 868 et
3531 830 3663 868 sen-

2011 898 2193 952 tentia
2226 900 2527 970 synodalis
2550 902 2737 971 possit
2763 900 3061 971 abrumpi,
3112 907 3189 967 et,
3244 906 3309 955 ut
3353 901 3437 955 illi
3471 902 3660 973 magis

2012 986 2217 1056 prosit,
2250 988 2439 1043 valeat
2471 991 2693 1059 majore
2725 990 3122 1044 satisfactione
3156 990 3448 1044 mundari.

2010 1080 2146 1131 CAP.
2186 1078 2268 1131 13.
2299 1108 2365 1118 -
2397 1079 2469 1134 De
2495 1078 2674 1133 simili
2691 1095 2877 1134 causa.
2903 1078 3367 1134 GelasiusJoanni
3394 1080 3661 1150 episcopo.

2082 1165 2199 1221 Nos
2232 1182 2413 1221 ausus
2438 1168 2604 1239 impii
2636 1184 2997 1224 commovere
3029 1168 3219 1235 Aselli,
3240 1168 3339 1238 qui
3372 1167 3662 1223 archidia-

2010 1260 2256 1309 conatus
2304 1257 2661 1327 fungebatur
2716 1257 2930 1313 ofﬁcio.
2972 1257 3119 1311 Nam
3169 1273 3324 1325 cum,
3358 1262 3477 1311 tam
3511 1258 3660 1313 duro

2010 1360 2146 1399 casu
2184 1345 2477 1400 lethaliter
2494 1346 2757 1402 sauciata
2774 1346 3071 1417 pontifice,
3092 1363 3206 1417 praa
3230 1346 3455 1401 cmteris
3478 1346 3659 1401 eccle-

2008 1433 2158 1487 siam
2192 1435 2487 1489 custodire
2520 1436 2811 1501 debuerit,
2844 1453 2911 1491 ac
2945 1451 3015 1489 ne
3040 1435 3179 1506 quid
3226 1436 3295 1489 de
3342 1434 3661 1507 episcopali

2009 1522 2181 1576 domo
2217 1524 2664 1593 subduceretur,
2688 1529 2744 1579 et
2761 1540 2892 1578 eum
2915 1524 3109 1595 ipsum
3135 1524 3192 1576 in
3226 1522 3481 1578 tumultu
3516 1540 3659 1593 pras-

2010 1612 2158 1666 senti
2192 1612 2456 1682 permisit
2484 1613 2691 1680 occidi,
2725 1630 2858 1668 cum
2903 1617 2959 1668 et
2989 1614 3059 1666 ad
3094 1613 3396 1685 fatendum
3429 1612 3647 1668 servari

2008 1700 2330 1766 debuisset,
2364 1708 2565 1757 utrum
2598 1703 2719 1757 haec
2752 1718 2857 1757 sua
2886 1702 3184 1757 voluntate
3234 1702 3540 1774 peregerit,
3586 1718 3662 1755 an

2008 1791 2353 1861 cujusquam
2380 1792 2779 1862 praecipitatus
2803 1790 3148 1862 impulsu,et
3171 1791 3329 1860 prius
3351 1791 3418 1845 ab
3432 1790 3663 1859 eo,quia

2005 1877 2159 1932 idem
2185 1880 2533 1934 creditarius
2560 1879 2828 1951 praesulis
2855 1880 3035 1934 fuisse
3062 1880 3276 1933 dicitur
3300 1879 3655 1949 interempti,

2005 1967 2405 2024 ecclesiastica
2434 1970 2653 2041 requiri
2676 1969 3029 2025 substantia.
3056 1969 3160 2033 Qui
3182 1974 3377 2023 autem
3398 1985 3511 2023 non
3536 1967 3660 2022 evi-

2004 2058 2212 2112 denter
2230 2058 2519 2129 intelligat
2540 2068 2777 2130 propter
2790 2058 2898 2113 hoc
2916 2057 3208 2129 praecipue
3231 2057 3453 2111 dictum
3479 2056 3656 2111 citius

2004 2144 2186 2201 fuisse
2214 2147 2537 2216 sublatum,
2564 2153 2857 2218 quatenus
2889 2163 2993 2202 nec
3026 2145 3340 2217 complices
3363 2145 3651 2217 proderet,

2002 2233 2341 2305 etignorata
2377 2235 2623 2291 facultas
2665 2235 2922 2291 ecclesiae
2956 2234 3189 2289 facilius
3221 2234 3650 2304 direptionibus

2002 2323 2362 2391 subjaceret‘?
2384 2324 2530 2379 Nam
2564 2330 2620 2379 et
2648 2324 2929 2379 libellaris
2968 2324 3192 2377 incisus
3239 2323 3497 2394 episcopi
3522 2339 3648 2393 per-

2002 2410 2237 2466 hibetur
2260 2412 2627 2479 inventus,ct
2643 2414 2730 2467 vir
2752 2414 2941 2467 bonus
2980 2412 3210 2468 Asellus
3237 2429 3301 2466 ac
3325 2429 3431 2467 suo
3469 2413 3651 2481 gradu

2002 2502 2215 2572 dignus
2240 2503 2419 2573 (quod
2444 2519 2744 2572 nunquam
2776 2507 2910 2556 ante
2940 2506 3226 2556 tentatum
3259 2505 3372 2569 est)
3403 2501 3568 2571 prius
3598 2501 3655 2554 in

2000 2606 2062 2645 se
2119 2592 2443 2658 decretum,
2477 2592 2701 2645 adactis
2732 2591 3003 2645 Ecclesiae
3043 2590 3331 2644 ministris
3371 2589 3658 2661 compulit

2001 2678 2488 2749 celebrari,quam
2512 2680 2582 2733 de
2605 2695 2845 2733 excessu
2879 2678 3203 2733 secundum
3234 2676 3527 2731 tramitem
3558 2692 3655 2733 ve-

1999 2769 2256 2834 tustatis,
2290 2770 2361 2822 ad
2394 2768 2549 2823 sedis
2586 2766 2917 2839 apostolicae
2943 2766 3212 2821 notitiam
3237 2765 3441 2821 relatio
3459 2765 3655 2819 mitte-

1999 2862 2181 2911 retur.
2231 2857 2416 2919 Quam
2467 2857 2516 2911 si
2559 2862 2759 2911 autem
2810 2854 3179 2910 intolerabile
3225 2854 3470 2922 malum,
3516 2853 3651 2924 quis

1998 2945 2371 3001 Christianus
2417 2945 2758 3000 addubitet?
2798 2951 2863 2999 ut
2897 2962 3029 2999 cum
3073 2943 3257 2998 soleat
3288 2942 3462 2997 etiam
3495 2958 3654 2997 com-

2002 3035 2165 3087 muni
2199 3039 2354 3089 sorte
2380 3035 2656 3089 defuncto
2699 3034 2972 3105 pontiﬁce
3022 3032 3306 3087 transitus
3342 3031 3469 3102 ejus
3518 3034 3654 3085 ante

1998 3124 2199 3177 omnia
2232 3122 2512 3188 nuntiari,
2537 3127 2877 3194 competens
2900 3120 3169 3193 deputari
3191 3121 3653 3192 visitatio,atque

1999 3212 2079 3266 ita
2110 3212 2180 3265 de
2215 3213 2591 3283 subrogando
2625 3211 2915 3267 sacerdoti
2945 3210 3203 3275 tractari,
3235 3210 3330 3264 hic
3362 3226 3516 3264 unus
3563 3226 3654 3264 ex-

1997 3300 2234 3366 stiterit,
2268 3300 2367 3370 qui
2412 3302 2714 3355 interfecto
2764 3300 3063 3371 religionis
3091 3298 3408 3363 anstistite,
3442 3298 3511 3352 de
3541 3314 3650 3352 suo

1998 3404 2131 3442 mox
2180 3389 2401 3443 honore
2448 3390 2810 3459 cogitaverit,
2863 3405 3039 3458 quam
3089 3386 3381 3441 studuerit
3430 3385 3655 3440 deferre

1996 3478 2149 3547 quod
2185 3484 2416 3548 gestum
2450 3483 2555 3532 est.
2581 3477 2689 3531 Ubi
2713 3477 2952 3532 tametsi
2974 3475 3492 3531 latetextrinsecus
3511 3474 3652 3545 quid

1995 3571 2223 3636 agatur,
2252 3573 2445 3620 tamen
2479 3566 2755 3620 affectatae
2785 3566 3093 3637 potestatis
3116 3566 3452 3635 abruptum,
3477 3579 3653 3618 cons-

1995 3654 2264 3708 cientiam
2302 3653 2637 3723 suspicione
2668 3671 2777 3708 non
2811 3654 2992 3722 exuit,
3026 3653 3288 3708 defuncti
3332 3651 3525 3707 locum
3558 3656 3648 3707 ta-

1994 3743 2130 3797 liter
2151 3742 2738 3798 ambientis.lnterim
2758 3759 2827 3797 ne
2851 3742 2986 3813 quis
3012 3742 3119 3797 hoc
3146 3758 3407 3812 unquam
3438 3741 3652 3797 audeat

1995 3849 2279 3903 usurpare
2312 3833 2466 3903 quod
2499 3837 2634 3886 ante
2667 3831 2848 3886 istum
2882 3831 3084 3886 nullus
3114 3836 3203 3887 est
3235 3848 3438 3897 ausus,
3471 3831 3542 3885 ab
3565 3830 3647 3885 of-

1994 3921 2125 3976 ﬁcio
2157 3923 2310 3993 quod
2345 3922 2584 3993 gerebat
2633 3925 2835 3976 nostra
2884 3921 2961 3976 sit
3005 3920 3353 3976 auctoritate
3406 3920 3649 3975 submo-

1994 4019 2108 4080 tus,
2129 4012 2313 4067 donec
2337 4011 2477 4083 quid
2514 4011 2572 4065 in
2608 4014 2956 4081 perpetuum
2990 4011 3061 4065 de
3092 4009 3195 4065 tali
3221 4008 3479 4064 ordinari
3509 4024 3644 4062 cen-

1994 4116 2230 4155 seamus
2261 4100 2494 4171 plenius
2526 4104 2892 4155 retractetur.
2928 4098 2987 4153 Si
3018 4115 3136 4169 qua
3172 4114 3314 4154 sane
3348 4097 3507 4167 juris
3554 4112 3647 4151 βου

1992 4188 2304 4244 clesiastici
2338 4188 2656 4244 sustulisse
2688 4187 3074 4258 convincitur,
3126 4186 3319 4243 modis
3367 4184 3643 4242 omnibus

1993 4279 2313 4333 reformare
2344 4283 2607 4348 cogatur.

1992 4367 2120 4421 CAP.
2158 4368 2242 4421 14.
2277 4397 2345 4405 -
2376 4368 2450 4420 De
2476 4366 2805 4437 ptenitentia
2824 4367 3132 4435 presbyteri
3156 4366 3252 4437 qui
3268 4363 3650 4437 presbyterum

2064 4439 2279 4517 occidit.
2314 4435 2622 4492 Alexander
2664 4438 2931 4493 secundus
2967 4435 3282 4505 Amalgerio
3313 4436 3653 4491 Civitanensi

2066 4525 2335 4579 episcopo.

2070 4598 2252 4652 Fratri
2286 4597 2422 4651 huic
2457 4614 2628 4667 quem
2666 4599 2983 4669 perpetrati
3016 4596 3319 4653 homicidii
3369 4601 3530 4652 reatu
3574 4597 3647 4651 ad

1984 4687 2281 4757 judicium
2328 4687 2621 4740 canonica:
2674 4686 3033 4755 paenitentiae
3074 4686 3541 4757 suscipiendum,
3576 4686 3647 4739 ad

1994 4775 2382 4847 apostolicam
2398 4776 2595 4829 sedem
2617 4775 2837 4829 misisti
2850 4776 3099 4845 ,noveris
3112 4793 3219 4831 nos
3233 4776 3411 4845 hujus
3425 4773 3649 4829 ordinis

1992 4866 2403 4937 paenitentiam
2430 4865 2850 4921 misericordiae
2866 4870 3134 4937 respectu
3149 4861 3646 4935 injunxisse.Nam

1992 4956 2128 5025 quia
2152 4957 2459 5028 presbyter
2483 4957 2893 5028 presbyterum
2918 4950 3645 5026 occidit,quadrupliciter,

1989 5044 2350 5100 28videlicet
2389 5046 2559 5100 annis
2582 5062 2716 5101 eum
2742 5045 3023 5117 pmnitere
3066 5047 3325 5115 oportet;
3362 5045 3647 5112 quatuor—

1992 5132 2182 5189 decim
2217 5150 2401 5189 annos
2435 5134 2547 5190 sibi
2582 5135 3042 5190 misericorditer
3064 5133 3406 5197 indiximus,
3430 5130 3647 5183 irrecu-

1991 5223 2333 5293 perabiliter
2365 5224 2705 5295 dejicientes
2726 5242 2856 5281 eum
2885 5242 2917 5279 a
2950 5224 3371 5294 presbyteratu,
3405 5223 3461 5271 et
3491 5214 3651 5269 omni

1993 5313 2512 5369 administratione
2527 5314 2919 5376 altaris.0uos
2944 5311 3179 5383 quidem
3204 5302 3652 5379 quatuordeoim

1991 5417 2178 5457 annos
2201 5402 2312 5457 hoc
2335 5404 2540 5459 ordine
2568 5402 2900 5460 observabit
2926 5417 2938 5455 :
2958 5399 3149 5454 tribus
3168 5394 3465 5467 prioribus
3483 5391 3654 5446 annis

1991 5498 2147 5544 extra
2195 5492 2529 5558 ecclesiam,
2579 5492 2698 5547 nisi
2747 5492 2818 5545 ad
2851 5493 3112 5543 extrema
3166 5481 3375 5539 mortis
3434 5481 3655 5550 absque

1992 5596 2226 5633 commu
2239 5583 2496 5650 nione,et
2512 5597 2727 5635 mensae
2748 5574 3193 5650 participatione
3206 5576 3263 5628 et
3285 5587 3426 5644 pace
3438 5572 3529 5626 sit.
3542 5569 3653 5625 Sed
