3972 6064
873 151 884 179 κ

339 245 448 300 695

1421 243 1488 292 Ι).
1529 238 1768 292 IVONIS
1805 235 2305 291 CARNOTENSIS
2342 235 2663 289 EPISCOPI

3653 233 3776 290 696

343 388 376 426 a
427 384 592 424 coena
638 367 872 423 Domini
915 366 1286 422 solummodo
1335 360 1763 429 reconcilietur,
1807 375 1994 430 usque
2021 368 2077 435 Α
2104 357 2748 430 anobisquecanonicae
2771 374 2889 413 suae
2912 358 3769 418 excommunicationisinten-

250 459 256 474 '
343 461 415 514 ad
433 462 564 514 octa
583 460 1090 514 vasPentecostes.
1113 455 1236 508 Haec
1251 451 1519 524 praesenti
1541 450 1997 522 quadragesima

344 548 856 619 quotidiejejunet
875 546 932 600 in
958 560 1104 615 pane
1125 547 1347 612 ctaqua
1369 541 1577 595 diebus
1613 540 1806 594 tribus
1852 538 1998 592 heb-

350 637 640 706 domadas,
674 652 861 706 usque
886 635 943 687 in
976 631 1216 686 Pascha.
1241 631 1328 684 Ab
1363 631 1582 684 octavis
1632 629 1998 682 Pentecostes

350 742 542 796 usque
575 726 633 778 in
665 725 878 778 festum
909 726 964 775 S.
989 718 1286 775 Michaelis
1310 719 1573 787 duobus;
1607 717 1825 783 deinte,
1857 720 1994 771 tres.

345 819 484 870 Post
501 818 619 869 tres
637 829 822 867 annos
847 811 1070 866 reddita
1095 809 1206 865 sibi
1230 825 1418 864 comm
1433 809 1645 863 unione
1661 806 1926 862 Ecclesiae
1945 808 2001 860 et

347 920 596 969 mensae,
631 903 783 955 inter
812 900 1027 954 idiotas
1059 900 1136 953 sit
1165 915 1354 969 usque
1386 898 1452 952 ad
1485 896 1743 968 expletos
1774 899 1996 967 septem

346 989 774 1057 annos,eodem
807 988 974 1042 modo
1000 991 1185 1041 totum
1229 986 1579 1058 poenitentia:
1612 991 1842 1054 tempus
1875 999 1998 1038 ser-

341 1097 507 1135 vans.
540 1083 605 1132 Et
626 1078 766 1150 quia
795 1077 1064 1132 convenit
1097 1092 1230 1131 eum
1264 1092 1394 1131 esse
1438 1077 1547 1130 sub
1581 1072 1865 1146 regimine
1895 1072 1996 1126 ab-

340 1167 519 1237 batis,
553 1166 906 1221 mandamus
928 1165 1035 1220 tibi
1067 1170 1132 1220 ut
1166 1165 1369 1220 mittas
1396 1181 1531 1219 eum
1557 1164 1616 1218 in
1651 1163 1848 1234 aliquo
1870 1177 1995 1216 mo-

339 1258 622 1326 nasterio,
654 1260 720 1310 ut
747 1255 826 1309 ibi
869 1255 1160 1326 condigne
1197 1255 1486 1326 paenitens
1529 1252 1808 1321 salvetur,
1841 1255 1898 1307 et
1946 1250 1996 1304 si

343 1345 451 1400 tibi
483 1344 570 1400 vel
603 1345 798 1400 abbati
829 1344 1060 1399 videtur
1091 1344 1201 1398 sibi
1235 1343 1552 1408 remittere,
1588 1343 1634 1398 si
1667 1342 1825 1396 hunc
1853 1356 1994 1396 con-

341 1434 517 1506 digne
549 1434 890 1490 observasse
914 1432 1316 1506 pmnitentiam
1349 1431 1733 1503 videris,post
1756 1438 1872 1486 tres
1895 1447 1996 1485 an-

343 1540 449 1579 nos
480 1523 671 1578 liceat.

343 1612 476 1667 CAP.
512 1613 597 1666 15.
633 1643 698 1653 -
730 1617 807 1667 De
833 1612 1164 1681 purgatione
1188 1609 1498 1680 presbyteri
1518 1610 1749 1680 quisine
1773 1625 1991 1664 accusa-

420 1684 632 1738 toribus
661 1684 727 1737 de
778 1688 950 1738 morte
1005 1682 1263 1754 episcopi,
1294 1682 1389 1754 sui
1444 1685 1631 1751 fuerat
1679 1681 1993 1751 infamatus

417 1755 733 1810 Alexander
759 1755 1026 1810 secundus
1058 1753 1332 1809 Rainaldo
1360 1755 1603 1808 Cumano
1631 1756 1896 1824 episcopo.

420 1843 608 1914 Super
637 1860 846 1898 causas
887 1842 1185 1898 Guillandi
1229 1841 1551 1912 presbyteri
1575 1841 1682 1906 tui,
1718 1842 1789 1896 de
1812 1844 1998 1896 morte

349 1931 612 2002 episcopi
659 1932 749 1986 sui
795 1931 1168 2002 praecessoris
1200 1929 1286 1984 tui
1318 1930 1612 1994 infamati,
1645 1931 1704 1984 in
1737 1929 1999 1984 medium

347 2020 778 2075 consuluimus.
839 2022 1043 2089 Itaque
1092 2019 1316 2073 circum
1367 2019 1630 2073 omnium
1677 2018 1999 2072 astantium

349 2111 596 2164 fratrum
614 2109 876 2164 unanimi
911 2125 1158 2164 assensu
1177 2114 1291 2162 tua;
1309 2106 1609 2162 dilectioni
1623 2107 2002 2162 rescribimus

348 2199 650 2268 praefatum
674 2197 1051 2252 Cuillandum
1076 2198 1478 2268 presbyterum
1501 2199 1636 2250 ante
1664 2200 1718 2250 te
1750 2211 2000 2265 praesen-

351 2289 631 2355 tandum;
673 2287 773 2341 ubi
805 2287 854 2342 si
887 2288 1031 2342 certi
1084 2292 1452 2342 accusatores
1501 2285 1817 2352 defuerint,
1862 2289 2002 2338 tunc

353 2376 888 2446 dictantejustitia,
922 2376 1050 2431 sine
1080 2375 1241 2430 omni
1262 2376 1676 2443 controversia,
1705 2374 2006 2445 presbyter

355 2481 720 2536 quaecunque
759 2465 831 2520 ob
883 2463 990 2520 hoc
1020 2465 1236 2534 injuste
1275 2463 1474 2519 amisit
1513 2480 1578 2518 ac
1609 2463 2004 2518 sacerdotium

357 2555 624 2625 accipiat,
660 2559 716 2608 et
747 2554 976 2625 integra
1008 2553 1310 2619 beneﬁcia,
1346 2553 1757 2623 purgationem
1806 2555 2006 2606 tamen

358 2648 548 2712 antea,
563 2643 796 2698 duobus
821 2641 931 2696 sibi
954 2642 1363 2697 sacerdotibus
1383 2642 1626 2710 junctis,
1648 2641 1744 2696 ubi
1767 2657 2006 2696 accusa-

359 2737 452 2787 tor
472 2732 806 2796 cessaverit,
832 2732 1102 2786 eumdem
1131 2748 1200 2786 ex
1221 2747 1282 2786 se
1312 2731 1567 2802 praebere
1597 2746 1703 2785 suo
1737 2730 2005 2784 commit-

358 2819 543 2874 timus
575 2819 1157 2890 arbitrio.Vulgarem
1181 2819 1435 2891 denique
1458 2837 1523 2875 ac
1542 2817 1704 2874 nulla
1726 2817 2008 2873 canonica

361 2908 665 2963 sanctione
687 2907 895 2962 fultam
927 2907 1138 2981 legem,
1179 2909 1453 2964 ferventis
1477 2907 1699 2964 scilicet
1737 2907 1856 2963 sive
1905 2907 2006 2960 fri-

359 2996 511 3068 gidae
533 3013 694 3067 aquae
717 2998 1004 3068 ignitique
1027 2997 1162 3052 ferri
1185 3001 1544 3067 contactum,
1576 3001 1678 3052 aut
1692 2994 2006 3066 cujuslibet

358 3085 657 3156 popularis
705 3085 1077 3152 inventionis,
1129 3087 1268 3154 quia
1317 3085 1638 3140 fabricante
1696 3085 1818 3139 haec
1868 3086 2008 3139 sunt

359 3173 599 3229 omnino
627 3173 762 3230 ﬁcta
791 3174 1030 3244 invidia,
1065 3191 1167 3230 nec
1201 3174 1396 3246 ipsum
1439 3174 1732 3241 exhibere,
1766 3188 1870 3228 nec
1902 3173 2007 3227 ali-

359 3280 475 3335 quo
506 3264 680 3318 modo
736 3268 791 3319 te
839 3263 1110 3318 volumus
1157 3263 1476 3334 postulare,
1524 3263 1642 3318 imo
1692 3261 2011 3333 apostolica

360 3351 706 3409 auctoritate
738 3351 1120 3424 prohibemus
1155 3352 1517 3407 firmissime.

364 3461 493 3517 CAP.
529 3461 616 3515 16.
649 3491 717 3500 -
747 3461 820 3514 De
846 3460 1173 3529 paenitentia
1205 3461 1321 3531 ejus
1342 3463 1440 3531 qui
1467 3459 1848 3530 presbyterum
1870 3461 1927 3513 in
1958 3474 2012 3513 se

435 3534 615 3586 armis
646 3533 954 3587 irruentem
979 3535 1338 3602 interfecerit.
1371 3532 1684 3587 Alexander
1720 3531 2008 3599 secundus,

437 3605 579 3659 clero
619 3605 987 3659 Vulturnensi.

441 3692 732 3747 Pcsnitens
764 3693 1140 3763 praesentium
1187 3693 1436 3764 portitor
1483 3692 1554 3747 ad
1605 3709 1712 3747 nos
1749 3690 2008 3757 veniens,

371 3780 574 3836 retulit
599 3796 661 3836 se
693 3781 976 3836 instinctu
1006 3781 1224 3836 diaboli
1257 3783 1571 3852 quemdam
1605 3780 2010 3852 presbyterum

369 3875 661 3926 armatum
694 3887 870 3940 super
901 3886 962 3924 se
994 3871 1340 3934 irruentem,
1376 3869 1678 3940 ictumque
1730 3870 2010 3924 ferentem

301 3994 314 3998 —
367 3960 672 4016 occidisse.
708 3959 867 4014 Unde
891 3958 1108 4030 quiain
1133 3959 1456 4012 canonibus
1488 3957 1739 4012 habetur
1768 3974 1871 4028 pro
1920 3956 2011 4009 in-

365 4050 705 4105 terfectione
719 4049 926 4105 armati
943 4046 1263 4119 presbyteri
1279 4045 1594 4116 simplicem
1613 4044 2012 4117 pwnitentiam

367 4155 496 4193 esse
520 4140 801 4205 dandam,
827 4137 1198 4207 injunximus
1223 4135 1624 4205 paenitentiam
1657 4136 1857 4190 decem
1909 4150 2013 4189 an-

370 4243 602 4296 norum,
637 4226 720 4280 ita
773 4232 834 4279 ut
880 4225 1016 4278 hinc
1065 4239 1251 4293 usque
1295 4222 1516 4278 Pascha
1563 4222 1795 4293 jejunet
1829 4221 2014 4278 tribus

374 4314 584 4368 diebus
615 4330 718 4383 per
739 4313 1133 4383 septimanam
1155 4311 1215 4365 in
1240 4328 1386 4383 pane
1408 4317 1463 4366 et
1485 4316 1722 4382 aqua,et
1743 4329 1859 4367 non
1885 4316 2014 4368 uta-

371 4405 472 4456 tur
502 4400 905 4456 calciamentis
928 4417 1116 4471 neque
1136 4399 1276 4455 lino.
1296 4400 1384 4455 Ab
1414 4405 1617 4456 octava
1646 4401 2016 4458 Pentecostes

2026 1755 2074 1820 B

2107 447 2347 517 tatione,
2389 447 2683 502 mediante
2720 446 2896 502 Junio
2915 447 3225 518 praesentis
3248 457 3458 504 octavae
3482 449 3770 507 indictio-

2109 537 2223 604 nis,
2256 539 2445 608 vocati
2504 537 2697 592 venire
2750 537 3230 608 contempserint,
3264 543 3322 593 et
3377 539 3450 594 ob
3500 538 3608 595 hoc
3665 558 3777 612 per

2109 630 2339 681 nostras
2389 625 2618 682 litteras
2665 627 2922 682 secundo
2956 630 3010 682 et
3040 625 3209 682 tertio
3239 627 3525 695 advocati,
3575 636 3775 684 extre-

2109 730 2275 769 mum
2307 731 2440 770 vero
2459 730 2563 786 per
2589 715 2896 782 Joannem,
2921 715 3193 780 Leonem,
3227 714 3537 788 episcopos
3569 717 3777 772 omni-

2109 803 2284 857 moda
2315 803 2728 859 communione
2759 803 2990 875 privati,
3038 804 3176 876 quia
3208 804 3578 875 apostolatus
3599 806 3774 877 judi-

2109 891 2262 946 cium
2293 891 2580 947 hactenus
2614 891 3066 964 subterfugisse,
3098 910 3283 962 neque
3313 895 3544 950 venisse
3575 911 3776 967 neque

2109 978 2340 1035 misisse
2363 981 2708 1051 probantur,
2743 983 3089 1037 auctoritate
3111 982 3300 1038 sancti
3333 982 3590 1054 Spiritus
3617 1000 3773 1040 ana-

2104 1068 2514 1126 thematizatos
2536 1087 2665 1126 esse
2688 1070 3395 1143 decernimus,quousque
3418 1072 3637 1128 tuturis
3652 1074 3766 1128 Ka-

2105 1156 2299 1214 lendis
2316 1158 2688 1230 Octobribus,
2721 1161 2934 1216 futurae
2969 1177 3134 1216 nonae
3164 1160 3526 1232 indictionis,
3559 1162 3770 1232 puriﬁ-

2105 1247 2223 1301 cari
2255 1247 2535 1303 canonice
2559 1252 2911 1304 mereantur.
2954 1248 3014 1304 Si
3045 1265 3116 1304 au
3129 1252 3242 1303 tem
3269 1265 3458 1321 neque
3477 1253 3620 1305 tunc
3643 1251 3771 1322 ple-

2105 1336 2414 1392 nissimam
2441 1337 2610 1393 nobis
2633 1338 3098 1394 satisfactionem
3134 1338 3519 1406 ostenderint,
3551 1354 3771 1411 perpe-

2102 1428 2202 1479 tuo
2234 1425 2607 1482 anathemate
2636 1432 2947 1482 teneantur
2973 1427 3192 1497 innexi,
3215 1427 3296 1482 ita
3327 1431 3390 1482 ut
3419 1427 3772 1500 quicunque

2104 1514 2308 1569 amodo
2327 1515 2409 1570 eis
2432 1516 2490 1569 in
2517 1516 2662 1585 cibo,
2693 1521 2855 1588 potu,
2876 1516 2963 1572 vel
3002 1516 3262 1573 oratione
3289 1517 3772 1574 communicave-

2103 1603 2373 1675 rint,pari
2401 1620 2532 1660 cum
2556 1607 2640 1660 eis
2663 1605 3054 1661 anathematis
3077 1605 3370 1661 sententia
3391 1604 3770 1677 colligentur.

2103 1700 2236 1757 CAP.
2274 1702 2358 1757 18.
2393 1733 2453 1775 -τ-
2493 1704 2564 1758 De
2593 1703 2677 1758 his
2705 1705 2802 1774 qui
2828 1702 2962 1759 duos
2984 1703 3264 1775 episcopos
3279 1719 3405 1759 suos
3420 1703 3767 1771 occiderunt,

2174 1777 2236 1848 ut
2263 1773 2514 1845 amplius
2543 1773 2798 1848 episcopo
2827 1773 3074 1832 careant.
3131 1773 3374 1831 Gelasius-
3422 1775 3681 1848 Majorico
3710 1780 3767 1833 et

2176 1847 2379 1900 Joanni
2407 1847 2695 1918 episcOpis.

2178 1934 2266 1989 Ita
2295 1952 2403 1990 nos
2425 1936 2663 2006 quidem
2696 1935 3010 1992 latinorum
3036 1936 3222 1991 cedes
3243 1935 3540 2007 geminata
3561 1936 3765 2007 ponti-

2110 2023 2288 2078 ficum
2320 2024 2596 2080 horrendi
2639 2024 2878 2080 sceleris
2914 2025 3216 2081 atrocitate
3266 2025 3533 2081 confudit
3563 2030 3630 2080 ut
3660 2025 3766 2080 diu

2110 2113 2451 2168 constitutio
2485 2118 2694 2169 nostrae
2726 2113 3167 2170 deliberationis
3200 2113 3518 2184 haesitaret,
3539 2114 3684 2169 dum
3707 2118 3771 2169 et

2111 2199 2374 2271 ingerere
2397 2218 2749 2273 quamquam
2766 2202 3217 2273 parricidalibus
3231 2203 3515 2273 exemplis
3531 2203 3772 2258 dubita-

2113 2305 2310 2344 remus
2333 2291 2680 2345 antistitem.
2706 2293 3075 2362 Quapropter
3106 2293 3232 2362 jam
3255 2291 3416 2348 velut
3433 2307 3606 2347 usum
3627 2308 3771 2346 con-

2114 2379 2610 2451 suetudinemque
2628 2381 2976 2453 sacrilegam
3001 2380 3364 2437 declinantes
3402 2385 3649 2437 eatenus
3677 2397 3774 2436 re-

2115 2466 2319 2539 ligioni
2347 2469 2620 2525 duximus
2653 2470 3105 2536 consulendum,
3131 2474 3196 2524 ut
3227 2469 3492 2540 parnasia
3511 2469 3667 2525 vices
3691 2471 3766 2524 ab

2115 2557 2476 2613 extrinsecus
2507 2558 2715 2630 positis
2746 2559 3152 2615 sacerdotibus
3178 2559 3601 2630 gubernantur,
3627 2558 3773 2631 quia

2117 2645 2263 2716 [qui,
2293 2647 2447 2717 Vict]
2478 2647 2694 2703 ibidem
2743 2653 3185 2704 commanentes
3235 2648 3385 2704 ferro
3435 2648 3775 2703 didicerunt

2116 2750 2324 2790 necare
2353 2741 2638 2807 pastores,
2671 2736 3056 2808 inauditoque
3087 2737 3342 2792 facinore
3375 2737 3555 2808 (quod
3586 2736 3770 2792 etiam

2115 2822 2298 2878 nullis
2331 2825 2642 2895 provinciis
2681 2841 2977 2896 nusquam
3027 2842 3269 2896 prorsus
3311 2825 3589 2881 acciderit
3639 2841 3770 2896 quae

2113 2911 2402 2968 bellorum
2435 2915 2733 2971 continuis
2755 2915 3121 2986 diversisque
3150 2914 3589 2971 incursionibus
3611 2913 3771 2969 afﬂi-

2114 3002 2356 3073 guntur)
2388 3003 2510 3058 haec
2560 3008 2791 3075 reperta
2819 3004 2897 3059 sit
2927 3004 3155 3072 civitas,
3183 3020 3310 3076 quae
3343 3002 3619 3075 presules
3652 3003 3773 3058 mi-

2037 3114 2079 3180 α
2117 3089 2424 3145 nistrando
2457 3091 2569 3147 sibi
2602 3091 2775 3147 ﬁdem
2799 3091 3219 3157 Christianam,
3246 3091 3373 3180 sine
3395 3094 3772 3164 persecutore

2120 3183 2469 3248 prosternat.
2503 3181 2840 3236 Curandum
2867 3184 2955 3236 est
2973 3181 3154 3252 igitur
3174 3185 3238 3235 ut
3254 3179 3372 3236 illic
3393 3181 3626 3237 funesta
3646 3197 3774 3252 per-

2121 3267 2303 3322 nicies
2345 3269 2678 3324 cessatione
2718 3269 3087 3340 propriorum
3124 3274 3370 3328 sanetur
3405 3269 3772 3337 antistitum,

2122 3362 2296 3427 atque
2325 3356 2406 3411 ita
2434 3356 2635 3412 saltem
2658 3358 2870 3413 furoris
2899 3358 3045 3413 tanti
3071 3359 3342 3414 materies
3361 3359 3771 3429 subtrahatur,

2120 3461 2303 3515 eoque
2317 3446 2489 3500 modo
2509 3446 2597 3500 vel
2619 3445 2719 3500 illa
2741 3447 2882 3500 dum
2906 3446 2964 3500 in
2988 3460 3135 3516 quos
3149 3447 3350 3502 saeviat
3373 3465 3486 3503 non
3507 3447 3772 3518 habebit,

2120 3535 2191 3589 ab
2224 3535 2566 3605 hujusmodi
2584 3535 2909 3591 temeritate
2931 3537 3197 3606 desistat,
3218 3536 3304 3592 vel
3333 3536 3462 3592 aliis
3481 3536 3768 3593 imitanti-

2122 3625 2233 3679 bus
2253 3624 2381 3678 dira
2407 3624 2674 3694 contagia
2688 3641 2800 3679 non
2823 3621 3094 3695 praebeat.
3115 3627 3439 3698 Egeatergo
3461 3627 3769 3698 episcopa-

2121 3711 2277 3767 libus
2292 3712 2575 3767 subsidiis
2589 3713 2825 3768 sibimet
2841 3713 3074 3768 aliunde
3087 3715 3520 3786 depensis,qua2
3535 3733 3766 3771 sacram

2121 3802 2178 3854 id
2213 3817 2318 3856 suo
2349 3803 2570 3872 gremio
2592 3801 2932 3856 collocatam
2952 3803 3080 3858 fuso
3103 3803 3418 3858 crudeliter
3444 3804 3771 3860 macularat

2122 3889 2411 3959 sanguine
2433 3888 2800 3960 dignitatem.
2833 3891 2978 3955 Quia
3001 3891 3062 3945 in
3095 3895 3347 3962 utroque
3375 3892 3484 3948 hac
3535 3899 3626 3948 est
3672 3891 3770 3947 ul-

2123 3979 2282 4033 tione
2310 3977 2633 4048 plectenda,
2669 3978 2791 4033 sive
2822 3978 3049 4034 scilicet
3079 3981 3365 4035 instinctu
3421 3981 3771 4049 domestico,

2124 4083 2223 4122 seu
2255 4067 2424 4121 furiis
2455 4066 2714 4134 incitata,
2747 4067 2908 4122 nefas
2940 4067 3049 4123 hoc
3077 4069 3395 4125 committit
3422 4069 3698 4126 exterius.

2123 4165 2379 4240 CAp._19.
2412 4194 2480 4205 --
2510 4166 2573 4221 Ut
2602 4166 2652 4240 si
2673 4167 2960 4240 episcopus
3015 4168 3228 4223 occisus
3255 4166 3435 4240 fuerit
3470 4169 3617 4224 alter
3660 4184 3770 4223 non

2193 4237 2544 4312 subrogetur,
2564 4235 2682 4312 nisi
2710 4235 2829 4292 reis
2860 4235 3102 4312 idetectis
3148 4243 3199 4294 et
3236 4235 3471 4312 punitis.
3502 4241 3770 4296 Nicotaus

2192 4309 2395 4364 Joanni
2421 4309 2834 4380 archiepiscopo
2855 4311 3151 4367 Ravennae.

2201 4398 2277 4453 De
2307 4397 2597 4453 Oleoberti
2621 4398 2878 4469 episcopi
2928 4398 3320 4456 Gravellensis
3359 4399 3771 4456 crudelissima

372 4506 556 4561 usque
577 4491 648 4545 ad
676 4490 1045 4545 festivitatem
1064 4490 1253 4546 sancti
1278 4489 1513 4545 Martini
1529 4491 1762 4562 jejunet
1781 4491 2011 4546 duobus
2047 4482 2086 4542 υ
2122 4502 2258 4542 nece
2277 4486 2529 4542 multum
2549 4486 2908 4558 apostolatus
2921 4493 3121 4544 noster
3141 4489 3527 4559 condoluit,et
3551 4507 3764 4562 magno

369 4579 577 4634 diebus
597 4595 699 4649 per
719 4579 1133 4650 septimanam,
1158 4585 1214 4634 et
1244 4597 1277 4634 a
1309 4579 1620 4636 festivitate
1641 4581 1829 4634 sancti
1861 4581 2014 4636 Mar-

369 4667 482 4723 tini
513 4669 785 4738 usquead
818 4667 1080 4724 Natalem
1103 4668 1354 4735 Domini,
1389 4677 1488 4723 aut
1517 4668 1692 4724 faciat
1723 4684 2012 4723 carcerem

361 4757 642 4827 jejunans
671 4758 936 4828 quotidie
959 4758 1017 4812 in
1041 4775 1189 4828 pane
1213 4763 1270 4812 et
1292 4773 1463 4827 aqua,
1488 4764 1588 4812 aut
1632 4761 1724 4813 eat
1761 4757 1926 4812 exsul
1957 4763 2014 4814 et

360 4846 594 4916 jejunet
625 4847 816 4902 tribus
846 4847 1056 4902 diebus
1086 4847 1145 4900 in
1182 4863 1330 4916 pane
1359 4851 1416 4901 et
1447 4863 1618 4917 aqua.
1676 4847 1763 4900 Ab
1811 4850 2012 4901 octava

371 4935 710 5005 Epiphania:
742 4952 930 5005 usque
962 4936 1032 4990 ad
1067 4935 1576 5005 quadragesimum
1601 4935 1833 5004 jejunet
1871 4935 2017 4990 duo-

370 5022 483 5078 bus
507 5023 736 5079 diebus.
771 5027 816 5078 A
847 5022 1300 5093 quadragesima
1323 5039 1509 5093 usque
1532 5023 1588 5076 in
1613 5024 1836 5078 Pascha
1860 5023 2016 5094 jeju-

372 5116 471 5168 net
493 5114 683 5169 tribus
715 5113 924 5168 diebus
972 5113 1031 5166 in
1084 5127 1232 5182 pane
1263 5114 1319 5165 et
1351 5127 1504 5180 aqua
1537 5128 1550 5164 :
1585 5116 1641 5166 et
1693 5113 1811 5167 haec
1845 5113 2020 5168 faciat

373 5221 562 5276 usque
592 5205 663 5260 ad
692 5221 877 5260 annos
900 5201 1180 5274 quinque.
1203 5201 1286 5255 Ab
1317 5201 1588 5271 ingressu
1613 5207 1806 5257 autem
1829 5203 2012 5258 eccle-

371 5294 469 5351 siae
503 5299 560 5350 et
590 5294 1004 5350 communione
1035 5295 1260 5361 septem
1291 5305 1476 5344 annos
1508 5291 1819 5346 abstineat.

371 5402 508 5457 CAP.
540 5403 626 5456 17.
659 5433 728 5442 —
759 5399 1269 5459 Excommunicalio
1315 5398 1543 5453 Joannis
1580 5400 1758 5453 octavi
1813 5400 1869 5453 in
1928 5415 2017 5458 eos

563 5476 659 5544 qui
685 5482 859 5531 morte
886 5473 1119 5528 Romani
1145 5470 1337 5524 clerici
1365 5469 1600 5540 suspecti
1628 5478 1807 5525 erant.

443 5561 550 5626 Qui
568 5563 638 5617 de
655 5562 971 5620 homicidio
991 5559 1236 5619 Romani
1253 5558 1510 5630 religiosi
1527 5559 1715 5616 clerici
1734 5561 2013 5633 suspecti,

2125 4591 2370 4630 maerore
2387 4576 2630 4631 affectus
2651 4580 2770 4642 est;
2795 4577 2895 4631 sed
2921 4593 3126 4633 rursus
3152 4594 3266 4632 non
3287 4579 3486 4634 minus
3505 4579 3764 4650 pruden-

2123 4665 2268 4719 tiam
2299 4669 2459 4719 tuam
2501 4666 2785 4720 miramur
2814 4669 3012 4720 utrum
3044 4682 3246 4721 verum
3285 4666 3362 4722 sit
3410 4668 3568 4738 quod
3627 4667 3768 4725 illuc

2125 4759 2385 4808 vestrum
2443 4754 2668 4809 factura
2723 4754 3063 4825 episcopum
3115 4755 3242 4811 sine
3295 4762 3497 4811 nostra
3535 4756 3769 4813 licentia

2127 4843 2539 4914 transmiserit,
2555 4861 2688 4900 cum
2704 4843 2931 4898 licitum
2946 4861 3061 4900 non
3084 4845 3180 4911 sit,
3202 4845 3351 4900 sicut
3381 4845 3600 4913 dicitis,
3625 4847 3770 4902 mis-

2128 4952 2284 4990 sum.
2303 4940 2465 4991 Certe
2489 4935 2596 4990 etsi
2619 4935 2777 4991 aliud
2803 4951 2916 4989 non
2943 4935 3495 5006 impediret,saltem
3518 4954 3622 4993 vos
3644 4943 3769 4994 tan-

2125 5029 2250 5079 tum
2276 5024 2469 5080 scelus
2495 5023 2800 5094 paululum
2823 5024 3120 5078 retardare
3150 5024 3448 5090 debuerat,
3475 5042 3548 5081 ne
3571 5028 3683 5081 cito
3711 5027 3771 5081 in

2126 5113 2228 5168 tali
2252 5118 2310 5168 et
2331 5114 2401 5168 de
2423 5112 2525 5167 tali
2551 5112 2764 5183 populo
2804 5112 3149 5183 episcopum
3188 5115 3651 5186 constitueretis,
3678 5115 3772 5171 ubi

2129 5219 2262 5258 oves
2289 5201 2565 5258 morbidee
2595 5201 2932 5256 Judaeorum
2960 5201 3019 5255 in
3053 5201 3372 5257 Dominum
3413 5203 3771 5261 Salvatorem

2128 5291 2366 5346 imitans
2389 5289 2697 5358 flagitium,
2724 5291 3026 5362 proprium
3051 5290 3179 5345 ausi
3200 5295 3341 5346 sunt
3361 5295 3642 5348 truncare
3670 5310 3772 5365 pa-

2126 5379 2671 5435 storem.Sustinete
2702 5379 2885 5451 igitur
2912 5378 3304 5450 paulisper,et
3329 5396 3573 5436 causam
3596 5399 3770 5454 quam

2125 5466 2385 5534 nescitis,
2421 5467 2744 5523 secundum
2775 5468 3012 5522 beatum
3055 5467 3186 5537 Job,
3215 5466 3771 5540 diligentissimein-

2123 5555 2407 5628 vestigate
2429 5556 2546 5628 (Job
2568 5557 2743 5630 xxxx),
2769 5571 2842 5613 ne
2864 5555 3010 5613 forte
3031 5554 3170 5628 (nisi
3190 5556 3370 5628 digna
3416 5559 3770 5619 examinatio
