4002 6054
251 214 364 267 697
1186 211 1496 263 DECRETI
1540 213 1726 265 PARS
1766 210 1841 264 X.
1870 238 1932 249 --
1961 212 2056 264 DE
2094 210 2509 279 HOMICIDIIS,
2552 213 2709 266 ETC.
3567 215 3673 268 698

247 334 610 410 praevenerit)
646 349 856 390 manus
888 348 1066 404 super
1102 336 1279 405 caput
1326 333 1613 405 sanguine
1662 332 1898 405 plenum
1931 334 1983 401 Α
2014 332 2149 389 licet
2178 339 2311 406 post
2340 339 2468 392 octo
2499 352 2730 391 menses
2776 335 2981 392 exinde
3030 336 3274 392 minime
3317 339 3673 396 arbitremur

247 427 522 499 posuisse
540 424 717 497 (quod
740 423 948 488 absit!)
972 422 1375 477 inveniamini.
1394 423 1537 478 Cum
1573 427 1789 492 autem,
1813 423 1907 478 de-
2018 423 2199 479 fuisse
2222 425 2579 492 defunctam,
2596 429 2791 480 tamen
2818 425 2952 496 quia
2976 425 3201 480 ordinis
3222 426 3307 480 tui
3331 426 3543 483 habere
3564 446 3672 485 no-

244 515 421 571 teotis
440 514 554 570 reis
578 518 752 583 atque
775 510 1128 584 punitis,qui
1154 512 1368 583 dignus
1392 511 1469 567 sit
1489 513 1908 582 apparuerit,et
2014 511 2178 567 luisti
2201 517 2530 585 respectum
2555 531 2566 567 :
2604 517 2907 585 prepterea
2926 514 3158 569 duobus
3189 518 3243 569 te
3273 516 3574 572 mensibus
3597 518 3669 572 ab

243 605 383 661 clcri
434 604 759 675 plebisque,
791 606 846 657 et
894 601 1063 657 ducis
1112 601 1294 656 nostri
1341 606 1601 657 nostram
1632 601 1904 657 habentis
2013 602 2525 658 administratione
2546 604 2859 658 missarum
2884 604 3203 658 statuimus
3221 603 3671 661 abstinereJtem

242 695 677 763 auctoritatem,
710 692 813 763 qui
845 691 1048 762 utique
1103 708 1257 746 unus
1284 706 1313 747 e
1344 690 1510 763 plebe
1541 692 1743 746 eadem
1776 706 1904 746 esse
2014 691 2180 761 (idem
2208 694 2413 748 Joanni
2441 692 2602 763 epise.
2644 693 3094 764 Calliopolilano,
3127 709 3210 764 ep.
3244 694 3357 764 45).
3391 694 3669 750 Matricu-

239 782 629 856 dignoscitur,
688 780 999 837 concordia
1055 781 1260 835 effecta
1319 780 1514 847 fuerit,
1575 780 1905 835 celebretur
2012 778 2129 835 lam
2158 798 2290 836 vero
2316 798 2488 851 quam
2514 782 2647 836 fecit
2679 782 2931 837 fustibus
2964 783 3545 854 castigari,quamvis
3567 800 3666 839 ex-

236 872 470 943 electio,
490 873 690 943 sicque
713 872 978 939 demum,
1000 870 1151 925 sicut
1174 871 1232 924 in
1259 870 1480 941 synodo
1511 869 1899 924 deliberatum

234 967 329 1018 est
350 966 525 1033 atque
546 960 1131 1029 constitutum,nobis
1153 959 1262 1014 hoc
1286 959 1659 1014 innotescite:
1685 963 1742 1014 et
1764 975 1899 1013 cum

233 1051 306 1106 de
338 1051 523 1107 electo
555 1054 756 1106 nostro
789 1048 1144 1121 apostolatui
1176 1049 1515 1103 nuntiatum
1566 1048 1761 1115 fuerit,
1796 1048 1897 1103 ad-

232 1139 483 1209 juvante
515 1139 786 1207 Domino,
820 1137 1121 1194 sanctione
1168 1137 1468 1208 praemissa
1511 1136 1819 1208 episcopus
1844 1153 1899 1209 .a

231 1234 432 1285 vestra
461 1228 826 1285 beatitudine
853 1231 1246 1283 consecretur.

231 1337 369 1391 CAP.
391 1337 483 1391 20.
508 1366 576 1375 -
606 1336 678 1390 De
707 1334 1151 1404 ﬂagellatoribus
1181 1337 1233 1389 et
1263 1334 1598 1389 occisoribus
1626 1335 1895 1404 episcopo-

325 1425 476 1464 rum.
507 1408 772 1463 Nicotaus
804 1407 1019 1461 Tadoni
1048 1406 1451 1478 archiepiscopo
1480 1405 1800 1460 Mediolano.

304 1502 381 1552 De
414 1496 888 1568 presbyterorum
936 1495 1398 1567 ﬂagellatoribus
1423 1499 1480 1550 et
1508 1492 1891 1563 occisoribus,

229 1585 608 1657 praedonibus
632 1584 982 1656 scilicet,qui
1005 1584 1271 1641 saeculari
1292 1584 1534 1641 brachio
1549 1583 1791 1639 minime
1804 1600 1892 1638 co-

229 1679 526 1741 ercentur,
535 1676 702 1747 juxta
716 1678 1069 1745 praeceptum
1086 1674 1317 1730 Domini
1334 1674 1683 1743 (Malt.xvm),
1702 1672 1892 1745 placet

231 1764 493 1819 fraterno
515 1780 712 1819 amore
734 1763 1153 1819 conveniantur
1169 1765 1423 1820 secundo
1449 1781 1514 1819 ac
1532 1763 1703 1819 tertio
1722 1780 1735 1818 :
1757 1762 1890 1833 qui-

228 1867 345 1923 que
363 1853 413 1907 si
437 1857 491 1908 te
513 1869 627 1908 non
652 1853 967 1921 audierint,
993 1852 1370 1909 conveniente
1393 1851 1649 1908 Ecclesia
1670 1868 1769 1907 eos
1792 1866 1892 1905 eu'

229 1941 511 1997 charistia
534 1942 779 2013 privare,
804 1945 977 2013 atque
1000 1942 1049 1998 si
1071 1941 1129 1996 in
1156 1958 1263 1996 sua
1285 1941 1673 1996 obstinatione
1696 1939 1886 2011 parvi—

229 2028 554 2099 pendentes
586 2028 973 2084 sacerdotalia
1000 2029 1224 2084 monita
1254 2028 1399 2083 forte
1433 2026 1887 2099 permanserint,

226 2116 301 2172 ab
324 2116 594 2173 Ecclesia:
616 2134 896 2190 compage
921 2118 1031 2173 sub
1055 2117 1454 2173 anathematis
1478 2116 1889 2171 interdictione

225 2222 490 2263 resecare
509 2207 807 2263 licentiam
833 2208 1005 2263 tribui
1016 2224 1065 2263 in
1078 2208 1328 2271 us.Quos
1342 2206 1519 2262 etiam
1545 2204 1890 2277 resipiscen'

224 2299 335 2364 tes,
368 2297 605 2351 tandem
653 2296 832 2368 digna
881 2296 1278 2352 satisfactione
1309 2296 1633 2367 praemissa,
1665 2295 1725 2350 in
1757 2311 1887 2367 gre-

224 2384 345 2439 mio
367 2389 581 2440 sancta
607 2386 808 2440 matris
834 2385 1097 2440 Ecclesia:
1122 2385 1377 2441 revocari
1416 2386 1648 2441 noveris
1691 2402 1884 2456 posse.

225 2488 363 2543 CAP.
387 2491 477 2545 21.
503 2520 571 2530 -
591 2495 673 2545 De
702 2490 895 2545 abbate
924 2492 1018 2560 qui
1046 2507 1261 2545 servum
1304 2492 1448 2559 fuste
1477 2507 1586 2546 uno
1618 2494 1730 2545 ictu
1754 2508 1884 2561 per-

297 2564 488 2626 cussit,
514 2570 568 2615 et
610 2570 729 2631 post
758 2578 854 2616 sea:
882 2578 1092 2617 menses
1140 2567 1390 2617 mortuus
1437 2568 1538 2617 est.
1573 2562 1888 2619 Alexander

293 2632 563 2687 secundus
593 2634 855 2689 Aumoldo
877 2634 1283 2690 Constanliensi
1310 2636 1582 2705 episcopo.

302 2720 702 2777 Intelleximus
734 2723 794 2777 in
828 2723 1040 2779 litteris
1070 2724 1190 2779 tuis
1221 2724 1374 2794 quod
1399 2740 1598 2779 earum
1618 2722 1768 2779 lator
1789 2740 1881 2779 sa-

225 2810 432 2864 cerdos
470 2810 736 2867 videlicet
765 2815 821 2867 et
851 2812 1031 2866 abbas
1080 2812 1166 2867 ira
1214 2812 1495 2867 acerrime
1544 2811 1882 2867 stimulatus

225 2898 577 2954 servientem
610 2916 726 2956 uno
758 2900 933 2956 fustis
966 2902 1082 2955 ictu
1114 2901 1174 2955 in
1208 2902 1377 2957 dorso
1418 2901 1795 2972 percusserit,
1827 2907 1883 2957 et

224 2986 309 3043 sic
341 3004 657 3058 percussus
688 2989 775 3060 (ut
804 3006 907 3061 per
935 2991 1335 3061 conjecturam
1394 2990 1749 3062 admittitur)
1782 3007 1882 3046 sex

2009 868 2147 925 inde
2178 874 2309 942 post
2339 874 2466 926 octo
2500 887 2727 926 menses
2750 871 2965 926 obiisse
2998 888 3111 927 non
3145 872 3665 941 credimus,tamen

2010 958 2149 1030 quia
2179 976 2307 1014 eam
2339 964 2541 1015 contra
2571 960 2851 1031 propositi
2885 960 2975 1015 sui
3010 960 3274 1015 ordinem
3322 960 3666 1030 bujusmodi

2009 1048 2144 1104 fecit
2168 1049 2370 1122 afﬂigi,
2401 1051 2635 1105 duobus
2666 1050 2823 1105 hunc
2855 1050 3211 1105 mensibusa
3230 1049 3545 1105 missarum
3572 1066 3667 1105 so-

2006 1137 2308 1195 lemnitate
2339 1140 2651 1210 suspende.

2006 1226 2140 1281 ΟΑρ.
2174 1229 2261 1283 24,
2288 1259 2355 1267 -
2379 1230 2450 1283 De
2477 1245 2638 1299 poma
2660 1227 2970 1299 presbyteri
2995 1228 3092 1298 qui
3116 1227 3405 1283 diaconum
3434 1243 3663 1299 percus-

2091 1298 2245 1353 serit.
2282 1298 2542 1355 Nicolaus
2574 1298 2848 1355 Hosbaldo
2878 1299 3124 1371 episcopo
3157 1298 3561 1367 Quadrantino.

2074 1386 2319 1442 Studeat
2350 1388 2630 1443 sanctitas
2650 1393 2749 1443 tua
2765 1389 3114 1458 persuadere
3132 1389 3405 1459 episcopo
3428 1393 3525 1443 tuo
3545 1386 3657 1442 sibi

2003 1476 2355 1531 canonicum
2418 1477 2640 1531 sociare
2700 1492 3012 1531 numerum
3046 1476 3424 1549 collegarum,
3456 1476 3514 1531 id
3546 1484 3656 1544 est,

2000 1580 2069 1619 ex
2097 1565 2301 1621 vicinis
2351 1566 2666 1637 provinciis
2714 1566 2923 1620 fratres
2974 1576 3031 1621 et
3078 1567 3457 1637 coepiscopos
3504 1570 3662 1630 tuos,

2001 1654 2217 1724 quibus
2249 1660 2438 1710 tecum
2458 1654 2682 1726 junctis
2700 1660 2757 1710 et
2776 1655 3230 1711 decernentibus
3250 1655 3560 1727 diligenter
3577 1654 3663 1709 in-

2002 1742 2307 1815 vestigate,
2330 1750 2384 1799 et
2408 1743 2570 1800 omni
2593 1744 2803 1799 annisu
2824 1745 3073 1799 scrutari
3097 1750 3425 1817 procurate,
3451 1748 3662 1815 quate-

2006 1848 2118 1887 nus
2148 1832 2408 1888 invenire
2438 1832 2679 1888 valeatis
2707 1838 2904 1888 utrum
2938 1835 3448 1905 percussionejam
3470 1830 3663 1889 nomi-

2005 1922 2127 1976 nati
2160 1923 2501 1994 presbyteri,
2522 1940 2593 1977 an
2626 1923 2865 1977 cervicis
2892 1924 3168 1979 fractione
3190 1924 3345 1979 idem
3370 1925 3654 1982 diaconus

2001 2012 2091 2079 (ut
2140 2011 2340 2079 fertur)
2374 2011 2699 2066 exstinctus
2731 2015 2839 2066 est.
2864 2012 2933 2065 Et
2962 2012 3010 2066 si
3044 2012 3281 2083 quidem
3313 2030 3347 2067 a
3379 2014 3651 2084 saepefato

2000 2098 2341 2171 presbytero
2390 2116 2505 2153 non
2555 2098 2626 2153 ad
2681 2102 2924 2153 mortem
2958 2115 3276 2169 percussus
3307 2104 3416 2170 est,
3449 2101 3551 2155 sed
3583 2118 3651 2156 ex

2000 2203 2148 2259 equo
2180 2190 2394 2243 cadens
2422 2187 2641 2243 cervice
2675 2188 2854 2242 fracta
2885 2187 3125 2256 interiit,
3149 2190 3470 2244 secundum
3503 2190 3653 2244 arbi-

1998 2276 2175 2332 trium
2206 2281 2463 2333 vestrum
2495 2294 2598 2347 pro
2632 2278 3005 2348 percussione
3038 2277 3269 2333 incaute
3300 2280 3492 2349 agenti
3529 2296 3650 2351 pre-

1998 2366 2225 2437 sbytero
2275 2366 2675 2439 pcenitentiam
2708 2370 3135 2437 competentem
3165 2367 3427 2432 indicite,
3454 2373 3511 2423 et
3543 2368 3646 2423 ali-

1997 2458 2216 2525 quanto
2260 2458 2522 2525 tempore
2553 2470 2585 2508 a
2613 2453 2930 2508 missarum
2981 2455 3286 2509 solemniis
3320 2458 3647 2527 suspenda-

1993 2547 2111 2611 tur,
2146 2543 2337 2597 denuo
2370 2543 2439 2596 ad
2473 2542 2829 2597 sacerdotale
2860 2546 2993 2613 post
3021 2543 3140 2597 haec
3172 2543 3467 2599 rediturus
3513 2544 3647 2599 ofﬂ-

1995 2632 2171 2687 cium.
2198 2631 2356 2694 Quod
2381 2631 2430 2687 si
2453 2631 2735 2687 veraciter
2753 2632 3148 2703 qualicunque
3176 2634 3549 2703 percussione
3571 2632 3647 2688 is-

1992 2721 2111 2776 tius
2133 2720 2453 2792 presbyteri
2479 2720 2575 2775 ille
2600 2725 2869 2775 mortuus
2891 2725 2979 2775 est
3000 2720 3467 2789 diaconus,nulla
3489 2721 3645 2777 hunc

1992 2810 2216 2865 ratione
2235 2810 2570 2865 ministrare
2588 2809 2910 2865 sacerdotis
2929 2826 3085 2865 more
3106 2809 3647 2881 decernimus,quo-

1992 2898 2150 2955 niam
2181 2899 2289 2954 etsi
2314 2899 2673 2955 voluntatem
2706 2898 3007 2954 occidendi
3057 2916 3173 2954 non
3222 2899 3451 2967 habuit,
3486 2901 3647 2955 furor

1993 2992 2192 3044 tamen
2219 2993 2276 3045 et
2303 2989 2629 3061 indignatio
2660 3005 2727 3044 ex
2757 2988 2974 3059 quibus
3007 2988 3185 3044 motio
3216 2988 3317 3043 illa
3345 2989 3645 3044 mortifera

218 3079 416 3132 tamen
443 3078 1081 3135 mensibustransactis
1103 3080 1502 3136 obierit.Unde
1524 3080 1681 3135 hunc
1707 3079 1874 3151 quasi
1907 3083 1951 3151 α
1991 3078 2231 3151 prodiit,
2262 3079 2321 3134 in
2354 3078 2651 3146 omnibus,
2679 3079 2776 3133 sed
2808 3078 3099 3149 praecipue
3128 3078 3187 3132 in
3220 3077 3321 3133 Dei
3353 3078 3642 3134 ministris

216 3162 518 3221 homicidii
566 3166 738 3239 culpa
796 3172 1086 3237 notatum,
1118 3173 1175 3223 et
1222 3170 1315 3223 sui
1360 3169 1579 3240 gradus
1630 3169 1875 3224 horrens

216 3253 542 3311 incurrisse
598 3256 956 3327 periculum,
990 3261 1047 3312 et
1087 3257 1395 3329 dignitatis
1454 3258 1873 3329 perpendimus

212 3342 528 3414 pertulisse
559 3344 953 3416 naufragium.
980 3345 1041 3399 In
1075 3363 1188 3415 qua
1220 3363 1278 3401 re
1310 3345 1493 3417 (salvo
1523 3347 1609 3400 tui
1646 3347 1871 3402 ordinis

210 3432 535 3505 privilegio)
567 3436 1000 3505 quodammodo
1032 3436 1338 3507 repentina
1360 3438 1637 3492 severitas
1670 3442 1726 3492 et
1760 3442 1873 3492 sta-

209 3523 397 3577 tuisse
415 3523 645 3578 videtur
666 3524 1160 3595 praajudicium,et
1184 3526 1473 3596 praecipue
1495 3526 1872 3583 discretionis

209 3612 529 3668 excessisse
562 3614 968 3684 modum,quas
1002 3614 1281 3670 nimirum
1313 3614 1674 3671 clementiori
1702 3617 1871 3671 nobis

208 3700 442 3755 videtur
473 3702 871 3757 moderamine
910 3704 1315 3773 temperanda.
1350 3703 1431 3758 De
1460 3720 1572 3773 qua
1603 3704 1873 3759 videlicet

210 3788 484 3844 habenda
502 3790 849 3845 discretione
880 3792 927 3846 si
957 3796 1058 3846 tua
1090 3792 1425 3847 fraternitas
1453 3790 1705 3859 haesitat,
1726 3792 1871 3847 Gre-

210 3878 466 3948 gorianaa
498 3879 864 3934 auctoritatis
908 3880 1316 3935 testimonium
1350 3880 1523 3950 legat.
1550 3883 1701 3936 Item.
1728 3881 1869 3935 Fra-

208 3966 472 4021 ternitati
499 3971 615 4022 tum
647 3968 1003 4023 mandamus
1036 3972 1102 4023 ut
1138 3970 1375 4024 fratrem
1410 3968 1590 4024 istum
1622 3970 1868 4024 abbatis:

206 4055 500 4122 restituat,
534 4060 590 4111 et
638 4057 686 4111 si
730 4058 857 4127 jam
910 4074 1101 4112 annus
1146 4058 1499 4129 pmnitentize
1530 4062 1868 4114 transactus

205 4142 477 4211 habetur,
502 4145 848 4201 sacerdotali
882 4145 993 4200 sibi
1017 4146 1208 4201 ofﬁcio
1230 4145 1515 4214 restituto,
1536 4162 1668 4201 eum
1693 4148 1869 4201 sacris

210 4232 497 4288 altaribus
525 4232 864 4288 ministrare
894 4233 1216 4303 permittat.

208 4320 348 4375 CAP.
376 4322 466 4375 22.
488 4352 559 4362 —
588 4323 666 4376 De
691 4323 1013 4390 prenilentia
1042 4323 1163 4392 ejus
1193 4337 1318 4393 qua
1347 4324 1613 4379 ancillam
1667 4325 1867 4393 ﬂagel-

319 4393 441 4445 lans
471 4393 748 4448 occiderit.
773 4394 856 4447 Ea:
883 4410 899 4447 1
920 4396 1151 4449 concilio
1175 4395 1533 4464 Eliberitano,
1558 4412 1677 4466 cap.
1702 4397 1756 4450 5.

1988 3167 2395 3239 multipliciter
2425 3167 2787 3235 inhibentur,
2813 3171 2987 3238 atque
3017 3166 3236 3237 ubique
3266 3167 3641 3224 damnantur.

1982 3256 2200 3311 Verum
2234 3258 2283 3312 si
2315 3257 2615 3328 presbyter
2645 3256 2787 3311 adeo
2820 3260 3011 3311 vestro
3043 3255 3241 3325 studio
3268 3256 3475 3311 noxius
3499 3258 3643 3313 forte

1982 3344 2279 3413 claruerit,
2302 3345 2676 3417 praecipimus
2698 3349 2764 3400 ut
2784 3345 2898 3400 tale
2920 3344 3273 3401 beneficium
3302 3344 3416 3399 sibi
3447 3345 3641 3401 Eccle-

1982 3434 2081 3488 sia:
2112 3451 2233 3489 suae
2263 3434 2640 3503 concedatur,
2673 3450 2790 3504 quo
2831 3438 2889 3488 et
2917 3433 3042 3504 ipse
3072 3437 3129 3488 et
3159 3433 3251 3488 sui
3283 3433 3642 3489 sufficienter

1981 3522 2212 3591 possint
2243 3522 2457 3577 habere
2490 3539 2607 3577 suae
2641 3521 3089 3577 sustentationis
3122 3521 3419 3577 solatium.

1981 3630 2112 3700 CAP.
2147 3630 2319 3682 25.—
2339 3630 2413 3683 De
2432 3629 2740 3698 septennali
2767 3630 2850 3683 vel
2881 3629 3285 3700 quinquennali
3310 3629 3633 3699 paenitentia

2050 3699 2471 3754 homicidarum.
2506 3702 2588 3754 Ex
2618 3702 2907 3772 Ancyrano
2936 3699 3131 3755 concil.
3155 3716 3274 3772 cap.
3296 3702 3387 3769 22,
3411 3711 3461 3757 et
3480 3718 3631 3758 conc.

2052 3771 2264 3826 Tribur.
2296 3788 2417 3843 cap.
2450 3772 2541 3825 52.

2052 3863 2127 3914 De
2158 3860 2493 3914 homicidiis
2525 3876 2638 3915 non
2672 3862 2877 3931 sponte
2908 3859 3265 3925 commissis,
3300 3860 3459 3932 prior
3499 3861 3633 3932 qui-

1977 3948 2111 4003 dem
2135 3950 2407 4004 ditfinitio
2422 3954 2553 4020 post
2566 3953 2904 4019 septennem
2921 3948 3317 4020 paenitentiam
3336 3950 3636 4021 perfectio-

1978 4054 2109 4094 nem
2142 4037 2423 4110 consequi
2467 4038 2757 4111 przecepit,
2791 4039 3051 4093 secunda
3076 4055 3208 4093 vero
3240 4038 3632 4110 quinquennii

1974 4131 2207 4199 tempus
2239 4126 2488 4199 explere.

1974 4220 2105 4272 CAP.
2136 4218 2227 4290 26.
2252 4247 2321 4257 —
2355 4222 2434 4273 De
2462 4216 2852 4290 examinanda
2892 4232 3060 4290 causa
3090 4216 3375 4290 cujusdam
3406 4219 3631 4290 presby-

2046 4290 2173 4344 teri.
2196 4289 2439 4345 Joannes
2474 4290 2602 4353 VIII,
2630 4286 2888 4358 Sigigodo
2917 4287 3262 4343 Narbonensi
3290 4291 3557 4360 episcopo.

2046 4377 2426 4433 Praesentium
2470 4377 2797 4432 litterarum
2837 4376 3076 4448 gerulus
3120 4376 3245 4432 sedi
3294 4377 3628 4449 apostolicae

287 4481 445 4550 (Dist.
473 4482 563 4544 50,
586 4497 633 4535 c.
658 4483 724 4537 Si
750 4498 861 4553 qua
883 4484 1145 4552 femina.)
1175 4482 1231 4536 Si
1265 4498 1380 4553 qua
1403 4450 1643 4538 domina
1668 4450 1867 4539 furore

1995 4470 2364 4521 irassentatus
2387 4482 2449 4521 se
2470 4467 2873 4537 presbyterum
2906 4481 3034 4521 esse
3065 4466 3298 4537 querela
3323 4470 3379 4522 et
3408 4467 3632 4523 lamen-

214 4568 321 4624 zeli
347 4584 612 4637 accensa,
631 4568 878 4641 ﬂagellis
901 4571 1295 4626 verberaverit
1313 4571 1589 4626 ancillam
1612 4588 1781 4627 suam
1805 4576 1870 4627 ut

212 4654 372 4710 infra
402 4656 643 4711 tertium
675 4657 827 4711 diem
847 4673 981 4712 cum
1000 4656 1262 4712 cruciatu
1296 4658 1553 4712 animam
1584 4658 1867 4729 effundat,

211 4760 277 4799 eo
309 4745 466 4815 quod
496 4745 788 4800 incertum
821 4745 897 4801 sit
926 4745 1224 4801 voluntate
1266 4763 1335 4801 an
1379 4763 1517 4801 casu
1550 4747 1863 4815 occiderit;

208 4834 254 4888 si
289 4832 610 4902 voluntate,
632 4851 733 4905 per
753 4839 974 4906 septem
1027 4851 1247 4901 annos;
1281 4834 1330 4889 si
1364 4851 1526 4903 casu,
1560 4850 1663 4905 per
1693 4836 1865 4905 quin-

207 4938 317 4993 que
346 4940 636 4979 annorum
670 4929 933 4995 tempora
964 4931 1090 4980 acta
1124 4925 1384 4997 legitima
1416 4926 1775 4997 pcenitentia,
1793 4927 1864 4981 ad

207 5013 686 5068 communionem
708 5012 1192 5084 placuitadmitti.
1211 5015 1371 5080 Quod
1389 5016 1437 5070 si
1456 5015 1609 5070 infra
1626 5016 1863 5071 tertium

209 5100 366 5155 diem
391 5101 900 5170 fueritinfirmata,
926 5103 1174 5173 accipiat
1195 5102 1693 5160 communionem.

205 5208 342 5265 CAP.
364 5208 455 5261 23.
479 5239 547 5248 —
579 5212 661 5279 De
687 5223 746 5263 eo
780 5208 874 5279 qui
908 5210 1199 5263 mulierem
1242 5211 1485 5279 fustibus
1533 5210 1670 5265 caedi
1711 5225 1863 5279 pra:-

277 5289 533 5358 c_eperat._
595 5277 886 5358 gregarius
958 5280 1184 5358 andreas
1243 5277 1503 5355 episcopo
1572 5277 1861 5338 Tarentino

278 5350 398 5417 (lib.
426 5368 487 5421 ιι,
512 5350 707 5406 indici.
732 5352 821 5421 11,
843 5367 929 5421 ep.
960 5352 1069 5421 44).

280 5438 569 5504 Quoniam
586 5438 893 5495 mulierem
926 5440 999 5494 de
1029 5438 1347 5496 matriculis
1369 5444 1572 5497 contra
1593 5442 1859 5499 ordinem

205 5525 514 5585 sacerdotii
546 5526 688 5583 cedi
720 5524 1033 5584 crudeliter
1060 5527 1317 5586 fustibus
1350 5529 1858 5605 deputasti,quam

1979 4554 2144 4610 tabili
2191 4570 2329 4610 voce
2378 4554 2691 4626 perhibuit,
2725 4558 2781 4609 et
2811 4572 2844 4610 a
2881 4555 3180 4611 sanctitati
3212 4560 3327 4611 tua;
3354 4558 3630 4627 subjectis

1978 4644 2294 4699 dimceseos
2310 4643 2600 4714 episcopis
2622 4643 2693 4698 ab
2717 4643 2907 4699 officio
2930 4645 3367 4715 presbyteratus
3389 4662 3632 4717 suspen-

1978 4738 2197 4797 sum,et
2217 4731 2350 4787 aliis
2379 4731 2732 4803 quibusdam
2756 4732 3039 4803 epitimiis
3074 4750 3260 4804 usque
3285 4735 3355 4789 ad
3378 4734 3630 4807 speciale

1970 4821 2258 4891 judicium
2294 4826 2563 4877 nostrum
2598 4820 2984 4887 submissum,
3008 4838 3111 4892 pro
3142 4839 3207 4878 eo
3239 4824 3416 4894 quod,
3438 4824 3630 4895 inquit

1976 4910 2129 4965 facto
2160 4910 2419 4965 tumultu
2456 4910 2696 4981 quidam
2742 4926 2803 4964 se
2853 4910 3290 4981 apprehensum
3323 4918 3379 4967 et
3409 4930 3443 4968 a
3472 4918 3628 4968 terra

1975 4998 2236 5054 brachiis
2250 4999 2621 5054 sublevatum
2642 4998 2700 5052 in
2722 5000 3023 5070 proprium
3041 5002 3277 5057 fratrem
3300 5002 3430 5057 forti
3445 5001 3627 5075 jacta-

1972 5088 2119 5143 verit
2149 5088 2392 5157 impetu,
2427 5093 2492 5142 ut
2538 5087 2693 5142 idem
2733 5104 3050 5158 germanus
3082 5106 3227 5145 suus
3256 5090 3402 5145 tanti
3433 5090 3624 5162 operis

1976 5176 2127 5231 mole
2158 5176 2453 5248 impulsus
2474 5176 2533 5230 in
2557 5180 2773 5231 terram
2806 5177 3007 5243 ruerit,
3030 5182 3085 5233 et
3108 5184 3435 5249 prostratus
3449 5184 3624 5249 atque

1973 5281 2289 5335 oppressus
2327 5265 2454 5319 vitae
2504 5264 2708 5318 ﬂatum
2738 5264 3021 5319 violenter
3048 5267 3330 5321 amiserit.
3362 5267 3623 5336 Denique

1971 5352 2053 5406 illi
2088 5352 2385 5408 reverendi
2419 5351 2707 5407 antistites
2738 5367 2873 5405 cum
2907 5352 3041 5421 sibi,
3074 5357 3140 5407 ut
3170 5354 3279 5408 iste
3308 5352 3623 5421 retulit,res

1969 5440 2030 5495 in
2061 5440 2306 5496 dubium
2324 5440 2565 5509 veniret,
2584 5442 2780 5494 utrum
2799 5439 3115 5494 commisso
3146 5439 3257 5494 sibi
3284 5440 3504 5497 dudum
3525 5458 3621 5499 ca-

1969 5545 2112 5598 rere,
2134 5546 2313 5586 necne
2342 5528 2581 5601 ponitus
2614 5526 2915 5584 debuisset
2943 5526 3155 5598 ofﬁcio,
3178 5544 3294 5586 non
3323 5529 3439 5602 ipsi
3470 5532 3620 5591 hanc
