3972 6064
347 220 453 274 699

1441 225 1508 275 Ι).
1551 220 1790 275 IVONIS
1826 219 2323 274 CARNOTENSIS
2359 219 2677 273 EPISCOPI

3658 217 3785 270 700

344 343 690 413 delibcrare,
715 344 814 398 sed
840 347 1040 400 nostro
1063 343 1295 400 decerni
1319 347 1372 398 et
1397 342 1880 413 difﬁnirijudicio
1909 359 2001 398 vo-
2030 344 2084 409 Α
2118 357 2317 398 revera
2339 341 2644 397 homicida:
2665 345 2806 398 sunt
2825 339 3156 410 incurrunt,
3179 339 3502 404 sancimus,
3525 345 3594 395 ut
3626 341 3780 396 sub-

345 432 721 488 luerunt.Sed
750 438 888 488 tunc
913 433 1023 488 hoc
1044 433 1383 487 solemniter
1406 433 1717 503 agerent,si
1743 433 1996 502 primum

343 521 459 593 ipsi
491 521 776 593 plenario,
811 527 866 576 et
893 537 960 575 ex
991 521 1312 576 canonibus
1356 522 1414 574 in
1468 537 1647 576 causa
1676 520 1999 593 presbyteri

346 610 611 683 delegato
648 611 872 682 judicio
905 615 1157 680 quatuor
1204 610 1520 680 deputatis,
1554 628 1622 666 ex
1652 611 2000 666 venerandis

347 700 594 755 decretis
622 705 679 754 et
703 699 930 770 legibus
962 697 1231 769 personis
1264 700 1836 769 praesentibus,hanc
1857 717 2000 754 ven-

345 788 699 856 tilassent,et
723 787 924 842 subtili
949 787 1215 842 examine
1230 789 1836 859 discussissent,utita
1853 790 2002 843 tacta

346 877 562 947 scripto
600 876 898 940 relatione,
932 876 980 929 si
1035 877 1175 946 quid
1207 877 1449 932 dubium
1487 878 1598 933 sibi
1629 896 1730 934 seu
1765 877 2001 932 difﬁcile

344 962 662 1034 ingessisse
686 961 1276 1029 videretur,nostrum
1301 982 1474 1036 super
1496 966 1605 1020 hoc
1629 983 1787 1020 more
1810 966 2000 1036 prisco

343 1052 642 1105 decretum
667 1056 1064 1120 exposcerent.
1089 1054 1162 1106 At
1194 1053 1290 1107 ubi
1317 1055 1484 1109 nobis
1507 1060 1562 1110 et
1583 1071 1832 1125 persona
1854 1054 2001 1110 rela-

346 1139 493 1194 toris
525 1139 844 1208 incognita,
869 1145 925 1195 et
959 1140 1117 1196 nullo
1149 1141 1561 1214 episcoporum
1593 1143 1810 1214 scripto
1841 1159 2003 1197 com-

343 1228 641 1283 mendatio
670 1230 989 1300 approbata
1020 1235 1203 1296 est,et
1229 1249 1434 1287 rursus
1467 1232 1564 1287 ubi
1600 1232 1762 1287 nulla
1788 1238 1876 1287 est
1906 1249 2000 1287 ac-

345 1317 634 1372 cusatoris
657 1317 926 1388 objectio,
942 1334 1048 1373 nec
1071 1320 1328 1374 accusati
1353 1327 1550 1377 reatus
1571 1323 2000 1387 confessio,nec

344 1405 606 1460 fidelium
638 1407 1037 1475 comprobatio
1069 1408 1330 1476 testium,
1357 1427 1462 1464 nos
1496 1427 1598 1465 nec
1631 1411 1790 1466 illius
1821 1410 2001 1466 solius

345 1495 663 1548 narrationi
682 1495 904 1550 creduli
928 1511 1056 1550 esse
1081 1513 1530 1567 possumus,nec
1553 1517 1759 1554 rursus
1782 1499 1841 1554 in
1864 1516 1998 1555 eum

341 1582 714 1638 difﬁnitivam
747 1585 1143 1640 damnationis
1177 1589 1523 1642 sententiam
1560 1591 1814 1659 proferre
1844 1589 1998 1644 vale-

346 1689 500 1728 mus.
519 1678 663 1745 Ergo
684 1675 891 1729 saltem
912 1691 1066 1730 nunc
1089 1677 1422 1731 fraternitas
1438 1684 1539 1733 tua
1557 1679 1993 1750 metropolitani

331 1761 468 1832 jure
497 1761 684 1833 potita
713 1778 781 1817 ex
811 1763 1104 1834 episcopis
1137 1765 1246 1818 sub
1279 1783 1341 1820 se
1373 1766 1994 1838 degentium,velvici-

341 1866 552 1906 norum
585 1867 704 1917 sex,
739 1868 855 1906 una
887 1868 1018 1906 cum
1051 1853 1322 1924 episcopo
1349 1856 1517 1926 cujus
1548 1863 1637 1912 est
1667 1858 1775 1913 iste
1804 1875 1994 1929 paro:-

341 1939 444 1994 cize
458 1940 569 1994 sibi
594 1940 1083 2010 socians,tantum
1099 1943 1394 2015 negotium
1409 1946 1608 2000 subtili
1629 1947 1865 2002 ventilet
1881 1947 1997 2002 dis-

343 2027 637 2084 cussionis
667 2030 1010 2098 ventilabro,
1042 2037 1098 2087 et
1141 2031 1374 2089 invento
1427 2036 1580 2107 quod
1623 2036 1855 2105 justum
1907 2041 1997 2092 est

342 2117 620 2174 canonice
669 2119 965 2190 decernat,
1014 2125 1070 2176 et
1119 2123 1419 2179 communi
1458 2125 1703 2180 fratrum
1749 2142 1996 2182 censura

343 2206 616 2264 difﬁniat.

343 2315 480 2370 CAP.
503 2317 590 2371 27.
624 2347 693 2356 —
713 2315 879 2394 Quod
900 2317 1335 2394 homicidzisint
1364 2323 1462 2393 qui
1488 2321 1635 2394 ﬁlios
1661 2325 1996 2394 dormientes

411 2391 802 2514 paperesserint.
846 2390 1156 2462 Stephanus
1185 2390 1448 2448 Ludberto
1489 2390 1743 2467 episcopo
1789 2398 1998 2468 Mogon-

412 2546 490 2616 (2,
523 2562 579 2617 q.
611 2547 666 2613 5,
703 2548 1091 2622 Consuluisli.)
1123 2550 1484 2610 Consuluisti
1514 2553 1690 2610 etiam
1709 2556 1780 2611 de
1803 2556 1994 2612 infan-

345 2631 526 2699 tibus,
560 2634 660 2704 qui
693 2633 752 2688 in
785 2651 900 2691 uno
931 2635 1079 2692 lecto
1110 2654 1243 2693 cum
1273 2640 1615 2708 parentibus
1640 2642 1997 2698 dormientes

349 2721 567 2775 mortui
591 2723 984 2796 reperiuntur,
1009 2731 1207 2783 utrum
1239 2729 1390 2785 ferro
1421 2731 1727 2802 candente,
1751 2749 1823 2787 an
1847 2749 1999 2804 aqua

347 2809 622 2877 fervente,
641 2828 744 2867 seu
763 2813 876 2869 alio
901 2815 1163 2886 quolibet
1183 2819 1448 2875 examine
1467 2825 1735 2891 parentes
1753 2839 1814 2877 se
1836 2820 1998 2893 puri-

352 2898 526 2953 ficare
545 2900 796 2958 debeant
809 2919 904 2959 eos
917 2921 1032 2960 non
1054 2909 1720 2979 oppressisse.Monendi
1744 2928 1999 2982 namque

351 2992 488 3042 sunt
509 2993 565 3042 et
583 2993 941 3059 protestandi
967 3002 1256 3066 parentes,
1283 3016 1355 3054 ne
1384 3005 1502 3055 tam
1528 3000 1775 3056 tenellos
1797 3017 1996 3056 secum

347 3073 407 3128 in
441 3092 555 3131 uno
585 3079 874 3136 collocent
905 3082 1074 3151 lecto,
1099 3103 1172 3141 ne
1202 3088 1557 3158 negligentia
1589 3090 1851 3160 qualibet
1877 3107 2000 3160 pro-
2033 3092 2075 3159 C

345 3164 615 3222 veniente
636 3169 996 3226 sutl‘ocentur
1017 3174 1102 3228 vel
1126 3177 1556 3247 opprimantur,
1578 3179 1730 3234 unde
1759 3178 1870 3250 ipsi
1895 3179 1997 3234 ho-

347 3252 569 3309 micidii
586 3256 1224 3319 reiinveniantur.Nam
1249 3265 1382 3320 ferri
1407 3267 1712 3324 candentis
1734 3268 1822 3325 vel
1837 3285 2002 3340 aqua

346 3341 624 3398 ferventis
673 3347 1098 3404 examinatione
1146 3351 1571 3409 confessionem
1612 3355 1937 3425 extorqueri
1969 3373 2003 3410 a

347 3430 626 3501 quolibet,
653 3435 799 3489 sacri
824 3453 938 3492 non
963 3445 1202 3495 censent
1217 3457 1491 3514 canones,
1515 3449 1571 3498 et
1593 3445 1746 3516 quod
1771 3449 2001 3500 sancto-

347 3535 477 3574 rum
513 3521 746 3578 Patrum
781 3524 1130 3584 documento
1149 3532 1442 3587 sancitum
1461 3550 1576 3589 non
1595 3534 2002 3606 est,supersti-

345 3607 498 3663 tiosa
516 3609 925 3670 adinventione
958 3633 1072 3672 non
1104 3624 1194 3674 est
1225 3623 1723 3691 praesumendum.
1747 3624 2002 3695 Sponta-

348 3713 456 3752 nea
475 3697 632 3754 enim
657 3702 1045 3770 confessione,
1063 3706 1151 3762 vel
1175 3710 1415 3764 testium
1441 3712 1859 3782 approbatione
1891 3729 2000 3784 pu-

347 3784 563 3842 blicata
594 3789 823 3859 delicta,
847 3792 1060 3850 habito
1083 3813 1197 3867 prse
1241 3799 1428 3854 oculis
1475 3801 1570 3855 Dei
1603 3801 1999 3870 timore,com-

351 3875 535 3932 missa
563 3885 702 3934 sunt
735 3882 1004 3952 regimini
1031 3885 1329 3955 judicare;
1355 3889 1583 3944 occulta
1599 3905 1730 3944 vero
1758 3897 1815 3945 et
1844 3891 2002 3946 inco-

347 3963 510 4036 gnita
533 3965 692 4022 illius
712 3975 848 4025 sunt
863 3971 1090 4040 judicio
1109 3973 1516 4045 relinquenda,
1541 3978 1640 4048 qui
1660 3977 1822 4033 solus
1844 3979 2005 4034 novit

349 4055 526 4110 corda
557 4055 810 4112 [illorum
858 4059 1185 4116 hominum.
1220 4062 1288 4116 Hi
1322 4069 1514 4118 autem
1548 4067 1647 4136 qui
1680 4068 2006 4138 probantur

343 4143 432 4197 vel
465 4145 817 4200 confitentur
847 4147 984 4203 talis
1017 4154 1210 4204 reatus
1243 4167 1305 4206 se
1337 4152 1559 4220 noxios,
1589 4159 1685 4209 tua
1701 4171 1799 4211 eos
1831 4157 2003 4212 casti-

347 4236 445 4303 get
485 4235 828 4301 moderatio,
857 4236 998 4307 quia
1027 4238 1076 4292 si
1109 4245 1454 4310 conceptum
1487 4241 1544 4296 in
1577 4247 1739 4299 utero
1771 4247 1872 4316 qui
1903 4263 2005 4318 per

350 4319 620 4374 abortum
655 4321 950 4393 deleverit,
983 4323 1280 4382 homicida
1299 4334 1408 4396 est,
1431 4337 1649 4400 quanto
1683 4334 1871 4405 magis
1903 4337 2004 4406 qui

354 4407 527 4462 unius
568 4407 778 4463 saltem
811 4411 923 4466 diei
959 4415 1274 4484 puerulum
1306 4419 1616 4490 peremerit
1644 4420 2000 4480 homicidam

349 4511 413 4551 se
443 4511 572 4551 esse
603 4513 883 4553 excusare
915 4502 1226 4574 nequibit?

350 4601 703 4690 CAP._
725 4605 804 4660 De
838 4608 1167 4690 paenitentia
1207 4629 1396 4690 eorum
1434 4618 1532 4688 qui
1560 4633 1670 4672 non
1699 4623 1887 4690 sponte
1915 4620 2010 4675 ho-

421 4673 1166 4762 micidiummcommiserint.
1199 4673 1456 4741 Nicotaus
1505 4690 1697 4745 Carolo
1725 4673 2007 4762 ‘episcopo,

419 4747 468 4798 et
497 4747 615 4817 ejus
645 4747 1041 4818 suﬁraganeis.

421 4837 499 4888 De
519 4833 613 4888 his
633 4836 730 4906 qui
764 4853 882 4892 non
918 4847 1126 4912 sponte
1155 4843 1532 4902 homicidium
1565 4850 2007 4933 commiserunt,

348 4920 408 4975 in
439 4922 508 4974 22
543 4939 669 4994 cap.
696 4926 990 4996 Ancyrani
1025 4933 1280 4999 concilii,
1313 4937 1562 5005 qualiter
1609 4955 1780 5010 agere
1828 4920 2009 5010 pcnni:

349 5010 596 5064 tentiam
631 5012 903 5081 debeant,
931 5016 1248 5073 difﬁnitum
1294 5020 1543 5078 habetis.
1572 5025 1724 5082 Item.
1754 5029 2010 5084 Homici-

351 5098 456 5154 das
508 5104 641 5170 post
683 5101 862 5157 unius
896 5105 1034 5159 anni
1068 5108 1326 5176 spatium
1360 5109 1533 5167 liceat
1563 5113 1870 5172 ecclesiam
1913 5117 2003 5172 in-

351 5191 518 5241 trare

349 5275 482 5331 CAP.
515 5277 604 5330 29.
633 5307 699 5318 -
738 5279 801 5364 Ut
827 5281 1424 5364 presoyterjzomicida
1453 5290 1781 5364 sacerdotali
1826 5295 2009 5364 ofﬁcio

590 5359 802 5406 careat.
833 5352 1090 5409 Nicotaus
1121 5356 1325 5412 Tadoni
1354 5359 1505 5414 arch.
1537 5362 1765 5419 Mediol.

422 5434 736 5506 Propterea
769 5439 840 5493 de
875 5443 1232 5515 presbyteris
1263 5446 1361 5516 qui
1390 5463 1500 5502 non
1535 5458 1742 5518 sponte
1763 5451 2006 5508 homici-

351 5521 517 5574 dium
542 5531 1315 5599 perpetraverunt,ettamen
1337 5533 1638 5594 homicidii
1659 5556 1868 5598 noxam
1891 5559 2009 5614 qua

2109 431 2268 485 ducti
2302 448 2335 486 a
2364 430 2710 487 sacerdotali
2744 429 3070 486 ministerio
3104 427 3446 501 paenitentia
3469 431 3645 500 juxta
3676 447 3781 484 sa-

2107 537 2238 576 cros
2269 522 2504 576 ordines
2538 525 2924 588 macerentur,
2945 524 3002 575 et
3031 524 3162 591 post
3192 519 3447 575 emensis
3475 520 3779 590 tempori-

2108 609 2220 664 bus
2251 609 2601 682 poenitentia:
2622 609 2852 665 indictae
2877 610 3112 679 dignam
3134 607 3594 664 satisfactionem
3618 625 3779 678 prae-

2108 698 2779 764 bentes,communionis
2791 699 3042 770 gratiam
3059 701 3781 769 consequantur.lnteme-

2109 787 2544 842 ratisduntaxat
2563 788 2622 842 in
2647 788 2922 844 omnibus
2944 787 3336 842 sacrosanctis
3358 788 3691 842 canonibus
3707 804 3781 842 ac

2110 875 2442 945 apostolica:
2466 877 2622 931 sedis
2645 876 2989 948 pontificum
3013 875 3504 946 decretis,quibus
3529 893 3782 931 conver-

2111 963 2194 1018 sis
2225 969 2280 1018 et
2311 964 2727 1034 paenitentibus
2775 964 3242 1020 misericordiam
3274 963 3476 1035 largiri
3510 981 3684 1036 posse
3719 969 3785 1020 et

2111 1050 2367 1107 ecclesiae
2400 1054 2622 1108 aditum
2658 1071 2771 1108 non
2806 1053 3321 1126 denegamus,imo
3353 1052 3664 1108 hortamur
3685 1070 3784 1108 sa-

2109 1139 2359 1198 lubriter
2389 1147 2566 1214 atque
2589 1143 2893 1213 jubemus.

2108 1260 2239 1313 CAP.
2271 1258 2360 1330 30.
2386 1289 2452 1298 —
2475 1260 2547 1314 De
2579 1259 2958 1314 misericordia
2988 1257 3350 1330 impendenda
3391 1258 3481 1312 his
3531 1260 3628 1330 qui
3661 1258 3782 1330 rho-

2179 1329 2406 1384 micidio
2452 1333 2901 1400 supervenientes
2947 1329 3388 1396 nec’voluntate,
3419 1345 3518 1385 nec
3546 1329 3784 1385 actione

2175 1402 2631 1485 perpetrauerint.
2665 1403 2979 1459 Alexander
3025 1403 3074 1456 Il
3124 1401 3404 1473 Wilfredo
3437 1402 3781 1458 Constantia:

2179 1489 2444 1543 episcopo.

2179 1561 2460 1616 Dicebant
2479 1578 2542 1617 se
2564 1561 2779 1619 latores
2801 1563 3175 1634 praesentium
3197 1562 3516 1619 homicidio
3539 1562 3647 1634 illi,
3665 1579 3776 1634 pro

2109 1665 2224 1718 quo
2257 1652 2598 1721 pmnitentia
2624 1652 2741 1706 illis
2771 1652 3039 1724 injuncta
3067 1657 3177 1720 est,
3192 1652 3427 1725 penitus
3447 1669 3558 1708 non
3587 1653 3775 1707 inter-

2028 1713 2072 1777 Β
2106 1737 2306 1806 fuisse,
2341 1741 2440 1794 sed
2476 1740 2875 1811 praeliantibus
2905 1741 3279 1796 solummodo
3311 1757 3449 1796 casu
3487 1755 3774 1812 superve-

2108 1828 2287 1886 nisse.
2314 1832 2476 1895 Quod
2511 1832 2562 1887 si
2587 1832 2668 1888 ita
2699 1837 2811 1902 est,
2853 1831 3332 1904 quandoquidem
3362 1848 3465 1887 nec
3496 1831 3554 1885 in
3587 1848 3776 1887 causa

2106 1919 2429 1987 homicidii,
2464 1938 2567 1976 nec
2599 1921 2655 1976 in
2691 1921 2864 1993 culpa
2894 1921 3131 1988 fuerint,
3154 1920 3559 1976 misericordia
3589 1937 3775 1992 super

2103 2023 2202 2062 eos
2217 2009 2355 2063 moti
2371 2009 2640 2066 exsilium
2656 2011 2740 2065 eis
2754 2011 3071 2082 apostolica
3083 2010 3424 2065 auctoritate
3437 2009 3735 2065 remisimu
3747 2027 3775 2064 s

2103 2125 2236 2177 CAP.
2269 2124 2356 2177 31.
2383 2156 2450 2166 -
2480 2127 2554 2180 De
2579 2128 2906 2196 paenitentia
2939 2143 3129 2182 eorum
3156 2127 3254 2196 qui
3303 2125 3663 2180 homicidium
3707 2127 3774 2179 in

2175 2199 2328 2267 treva
2373 2197 2472 2251 Dei
2526 2200 2777 2267 fecerint.
2830 2199 3140 2254 Alexander
3182 2198 3453 2253 secundus
3498 2196 3776 2253 Ade-lardo

2175 2266 2556 2323 Suessionensi
2585 2272 2859 2340 episcolio.

2177 2357 2339 2421 Quod
2369 2356 2428 2411 in
2461 2358 2530 2410 30
2561 2375 2852 2412 annorum
2893 2357 3319 2429 longitudinem
3370 2356 3676 2413 homicidii
3705 2357 3767 2412 in

2106 2446 2266 2499 treva
2289 2446 2386 2500 Dei
2405 2447 2538 2500 facti
2562 2448 2962 2517 pmnitentiam
2985 2445 3769 2512 extendistis,constitutioni

2106 2531 2242 2587 huic
2273 2535 2679 2590 auctoritatem
2709 2553 2820 2590 non
2846 2536 3226 2606 damus,quia
3249 2537 3308 2591 in
3331 2537 3512 2592 sacris
3536 2535 3646 2590 hoc
3669 2551 3770 2590 ca-

2106 2623 2362 2678 nonibus
2393 2640 2508 2679 non
2541 2624 2892 2680 invenimus.
2914 2625 3132 2679 Tamen
3153 2625 3431 2694 quoniam
3455 2643 3490 2679 a
3511 2625 3770 2695 pruden'

2106 2712 2266 2768 tibus
2313 2716 2370 2766 et
2417 2713 2708 2784 religiosis
2739 2713 2878 2768 viris
2908 2719 3068 2769 treva
3097 2713 3198 2769 Dei
3229 2731 3334 2785 pro
3365 2714 3772 2769 conservanda

2105 2801 2164 2855 in
2200 2801 2412 2873 populo
2445 2819 2585 2874 pace
2604 2807 2694 2858 est
2713 2803 3055 2870 constituta,
3075 2803 3316 2859 omnino
3340 2819 3456 2858 non
3482 2808 3772 2874 reproba-

2109 2906 2264 2945 mus.

2110 3007 2241 3062 CAP.
2276 3009 2365 3062 32.
2390 3038 2459 3048 —
2483 3010 2634 3076 Quod
2662 3010 2836 3064 mulio
2864 3009 3158 3078 culpabilis
3207 3011 3299 3077 sit,
3331 3008 3384 3064 si
3428 3008 3600 3064 male:
3636 3025 3773 3079 quas

2186 3095 2256 3134 ex
2285 3080 2588 3150 imperitia,
2624 3082 2704 3135 vel
2735 3082 3060 3150 inﬁmitate
3088 3083 3328 3136 retinere
3374 3096 3485 3135 non
3533 3084 3768 3149 poterat,

2184 3151 2463 3206 hominem
2492 3152 2844 3207 obtriverint.
2880 3152 3282 3208 Pandectarum
3330 3152 3470 3207 libro
3516 3168 3596 3218 Ix,
3627 3154 3770 3207 tilu-

2183 3223 2233 3278 lo
2261 3240 2299 3276 ιι
2331 3223 2423 3292 (ad
2454 3224 2626 3291 legem
2656 3224 2956 3294 Aquiliam,
2989 3226 3027 3279 l.
3059 3225 3204 3295 VIII).

2183 3310 2360 3367 Mulio
2392 3310 2440 3366 si
2474 3327 2576 3383 per
2605 3312 2957 3382 imperitiam
2982 3313 3266 3383 impetum
3300 3311 3593 3367 mularum
3628 3311 3766 3367 reti-

2111 3417 2249 3458 nere
2281 3418 2396 3455 non
2428 3402 2658 3472 poterit,
2689 3401 2740 3456 si
2769 3401 3023 3456 alienum
3057 3401 3354 3456 hominem
3395 3401 3766 3470 obtriverint,

2109 3491 2288 3560 vulgo
2319 3489 2535 3545 dicitur
2565 3489 2748 3562 culpae
2783 3490 3015 3546 nomine
3044 3489 3425 3546 teneri.ldem
3458 3489 3771 3555 dicitur,et

2112 3578 2160 3633 si
2194 3584 2429 3651 propter
2456 3579 2861 3634 inﬁrmitatem
2887 3579 3135 3634 retinere
3159 3579 3454 3634 mularum
3476 3580 3766 3650 impetum

2111 3684 2226 3723 non
2251 3668 2526 3739 potuerit.
2551 3668 2664 3723 Nec
2697 3668 2922 3723 videtur
2943 3667 3213 3739 iniquum
3237 3668 3286 3722 si
3309 3668 3622 3723 infirmitas
3643 3667 3768 3722 cul‘

2113 3773 2195 3828 pas
2229 3758 2671 3822 adnumeratur,
2699 3773 2833 3812 cum
2865 3757 3132 3812 affectare
3164 3757 3414 3828 quisque
3447 3773 3563 3812 non
3596 3757 3770 3812 debet

2111 3845 2514 3901 infirmitatem
2547 3863 2715 3903 suam
2748 3845 2882 3902 aliis
2912 3845 3299 3916 periculosam
3321 3846 3768 3900 futuram.ldem

2104 3935 2260 4006 juris
2277 3934 2460 4002 est,in
2483 3951 2731 4006 persona
2761 3936 2889 4006 ejus
2921 3935 3020 4007 qui
3051 3935 3336 4007 impetum
3368 3935 3505 4006 equi
3534 3951 3652 4006 quo
3675 3951 3770 3990 ve-

2113 4022 2380 4093 hebatur,
2404 4029 2642 4096 propter
2671 4024 3026 4096 imperitiam
3059 4041 3228 4080 suam
3255 4024 3342 4080 vel
3366 4024 3768 4080 infirmitatem

2113 4112 2366 4167 retinere
2391 4129 2506 4168 non
2530 4113 2758 4185 poterit.
2779 4115 2915 4169 Item
2935 4113 3054 4184 (lib.
3078 4113 3156 4185 x).
3184 4114 3377 4169 Lusus
3400 4129 3632 4185 quoque
3663 4129 3767 4169 no-

2111 4201 2245 4257 xius
2277 4200 2339 4256 in
2365 4200 2538 4273 culpa
2571 4210 2680 4258 est.

2113 4318 2243 4374 CAP.
2271 4318 2360 4372 33.
2398 4348 2465 4358 —-
2510 4319 2581 4372 De
2615 4318 2938 4389 panitenlia
2970 4317 3091 4386 ejus
3121 4319 3215 4389 qui
3243 4321 3356 4372 ires
3383 4318 3528 4387 ﬁlios
3560 4317 3769 4373 occide-

2200 4397 2304 4443 rat.
2329 4390 2588 4446 Nicolaus
2604 4406 2751 4460 papa
2772 4389 3064 4445 Rivoladro
3086 4391 3334 4461 episcopo
3355 4389 3542 4456 (epist.
3568 4391 3678 4459 17).

2037 4462 2082 4526 D
2184 4477 2368 4532 Istum
2418 4478 2752 4534 Wimarum
2802 4478 2874 4534 ad
2921 4477 3320 4549 apostolorum
3353 4477 3561 4533 limina
3609 4479 3770 4534 festi-

2120 4583 2294 4622 nasse
2325 4567 2677 4638 cognoscite,
2697 4571 2756 4622 et
2785 4566 3140 4639 pcnnitentia:
3171 4566 3412 4621 modum
3445 4583 3548 4637 pro
3573 4583 3772 4638 perpe-

2118 4659 2268 4711 trato
2298 4660 2478 4711 trium
2503 4656 2757 4712 ﬁliorum
2790 4672 3034 4712 suorum
3058 4655 3377 4710 homicidio
3395 4657 3507 4711 sibi
3527 4657 3771 4728 imposi-

2119 4749 2245 4800 tum
2270 4746 2698 4801 manifestasse.
2721 4745 2981 4808 Quorum
3001 4745 3267 4816 quedam
3286 4746 3769 4816 temperavimus,

2119 4849 2184 4888 eo
2216 4834 2372 4904 quod
2406 4834 2686 4906 suffragia
2729 4833 3128 4905 apostolorum
3159 4833 3438 4904 principis
3467 4833 3771 4890 nutritoris

2121 4923 2304 4977 nostri
2328 4923 2627 4994 postulare
2645 4924 2846 4978 devote
2867 4921 3342 4978 festinavit.Nam
3364 4937 3498 4977 eum
3522 4923 3595 4977 ad
3621 4922 3772 4978 beati

2116 5012 2462 5083 Archangeli
2489 5012 2791 5068 oraculum
2810 5012 2892 5067 ire
2908 5011 3194 5067 volentem
3226 5011 3511 5067 instantia
3540 5018 3770 5084 tempo-

2118 5101 2199 5157 ris
2230 5101 2532 5167 revocavit,
2551 5105 2722 5172 atque
2745 5099 3176 5155 constitutionis
3199 5099 3310 5156 sibi
3334 5100 3627 5171 impositae
3653 5119 3772 5157 mo-

2119 5191 2258 5246 dum
2292 5190 2686 5246 continentem
2706 5189 3016 5260 epistolam
3048 5193 3254 5244 vestrae
3286 5190 3585 5245 sanctitati
3620 5191 3772 5246 defe-

2117 5279 2381 5346 rendam,
2402 5277 2721 5349 apostolica
2751 5277 3084 5333 sollicitudo
3116 5279 3467 5335 transmisit.
3492 5279 3554 5334 In
3577 5295 3647 5336 ea
3664 5280 3772 5352 igi-

2115 5371 2210 5421 tur
2232 5370 2522 5421 statutum
2540 5372 2630 5421 est
2653 5373 2718 5421 ut
2746 5365 2999 5422 triennio
3037 5372 3170 5422 ante
3200 5367 3353 5423 fores
3383 5367 3645 5424 ecclesia:
3675 5385 3776 5440 pro

2115 5454 2370 5525 peccatis
2394 5453 2520 5509 suis
2537 5459 2810 5509 oraturus
2832 5454 3094 5510 assistat.
3120 5459 3187 5508 Et
3209 5455 3420 5509 deinde
3439 5457 3594 5510 inter
3615 5457 3777 5511 audi-

2115 5548 2271 5598 tores
2303 5547 2644 5615 permaneat
2673 5542 3084 5614 quadriennio,
3117 5549 3181 5598 ut
3209 5549 3434 5614 septem
3477 5561 3772 5601 annorum
