4002 6054
226 243 328 297 701

228 454 539 527 sanguinis
568 459 846 521 transeat,
869 453 951 508 ita
982 454 1217 524 quidem
1251 456 1316 507 ut
1345 452 1553 506 diebus
1594 451 1871 505 omnibus

224 546 353 599 vita:
387 562 506 599 sua:
540 560 770 599 carnem
804 560 919 599 non
954 543 1287 609 manducet,
1316 546 1372 596 et
1402 541 1511 595 isto
1565 539 1872 611 septennia

223 635 427 688 vinum
461 651 576 688 non
609 638 826 698 sumat,
861 632 972 687 nisi
1004 632 1211 687 diebus
1235 629 1555 685 Dominicis
1577 634 1633 683 et
1653 628 1872 682 festivi-

229 724 476 778 tatibus.
499 722 724 776 Abinde
740 720 1343 792 quinquenniotribus
1359 720 1567 774 diebus
1588 716 1875 789 persepti-

228 828 467 867 manam
488 828 521 866 a
540 810 669 865 vino
688 810 999 875 abstineat,
1026 814 1089 864 ut
1106 808 1411 863 duodecim
1440 808 1612 862 annis
1644 805 1877 877 quanti-

224 906 318 955 tas
343 899 697 971 poenitentiae
717 900 1081 954 extendatur.
1100 898 1505 968 Liceatitaque
1527 896 1612 950 illi
1639 911 1872 950 uxorem

227 989 530 1061 propriam
565 1006 680 1043 non
713 988 998 1056 deserere,
1034 1004 1105 1042 ne
1136 988 1283 1042 forte
1315 987 1533 1041 incidat
1562 986 1621 1039 in
1654 984 1877 1039 adulte-

227 1080 471 1147 rium,et
487 1095 589 1151 pro
608 1078 913 1133 occasione
931 1078 1107 1133 unius
1125 1075 1330 1132 delecti
1350 1075 1746 1148 pracipitetur
1771 1074 1877 1127 fra-

226 1167 455 1240 gilitate
488 1167 679 1224 carnis
713 1167 770 1222 in
803 1167 990 1239 pejus.
1025 1165 1666 1222 Concessimusetenim
1691 1163 1739 1217 ei
1760 1162 1874 1217 cal-

227 1261 460 1312 ceatum
492 1258 562 1311 ad
590 1273 690 1311 vos
714 1257 1117 1329 pervenire,ac
1145 1255 1356 1309 deinde
1386 1253 1639 1309 triennio
1663 1252 1874 1307 discal-

227 1351 460 1401 ceatum
484 1347 567 1401 ire
587 1347 817 1414 debere,
838 1350 894 1401 et
914 1344 1283 1401 vestimentis
1296 1345 1618 1399 secundum
1650 1340 1879 1414 quanti-

226 1438 407 1490 tatem
441 1435 833 1507 [qualitatem,
861 1435 1029 1505 orig.]
1055 1434 1331 1505 temporis
1357 1440 1412 1488 et
1462 1432 1613 1487 aeris
1664 1440 1877 1502 tempe-

230 1523 375 1579 riem
410 1524 597 1593 indui,
633 1528 806 1595 atque
838 1524 985 1579 lacte
1013 1523 1251 1595 perfrui.
1296 1526 1574 1577 Caeterum
1622 1536 1757 1576 vero
1800 1519 1881 1574 ita

230 1617 398 1668 actus
414 1613 601 1685 ipsius
625 1614 1048 1681 discernentes,
1069 1630 1171 1683 per
1193 1612 1392 1668 omnia
1414 1611 1778 1667 considerate
1803 1618 1882 1665 at-

230 1718 347 1773 que
378 1702 689 1773 disponite,
724 1707 1015 1773 quatenus
1040 1710 1095 1756 et
1120 1702 1453 1773 evangelica
1478 1699 1881 1755 misericordia

1150 241 1460 294 DECRETI
1498 239 1686 293 PARS
1725 239 1797 289 X.
1824 265 1892 274 —
1920 239 2018 290 DE
2055 238 2477 310 HOMIClDIIS,
2516 247 2673 298 ETC.

225 365 519 423 curricula
535 365 759 437 absque
778 364 1191 421 communione
1211 361 1498 419 Dominici
1523 361 1785 433 corporis
1805 377 1869 415 ac
1901 384 1953 447 Α

3531 250 3637 304 702

2055 363 2285 440 epistola
2316 367 2385 420 ab
2416 366 2663 440 Adriano
2689 384 2841 439 papa
2888 370 3099 425 tradita
3139 373 3463 440 Ingelranno
3514 378 3638 430 Me-

2056 435 2375 491 diomatrice
2400 438 2553 493 urbis
2579 435 2848 511 episcopo,
2881 457 2998 512 cap.
3032 442 3101 495 67
3133 435 3219 513 (cf
3237 445 3349 514 63).

2052 533 2388 603 Homicidas,
2439 536 2710 606 maleﬁci,
2762 538 2937 609 fures,
3007 540 3297 612 sacrilegi,
3350 545 3633 611 raptores,

1980 623 2241 691 venefici,
2264 624 2538 691 adulteri,
2557 627 2728 697 etqui
2762 634 2995 699 raptum
3022 629 3287 696 fecerint,
3310 630 3397 686 vel
3421 630 3633 686 falsum

1985 711 2390 768 testimonium
2425 715 2696 783 dixerint,
2722 732 2822 771 seu
2848 717 2949 788 qui
2981 719 3052 772 ad
3077 718 3383 791 sortilegos
3406 736 3636 791 magos-

1983 814 2095 868 que
2118 803 2541 871 concurrerint,
2559 804 2894 860 nullatenus
2913 808 2982 861 ad
2999 808 3431 864 accusationem
3450 809 3539 864 vel
3566 809 3636 864 ad

1985 887 2385 944 testimonium
2420 898 2593 946 erunt
2624 893 2994 949 admittendi.

1986 998 2118 1051 CAP.
2143 998 2230 1051 38.
2266 1028 2333 1037 —
2366 999 2674 1053 Homicidas
2709 1010 2761 1055 et
2788 1002 2958 1070 falsos
3009 1005 3164 1057 testes
3194 1019 3226 1056 a
3255 1004 3639 1058 communione

2160 1070 2581 1127 submovendas.
2616 1073 2697 1127 Ex
2725 1088 2872 1127 conc.
2922 1074 3250 1141 Agathensi,
3284 1090 3333 1130 c.
3368 1075 3458 1130 37.

2058 1166 2167 1236 (:24,
2202 1184 2251 1237 q.
2286 1168 2341 1234 3,
2372 1185 2416 1222 c.
2450 1170 2684 1239 Itaque.)
2707 1170 3057 1226 Censuimus
3081 1171 3408 1227 homicidas
3441 1175 3496 1226 et
3531 1170 3641 1226 fal-

1988 1271 2084 1310 sos
2105 1261 2285 1311 testes
2299 1274 2331 1311 a
2346 1258 2759 1315 communione
2774 1260 3170 1315 ecclesiastica
3183 1260 3639 1324 submovendos,

1989 1344 2101 1398 nisi
2118 1346 2473 1416 poenitentiae
2492 1349 2891 1405 satisfactione
2906 1350 3153 1406 crimina
3174 1350 3437 1405 admissa
3459 1347 3642 1403 dilue-

1990 1434 2123 1489 rint.

1988 1541 2247 1618 CAP_.A_39.
2283 1574 2349 1583 ——
2381 1544 2809 1618 Depcenitentia
2840 1549 2961 1614 eius
2986 1548 3082 1618 qui
3112 1548 3427 1603 voluntarie
3459 1544 3638 1601 homi-

2058 1614 2270 1691 cidium
2300 1617 2508 1691 fecerit.
2539 1619 2632 1671 Ea:
2659 1619 2890 1673 concilio
2919 1614 3144 1674 Martini
3172 1622 3427 1691 episcopi,
3477 1635 3524 1673 c.
3574 1618 3640 1671 10

2062 1686 2351 1755 (Martinus
2386 1688 2610 1742 Bracar.
2632 1706 2677 1743 c.
2708 1691 2821 1761 78).

230 1792 290 1845 in
326 1791 425 1845 illo
449 1797 823 1863 agnoscatur,
846 1797 902 1847 et
922 1793 1202 1846 canonica
1233 1790 1552 1847 auctoritas
1577 1805 1879 1843 conserve-

2062 1774 2225 1841 (Dist.
2258 1776 2347 1841 50,
2383 1793 2429 1829 c.
2462 1779 2527 1831 Si
2555 1778 2719 1848 quis.)
2779 1759 2834 1832 Si
2892 1781 3026 1850 quis
3083 1779 3411 1835 voluntarie
3449 1778 3640 1834 homi-

228 1887 345 1936 tur.
380 1883 648 1935 Attamen
679 1882 1073 1951 permittimus
1097 1898 1229 1935 eum
1258 1896 1489 1935 caseum
1515 1895 1767 1945 sumere,
1802 1881 1884 1931 at‘

228 1986 344 2041 que
378 1969 808 2039 possessionem
844 1986 1011 2024 suam
1046 1970 1281 2035 habere,
1315 1973 1369 2023 et
1402 1973 1531 2038 post
1561 1967 1880 2037 septimum

227 2075 451 2113 annum
477 2074 665 2128 usque
687 2059 758 2112 ad
782 2058 937 2113 diem
958 2058 1162 2112 mortis
1186 2065 1505 2127 perseveret
1525 2055 1714 2125 injam
1731 2055 1885 2109 dicta

226 2147 594 2217 poenitentia,
627 2152 801 2218 atque
832 2164 995 2201 arma
1016 2148 1127 2201 nisi
1153 2151 1356 2202 contra
1381 2161 1641 2217 paganos
1666 2161 1784 2199 non
1809 2144 1883 2200 fe-

225 2241 334 2291 rat.

228 2352 364 2407 CAP.
396 2352 486 2406 34.
520 2382 588 2391 —-
624 2351 783 2422 Quod
810 2366 920 2405 non
979 2353 1050 2405 sit
1107 2352 1322 2405 licitum
1376 2350 1750 2405 sacerdotibus
1776 2366 1881 2420 pu-

294 2440 493 2494 gnare.
529 2424 770 2494 Epistola
806 2422 1095 2478 Zachariae
1122 2438 1282 2493 papa:
1311 2424 1369 2477 in
1406 2424 1584 2492 capite
1599 2422 1885 2492 Capitula-

296 2497 466 2562 rium,
499 2495 751 2549 omnibus
778 2497 1043 2565 episcopis
1075 2496 1135 2547 in
1168 2510 1328 2563 regno
1358 2494 1696 2549 Francorum
1752 2509 1881 2549 con-

298 2568 505 2621 stitutis
538 2566 731 2638 (lib.v,
762 2582 809 2621 c.
845 2569 895 2635 1,
930 2570 979 2620 et
1009 2566 1327 2630 Zacharias,
1356 2582 1438 2636 ep.
1473 2566 1548 2637 3).

298 2672 600 2727 Habuistis
617 2672 868 2744 peccatis
887 2672 1237 2727 facientibus
1253 2689 1407 2727 nunc
1432 2687 1665 2743 quoque
1701 2669 1880 2727 falsos

231 2777 624 2831 erroneosque
656 2761 1010 2816 sacerdotes.
1046 2760 1206 2815 Unde
1254 2765 1310 2814 et
1357 2764 1578 2815 cunctae
1640 2776 1879 2831 paganis

237 2853 442 2919 gentes
474 2848 638 2903 vobis
689 2849 1087 2919 pugnantibus
1138 2846 1713 2919 praevalebant,quia
1765 2866 1880 2903 non

227 2942 355 2991 erat
388 2937 718 2992 differentia
746 2936 898 2992 inter
939 2936 1121 2992 laicos
1155 2942 1212 2992 et
1260 2939 1610 3007 sacerdotes,
1663 2937 1879 3007 quibus

228 3043 493 3097 pugnare
523 3025 748 3081 licitum
780 3044 893 3081 non
928 3031 1034 3082 est.
1072 3026 1274 3090 Qualis
1307 3026 1461 3081 enim
1493 3027 1735 3081 victoria
1777 3028 1879 3082 da-

1993 1862 2213 1917 cidium
2246 1866 2467 1935 fecerit,
2495 1867 2566 1921 ad
2591 1868 2838 1937 januam
2871 1869 3127 1925 ecclesia;
3158 1869 3453 1925 catholica:
3474 1884 3640 1923 sem-

1992 1968 2094 2023 per
2122 1954 2446 2025 subjaceat,
2471 1960 2526 2010 et
2555 1958 3031 2013 communionem
3067 1958 3126 2012 in
3172 1958 3329 2013 exitu
3361 1958 3488 2011 vita
3521 1972 3639 2011 suae

1994 2041 2257 2112 recipiat.
2291 2044 2347 2097 Si
2382 2048 2574 2100 autem
2610 2062 2723 2100 non
2755 2062 2820 2101 ex
2874 2047 3188 2116 voluntate,
3220 2047 3322 2101 sed
3382 2063 3449 2101 ex
3501 2061 3639 2100 casu

1992 2130 2190 2203 aliquo
2222 2132 2603 2189 homicidium
2639 2135 2856 2202 fecerit,
2890 2136 3047 2208 prior
3077 2152 3262 2191 canon
3294 2140 3516 2207 septem
3539 2150 3641 2188 an-

1992 2221 2084 2276 nis
2118 2237 2288 2293 agere
2318 2224 2720 2293 paenitentiam
2764 2224 2967 2295 jussit,
3025 2226 3288 2297 quinque
3345 2223 3642 2280 secundus

1992 2312 2311 2367 mandavit.

1991 2418 2125 2474 CAP.
2158 2420 2247 2473 40.
2282 2449 2350 2459 -—-
2382 2420 2532 2486 Quid
2587 2419 2652 2474 de
2709 2428 2868 2474 tauro
2922 2421 3196 2489 agendum
3252 2419 3326 2474 sit
3381 2422 3431 2474 si
3461 2421 3638 2475 homi-

2060 2506 2184 2545 nem
2215 2492 2489 2547 occiderit.
2549 2492 2905 2562 Augustinus,
2963 2492 3337 2559 Quaestionum
3370 2494 3429 2546 in
3467 2492 3638 2547 Exod.

2060 2567 2248 2633 quaest.
2282 2564 2370 2633 81,
2404 2565 2461 2617 in
2491 2578 2610 2633 cap.
2644 2580 2761 2618 xxr.

2062 2652 2119 2707 Si
2144 2656 2338 2708 autem
2364 2669 2541 2708 cornu
2561 2652 2916 2723 percusserit
2940 2656 3148 2707 taurus
3169 2651 3360 2708 virum
3388 2656 3489 2706 aut
3512 2667 3638 2705 mu-

1988 2741 2213 2811 lierem,
2252 2746 2308 2797 et
2366 2746 2635 2797 mortuus
2698 2743 2893 2810 fuerit,
2951 2742 3247 2813 lapidibus
3280 2740 3641 2813 lapidabitur

1987 2836 2215 2901 taurus,
2248 2835 2305 2886 et
2335 2848 2450 2886 non
2473 2832 2991 2886 manducabuntur
3016 2846 3220 2886 carnes
3256 2831 3387 2901 ejus
3413 2848 3427 2898 ;
3458 2829 3639 2884 domi-

1989 2937 2101 2975 nus
2130 2924 2325 2976 autem
2352 2921 2507 2976 tauri
2540 2920 2717 2992 [tauri
2748 2936 2858 2976 non
2888 2929 2970 2975 est
3017 2922 3079 2975 in
3134 2920 3300 2992 orig.)
3359 2919 3634 2974 innocens

1988 3010 2115 3065 erit.
2152 3011 2231 3065 Ad
2289 3010 2584 3081 justitiam
2634 3010 2885 3082 pertinet
2915 3014 2979 3064 ut
3024 3008 3242 3065 animal
3297 3008 3637 3064 hominibus

226 3120 322 3170 tur
348 3115 447 3169 ubi
468 3116 797 3171 sacerdotes
827 3131 940 3171 una
965 3116 1266 3170 Dominica
1286 3119 1643 3187 pertractant
1668 3121 1875 3188 myste-

2004 3101 2225 3157 aoxium
2256 3102 2599 3173 perimatur.
2630 3103 2697 3157 Et
2718 3102 2875 3172 quod
2908 3101 2978 3155 de
3001 3108 3165 3155 tauro
3190 3099 3447 3171 positum
3472 3102 3581 3165 est,
3605 3113 3638 3149 a

225 3204 331 3271 ria,
370 3204 689 3259 Chritianis
736 3205 1102 3259 Dominicum
1156 3205 1463 3276 porrigunt
1513 3222 1724 3276 corpus
1773 3222 1876 3277 pro

222 3310 463 3347 suarum
490 3293 823 3348 animarum
849 3294 1272 3364 redemptione,
1298 3294 1877 3365 ctpostChristianos

222 3383 444 3453 quibus
463 3382 569 3437 hoc
594 3382 1032 3448 ministrare,ac
1057 3399 1311 3452 paganos
1337 3383 1556 3453 quibus
1576 3383 1877 3437 Christum

226 3470 546 3543 praedicare
573 3471 914 3538 debuerant,
950 3470 1203 3542 propriis
1246 3470 1548 3543 sacrilegis
1601 3471 1877 3526 manibus

226 3562 487 3613 necant?

223 3678 357 3730 CAP.
391 3676 480 3729 35.
506 3706 574 3715 —
599 3677 660 3732 Ut
691 3676 977 3745 presbyter
1004 3674 1282 3728 homicida
1312 3690 1422 3729 non
1443 3676 1745 3730 ministret.
1772 3676 1876 3731 Za-

756 3748 978 3801 charias
1005 3745 1318 3815 Boni/licio.

298 3851 660 3923 Scripsimus
682 3852 845 3907 vobis
861 3857 924 3907 ut
948 3852 1147 3908 nullus
1162 3851 1475 3918 homicida,
1493 3852 1694 3907 nullus
1711 3851 1875 3907 adul-

221 3947 332 4009 ter,
350 3941 552 3996 nullus
571 3941 885 3997 fornicator
905 3958 1138 3997 sacrum
1163 3940 1555 3996 ministerium
1570 3941 1778 3995 debeat
1792 3945 1877 3995 at-

224 4035 479 4084 trectare
509 4045 699 4100 neque
730 4030 1040 4100 paenitens,
1070 4029 1153 4084 ita
1184 4034 1248 4085 ut
1268 4029 1402 4084 talis
1424 4031 1501 4084 sit
1524 4029 1754 4100 qualem
1779 4046 1876 4084 sa-

224 4119 342 4174 cris
366 4135 618 4174 canones
640 4119 949 4189 perhibent
965 4135 1094 4175 esse
1118 4120 1589 4175 saeerdotem.De
1615 4118 1875 4189 baptiza-

226 4208 304 4262 tis
330 4224 461 4262 vero
493 4208 567 4261 ab
599 4206 721 4275 illo,
756 4224 858 4263 seu
890 4207 1155 4263 ecclesiis
1197 4207 1573 4273 consecratis,
1628 4207 1875 4278 requirit

222 4302 327 4353 tua
359 4296 713 4365 fraternitas,
741 4297 787 4351 si
814 4305 908 4351 aut
929 4296 1206 4351 ecclesias
1231 4297 1287 4350 in
1313 4297 1549 4351 nomine
1570 4295 1875 4351 Trinitatis

223 4385 610 4453 consecravit,
636 4392 734 4439 aut
766 4384 1039 4456 parvulos
1072 4384 1344 4440 similiter
1374 4384 1687 4456 baptizavit
1730 4385 1869 4439 dum

223 4476 554 4529 sacerdotio
588 4473 959 4545 fungebatur,
991 4477 1046 4527 et
1078 4474 1160 4527 sic
1193 4473 1553 4528 consecratio
1601 4472 1869 4528 ecclesia-
1902 4491 1949 4557 D

224 4579 380 4629 rum,
414 4568 469 4618 et
500 4562 875 4633 parvulorum
909 4562 1204 4633 baptisma
1235 4562 1310 4617 sit
1341 4563 1776 4617 confirmatum.

226 4678 362 4732 CAP.
396 4678 485 4731 36.
519 4706 590 4718 —-
618 4678 692 4732 Ne
722 4676 1009 4731 homicida
1038 4678 1123 4731 vet
1153 4676 1379 4731 artutter
1407 4676 1721 4747 episcopum
1778 4693 1869 4732 ac-

295 4754 462 4805 cuset.
496 4752 592 4804 Ea:
622 4748 853 4820 cpistola
881 4751 1071 4820 prima
1101 4750 1403 4804 Clementis
1435 4748 1503 4802 ad
1532 4750 1811 4805 Iacobum.

299 4857 374 4927 (6,
408 4873 458 4925 q.
485 4857 535 4921 1,
564 4872 609 4910 c.
639 4857 701 4909 Β.
736 4854 977 4925 Petrus.)
1010 4854 1345 4910 Homicidas
1364 4859 1421 4909 et
1443 4852 1780 4923 aldulteros,
1804 4872 1869 4910 ac

222 4948 466 5000 cunctos
496 4942 904 4999 criminalibus
936 4945 1181 4999 nexibus
1216 4943 1509 5015 alligatos,
1542 4948 1596 4998 et
1626 4944 1724 5012 qui
1750 4943 1868 5015 epi-

221 5032 416 5105 scopis
448 5032 757 5104 coequales
785 5048 901 5087 non
933 5038 1120 5099 erant,
1156 5034 1227 5087 ab
1260 5049 1462 5087 eorum
1495 5032 1794 5087 vexatione
1815 5037 1872 5091 et

221 5122 595 5177 accusatione
609 5122 853 5177 docente
875 5121 1121 5176 Domino
1146 5121 1511 5193 prohibebat,
1537 5124 1589 5176 et
1615 5138 1727 5176 non
1755 5120 1866 5176 nisi

219 5226 354 5264 cum
375 5209 768 5279 coaequalibus
790 5208 1009 5280 aliquid
1036 5210 1145 5265 sibi
1166 5210 1365 5265 inferri
1390 5210 1599 5265 debere
1625 5209 1867 5264 docebat

219 5299 362 5369 quia
393 5300 717 5371 dicipulum
749 5315 926 5369 super
957 5300 1304 5370 magistrum
1344 5315 1473 5355 esse
1520 5298 1733 5369 (Matth.
1782 5304 1861 5370 Χ),

219 5392 322 5444 aut
346 5387 527 5443 ullam
561 5388 610 5444 ei
642 5387 922 5458 injuriam
953 5388 1167 5443 inferre
1198 5387 1536 5444 nullatenus
1567 5392 1811 5461 oportet.

217 5501 355 5556 CAP.
391 5502 481 5557 37.
515 5532 581 5543 —-
616 5500 774 5572 Quod
803 5500 1096 5558 homicidae
1120 5501 1365 5571 veneﬁci,
1391 5510 1443 5557 et
1463 5504 1592 5557 aliis
1610 5502 1867 5559 crimini-

295 5586 396 5628 bus
419 5572 689 5629 notabiles
718 5572 789 5629 ad
806 5576 1210 5631 accusationem
1233 5588 1343 5630 non
1369 5572 1762 5631 admittuntur.
1784 5575 1867 5630 Ex

1989 3196 2151 3262 parte
2182 3196 2370 3247 totum
2406 3191 2851 3263 intelligendum
2874 3194 2984 3256 est,
3018 3188 3300 3261 quidquid
3326 3189 3396 3243 de
3422 3186 3639 3258 pecori-

1987 3279 2097 3335 bus
2125 3281 2259 3336 usui
2292 3281 2551 3337 humano
2606 3282 2910 3336 subditum
2968 3278 3251 3334 infestum
3310 3280 3398 3332 est
3447 3274 3633 3330 homi-

1989 3369 2185 3424 nibus.

1986 3474 2121 3529 CAP.
2154 3474 2242 3528 41.
2274 3505 2343 3514 ——
2377 3476 2439 3531 Ut
2469 3474 2627 3529 homo
2647 3491 2755 3528 non
2778 3474 3081 3539 occidatur,
3113 3473 3228 3527 nisi
3239 3472 3469 3543 jubente
3500 3470 3630 3540 lege.

2203 3546 2618 3615 Capitularium
2648 3546 2745 3600 tib.
2780 3563 2821 3610 1,
2872 3563 2992 3616 cap.
3023 3546 3093 3598 64
3125 3544 3261 3615 (cap.
3295 3544 3409 3614 67).

2057 3634 2182 3688 Non
2214 3635 2514 3689 occidatur
2543 3635 2740 3701 homo,
2775 3634 2887 3689 nisi
2920 3634 3046 3705 lege
3068 3634 3337 3703 jubente.

1986 3740 2120 3795 CAP.
2154 3740 2240 3793 42.
2285 3770 2355 3780 ——
2400 3740 2474 3794 De
2505 3756 2665 3810 pama
2710 3742 2827 3807 ejus
2882 3742 2979 3810 qui
3027 3743 3145 3809 post
3188 3740 3633 3809 paciﬁcationem

2234 3811 2767 3867 alterumocciderit.
2803 3812 2932 3882 Cap.
2965 3811 3294 3881 lib.m,cap.
3328 3812 3379 3864 4.

2059 3898 2117 3952 Si
2142 3898 2357 3969 aliquis
2391 3904 2521 3970 post
2548 3900 3013 3970 pacificationem
3053 3899 3301 3955 alterum
3331 3899 3628 3967 occiderit,

1987 3994 2299 4058 componat
2328 3988 2513 4056 illum,
2538 3993 2596 4043 et
2616 3989 2820 4059 perdat
2855 4005 3097 4043 manum
3147 4006 3263 4060 qua
3289 3987 3627 4060 perjuravit,

1985 4080 2042 4131 et
2073 4076 2313 4148 insuper
2344 4077 2606 4133 bannum
2639 4077 3003 4133 dominicum
3028 4078 3234 4133 solvat.

1984 4186 2118 4241 CAP.
2154 4188 2241 4241 43.
2274 4217 2344 4227 —
2377 4188 2441 4243 Ut
2466 4184 2667 4240 nullus
2695 4187 2807 4240 nisi
2834 4202 2932 4256 pro
2965 4186 3192 4255 justitia
3222 4184 3499 4239 hominem
3524 4199 3628 4254 pu-

2328 4260 2470 4312 niat.
2505 4258 2746 4328 Capitut.
2781 4258 2877 4312 tib.
2910 4275 2965 4323 ν,
2991 4273 3112 4327 cap.
3152 4258 3269 4310 197.

2054 4347 2159 4412 Qui
2194 4363 2294 4418 per
2323 4347 2523 4401 odium
2566 4345 2651 4401 vel
2689 4344 2910 4400 malum
2938 4346 3341 4417 ingenium,et
3359 4343 3469 4398 nisi
3494 4360 3624 4415 pro-

1982 4440 2110 4507 pter
2130 4436 2429 4506 justitiam
2464 4436 2788 4490 faciendam
2822 4434 3118 4490 hominem
3140 4434 3414 4507 punierit,
3439 4435 3625 4489 hono-

1983 4540 2103 4579 rem
2138 4541 2312 4579 suum
2346 4524 2571 4595 perdat,
2596 4529 2650 4579 et
2682 4524 2913 4595 legibus
2936 4528 3138 4579 contra
3186 4540 3360 4593 quem
3406 4524 3625 4592 iniuste

1982 4612 2137 4681 fecit,
2163 4614 2487 4669 secundum
2514 4629 2744 4685 pmnam
2777 4629 2957 4685 quam
2980 4612 3243 4667 intulerit
3264 4613 3551 4667 emendet.

1980 4722 2107 4778 CAP.
2144 4722 2232 4777 44.
2265 4752 2335 4763 -
2372 4724 2629 4791 Depwna
2658 4721 2779 4790 ejus
2808 4722 2905 4792 qui
2943 4720 3300 4791 pmnitcntem
3345 4719 3623 4775 occiderit.

2490 4794 2618 4863 Cap.
2650 4793 2745 4847 lib.
2780 4809 2854 4861 1v,
2886 4809 3004 4863 cap.
3035 4794 3117 4845 18.

2052 4882 2159 4946 Qui
2198 4882 2499 4936 hominem
2552 4880 2847 4952 publicam
2898 4880 3298 4953 panitentiam
3359 4884 3625 4952 agentem

1981 4970 2360 5035 interfecerit,
2395 4971 2657 5025 bannum
2693 4974 2959 5025 nostrum
2992 4972 3051 5024 in
3086 4969 3260 5042 triplo
3292 4972 3625 5040 componat,

1980 5064 2036 5116 et
2069 5059 2424 5131 uvirgildum
2465 5058 2920 5131 [uverghildum]
2972 5061 3120 5132 ejus,
3170 5058 3453 5131 proximis
3500 5058 3626 5127 ejus

1979 5148 2291 5220 persolvat.

1978 5256 2111 5310 CAP.
2144 5254 2233 5308 45.
2270 5284 2337 5295 ——
2371 5254 2431 5310 Ut
2471 5255 2719 5311 sacerdos
2776 5272 2875 5310 nec
2927 5256 3233 5310 Christiani
3276 5268 3378 5310 nec
3419 5254 3626 5323 pagani

2044 5328 2372 5397 sanguinem
2388 5327 2608 5397 fundat.
2638 5327 3046 5398 Capitularium
3077 5328 3153 5381 1ιό
3202 5342 3303 5395 vn,
3352 5340 3470 5394 cap.
3524 5324 3624 5377 124

2175 5442 2186 5454 .
2213 5398 2327 5454 92).

2175 5442 2186 5454 .
2213 5399 2285 5452 92
2314 5441 2327 5453 .

2047 5399 2389 5543 (Sc‘zferdoleS
2411 5502 2600 5555 neque
2629 5484 3096 5541 Christianorum
3144 5500 3331 5555 neque
3359 5489 3625 5555 Pagano-

1980 5590 2111 5631 rum
2145 5574 2498 5647 sanguinem
2520 5573 2793 5629 tundent.
