3972 6064
415 226 520 281 703

1504 234 1571 282 D.
1615 230 1854 282 IVONIS
1890 226 2385 292 CARNOTENSIS
2422 229 2747 284 EPISCOPI

3733 229 3849 282 704

413 348 548 404 CAP.
584 349 672 403 46.
703 377 772 388 -—
805 347 951 415 Quod
999 350 1268 423 voluntas,
1299 349 1582 423 occidendi
1595 365 1725 423 “pro
1773 346 2066 405 homicidio
2096 347 2150 417 Α
2181 348 2315 404 fecti
2351 353 2491 405 sunt
2520 350 3066 414 innocentes.Quod
3092 350 3311 406 factum
3331 350 3429 406 ubi
3450 349 3848 423 comperisset

771 425 1082 492 reputatur,
1105 437 1228 489 cap.
1250 422 1309 476 24
1322 424 1355 474 2
1386 422 1528 492 (cap-
1561 421 1705 491 151).

485 515 592 580 Qui
644 515 946 572 hominem
997 516 1323 572 voluntarie
1382 516 1650 572 occidere
1695 515 1964 584 voluerit,
2015 520 2073 572 et

413 611 750 678 perpetrare
777 624 892 662 non
927 606 1202 678 potuerit,
1237 610 1300 661 ut
1330 605 1627 661 homicida
1660 607 1962 678 puniatur.

412 713 548 768 CAP.
583 714 671 768 47.
707 745 774 752 —-
807 715 881 769 De
911 711 1151 768 iudnciis
1184 712 1402 769 homini
1457 713 1654 770 dandis
1682 732 1716 769 a
1761 713 2066 784 judicibus,

482 793 782 858 antequam
825 785 1124 858 occidatur.
1178 785 1541 842 Cassiodorus
1601 786 1909 858 Tripartitae
1975 789 2070 841 Hi-

479 856 670 912 storiae
719 857 795 910 lib
833 873 910 922 ix,
943 872 1040 927 cap
1072 857 1160 910 30.

482 953 698 1022 (Theod.
734 952 1082 1009 eccl.Histl.
1116 971 1173 1018 v,
1232 971 1278 1010 ε.
1339 956 1426 1024 17,
1485 955 1578 1010 sed
1630 956 1799 1026 paulo
1856 955 2066 1024 aliter.)

411 1040 644 1097 Cladem
665 1041 899 1112 plenam
922 1041 1090 1098 valde
1106 1043 1422 1115 gemitibus
1435 1044 1680 1100 audiens
1694 1043 2065 1114 Ambrosius,

409 1145 543 1184 cum
575 1128 848 1201 princeps
880 1131 1252 1186 Theodosius
1283 1131 1674 1188 Mediolanum
1705 1132 1979 1200 venisset,
2011 1137 2068 1188 et

405 1217 841 1275 solemnittrin
874 1236 1108 1275 sacrum
1153 1219 1437 1276 voluisset
1487 1222 1706 1277 intrare
1753 1221 2063 1293 templum,

405 1307 660 1362 occurrit
683 1307 825 1364 foris
859 1309 927 1363 ad
956 1311 1193 1379 januas,
1225 1313 1282 1365 ct
1319 1309 1746 1382 ingredientem
1795 1311 1889 1366 his
1938 1327 2064 1366 ser-

404 1395 682 1452 monibus
696 1414 729 1452 a
743 1398 889 1453 sacri
907 1397 1130 1453 liminis
1147 1399 1414 1470 ingressu
1443 1399 1773 1470 prohibuit:
1795 1400 2060 1469 «Nescis,

401 1482 740 1557 imperator,
763 1491 1103 1558 perpetratae
1128 1488 1285 1543 necis
1303 1488 1525 1558 [caadis,
1543 1489 1707 1560 orig.]
1726 1493 1825 1544 ate
1841 1493 2062 1560 quanta

401 1573 480 1629 sit
529 1575 896 1647 magnitudo,
942 1592 1131 1647 neque
1174 1581 1306 1648 post
1357 1594 1600 1648 pausam
1655 1578 1799 1632 tanti
1847 1578 2060 1634 furoris

401 1678 570 1717 mens
603 1667 704 1718 tua
727 1663 940 1719 molem
965 1665 1444 1736 praesumptionis
1463 1666 1745 1737 agnoscit.
1775 1667 1884 1722 Sed
1906 1669 2055 1722 forte

398 1751 858 1823 recognitionem
907 1755 1127 1824 peccati
1175 1753 1448 1826 prohibet
1489 1759 1750 1826 potestas
1781 1756 2050 1828 imperii;

397 1840 560 1896 decet
575 1846 793 1896 tamem
811 1843 1080 1897 utvincat
1093 1844 1144 1908 [d
1157 1848 1290 1898 ucat
1307 1845 1460 1915 Vict]
1483 1845 1631 1900 ratio
1645 1849 2056 1917 potestatem.»

395 1928 549 1984 Item.
575 1931 784 1985 Ibidem
810 1936 929 2002 post
959 1933 1206 2003 aliquam
1243 1934 1445 1989 multa.
1489 1933 1836 1990 Ambrosius
1868 1935 2054 2007 impe-

397 2018 580 2072 ratori
595 2037 611 2072 :
627 2041 654 2068 ››
671 2018 980 2088 Quoniam,
997 2020 1211 2093 inquit,
1228 2021 1408 2077 furori
1422 2024 1892 2094 tuumjudicium
1907 2041 2058 2080 com'

400 2105 634 2174 misisli,
670 2112 727 2163 et
753 2125 868 2164 non
902 2109 1047 2165 ratio
1068 2109 1314 2181 protulit
1334 2111 1709 2181 sententiam,
1735 2113 1834 2168 sed
1861 2113 2054 2185 potius

396 2194 727 2263 iracundia,
760 2198 950 2254 scribe
976 2199 1161 2270 legem
1199 2215 1326 2270 qua:
1377 2202 1608 2256 decreta
1663 2203 1875 2258 furoris
1920 2219 2053 2258 eva-

397 2288 552 2353 cuet,
583 2289 639 2340 et
688 2285 744 2341 in
806 2285 914 2341 hac
944 2287 1181 2358 triginta
1214 2288 1420 2344 diebus
1451 2291 1707 2362 [Tripart
1735 2291 1864 2345 hist.
1896 2291 2056 2346 hodie

399 2374 483 2428 sic
525 2374 675 2444 legit,
707 2379 770 2429 ut
803 2375 1043 2446 triginta
1073 2376 1305 2444 diebus,
1363 2379 1496 2448 etc.]
1557 2380 1847 2434 sententia
1893 2381 2052 2435 necis

397 2467 573 2532 atque
604 2463 1054 2535 proscriptionis
1076 2465 1132 2519 in
1148 2464 1358 2522 litteris
1372 2469 1782 2524 tantummodo
1796 2474 2051 2536 maneat,

395 2551 766 2621 etjudicium
799 2553 1046 2609 rationis
1077 2559 1392 2626 exspectet.
1453 2557 1678 2623 Quibus
1737 2559 2052 2615 transactis

395 2637 606 2695 diebus
632 2640 720 2696 ira
757 2641 1026 2698 videlicet
1047 2645 1176 2714 jam
1208 2649 1490 2712 cessante,
1526 2646 1673 2702 ratio
1705 2663 1942 2703 causam
1958 2649 2054 2719 ju-

395 2727 623 2798 dicens,
648 2731 803 2802 apud
822 2732 1139 2804 semetipsa
1171 2749 1299 2804 qua
1360 2735 1694 2806 cognoverit
1744 2737 1855 2792 sub
1903 2737 2050 2793 veri-

398 2820 518 2872 tate
548 2818 844 2890 disponat.
880 2821 945 2875 ln
980 2821 1074 2876 his
1103 2821 1258 2878 enim
1292 2823 1500 2880 diebus
1548 2830 1916 2896 agnoscetur,
1977 2844 2048 2882 an

389 2905 552 2976 justa
585 2906 669 2962 sit
698 2924 874 2978 quam
898 2909 1212 2980 protuleris
1237 2929 1308 2967 an
1333 2913 1555 2984 injuste
1585 2916 1959 2972 sententiam.
1988 2921 2053 2972 Et

399 2993 449 3048 si
483 2994 719 3065 quidem
743 2998 886 3053 ratio
904 2999 1238 3070 probaverit
1264 3001 1505 3073 injuste,
1523 3019 1650 3074 quae
1667 3013 1804 3060 sunt
1823 3006 2051 3078 prolata

2181 437 2476 505 sacerdos,
2512 439 2740 512 capiam
2771 439 3111 512 imperatori
3134 438 3442 496 ecclesiam
3465 439 3845 512 ingrediendi

2181 525 2512 599 denegavit,
2548 545 2653 584 nec
2677 529 2846 600 prius
2871 528 3180 601 judicavit,
3204 528 3448 601 dignum
3473 533 3622 584 coetu
3647 529 3843 586 eccle-

2181 614 2280 670 sia:
2292 618 2383 671 vel
2397 634 2620 672 sacram
2631 617 3322 675 entorumcommuuione
3338 634 3514 690 quam
3537 619 3840 691 publicam

2180 710 2378 776 ageret
2403 707 2830 778 pcenitentiam.

2249 841 2385 909 Cap.
2423 840 2510 894 49.
2537 871 2604 882 —
2636 847 2714 897 De
2741 842 2972 897 diversis
2999 843 3250 898 materiis
3291 843 3725 898 homicidiorum
3783 853 3836 899 et

2244 927 2411 987 paena
2432 928 2646 987 eorum.
2671 914 3090 971 [mutationum
3118 916 3216 970 lib.
3251 933 3327 982 ιν,
3357 916 3524 972 titulo
3558 932 3622 970 ιιι
3672 914 3826 987 (lege

2249 982 2520 1056 Aquilia).

2249 1096 2308 1151 Si
2341 1099 2474 1168 quis
2505 1099 2764 1156 alienum
2797 1101 3092 1159 hominem
3126 1105 3450 1160 alienamve
3493 1104 3835 1176 quadrupe-

2176 1185 2330 1254 dem,
2358 1203 2486 1258 quze
2520 1190 2810 1260 pecudum
2853 1207 3100 1247 numero
3133 1193 3233 1260 sit,
3260 1193 3475 1264 injuria
3516 1192 3834 1258 occiderit,

2176 1275 2380 1344 quanti
2414 1293 2482 1331 ea
2508 1293 2600 1333 res
2633 1278 2690 1334 in
2716 1295 2781 1335 eo
2808 1296 2960 1336 anno
2983 1281 3219 1353 plurimi
3245 1283 3440 1354 fuerit,
3464 1287 3698 1338 tantum
3722 1283 3834 1337 do-

2173 1363 2334 1419 mino
2368 1365 2506 1420 dare
2539 1367 2871 1424 damnetur.
2906 1370 3068 1432 Quod
3104 1376 3300 1427 autem
3334 1389 3449 1428 non
3483 1373 3728 1444 praecise
3759 1371 3831 1425 de

2172 1453 2574 1526 quadrupede,
2611 1457 2713 1512 sed
2747 1458 2818 1512 de
2848 1475 2916 1513 ea
2945 1464 3172 1514 tantum
3205 1478 3329 1531 quas
3367 1462 3663 1533 pecudum
3716 1478 3830 1515 nu-

2172 1557 2334 1596 mero
2362 1548 2452 1598 est
2483 1549 2756 1601 cavetur:
2789 1563 2854 1601 eo
2888 1549 3147 1618 pertinet
3188 1555 3276 1617 ut,
3327 1567 3515 1622 neque
3565 1551 3637 1604 de
3686 1550 3827 1605 feris

2169 1631 2400 1698 bestiis,
2425 1650 2613 1704 neque
2645 1637 2713 1690 de
2727 1636 2972 1693 canibus
2986 1644 3227 1694 cautum
3241 1655 3370 1695 esse
3392 1639 3822 1712 intelligamus,

2086 1718 2130 1783 B
2162 1721 2262 1776 sed
2295 1722 2366 1777 de
2395 1721 2488 1778 his
2517 1727 2747 1778 tantum
2783 1742 2908 1797 quae
2942 1728 3232 1800 gregatim
3267 1729 3500 1801 proprie
3531 1729 3695 1800 pasci
3730 1729 3820 1783 di-

2166 1818 2401 1877 cuntur,
2434 1811 2638 1882 quales
2671 1819 2811 1869 sunt
2841 1815 2999 1887 equi,
3034 1816 3396 1887 muli,asini,
3436 1817 3817 1884 boves,oves,

2165 1914 2373 1970 caprm.
2408 1900 2488 1956 De
2517 1903 2723 1959 suibus
2756 1921 2989 1976 quoque
3037 1905 3193 1962 idem
3245 1907 3502 1980 placuit;
3559 1924 3697 1962 nam
3762 1913 3819 1962 et

2165 2004 2301 2044 sues
2328 2006 2602 2060 pecorum
2635 1992 3027 2064 appellatione
3053 1995 3446 2065 continentur,
3481 1997 3622 2067 quia
3656 2001 3716 2051 et
3759 1997 3816 2050 bi

2164 2078 2448 2148 gregatim
2476 2085 2818 2150 pascuntur.
2858 2084 3008 2151 Item,
3038 2085 3204 2154 paulo
3232 2093 3371 2154 post.
3406 2085 3626 2155 Injuria
3657 2085 3816 2141 occi-

2163 2165 2299 2220 dere
2332 2165 2699 2239 intelligitur,
2734 2170 2832 2239 qui
2866 2170 3027 2226 nullo
3057 2175 3188 2243 jure
3219 2173 3451 2228 occidit.
3485 2178 3690 2245 Itaque
3715 2174 3818 2244 qui

2163 2252 2448 2310 latronem
2469 2255 2850 2314 insidiantem
2876 2261 3178 2326 occiderit,
3206 2278 3322 2318 non
3348 2263 3816 2333 tenetur,utique

2162 2341 2211 2398 si
2244 2341 2419 2398 aliter
2447 2345 2771 2414 periculum
2807 2348 3060 2421 effugere
3090 2367 3204 2406 non
3263 2355 3474 2422 potest.
3526 2356 3608 2406 Ac
3643 2351 3816 2406 nobis

2163 2431 2399 2502 quidem
2431 2432 2538 2488 hac
2570 2433 2692 2505 lege
2721 2440 2955 2492 tenetur
2984 2439 3084 2510 qui
3117 2455 3257 2495 casu
3289 2440 3523 2509 occidit,
3557 2441 3606 2496 si
3643 2441 3815 2495 modo

2163 2523 2335 2593 culpa
2362 2523 2491 2592 ejus
2519 2523 2680 2579 nulla
2712 2525 3078 2598 inveniatur;
3112 2545 3249 2584 nam
3274 2528 3533 2601 alioquin
3559 2546 3674 2584 non
3701 2529 3812 2583 mi-

2161 2627 2273 2666 nus
2342 2628 2411 2667 ex
2470 2613 2602 2669 dolo
2652 2630 2829 2685 quam
2879 2633 2947 2672 ex
2998 2617 3172 2690 culpa
3225 2619 3479 2690 quisque
3529 2619 3636 2674 hac
3685 2618 3812 2690 lege

2158 2703 2413 2756 tenetur.
2449 2702 2652 2774 Itaque
2683 2704 2732 2759 si
2765 2705 2900 2776 quis
2931 2707 3073 2762 dum
3100 2707 3318 2777 jaculis
3343 2708 3491 2763 ludit
3522 2707 3608 2763 vel
3644 2723 3809 2762 exer-

2161 2796 2344 2861 cetur,
2379 2796 2779 2851 transeuntem
2805 2813 3037 2852 servum
3061 2803 3228 2854 tuum
3248 2799 3564 2870 trajecerit,
3589 2798 3810 2854 distin-

2161 2880 2380 2951 guitur.
2412 2885 2559 2938 Nam
2593 2885 2642 2939 si
2666 2885 2722 2940 id
2746 2901 2779 2940 a
2803 2886 2988 2942 milite
3008 2903 3074 2942 eo
3094 2903 3300 2958 campo
3324 2887 3422 2942 ubi
3447 2887 3689 2943 solitum
3719 2893 3811 2942 est

2159 2970 2460 3025 exercitari
2492 2972 2820 3029 admissum
2855 2980 2964 3043 est,
2999 2976 3162 3031 nulla
3191 2976 3363 3048 culpa
3410 2977 3539 3047 ejus
3588 2975 3809 3032 intelli-

395 3059 718 3155 dirumtet;
750 3087 800 3142 si
821 3059 954 3143 vero
979 3089 1164 3158 justa,
1189 3059 1467 3147 firmabit.
1494 3059 1750 3152 Illierum
1775 3059 2049 3152 vero
2081 3084 2122 3151 C
2160 3059 2334 3158 ﬁli“
2361 3060 2424 3158 ,εἰ
2456 3059 2615 3158 filius,
2642 3062 2757 3158 tf‘le
2788 3064 2927 3158 QE,“
2982 3065 3248 3158 ad_“_‘i8it)_
3276 3065 3462 3158 CPIP‘B
3512 3081 3648 3120 ι’θυδ
3695 3069 3806 3158 θείς

398 3188 596 3229 merus
615 3175 685 3230 ad
714 3175 836 3230 haec
857 3177 1243 3234 examinanda
1264 3181 1536 3236 sufficiet.
1557 3204 1578 3230 ι
1606 3186 1761 3238 Hanc
1785 3184 1855 3238 ad
1867 3185 2047 3240 moni-

394 3261 614 3318 tionem
636 3263 956 3336 imperator
976 3267 1173 3324 animo
1195 3267 1398 3324 libenti
1428 3270 1777 3342 suscipiens,
1809 3278 1866 3328 et
1896 3275 2047 3346 opti-

399 3366 554 3406 mam
589 3369 719 3408 esse
749 3354 1074 3410 conlidens.
1107 3355 1294 3428 legem
1335 3358 1623 3414 conscribi
1650 3366 1884 3432 repente
1903 3380 2044 3434 prae-

397 3441 568 3513 cepit,
601 3446 658 3497 et
689 3443 934 3514 propriaa
985 3461 1198 3500 manus
1231 3445 1441 3502 litteris
1475 3449 1861 3505 confirmavit.
1921 3452 2042 3515 Quo

397 3528 571 3598 facto,
604 3531 907 3587 vinculum
934 3534 1063 3605 ejus
1094 3533 1342 3590 absolvit
1363 3537 1728 3593 Ambrosius.
1779 3539 1913 3603 Quas
1955 3540 2045 3596 lex

396 3615 681 3674 hactenus
711 3620 1070 3678 observatur.
1105 3622 1206 3680 Est
1229 3625 1385 3680 enim
1413 3625 1754 3697 hujusmodi
1784 3630 2042 3701 :«Impe-

394 3709 553 3761 rator
587 3707 922 3778 Gratianus,
947 3711 1394 3769 Valentinianus
1429 3721 1483 3769 et
1530 3715 1894 3774 Theodosius
1924 3721 2039 3774 Au-

394 3797 574 3865 gusti,
610 3796 880 3854 Flaviano
911 3801 1179 3872 praefecto
1211 3803 1462 3873 praetorii
1495 3803 1727 3876 Illyrici.
1762 3807 1819 3862 Si
1852 3808 2039 3864 vindi-

394 3885 512 3939 cari
545 3884 603 3940 in
638 3885 868 3958 aliquos
905 3889 1164 3946 severius
1197 3897 1400 3947 contra
1433 3899 1694 3950 nostram
1724 3902 2042 3954 consuetu-

394 3971 591 4030 dinem
649 3991 753 4046 pro
812 3993 1001 4032 causa:
1059 3977 1278 4033 intuitu
1318 3980 1700 4049 jusserimus,
1762 3984 2039 4043 nolumus

393 4061 591 4117 statim
621 4079 721 4119 eos
752 4069 854 4120 aut
883 4065 1078 4121 subire
1108 4083 1364 4138 prunam,
1398 4071 1780 4142 autexcipere
1802 4078 2037 4131 senten-

393 4145 558 4219 tiam,
591 4150 693 4206 sed
723 4167 827 4222 per
855 4151 980 4209 dies
1011 4152 1256 4224 triginta
1285 4171 1463 4228 super
1489 4161 1645 4213 statu
1677 4175 1878 4216 eorum
1912 4179 2040 4220 sors

391 4240 449 4290 et
476 4239 712 4294 fortuna
741 4257 1031 4313 suspensa
1061 4243 1156 4298 sit.
1179 4265 1206 4293 ››

393 4340 522 4423 Cas.
557 4345 645 4423 [ιϐ.
680 4375 748 4423 -γ-
804 4347 952 4412 Quod
1000 4349 1349 4423 Theodosium
1407 4353 1795 4423 imperatorem
1855 4357 2038 4414 beatus

461 4414 775 4470 Ambrosius
805 4423 1022 4489 propter
1047 4421 1404 4477 indiseretum
1447 4414 1802 4482 homicidium
1833 4429 1900 4483 ab
1948 4432 2037 4485 in-

507 4491 674 4540 reuu'
702 4489 942 4545 ecclesiae

507 4501 674 4540 reuu'
702 4501 942 4545 eccleszae
994 4508 1018 4561 μ

461 4501 708 4623 ἵηιιείονε
738 4561 1018 4632 Paulino).

461 4642 775 4700 Maximum
800 4647 1210 4718 imperatorem
1234 4667 1266 4704 a
1288 4654 1720 4711 communionis
1746 4661 2038 4716 consortio

390 4732 719 4801 segregavit
736 4735 1095 4807 Ambrosius,
1118 4739 1439 4797 admonens
1462 4747 1525 4797 ut
1541 4744 1706 4800 effusi
1731 4747 2038 4818 sanguinis

389 4815 612 4872 domini
637 4821 751 4889 sui,
784 4827 839 4878 et
867 4823 1044 4894 (quod
1069 4831 1158 4881 est
1187 4828 1443 4898 gravius)
1465 4831 1811 4901 innocentis,
1845 4815 2040 4904 ageret

389 4907 811 4980 pmnitentiam,
845 4913 892 4967 si
925 4913 1034 4968 sibi
1053 4917 1203 4985 apud
1229 4916 1540 4975 Dominum
1566 4922 1732 4978 vellet
1755 4940 1882 4980 esse
1905 4941 2035 4981 con-

388 4995 632 5052 sultum.
653 5001 1338 5060 CausaThessalonensis
1369 5006 1616 5066 civitatis
1639 5028 1753 5067 non
1788 5014 2035 5071 minima

383 5085 689 5143 tribulatio
720 5091 1003 5146 successit
1035 5092 1366 5163 Ambrosio,
1400 5112 1532 5152 cum
1594 5116 1740 5170 pene
1796 5119 2030 5175 compe-

383 5173 560 5230 risset
589 5177 884 5234 civitatem
916 5179 1188 5237 deletam.
1223 5185 1577 5242 Promiserat
1608 5190 1764 5244 enim
1798 5191 1883 5246 illi
1914 5173 2030 5249 im-

384 5270 617 5335 perator
645 5281 708 5321 se
737 5267 965 5324 veniam
998 5269 1277 5326 daturum
1307 5272 1532 5329 civibus
1563 5279 1910 5348 supradicta
1942 5283 2027 5338 ci-

385 5353 602 5425 vitatis,
635 5355 734 5411 sed
767 5357 1075 5430 agentibus
1105 5359 1419 5417 comitibus
1439 5363 1667 5420 oceulte
1689 5381 1823 5422 cum
1842 5369 2026 5442 impe-

385 5447 594 5510 ratore,
627 5447 924 5504 sacerdote
953 5448 1278 5520 ignorante,
1311 5467 1498 5522 usque
1529 5453 1600 5507 ad
1651 5454 1854 5512 horam
1911 5463 2024 5514 ter-

387 5527 525 5583 tiam
557 5531 752 5602 gladio
783 5535 988 5592 civitas
1019 5542 1108 5594 est
1136 5540 1372 5610 donata,
1391 5546 1565 5614 atque
1595 5542 1832 5614 plurimi
1852 5547 2028 5604 inter-

2163 3147 2323 3202 ldem
2349 3148 2504 3219 juris
2536 3155 2624 3205 est
2653 3150 2724 3206 de
2758 3152 2966 3221 milite,
3005 3154 3053 3209 si
3086 3154 3143 3208 in
3175 3154 3288 3210 alio
3318 3154 3446 3210 loco
3479 3163 3656 3226 quam
3705 3155 3808 3225 qui

2155 3235 2484 3291 exercitand
2496 3237 2544 3293 is
2559 3237 2843 3295 militibus
2859 3241 3190 3298 destinatus
3203 3249 3291 3298 est
3305 3243 3360 3298 id
3381 3243 3641 3300 admisit.
3663 3244 3806 3299 Item

2155 3323 2205 3380 si
2237 3329 2475 3396 putator
2499 3343 2566 3381 ex
2597 3328 2803 3385 arbore
2848 3331 3072 3402 dejecto
3132 3349 3296 3388 ramo
3343 3349 3572 3388 servum
3627 3337 3803 3388 tuum

2154 3417 2560 3471 transeuntem
2585 3418 2894 3488 occiderit;
2917 3421 2966 3475 si
2990 3437 3168 3493 prope
3191 3421 3341 3476 viam
3368 3421 3805 3493 publicam,aut

2150 3501 2462 3560 vicinalem
2491 3504 2547 3560 id
2584 3505 2802 3561 factum
2834 3513 2944 3576 est,
2978 3525 3171 3581 neque
3203 3509 3590 3582 proclamavit
3623 3515 3689 3566 ut
3710 3527 3803 3566 ca-

2153 3607 2255 3647 sus
2285 3592 2485 3648 evitari
2519 3599 2716 3665 posset
2746 3596 2930 3668 culpae
2964 3615 3100 3654 reus
3130 3603 3237 3654 est.
3270 3600 3370 3654 Sin
3400 3599 3798 3671 proclamavit,

2153 3697 2342 3751 neque
2373 3682 2470 3738 ille
2500 3684 2724 3740 curavit
2752 3692 3155 3755 cavere,extra
3175 3689 3404 3762 culpam
3430 3694 3518 3745 est
3539 3694 3797 3761 putator.

2153 3774 2326 3827 Extra
2357 3772 2590 3844 culpam
2624 3791 2786 3845 aeque
2812 3793 2942 3833 esse
2973 3777 3326 3850 intelligitur
3351 3780 3401 3835 si
3433 3796 3704 3835 seorsum
3767 3797 3798 3835 a

2151 3860 2242 3915 via
2266 3861 2431 3930 forte,
2461 3863 2549 3918 vel
2580 3863 2637 3919 in
2671 3866 2865 3921 medio
2919 3867 3098 3923 fundo
3159 3869 3440 3935 caedebat,
3499 3867 3633 3924 licet
3685 3887 3798 3924 non

2149 3949 2772 4024 proclamaverit,quia
2795 3971 2859 4010 eo
2887 3955 3012 4012 loco
3037 3957 3182 4012 nulli
3199 3959 3591 4029 extraneojus
3613 3958 3802 4014 fuerat

2147 4039 2441 4096 versandi.
2474 4044 2758 4099 Praeterea
2791 4043 2842 4098 si
2874 4045 3158 4112 medicus,
3194 4047 3294 4118 qui
3346 4063 3578 4104 servum
3629 4051 3798 4102 tuum

2149 4127 2356 4198 secuit,
2391 4129 2770 4203 dereliquerit
2801 4135 3188 4203 curationem,
3223 4141 3394 4208 atque
3427 4137 3500 4192 ob
3540 4136 3597 4191 id
3646 4153 3799 4192 mor-

2147 4220 2290 4272 tuus
2306 4217 2481 4274 fuerit
2499 4236 2725 4291 servus,
2745 4222 2928 4296 culpae
2953 4240 3089 4280 reus
3110 4229 3218 4281 est.
3243 4225 3545 4298 Imperitia
3565 4241 3800 4297 quoque

2146 4303 2328 4377 culpae
2361 4307 2811 4377 adnumeratur,
2839 4312 3018 4369 veluti
3049 4314 3095 4369 si
3121 4315 3386 4370 medicus
3410 4314 3539 4370 ideo
3563 4331 3796 4370 servum

2144 4398 2313 4450 tuum
2342 4398 2641 4466 occiderit,
2675 4401 2829 4470 quod
2865 4418 2999 4457 eum
3032 4401 3186 4459 male
3209 4403 3484 4471 secuerit,
3520 4414 3626 4459 aut
3658 4421 3794 4476 per-

994 4491 1294 4561 prohibuit.
1347 4495 1430 4549 Ex
1490 4478 2037 4558 γίιᾶῇΪ-’ᾎῆὺνᾉί
2069 4478 2117 4544 D
2149 4500 2348 4556 peram
2383 4486 2434 4541 ei
2468 4488 2968 4547 medicamentum
2997 4492 3243 4549 dederit.
3279 4492 3504 4565 lmpetu
3561 4509 3795 4565 quoque

2151 4573 2470 4643 mularum,
2504 4592 2654 4647 quas
2687 4577 2869 4635 mulio
2902 4585 3135 4652 propter
3167 4581 3522 4654 imperitiam
3547 4599 3664 4638 non
3699 4600 3797 4654 po-

2151 4661 2328 4718 tuerit
2385 4664 2655 4732 retinere,
2700 4668 2749 4723 si
2812 4685 3016 4724 servus
3069 4674 3208 4725 tuus
3264 4687 3542 4741 opressus
3595 4671 3793 4738 fuerit,

2162 4752 2346 4824 culpae
2369 4769 2509 4810 reus
2526 4761 2614 4812 est
2629 4756 2962 4814 menlioSed
2987 4763 3044 4814 et
3065 4758 3113 4814 si
3133 4764 3368 4831 propter
3390 4759 3794 4816 infirmitatem

2149 4841 2399 4898 retinere
2425 4860 2522 4900 eas
2538 4863 2654 4901 non
2672 4847 2945 4917 potuerit,
2967 4864 3100 4902 cum
3123 4848 3275 4904 alius
3298 4849 3520 4904 ﬁrmior
3542 4851 3794 4906 retinere

2146 4932 2457 5004 potuisset,
2491 4951 2653 5005 aeque
2685 4935 2860 5007 culpa
2894 4940 3146 4992 tenetur.
3188 4938 3400 4993 Eadem
3445 4937 3796 5010 placuerunt

2145 5019 2214 5075 de
2244 5037 2310 5075 eo
2343 5038 2597 5092 quoque,
2630 5024 2730 5094 qui
2762 5040 2896 5080 cum
2928 5042 3080 5097 equo
3127 5026 3451 5095 veheretur,
3503 5027 3792 5100 impetum

2143 5110 2270 5180 ejus
2301 5114 2401 5165 aut
2432 5115 2668 5182 propter
2698 5113 3128 5186 infirmitatem,
3165 5120 3265 5172 aut
3295 5119 3531 5188 propter
3561 5118 3797 5190 imperi-

2138 5197 2280 5253 tiam
2314 5216 2484 5255 suam
2515 5201 2762 5257 retinere
2794 5220 2910 5258 non
2940 5205 3214 5276 potuerit.
3251 5205 3350 5262 His
3379 5211 3577 5262 autem
3599 5210 3790 5264 verbis

2139 5285 2286 5358 legis
2319 5288 2545 5358 (quanti
2579 5289 2636 5344 in
2669 5305 2734 5346 eo
2765 5309 2918 5349 anno
2950 5293 3191 5365 plurimi
3215 5295 3410 5365 fuerit)
3434 5294 3535 5351 illa
3555 5302 3789 5353 senten-

2135 5374 2218 5430 tia
2246 5376 2611 5447 exprimitur,
2637 5383 2702 5435 ut
2731 5381 2780 5437 si
2813 5383 2945 5453 quis
2976 5383 3278 5441 hominem
3307 5390 3471 5443 tuum
3499 5386 3788 5460 quihodie

2134 5461 2402 5530 claudus,
2437 5471 2538 5520 aut
2575 5484 2846 5539 mancus,
2891 5477 2992 5527 aut
3034 5471 3234 5530 luscus
3287 5482 3432 5548 erat,
3485 5477 3783 5547 occiderit,

2135 5551 2236 5624 qui
2256 5551 2314 5608 in
2331 5570 2396 5610 eo
2419 5571 2572 5612 anno
2595 5555 2822 5630 integer
2844 5565 2944 5616 aut
2964 5561 3256 5633 pretiosus
3284 5565 3457 5622 fuerit
3478 5583 3593 5622 non
3636 5567 3782 5625 tanti
