4002 6054
158 248 273 301 709

1091 254 1401 307 DECRETI
1441 253 1628 307 PARS
1665 251 1739 305 X.
1774 280 1841 291 ——
1890 253 1988 304 DE
2026 252 2449 321 HOMICIDIIS,
2490 258 2644 312 ETC.

3471 270 3578 325 710

155 373 291 463 ejus
314 371 519 463 fuisset
539 372 837 463 laudanda
857 373 1160 443 patientia,
1184 375 1287 429 sed
1310 373 1669 463 negligentia
1692 387 1806 463 me-
1840 375 1894 439 Α
1926 388 2042 427 non
2072 372 2381 463 ipsauiors
2405 384 2657 445 noceret,
2691 382 2791 436 sed
2824 391 3129 453 peccatum
3162 391 3317 459 quod
3351 395 3577 463 augeri-

157 460 275 514 rito
332 458 645 531 culpanda.
696 460 893 531 Neque
966 462 1122 516 enim
1190 468 1248 515 et
1316 460 1618 532 apostolus
1684 461 1812 515 vita

155 566 278 603 sua:
312 548 682 617 transitoria,
709 551 806 604 sed
826 549 1092 605 Ecclesiae
1107 550 1207 605 Dei
1233 550 1552 619 consuluit,
1577 552 1813 620 quando

154 641 363 692 contra
390 637 521 692 illos
552 638 650 708 qui
685 654 818 692 eum
851 639 1114 693 occidere
1145 640 1643 709 conspiraverant,
1680 655 1814 692 con-

155 725 359 781 silium
377 726 612 780 illorum
630 732 691 781 ut
704 728 941 782 tribuno
961 728 1303 798 proderetur
1316 727 1503 782 eﬁ‘ecit
1518 728 1657 795 (Act.
1676 727 1812 796 xxx).

155 814 319 869 Unde
352 815 573 870 factum
606 821 694 871 est
726 821 788 870 ut
818 833 950 872 eum
984 819 1055 872 ad
1088 816 1282 870 locum
1313 834 1428 888 quo
1464 816 1653 871 fuerat
1684 831 1814 886 per-

155 904 466 959 ducendus
522 905 836 959 deduceret
884 906 1053 960 miles
1107 910 1394 973 armatus,
1447 921 1517 958 ne
1584 904 1817 958 illorum

158 999 462 1063 pateretur
483 994 748 1048 insidias.
772 996 921 1062 Item,
946 993 1149 1049 ibidem
1172 994 1455 1065 aliquanto
1476 1002 1609 1063 post.
1626 993 1738 1064 (25,
1760 1010 1811 1064 q.

155 1084 209 1137 5.
244 1099 294 1137 c.
320 1083 455 1149 Quis
475 1084 669 1153 enim.)
691 1084 830 1146 Quis
855 1085 1008 1139 enim
1036 1088 1302 1139 nostrum
1328 1082 1465 1137 velit
1488 1099 1602 1137 non
1623 1082 1813 1137 solum

157 1170 420 1243 aliquem
474 1172 836 1227 inimicorum
877 1173 1085 1244 perire,
1118 1189 1319 1227 verum
1364 1171 1540 1226 etiam
1592 1170 1813 1242 aliquid

158 1260 450 1329 perdere?
492 1261 601 1315 Sed
635 1262 683 1316 si
730 1261 899 1315 aliter
944 1278 1058 1315 non
1110 1260 1325 1315 meruit
1363 1260 1576 1315 habere
1612 1276 1812 1331 pacem

159 1348 376 1403 domus
428 1350 631 1419 David,
697 1349 811 1404 nisi
855 1348 1111 1404 Absalon
1162 1349 1319 1404 ﬁlius
1368 1350 1497 1418 ejus
1541 1349 1600 1402 in
1660 1348 1813 1403 bello

157 1438 315 1506 quod
378 1443 578 1493 contra
637 1443 863 1509 patrem
926 1438 1181 1509 gerebat,
1243 1438 1455 1493 fuisset
1521 1437 1812 1492 extinctus

157 1526 434 1595 quamvis
477 1543 692 1598 magna
744 1544 886 1581 cura
940 1527 1322 1581 mandaverat
1372 1527 1496 1580 suis
1550 1532 1613 1579 ut
1676 1541 1810 1580 eum

158 1624 452 1691 quantum
511 1621 782 1688 possent,
834 1617 1030 1671 vivum
1094 1615 1441 1685 salvumque
1488 1619 1809 1684 servarent,

1927 466 2147 552 posset,
2171 462 2220 517 si
2250 464 2528 521 viverent.
2552 467 2675 523 Non
2709 475 2927 527 temere
2959 474 3040 527 illi
3066 462 3578 552 judicabant,qui—

1926 550 2037 640 bus
2066 553 2179 605 tale
2209 553 2502 622 judicium
2530 556 2850 613 donaverat
2880 560 3055 617 Deus.
3102 564 3241 620 Inde
3290 572 3380 622 est
3423 550 3575 640 quod

1927 638 2079 729 filias
2098 642 2331 729 multos
2356 648 2541 697 morte
2573 645 2783 711 aﬂ‘ecit,
2802 656 2859 702 et
2889 653 3125 721 propria
3148 671 3351 724 manu,
3375 638 3579 729 etigne

1929 727 2209 783 divinitus
2240 730 2550 801 impetrato
2582 734 2677 803 (III
2700 736 2822 805 Reg.
2858 754 2994 793 XVIII
3015 757 3035 800 ;
3060 743 3129 795 1V
3156 746 3283 812 Reg.
3321 747 3378 815 ι).
3414 727 3576 811 Quod

1928 821 1983 870 et
2012 816 2109 870 alii
2144 817 2312 873 multi
2339 822 2606 891 magniet
2633 824 2937 881 diviniviri
2964 830 3165 885 eodem
3183 834 3575 903 spiritu,con-

1926 904 2172 960 sulendo
2206 908 2381 962 rebus
2414 909 2712 979 humanis,
2748 931 2862 969 non
2911 920 3129 973 temere
3171 922 3452 979 fecerunt.
3499 931 3578 982 De

1927 1009 2043 1063 quo
2064 995 2331 1051 Eliacum
2347 999 2673 1069 exemplum
2692 1002 2993 1060 dedissent
3009 1008 3306 1079 discipuli,
3330 1013 3576 1070 Domino

1926 1092 2456 1174 commemorantes
2487 1088 2626 1158 quid
2662 1092 2732 1145 ab
2764 1107 2830 1146 eo
2854 1093 3071 1150 factum
3096 1099 3263 1166 sit,ut
3294 1103 3469 1156 etiam
3494 1104 3580 1174 ip-

1927 1171 2007 1226 sis
2038 1173 2204 1228 daret
2224 1179 2569 1243 potestatem
2587 1181 2819 1249 petendi
2840 1182 2910 1236 de
2938 1185 3076 1239 c0310
3105 1187 3322 1258 ignem,
3347 1190 3415 1243 ad
3438 1171 3574 1246 con-

1924 1262 2280 1316 sumendum
2312 1280 2410 1319 eos
2434 1267 2533 1335 qui
2561 1267 2675 1321 sibi
2709 1268 3029 1338 hospitium
3081 1292 3197 1329 non
3253 1279 3576 1347 praeberent

1924 1349 2302 1438 reprehendit
2322 1353 2379 1406 in
2394 1353 2477 1409 eis
2501 1356 2780 1413 Dominus
2805 1359 2955 1429 (Luc.
2980 1362 3078 1432 1x),
3102 1380 3215 1417 non
3239 1368 3573 1438 exemplum

1925 1437 2219 1507 prophetae
2252 1442 2462 1509 sancti,
2480 1446 2583 1499 sed
2602 1444 2996 1515 ignorantiam
3012 1452 3342 1509 vindicandi
3363 1437 3572 1526 (Matth.

1920 1530 2081 1594 xxxi),
2101 1543 2230 1597 quae
2251 1530 2444 1585 adhue
2462 1536 2587 1587 erat
2606 1532 2665 1588 in
2689 1536 2957 1605 rudibus,
2979 1540 3448 1600 animadvertens
3474 1563 3575 1602 eos

1922 1630 2037 1668 non
2072 1632 2270 1672 amare
2309 1619 2549 1689 [amore,
2603 1622 2749 1691 orig.
2801 1642 2874 1680 γη.
2910 1642 2953 1680 .ς.
2997 1644 3041 1682 s.
3090 1628 3235 1700 Ger.]
3290 1636 3577 1706 correptio

159 1712 224 1763 ut
254 1712 414 1763 esset
434 1707 527 1761 cui
562 1704 863 1777 pmnitenti
888 1708 1166 1794 paternus
1194 1703 1806 1794 aﬂ'ectusignosceret,
1842 1728 1888 1792 B
1921 1719 2077 1771 nem,
2113 1706 2212 1760 sed
2241 1708 2374 1762 odio
2416 1710 2748 1767 desiderare
2796 1715 3134 1773 vindictam.
3160 1720 3363 1791 Itaque
3412 1703 3578 1794 post-

157 1798 304 1868 quid
338 1796 388 1851 ei
422 1795 636 1850 restitit
668 1792 1265 1865 nisiperditumﬁere,
1296 1792 1455 1846 etsui
1475 1791 1636 1862 regni
1669 1808 1809 1862 pace

156 1885 451 1958 acquisita
481 1900 647 1938 suam
683 1882 1019 1938 maestitiam
1045 1881 1333 1936 consolari
1357 1880 1383 1935 ’ἶ
1404 1882 1459 1935 II
1475 1882 1597 1950 Reg.
1622 1882 1807 1952 xvm.)

152 2022 292 2077 CAP.
325 2020 415 2073 60.
448 2049 516 2059 —
548 2016 698 2085 Quod
726 2032 837 2070 non
867 2015 939 2069 sit
960 2014 1185 2069 idoneus
1212 2013 1279 2068 ad
1310 2013 1668 2068 exercendam
1690 2015 1809 2068 vin-

221 2092 434 2147 dictam
466 2090 575 2144 nisi
606 2088 700 2159 qui
730 2085 1004 2157 superarit
1025 2086 1211 2159 odium
1235 2085 1674 2159 mansuetudine.
1695 2087 1807 2159 Au-

219 2165 503 2232 gustinus,
530 2157 886 2215 De’Sermone
911 2160 1134 2212 Domini
1160 2157 1217 2211 in
1264 2166 1467 2225 monte,
1516 2157 1658 2212 libro
1686 2158 1807 2229 pri-

225 2252 335 2305 mo,
376 2251 496 2304 cap.
531 2233 619 2286 37.

224 2371 341 2438 (23,
375 2386 424 2440 q.
454 2370 509 2439 4,
550 2385 595 2423 c.
643 2369 719 2421 Ea
740 2367 1004 2435 vindicta)
1038 2365 1117 2419 Ea
1159 2363 1417 2418 vindicta
1451 2380 1567 2418 non
1609 2364 1808 2435 prohi-

152 2461 328 2514 betur
356 2475 479 2528 quae
524 2458 593 2511 ad
629 2455 1015 2511 corectioncm
1046 2452 1222 2520 valet,
1274 2454 1402 2525 ipsa
1434 2453 1590 2507 enim
1632 2454 1809 2508 etiam

146 2548 405 2621 pertinet
434 2548 505 2602 ad
542 2542 1149 2601 misericordiam.Nec
1172 2541 1574 2614 impeditillud
1598 2558 1809 2614 propo-

149 2639 358 2705 situm,
393 2653 507 2707 quo
541 2636 793 2706 quisque
825 2638 1067 2705 paratus
1100 2637 1189 2687 est
1212 2633 1282 2687 ab
1301 2647 1367 2686 eo
1412 2646 1585 2702 quem
1616 2646 1809 2685 corre-

151 2732 323 2799 ptum
375 2741 506 2781 esse
536 2725 679 2789 vult,
716 2722 881 2794 plura
914 2722 1187 2793 perferre.
1220 2722 1326 2775 Sed
1360 2719 1495 2773 huic
1539 2719 1809 2774 vindictae

152 2815 474 2871 referendae
490 2831 602 2868 non
618 2817 708 2868 est
723 2813 989 2880 idoneus,
1008 2810 1118 2865 nisi
1139 2811 1235 2881 qui
1264 2809 1465 2863 odium
1490 2824 1604 2878 quo
1620 2806 1809 2863 solent

152 2910 403 2975 ﬂagrare
449 2903 551 2974 qui
600 2919 663 2957 se
711 2900 1007 2955 vindicare
1071 2898 1427 2963 desiderant,
1478 2897 1808 2952 dilectionis

153 2992 614 3049 mansuetudine
661 2989 1042 3061 superaverit.
1074 2987 1198 3041 Non
1233 2987 1386 3041 enim
1427 2986 1805 3041 metuendum

154 3086 267 3151 est,
299 3098 370 3137 ne
392 3082 586 3136 odisse
619 3077 921 3151 parvulum
954 3076 1139 3131 ﬁlium
1174 3081 1445 3147 parentes
1478 3075 1804 3141 videantur,
1839 3090 1881 3157 ρ

153 3188 292 3226 cum
329 3171 399 3224 ad
433 3171 517 3225 eis
545 3168 785 3239 vapulat
811 3183 1081 3238 peccans,
1119 3181 1192 3220 ne
1223 3168 1420 3235 peccet
1447 3163 1714 3218 ulterius.
1741 3164 1811 3217 Et

152 3267 311 3317 certe
327 3254 1256 3331 perfectiodilectionisipsiusDei
1280 3253 1465 3308 Patris
1482 3252 1811 3307 imitatione

154 3351 327 3405 nobis
350 3347 714 3420 proponitur,
748 3362 881 3400 cum
910 3345 968 3398 in
990 3342 1375 3414 sequentibus
1397 3342 1643 3397 dicitur:
1670 3342 1811 3397 Dili-

153 3442 267 3508 gile
316 3439 574 3493 inimicos
604 3440 822 3499 vestros,
858 3435 1160 3503 benc/acite
1193 3434 1277 3486 his
1308 3434 1407 3503 qui
1434 3432 1669 3486 oderunt
1699 3448 1808 3497 vos,

152 3532 205 3585 et
255 3532 406 3583 orate
447 3544 549 3598 pro
594 3529 674 3580 eis
706 3526 806 3595 qui
836 3540 925 3579 vos
952 3524 1363 3594 persequuntur
1387 3521 1596 3591 (Matth.
1630 3521 1709 3590 v).
1744 3520 1813 3573 Et

156 3623 357 3673 tamen
391 3617 461 3671 de
492 3616 619 3687 ipso
650 3614 870 3669 dicitur
917 3628 1019 3684 per
1048 3612 1394 3682 Prophetam
1420 3627 1439 3664 :
1464 3610 1633 3677 Quem
1662 3610 1812 3663 enim

156 3707 352 3775 diligit
382 3707 649 3759 Dominus
668 3701 920 3770 corrigit,
941 3701 1191 3771 ﬂagellat
1207 3703 1387 3754 autem
1403 3714 1618 3754 omnem
1630 3698 1811 3767 [ilium

158 3814 323 3868 quem
376 3796 569 3865 recipit
600 3796 781 3864 (Prov.
816 3808 914 3853 III,‘
966 3792 1134 3846 Hebr.
1165 3792 1286 3860 xu).
1346 3791 1499 3845 Dicit
1527 3798 1577 3844 el
1610 3787 1810 3844 Domi-

158 3903 275 3941 nus
301 3902 315 3940 :
347 3887 541 3940 Servus
571 3886 667 3955 qui
700 3885 870 3937 nescit
900 3882 1243 3936 voluntatem
1272 3879 1489 3934 domini
1510 3881 1624 3946 sui,
1645 3882 1694 3934 et
1722 3882 1809 3948 fa-

155 3979 234 4030 cit
265 3976 441 4043 (ligna
468 3974 655 4044 plagis
688 3970 970 4041 vapulabit
1000 3972 1194 4041 paucis
1220 3987 1232 4025 :
1266 3970 1465 4025 Servus
1495 3973 1687 4025 autem
1717 3970 1814 4039 qui

156 4067 267 4119 scit
322 4064 655 4118 voluntatem
702 4060 916 4116 domini
958 4061 1068 4126 sui,
1114 4066 1166 4113 et
1210 4060 1342 4127 facit
1391 4059 1562 4126 digna
1606 4058 1810 4128 plagis,

156 4154 444 4225 vapulabit
472 4151 661 4206 multis
691 4154 847 4219 (Luc.
874 4150 992 4218 x11).
1029 4147 1153 4202 Non
1187 4162 1323 4218 ergo
1357 4148 1666 4218 quaeritur,
1698 4146 1811 4200 nisi

161 4248 225 4296 ut
255 4246 313 4296 et
344 4241 466 4312 ipse
510 4239 766 4294 vindicet
799 4238 894 4293 cui
925 4252 1121 4291 rerum
1153 4235 1356 4289 ordine
1390 4240 1644 4306 potestas
1678 4235 1813 4289 data

160 4335 273 4397 est,
308 4337 363 4384 et
407 4347 472 4384 ea
502 4329 803 4384 voluntate
831 4325 1105 4393 vindicet,
1159 4342 1274 4396 qua
1308 4329 1469 4395 pater
1504 4323 1809 4395 parvulum

163 4420 377 4489 ﬁlium,
427 4434 601 4489 quem
638 4433 738 4489 per
766 4419 996 4471 aetatem
1041 4414 1234 4469 odisse
1285 4415 1549 4469 nondum
1598 4418 1804 4484 potest.

170 4508 312 4563 Uine
344 4508 496 4562 enim
518 4505 959 4578 apertissimum
973 4502 1307 4574 exemplum
1325 4504 1518 4572 datur,
1538 4520 1653 4573 quo
1669 4502 1811 4557 satis

167 4603 447 4669 appareat
498 4612 669 4667 posse
700 4598 1006 4666 peccatum
1041 4608 1238 4648 amore
1284 4593 1481 4662 potius
1530 4592 1811 4648 vindicari

168 4704 347 4758 quam
380 4686 736 4757 impunitum
753 4682 1028 4754 relinqui,
1062 4686 1125 4737 ut
1148 4680 1314 4735 illum
1337 4698 1511 4752 quem
1536 4682 1810 4749 vindicat,

169 4793 284 4831 non
328 4792 497 4846 poena
528 4774 831 4843 miserum,
866 4771 964 4826 sed
1000 4770 1355 4826 correctione
1388 4772 1621 4824 beatum
1655 4770 1811 4836 velit,

169 4870 411 4936 paratus
445 4872 634 4918 tamen
651 4863 699 4917 si
733 4878 879 4932 opus
902 4862 1155 4932 sitaaquo
1176 4859 1370 4914 animo
1391 4859 1553 4929 plura
1568 4859 1813 4914 tolerare

167 4955 239 5010 ab
290 4971 355 5008 eo
404 4952 605 5007 illicita
635 4950 839 5021 (illata,
872 4950 1061 5020 orig],
1094 4966 1265 5019 quem
1298 4948 1421 5003 vult
1451 4965 1580 5003 esse
1621 4964 1812 5004 corre-

164 5050 329 5113 ptum
351 5044 500 5107 ;sive
520 5042 575 5095 in
592 5058 725 5095 eum
747 5042 955 5096 habeat
982 5044 1327 5109 potestatem
1344 5038 1671 5101 coercendi,
1696 5038 1814 5091 sive

163 5148 278 5186 non
309 5131 536 5185 habeat.
561 5130 748 5200 (Ibid,
772 5144 817 5185 e.
842 5129 955 5200 38.)
974 5126 1652 5199 Magniautemctsaucti
1678 5126 1813 5195 viri,

163 5220 265 5292 qui
288 5220 416 5290 jam
446 5220 662 5289 optime
692 5220 905 5275 scirent
928 5223 1177 5273 mortem
1201 5217 1375 5271 istam
1404 5234 1531 5287 qua:
1553 5215 1810 5269 animam

164 5308 434 5364 dissolvit
450 5326 484 5363 a
500 5325 736 5378 corpore
752 5326 862 5363 non
880 5324 1004 5362 esse
1021 5308 1225 5361 formid
1238 5306 1703 5371 andam,secund
1717 5321 1814 5359 um

170 5414 372 5453 eorum
396 5402 593 5453 tamen
627 5398 890 5452 animum
908 5396 1006 5467 qui
1032 5396 1196 5449 illam
1215 5395 1508 5460 timerent,
1529 5394 1815 5449 nonnulla

173 5491 413 5559 peccata
444 5490 629 5541 morte
661 5487 1030 5557 puniverunt,
1054 5502 1170 5556 quo
1202 5488 1259 5537 et
1288 5484 1618 5538 viventibus
1651 5484 1813 5539 utilis

173 5582 367 5634 metus
418 5576 798 5644 incuteretur,
831 5579 888 5629 et
920 5575 1033 5629 illis
1066 5573 1167 5645 qui
1195 5578 1381 5629 morte
1414 5572 1816 5643 puniebantur

1919 1808 2167 1863 eaquam
2201 1812 2298 1850 eos
2331 1796 2529 1852 docuit
2572 1801 2712 1869 quid
2750 1808 2905 1857 esset
2954 1804 3195 1877 diligere
3244 1811 3573 1880 proximum

1917 1885 2200 1952 tanquam
2215 1886 2499 1956 seipsum,
2518 1890 2712 1946 infuso
2731 1893 2907 1947 etiam
2922 1896 3137 1965 Spiritu
3160 1905 3383 1967 sancto,
3398 1919 3573 1973 quem

1918 1971 2117 2027 decem
2143 1974 2351 2030 diebus
2406 1979 2711 2049 completis
2760 1989 2892 2052 post
2938 1986 3344 2043 ascensionem
3404 1971 3573 2046 suam

1920 2060 2649 2134 desuper,utpromiserat,
2676 2069 2987 2142 misit(.4ct.
3014 2074 3096 2145 ιι),
3120 2092 3233 2130 non
3266 2078 3577 2134 defuerunt

1920 2148 2066 2203 tales
2094 2151 2361 2206 vindicta:
2396 2157 2666 2223 quamvis
2688 2158 2871 2214 multo
2896 2162 3086 2217 rarius
3108 2181 3283 2233 quam
3305 2166 3363 2220 in
3380 2168 3577 2224 Veteri

1920 2238 2319 2295 Testamento.
2353 2241 2435 2296 Ibi
2464 2245 2622 2299 enim
2667 2264 2737 2300 ex
2786 2250 2993 2320 majori
3044 2258 3209 2322 parte
3259 2256 3577 2312 servientes

1919 2415 2087 2470 liberi
2121 2418 2719 2478 nutriebantur.Nam
2767 2430 2821 2479 et
2870 2429 3063 2483 verbis
3126 2431 3373 2502 apostoli
3424 2435 3577 2489 Petri

1920 2506 2177 2561 Ananias
2209 2512 2267 2562 et
2299 2526 2443 2564 uxor
2463 2511 2614 2581 ejus,
2638 2512 2789 2568 sicut
2812 2516 2867 2570 in
2892 2516 3141 2573 Actibus
3175 2521 3573 2591 apostolorum

1920 2592 2172 2665 legimus
2200 2597 2351 2668 (.4ct.
2375 2600 2452 2669 v),
2487 2601 2787 2659 exanimes
2819 2605 3172 2677 ceciderunt,
3197 2625 3301 2664 nec
3330 2612 3578 2667 resusci-

1921 2683 2030 2739 tati
2060 2689 2220 2755 sunt,
2254 2687 2354 2741 sed
2377 2688 2615 2760 sepulti.

1919 2791 2048 2846 CAP.
2082 2792 2174 2873 61ἶ
2209 2822 2275 2875 Τ-
2307 2793 2467 2875 Quod
2495 2796 2704 2875 Christi
2731 2803 2825 2875 est,
2850 2800 3113 2857 inimicus
3160 2804 3255 2875 qui
3306 2804 3572 2862 Christia-

1987 2879 2124 2945 num
2154 2862 2363 2930 iniuste
2384 2872 2757 2945 persequitur.
2790 2872 3077 2944 Augustin.
3111 2862 3301 2931 contra
3351 2879 3573 2935 Cresco-

1987 2941 2149 2988 nium
2178 2941 2607 3005 grammaticum
2645 2943 2764 3012 (lib.
2799 2941 2888 3015 in,
2914 2962 2960 3001 c.
2992 2946 3106 3018 51).

1992 3023 2272 3094 Quisquis
2303 3025 2699 3083 Christianum
2726 3031 2967 3103 iniquus
3000 3034 3222 3107 (inquis
3248 3036 3417 3092 habet
3464 3040 3574 3093 Au-

1921 3119 2058 3182 gust.
2081 3117 2139 3166 ut
2170 3115 2339 3169 verba
2366 3115 2479 3170 sint
2510 3119 2810 3190 Cresconii)
2834 3123 3223 3195 persequitur,
3244 3126 3456 3182 Christi
3490 3130 3580 3184 est

1921 3201 2217 3258 inimicus.
2264 3203 2481 3259 Verum
2519 3207 2689 3278 dicis,
2739 3209 2788 3263 si
2831 3228 2947 3265 non
3000 3213 3122 3283 [sed
3157 3231 3296 3282 non,
3327 3233 3405 3272 m.
3438 3233 3481 3272 .ς.
3528 3233 3574 3272 .ς.

1922 3288 2067 3360 Ger.)
2103 3291 2209 3345 hoc
2230 3292 2287 3345 in
2318 3293 2413 3349 illo
2437 3298 2811 3368 persequitur
2841 3301 2995 3371 quod
3023 3301 3250 3357 Christo
3277 3310 3365 3358 est
3389 3304 3584 3359 inimi-

1921 3395 2079 3434 cum.
2113 3380 2312 3451 Neque
2345 3384 2498 3437 enim
2528 3385 2803 3441 dominus
2833 3386 2891 3441 in
2927 3405 3112 3453 servo,
3144 3395 3303 3459 pater
3335 3392 3392 3446 in
3435 3393 3577 3460 ﬁlio,

1923 3468 2174 3523 maritus
2206 3470 2264 3523 in
2308 3472 2556 3543 conjuge
2599 3490 2732 3529 cum
2784 3478 2903 3530 sint
2952 3479 3183 3547 utrique
3233 3480 3579 3549 Christiani,

1922 3576 2036 3614 non
2058 3559 2272 3613 debent
2291 3561 2561 3631 persequi
2585 3563 2726 3617 vitia
2749 3563 3094 3621 Christiana:
3114 3570 3407 3625 contraria
3428 3572 3574 3626 veri-

1921 3647 2047 3703 tati.
2080 3650 2166 3702 An
2190 3664 2324 3703 vero
2344 3648 2393 3702 si
2412 3665 2527 3704 non
2552 3660 3004 3724 persequantur,
3028 3672 3143 3711 non
3165 3658 3246 3712 rei
3274 3660 3574 3732 negligen-

1922 3736 2019 3791 tiae
2047 3736 2256 3792 merito
2288 3736 2685 3793 tenebuntur?

1921 3844 2056 3899 CAP.
2109 3845 2198 3899 62.
2250 3875 2317 3925 τ-
2369 3846 2526 3925 Quod
2570 3863 2815 3925 coercere
2867 3852 3198 3925 proximum
3224 3853 3298 3909 sit
3343 3854 3580 3925 diligere

2065 3932 2207 3972 eum.
2240 3916 2582 3988 Augustinus
2601 3921 2675 3974 ad
2704 3916 3080 3978 Macedoniam
3113 3925 3295 3995 (epist.
3320 3927 3433 3992 52).

1993 4006 2104 4076 (23,
2130 4024 2180 4077 q.
2203 4008 2252 4076 4,
2274 4024 2319 4062 c.
2343 4007 2550 4079 Debet.)
2577 4009 2947 4067 Debethomo
2977 4012 3221 4085 diligere
3244 4016 3575 4086 proximum

1924 4098 2208 4166 tanquam
2242 4097 2523 4169 seipsum,
2558 4103 2624 4153 ut
2654 4116 2828 4169 quem
2859 4103 3112 4172 potuerit
3149 4102 3446 4157 hominem
3484 4105 3569 4160 vel

1925 4186 2317 4241 beneﬁcentiae
2339 4187 2759 4252 consolatione,
2796 4190 2880 4243 vel
2908 4191 3325 4246 informatione
3358 4192 3577 4248 doctri-

1922 4291 2029 4343 nte,
2083 4275 2167 4329 vel
2196 4276 2524 4346 disciplinae
2554 4277 2846 4332 coertione
2874 4279 3131 4334 adducat
3159 4281 3229 4335 ad
3264 4281 3575 4337 colendum

1926 4363 2133 4417 Deum.

1838 4451 1886 4517 D
1920 4451 2049 4507 CAP.
2081 4452 2273 4527 63.__—-
2304 4452 2453 4520 Quod
2476 4452 2631 4527 mala
2656 4455 2910 4527 voluntas
2940 4470 3052 4509 non
3083 4462 3166 4510 est
3206 4461 3577 4527 permittenda

1994 4538 2112 4666 ἰςαέιξ
2138 4522 2426 4664 ίιὶίὲιὲἷῖιιὶ.
2467 4526 2695 4595 August.
2738 4525 2808 4580 ad
2874 4527 3147 4582 Donatum
3196 4522 3577 4603 presbyterum

2017 4611 2178 4666 epis.
2346 4637 2359 4649 .

2017 4611 2178 4666 epist.
2211 4611 2359 4664 Ζυιι).

1995 4685 2103 4751 Qui
2136 4684 2485 4758 diliguntur,
2531 4685 2701 4741 malae
2751 4703 2869 4742 suae
2914 4688 3205 4745 voluntati
3245 4690 3489 4764 impune
3520 4699 3579 4750 et

1926 4774 2237 4829 crudeliter
2260 4775 2631 4846 permittendi
2665 4793 2779 4832 non
2817 4781 2976 4848 sunt,
3012 4779 3136 4833 ‘sed
3168 4780 3269 4835 ubi
3320 4788 3578 4853 potestas

1925 4864 2118 4930 datur,
2153 4868 2209 4917 et
2239 4863 2456 4925 amalo
2486 4864 2855 4936 prohibendi,
2880 4871 2937 4922 et
2965 4867 3035 4922 ad
3062 4868 3284 4925 bonum
3306 4873 3573 4943 cogendi.

1924 4952 2068 5006 Nam
2095 4952 2142 5006 si
2176 4952 2448 5008 voluntas
2483 4954 2638 5009 mala
2666 4970 2900 5025 semper
2929 4974 3047 5012 suae
3073 4959 3467 5029 permittenda
3489 4967 3578 5015 est

1923 5041 2203 5107 libertati,
2239 5059 2418 5112 quare
2450 5043 2752 5099 Israelitici
2780 5052 3120 5103 recusantes
3152 5055 3210 5104 et
3232 5066 3576 5106 mumuran-

1923 5134 2154 5185 testam
2187 5130 2353 5185 duris
2383 5131 2630 5203 flagellis
2652 5149 2685 5187 a
2716 5133 2872 5189 malo
2906 5136 3398 5206 prohibebantur,
3431 5144 3486 5194 et
3504 5140 3573 5193 ad

1924 5223 2141 5274 terram
2158 5219 2658 5291 compellebantur
2686 5223 3147 5295 promissionis?
3195 5227 3254 5281 Si
3303 5226 3575 5282 voluntas

1927 5307 2081 5364 mala
2108 5325 2227 5364 suae
2258 5310 2651 5380 permittenda
2680 5318 2770 5367 est
2802 5312 3082 5383 libertati,
3127 5331 3308 5386 quare
3360 5315 3576 5370 Paulus

1925 5415 2040 5453 non
2059 5402 2146 5453 est
2168 5398 2491 5469 permissus
2507 5402 2589 5455 uti
2616 5401 2873 5472 pessima
2905 5401 3209 5458 voluntate
3233 5420 3350 5474 qua
3382 5420 3577 5475 perse-

1925 5486 2217 5558 quebatur
2245 5487 2586 5558 Ecclesiam,
2620 5491 2721 5545 sed
2756 5494 3086 5561 prostratus
3108 5496 3218 5560 est,
3242 5496 3308 5548 ut
3323 5508 3575 5551 excaeca-

1925 5580 2085 5633 retur
2114 5576 2250 5647 (Act.
2286 5578 2721 5648 ix,)excrecatus
2758 5584 2818 5633 ut
2852 5583 3483 5653 mutaretur,mutatus
3507 5590 3572 5643 ut
