3972 6064
421 267 521 322 711
1511 268 1578 318 D.
1616 261 1858 318 IVONIB
1891 261 2391 318 CARNOTENSIS
2427 265 2745 321 EPISCOPI
3349 317 3352 322 _
3725 262 3848 317 712

421 390 774 456 mitteretur,
805 387 1026 445 missus
1050 390 1114 444 ut
1135 386 1332 460 qualia
1361 385 1576 441 fecerat
1604 384 1664 439 in
1691 400 1884 440 errore
1913 382 2055 438 talia
2081 384 2134 450 Α
2163 383 2252 439 vir
2280 389 2520 442 sanctus
2549 386 2820 453 trahitur,
2840 385 2974 458 quis
3014 384 3166 440 alius
3190 385 3261 440 ad
3287 384 3658 440 irascendum
3706 383 3836 438 nisi

419 497 524 552 pro
543 479 786 536 veritate
810 483 1104 552 pateretur
1122 477 1219 531 ?Si
1235 474 1502 530 voluntas
1526 472 1680 530 mala
1697 489 2061 546 sempersuaa
2171 474 2438 544 ejusdem
2469 476 2672 548 templi
2706 475 3065 530 inhabitator
3093 475 3380 530 excitatur
3401 473 3428 528 ?
3459 478 3643 528 Tanto
3685 489 3838 543 ergo

415 569 807 642 permittenda
829 572 918 624 est
947 565 1227 632 libertati,
1263 580 1444 635 quare
1477 569 1751 619 monetur
1799 567 1963 635 pater
2000 564 2058 619 in
2171 564 2488 620 metuenda
2516 573 2601 619 est
2632 565 2718 619 ira
2739 565 3302 636 justorum,quanto
3317 566 3374 618 et
3402 566 3651 632 constat,
3686 563 3838 633 qu’a

412 659 730 730 Scripturis
762 657 982 714 sanctis
1015 655 1201 708 {ilium
1233 655 1449 708 durum
1483 669 1598 708 non
1627 651 1818 708 solum
1871 652 2061 708 verbis
2170 652 2229 706 in
2263 667 2464 708 eorum
2497 653 2773 709 cordibus
2801 653 2899 708 ille
2931 669 3189 725 praesens
3210 657 3320 718 est,
3349 651 3447 722 qui
3472 652 3542 706 ad
3566 651 3839 706 inferen-

415 749 727 820 corripere,
760 746 860 802 sed
893 745 1069 800 etiam
1103 742 1288 798 latera
1313 743 1442 812 ejus
1473 743 1716 798 tundere
1749 743 1936 814 (Eccli.
1958 759 2059 811 vn,
2169 741 2304 795 dam
2357 742 2640 799 ultionem
2672 759 2850 814 quam
2883 742 3152 808 voluerit,
3186 741 3480 796 invalidus
3529 757 3645 795 non
3693 744 3832 795 est:

413 839 568 908 xxx),
617 841 682 890 ut
728 835 798 889 ad
846 834 1061 888 bonam
1107 831 1483 903 disciplinam
1527 840 1790 904 cogatur,
1841 838 1898 888 et
1943 831 2056 888 Do-
2165 832 2300 887 Item
2345 830 2708 903 Dialoyorum
2741 833 2838 888 lib.
2872 849 2938 903 ιι,
2983 849 3105 902 cap.
3157 832 3246 886 30.
3277 831 3392 902 (32,
3444 847 3497 900 q.
3528 829 3582 898 8,
3609 845 3658 883 c.
3719 831 3834 884 Pe-

416 928 614 981 minus
637 922 915 994 diligatur
943 921 1202 993 [coactus
1233 927 1289 976 et
1313 922 1572 976 domitus
1621 921 1924 993 dirigatur]
1948 921 1969 974 Β
2166 921 2327 992 trus.)
2361 921 2566 977 Petrus
2594 922 2903 977 Tabitbam
2929 925 3222 978 mortuam
3255 918 3476 974 orando
3511 918 3836 974 suscitavit

412 1031 540 1082 CAP.
573 1027 664 1081 64.
693 1056 760 1067 —
788 1025 1310 1107 Quod-corripiendi
1332 1031 1463 1107 sunt
1491 1025 1757 1107 homines.
1793 1029 1978 1099 Augus

2265 1019 2300 1064 t.
2339 1013 2434 1079 ix),
2469 1011 2756 1066 Ananiam
2791 1017 2848 1066 et
2875 1010 3222 1082 Sapphiram
3257 1008 3609 1063 mentientes
3643 1009 3833 1063 morti

760 1114 867 1152 nus
890 1097 961 1151 ad
993 1102 1310 1153 Donatista:
1342 1100 1522 1170 (epist.
1560 1099 1702 1166 166).
1880 1097 1891 1099 ἡ
2169 1097 2523 1169 increpando
2555 1099 2795 1154 tradidit
2826 1100 2959 1171 (Act.
3002 1101 3080 1168 v),
3113 1113 3304 1169 neque
3332 1113 3466 1152 eum
3509 1111 3711 1151 orasse
3763 1097 3832 1151 in

479 1187 640 1252 Quod
673 1191 987 1252 erraverat,
1021 1186 1216 1258 inquit
1243 1187 1550 1256 Dominus,
1575 1205 1689 1243 non
1724 1188 2054 1256 revocastis,
2167 1203 2370 1242 eorum
2389 1187 2774 1244 exstinctione
2795 1187 3026 1258 legitur,
3061 1187 3162 1242 sed
3185 1185 3556 1242 solummodo
3582 1183 3831 1255 culpam

407 1279 464 1330 et
491 1277 648 1346 quod
682 1276 931 1348 perierat
950 1292 1064 1331 non
1093 1276 1430 1348 requisistis
1447 1278 1660 1347 (Ezech.
1692 1281 1903 1348 xxxrv).
1939 1278 2058 1334 Hoc
2166 1291 2366 1331 eorum
2389 1277 3020 1349 exstinctionelegitur,
3042 1278 3142 1333 sed
3167 1275 3537 1332 solummodo
3562 1272 3694 1344 culp
3714 1291 3752 1328 a
3770 1290 3832 1327 m

406 1365 573 1420 vobis
603 1381 704 1436 per
735 1381 843 1420 nos
874 1365 1159 1420 Dominus
1188 1365 1314 1435 ipse
1345 1365 1504 1433 facit,
1529 1365 1649 1420 sive
1669 1367 2052 1432 obsecrando,
2166 1380 2343 1435 puam
2377 1370 2843 1437 perpetraverant
2886 1367 3240 1438 increpasse.
3264 1367 3502 1420 Constat
3517 1379 3654 1434 ergo
3677 1363 3828 1434 quia

406 1453 529 1509 sive
564 1454 865 1523 minando,
898 1454 1019 1508 sive
1046 1454 1434 1524 corripiendo,
1477 1455 1597 1508 sive
1646 1456 1898 1524 damnis,
1935 1456 2056 1512 sive
2166 1453 2481 1524 aliquando
2512 1455 2656 1511 talia
2681 1472 2750 1511 ex
2781 1459 3086 1528 potestate,
3120 1455 3436 1524 aliquando
3466 1451 3829 1507 exhibentur

402 1541 721 1610 laboribus,
755 1543 875 1597 sive
905 1558 1009 1614 per
1039 1559 1178 1598 suas
1210 1543 1471 1598 occultas
1494 1544 1931 1600 admonitiones
1963 1545 2053 1599 vel
2165 1558 2234 1597 ex
2263 1544 2675 1615 postulatione,
2697 1546 2838 1600 dum
2872 1549 2928 1600 et
2957 1544 3088 1600 istis
3116 1541 3666 1614 vitamincrepando
3681 1539 3822 1596 abs-

403 1631 791 1698 visitationes,
855 1631 976 1686 sive
1047 1647 1150 1702 per
1217 1635 1574 1702 potestatum
1638 1631 2050 1704 temporalium
2162 1631 2319 1699 tulit,
2350 1638 2408 1688 et
2441 1633 2524 1688 illi
2557 1633 2815 1689 reddidit
2843 1634 3086 1689 orando.

403 1719 584 1792 ¹θε⁶³·
2080 1747 2126 1812 Β
2161 1721 2526 1812 “5:68;:
2545 1725 2619 1812 υς
2645 1723 2891 1812 vindicta
2918 1739 3084 1794 quam
3111 1723 3519 1812 {93’3"fiPEPf‘
3549 1718 3618 1812 δτι.
3649 1735 3822 1812 422i-

401 1818 532 1871 Car.
565 1817 654 1871 65.
691 1847 757 1857 —
789 1816 939 1884 Quod
968 1833 1082 1870 non
1102 1816 1280 1871 omnis
1301 1817 1832 1873 homincmoccidcns
1864 1819 2046 1874 homi-
2080 1792 2126 1812 υ
2227 1793 2353 1884 ίίίξῖξ
2401 1795 2526 1864 ﬁeri
2566 1797 2766 1868 Ῑαδδίί·
2829 1792 3077 1852 λοάηηεδ
3127 1795 3240 1850 νηί
3286 1792 3498 1848 Marino
3566 1796 3618 1846 εί
3673 1792 3820 1844 Ρ“ί’

474 1888 601 1943 cida
629 1881 1172 1965 si}._(_2iirysostoinus
1201 1905 1367 1965 super
1419 1891 1771 1965 galliarum,
1809 1890 2048 1946 homilia
2225 1881 2364 1965 ξανξ·
2397 1957 2406 1965 λ
2583 1954 2594 1965 ⁸
2682 1955 2715 1965 η
2739 1956 2754 1965 ν
2951 1955 2964 1965 _
3037 1955 3048 1965 _
3094 1955 3126 1965 η
3158 1957 3226 1965 ,η
3265 1954 3321 1965 η
3446 1957 3455 1965 λ
3565 1951 3592 1965 η
3621 1951 3636 1965 ε
3679 1949 3718 1965 μ

471 1977 599 2030 cap.
639 1961 701 2013 18
732 1959 814 2030 (in
846 1949 932 2030 op.
957 1961 1154 2030 ρει-[βε.
1189 1949 1336 2014 (ια’σ.
1368 1977 1402 2014 v
1435 1961 1644 2032 Matth.)
1757 1949 1769 1958 ’
2226 1953 2336 2008 Sed
2359 1957 2416 2008 et
2437 1954 2717 2026 provincii
2739 1956 2858 2027 [pro
2879 1955 3129 2025 primicii
3158 1954 3321 2024 Vict]
3341 1949 3819 2008 vestraaﬁdelita-

470 2048 584 2119 (23,
636 2065 688 2118 q.
735 2049 790 2113 8,
829 2064 874 2103 c.
925 2048 1136 2106 Occidit
1194 2049 1476 2120 Phinees.)
1525 2050 1748 2106 Occidit
1796 2051 2046 2108 Pbinees
2154 2041 2230 2096 tis
2253 2043 2831 2115 vobisinjungimus,
2854 2049 2918 2099 ut
2947 2061 3081 2100 cum
3105 2043 3404 2114 aliquibus
3430 2040 3676 2098 navibus
3719 2056 3819 2095 νε-

399 2137 698 2192 hominem
731 2137 915 2208 (Num.
949 2138 1099 2208 xxv),
1133 2142 1189 2193 et
1211 2143 1545 2209 reputatum
1565 2143 1654 2194 est
1680 2139 1732 2195 ei
1779 2141 2046 2211 adjusti-
2155 2136 2308 2186 stros
2352 2131 2571 2188 milites
2603 2133 3050 2188 robustissimos
3079 2130 3502 2204 prmsentaliter
3545 2129 3810 2184 destine-

397 2225 542 2280 tiam
577 2225 910 2280 :Abrabam
932 2242 1064 2280 vero
1108 2243 1220 2281 non
1273 2227 1572 2283 homicida
1619 2228 1808 2284 solum
1844 2246 2044 2285 verum
2154 2222 2253 2288 iis.
2285 2222 2385 2292 qui
2418 2224 2806 2296 quadraginta
2837 2225 3208 2291 Sarracenos,
3255 2222 3355 2294 qui
3387 2219 3610 2275 dudum
3648 2219 3808 2274 Grai-

399 2315 577 2370 etiam
612 2313 905 2386 parricida
936 2315 1111 2386 (quod
1153 2320 1308 2371 certe
1365 2321 1456 2372 est
1503 2317 1758 2388 gravius)
1807 2320 2046 2375 etfectus
2154 2327 2357 2366 00mm
2408 2317 2743 2367 nostrorum
2778 2312 3024 2367 navibus
3072 2311 3129 2365 in
3154 2327 3315 2366 mare
3334 2311 3551 2382 fugere,
3583 2307 3810 2379 quique

397 2404 554 2476 (Gen.
588 2406 748 2473 XXII),
783 2403 970 2473 magis
993 2403 1241 2459 Domino
1265 2406 1565 2478 magisque
1587 2405 1828 2476 placuit,
1860 2408 1970 2463 Sed
1991 2413 2047 2464 et
2153 2407 2352 2470 postea
2399 2401 2765 2456 terrestrium
2798 2405 3132 2456 nostrorum
3184 2399 3440 2454 militum
3496 2396 3807 2468 exspoliati

395 2496 606 2548 Petrus
627 2492 930 2564 geminum
967 2492 1098 2548 fecit
1128 2493 1512 2550 homicidium
1539 2497 1672 2564 (Αοι,
1721 2500 1794 2564 v),
1829 2497 1937 2553 fuit,
1964 2501 2047 2552 ta-
2153 2489 2334 2543 armis
2378 2490 2678 2554 omnibus,
2711 2489 2926 2545 virtute
2955 2490 3013 2544 in
3057 2489 3273 2544 montis
3303 2487 3487 2543 Circei
3537 2483 3808 2542 latibulis

396 2597 530 2636 men
561 2597 706 2652 Opus
737 2581 1045 2654 spirituale
1093 2584 1248 2654 quod
1302 2585 1522 2638 factum
1581 2589 1691 2640 est,
1740 2586 1866 2640 Non
1918 2586 2046 2642 εοια
2152 2583 2626 2646 evaserunt,una
2653 2594 2786 2633 cum
2810 2579 3028 2633 nostris
3066 2577 3438 2648 pedestribus
3478 2573 3806 2647 apprehen-

395 2669 576 2742 igitur
625 2669 1013 2740 respiciamus
1064 2687 1262 2742 opera,
1288 2671 1389 2726 sed
1434 2677 1690 2744 tempus,
1715 2678 1774 2728 et,
1803 2689 2043 2728 causam
2149 2665 2460 2737 dant,quia
2481 2683 2584 2722 nos
2601 2684 2703 2738 pro
2728 2667 2978 2722 tantillis
2997 2665 3339 2722 Sarracenis
3358 2666 3672 2721 dromones
3691 2678 3804 2717 no-

393 2763 450 2814 et
465 2757 853 2825 voluntatem,
874 2763 1331 2830 etpersonarum
1353 2760 1765 2831 diii'erentiam,
1789 2767 2041 2834 etquan-
2150 2758 2304 2808 Siros
2349 2756 2590 2826 fatigare
2622 2755 2923 2822 nolumUS,
2969 2755 3103 2813 dum
3136 2754 3302 2810 vobis
3342 2754 3634 2810 conﬁdere
3666 2751 3808 2823 (Sic-

392 2850 687 2916 tacunque
719 2845 834 2901 alia
867 2847 1012 2917 ipsis
1045 2848 1322 2919 operibus
1355 2849 1672 2904 acciderint
1710 2849 1954 2921 diligent

2264 2847 2320 2896 et
2349 2842 2459 2913 ipsi
2496 2843 2641 2899 velle
2687 2843 2977 2910 dicimini)
3008 2859 3395 2916 provocamur
3443 2841 3636 2898 modis
3675 2856 3805 2896 om-

388 2932 538 2988 sime
561 2934 954 3004 requiramus.
986 2936 1109 2992 Non
1125 2937 1281 2992 enim
1307 2953 1623 3008 possumus
1643 2939 1714 2993 ad
1737 2940 1956 2994 veritati

2237 2947 2326 2985 ωε
2365 2933 2745 2987 confidentes.
2777 2933 2924 2998 Quia
2955 2933 3005 2987 si
3039 2932 3383 2988 obedientiai
3413 2939 3613 2986 vestrae
3663 2946 3805 2985 con-

388 3021 558 3077 aliter
582 3024 899 3093 pervenire.
2149 3020 2429 3075 stantiam
2474 3027 2532 3076 et
2564 3022 2698 3077 ﬁdei
2732 3023 3046 3093 puritatem
3089 3039 3222 3077 cum
3273 3021 3508 3076 virtutis
3539 3019 3805 3075 efﬁcacia

387 3119 519 3175 Car.
570 3121 660 3174 66.
698 3151 767 3161 —
809 3123 880 3176 De
926 3122 1134 3194 eodem.
1184 3125 1274 3178 Ex
1315 3125 1762 3194 responsionibus
1802 3127 1955 3182 Adri¢

2235 3125 2306 3164 ca
2333 3115 2594 3164 sanctam
2619 3110 2938 3165 Romanam
2972 3110 3290 3166 Ecclesium
3314 3111 3525 3165 amodo
3548 3108 3803 3164 senseri-

452 3197 845 3270 papeggontra
882 3193 1210 3264 objectiones
1253 3193 1616 3266 quorumdam
1657 3197 1728 3251 ad
1777 3198 2035 3253 Carolum
2143 3214 2299 3265 mus,
2335 3215 2448 3252 non
2506 3197 2696 3254 solum
2728 3200 2799 3254 de
2826 3200 2920 3254 his
2965 3200 3181 3264 tribus,
3215 3199 3431 3270 quibus
3488 3214 3592 3252 vos
3643 3195 3804 3251 ultra

457 3279 578 3359 ξαρ·
618 3265 700 3319 16·
746 3351 779 3359 _
966 3353 975 3359 _
1088 3353 1099 3359 _
1194 3265 1288 3359 μζ
1379 3355 1389 3359 Α
1554 3356 1564 3359 _
1813 3357 1885 3359 Ν
1979 3358 1988 3359 7
2142 3265 3802 3359 consuetudinempraagravatosdicitie,inquantumratio

456 3351 1144 3448 Sénii"3_6"_38°riusuin
1177 3353 1426 3448 diaiogis
1476 3356 1601 3448 sui?
1647 3357 1919 3448 memif‘it
1962 3358 2033 3412 ἀθ
2143 3375 2525 3446 postulaverit
2553 3351 2960 3448 levigabimus,
2982 3394 3183 3433 verum
3206 3351 3381 3431 etiam
3407 3380 3473 3430 ut
3497 3374 3801 3447 propriam

384 3438 554 3537 b.83i0
584 3439 905 3537 BonifaOiO.
929 3441 1184 3537 qlfaiiiel‘
1214 3443 1499 3537 miser?!“
1530 3443 1700 3499 illum
1749 3445 1848 3516 qni
1898 3461 2032 3500 cum
2141 3465 2328 3519 sancti
2359 3465 2514 3519 Petri
2540 3465 2850 3535 familiam,
2881 3471 3036 3521 terra
3068 3465 3334 3537 marique
3360 3481 3461 3521 vos
3492 3464 3665 3529 tueri,
3689 3464 3798 3519 do-

384 3527 558 3581 simia
588 3528 828 3583 veniens
851 3529 1115 3600 cymbala
1144 3533 1456 3603 percussit,
1476 3548 1745 3589 sermone
1777 3549 2032 3589 suocum
2140 3555 2300 3607 mino
2328 3554 2726 3623 confortante’
2759 3527 3152 3610 stﬁdebimuso

385 3631 634 3723 incerare
666 3616 735 3670 ad
763 3623 1011 3672 mortem
1042 3619 1335 3689 Ῑδθυίθνίί·
2141 3650 2274 3706 CAP.
2305 3652 2397 3706 69.
2444 3683 2510 3692 —
2541 3653 2616 3707 De
2643 3616 2962 3722 defensione
3000 3669 3169 3723 quam
3196 3661 3387 3708 contra
3421 3651 3598 3707 hostes
3643 3654 3796 3722 fecit.

380 3721 514 3778 CAP.
546 3723 636 3776 67.
672 3753 738 3763 ——
768 3724 900 3779 Item
920 3725 1195 3802 degendam
1226 3744 1301 3782 re.
1328 3729 1639 3802 Gregorius,
1675 3730 2033 3802 Dialogorum
2343 3725 2578 3779 Joannes
2600 3721 2826 3779 octavus
2855 3721 3186 3794 Angebergw
3215 3723 3584 3794 imperatrici.

990 3799 1087 3853 lib.
1121 3816 1157 3864 1,
1201 3815 1320 3870 cap.
1350 3801 1402 3854 9.
1435 3799 1446 3801 ἡ
1841 3799 1856 3802 ⁷
2209 3812 2509 3884 Siquidem
2533 3829 2668 3867 cum
2690 3813 2902 3868 virtute
2931 3813 3029 3868 Dei
3064 3813 3275 3868 melius
3303 3830 3480 3884 quam
3508 3811 3798 3880 Kaletam,

451 3885 594 3937 Cum
629 3882 836 3938 beatus
858 3884 1192 3942 Bonifacius
1224 3889 1292 3942 ad
1325 3891 1620 3945 Fortunati
1651 3907 1912 3946 mensam
1939 3907 2031 3946 ve-
2142 3917 2271 3972 qua
2293 3882 2518 3957 nostra
2559 3903 2967 3969 defendemus,
3020 3907 3077 3958 et
3109 3882 3347 3957 illorum
3376 3901 3436 3956 in
3480 3901 3642 3956 nullo
3691 3919 3795 3973 pe-

380 3971 586 4062 riisset,
609 3973 955 4062 priusquam
986 3973 1102 4030 D30
1135 3975 1417 4047 hymnum
1444 3977 1681 4043 diceret,
1715 3980 1868 4034 Sicut
1899 3981 2030 4052 qui-
2143 3971 2304 4046 nitus
2337 3990 2694 4062 indigemus,
2729 3992 3043 4046 dromones
3073 3991 3342 4046 videlicet
3371 4007 3506 4046 cum
3538 3971 3796 4047 ueteris-

378 4061 512 4116 dam
544 4061 819 4117 cantandi
844 4067 969 4118 arte
999 4064 1190 4120 solent
1227 4065 1444 4122 victum
1477 4085 1757 4140 quaerere,
1794 4074 2031 4140 repente
2144 4080 2391 4135 navibus
2420 4061 2942 4150 construentes,‘et
2971 4085 3176 4136 caetera
3203 4097 3342 4136 vasa
3366 4080 3574 4136 bellica
3601 4084 3661 4136 et
3689 4090 3795 4152 ap—

376 4155 512 4206 ante
534 4152 781 4241 januam
815 4152 902 4206 vir
941 4169 1074 4208 cum
1127 4154 1298 4210 simia
1334 4156 1539 4222 astitit,
1587 4162 1645 4213 et
1692 4159 2028 4230 cymbalum
2140 4173 2406 4240 paratus,
2461 4169 2603 4240 quin
2654 4169 2852 4240 potius
2883 4173 2939 4224 et
2989 4170 3149 4241 ipsos
3197 4169 3429 4225 animos
3480 4169 3794 4224 hominum

374 4240 702 4310 Ρθνουεείῖε
738 4257 913 4312 quem
949 4248 1190 4298 Sanetus
1211 4244 1298 4298 νίν
1322 4247 1568 4302 αυάίθοε
1619 4248 1878 4302 sonitum
1930 4249 2028 4303 de‘
2139 4263 2559 4329 praeparantes,
2594 4263 2648 4313 et
2676 4259 2957 4314 adversus
2988 4240 3232 4315 hostiles
3266 4259 3541 4314 incursus
3571 4257 3794 4315 indesi-

373 4329 654 4399 dignatus
673 4329 847 4384 dixit:
880 4354 908 4380 «
934 4331 1052 4386 Heu
1077 4333 1254 4389 lheul
1284 4339 1553 4390 mortuus
1575 4341 1665 4391 est
1698 4336 2025 4417 miseriste,
2141 4351 2346 4402 neuter
2377 4353 2694 4410 armantes,

374 4421 642 4516 mortuus
665 4424 755 4473 est
788 4419 967 4517 miser
997 4419 1106 4476 iste
1127 4423 1139 4477 l
1164 4427 1286 4496 Ego
1305 4425 1374 4478 ad
1401 4441 1664 4480 mensam
1691 4426 2025 4481 refectionis
2061 4501 2099 4517 ﬂ
2139 4449 2272 4500 CAP.
2306 4446 2396 4500 70.
2431 4475 2501 4486 _
2532 4445 2696 4516 Quod
2715 4445 2953 4500 crimina
2985 4445 3280 4500 committit
3305 4447 3402 4517 qui
3422 4461 3532 4501 non
3561 4447 3796 4514 corrigit

371 4505 528 4571 veni,
559 4521 624 4560 os
651 4508 912 4564 nondum
937 4512 1008 4564 ad
1038 4513 1276 4567 Iaudem
1308 4513 1404 4568 Dei
1436 4516 1662 4585 aperui,
1684 4519 1740 4572 et
1761 4515 1857 4570 ille
1889 4532 2024 4570 cum
2059 4501 2102 4564 Β
2205 4533 2329 4571 cum
2379 4501 2570 4588 possit:
2603 4519 2837 4573 Joannes
2884 4519 3014 4581 VIII,
3046 4501 3474 4588 Domagol'duci
3525 4501 3789 4587 gloriozo.

375 4593 552 4648 simia
610 4596 849 4652 veniens
901 4599 1236 4666 cymbalum
1291 4605 1660 4672 percussit.»
1711 4605 2028 4674 Subjunxit
2207 4607 2318 4675 (23,
2369 4623 2422 4677 q.
2457 4611 2510 4675 8,
2543 4623 2589 4660 c.
2624 4607 2951 4674 Prmlcrea.)
3000 4611 3284 4661 Preterea
3313 4606 3644 4661 devotionis
3674 4611 3789 4661 tuae

375 4685 575 4738 tamen
620 4691 792 4755 atque
863 4687 980 4742 ait:
1037 4691 1116 4743 Ite
1165 4693 1221 4743 et
1264 4707 1369 4760 pro
1440 4691 1724 4746 charitate
1768 4693 1819 4747 ei
1878 4693 2027 4764 [Dei]
2136 4695 2820 4769 studiumexhortamur,
2845 4700 3126 4751 utcontra
3149 4695 3790 4752 marinoslatrunculos

375 4771 572 4827 cibum
608 4778 930 4845 potumque
957 4777 1216 4845 tribuite,
1251 4779 1456 4834 scitote
1477 4785 1676 4835 tamen
1709 4780 1845 4851 quia
1869 4797 2025 4837 mor-
2134 4785 2235 4854 qui
2293 4785 2404 4840 sul)
2435 4788 2716 4856 praetextu
2749 4784 2834 4839 tui
2866 4785 3123 4840 nominis
3166 4783 3225 4840 in
3264 4783 3643 4841 Christicolas
3686 4785 3786 4840 de-

373 4863 512 4916 tuus
531 4866 640 4916 est.
669 4883 696 4910 υ
730 4862 836 4925 Qui
870 4863 1072 4920 infelix
1103 4866 1190 4920 vir
1219 4869 1358 4921 dum
1393 4885 1600 4937 panem
1628 4873 1684 4924 et
1715 4869 1914 4924 vinum
1955 4887 2024 4925 ex
2133 4873 2518 4944 bacchantur,
2547 4877 2709 4930 tanto
2730 4873 3133 4929 vehementius
3155 4874 3532 4940 accendatur,
3565 4879 3786 4946 quanto

375 4948 579 5004 eadem
602 4950 778 5005 domo
813 4954 1172 5024 percepisset
1197 4955 1660 5026 egredijanuam
1691 4958 1893 5028 voluit,
1918 4960 2019 5014 sed
2133 4961 2371 5018 illorum
2423 4963 2707 5032 pravitate
2745 4962 2958 5016 famam
3009 4957 3095 5018 tui
3129 4962 3384 5018 nominis
3435 4962 3785 5019 otl‘useatam

374 5054 578 5093 saxum
616 5038 826 5109 ingens
858 5041 1052 5097 subito
1103 5043 1174 5097 de
1227 5049 1376 5099 tecto
1426 5046 1657 5117 cecidit,
1731 5047 1902 5119 eique
1961 5048 2018 5102 in
2133 5051 2314 5106 fuisse
2337 5050 3000 5122 congnoscis,quoniam
3036 5050 3171 5107 licet
3200 5051 3355 5107 credi
3389 5052 3577 5123 possit
3606 5053 3784 5124 quod,

370 5127 645 5182 verticem
679 5128 856 5184 venit.
892 5131 970 5184 Ex
1003 5147 1120 5202 qua
1150 5134 1528 5202 percussione
1582 5140 1912 5206 prostratus
1960 5137 2020 5191 in
2129 5145 2185 5196 te
2219 5137 2574 5206 nolente,illi
2603 5139 3406 5210 navigantibusinsidientur,
3426 5146 3623 5196 tamen
3649 5142 3786 5212 quia

373 5216 788 5287 manibusjam
823 5219 1138 5276 semivivus
1168 5221 1390 5276 levatus
1412 5226 1519 5277 est.
1546 5223 1759 5279 Deinde
1781 5243 1914 5281 vero
1938 5225 2020 5280 al-
2131 5247 2163 5284 a
2195 5234 2251 5284 te
2280 5226 2588 5300 comprimi
2622 5244 2794 5298 posse
2817 5227 3118 5299 dicuntur,
3151 5229 3265 5284 nisi
3295 5245 3394 5286 eos
3416 5246 3785 5302 compresse-

372 5309 498 5361 tera
529 5306 621 5362 die
644 5309 971 5364 secundum
990 5309 1126 5365 dicti
1153 5310 1256 5365 viri
1281 5311 1408 5379 [viri
1433 5311 1556 5378 Dei,
1590 5312 1748 5382 Vict]
1781 5318 2020 5369 senten-
2130 5317 2232 5382 ris,
2285 5316 2561 5372 innoxius
2593 5333 2710 5373 non
2762 5316 3019 5373 haberis.
3054 5317 3351 5389 Scriptum
3384 5319 3607 5391 quippe
3659 5327 3782 5376 est:
3831 5383 3834 5386 ,

372 5394 515 5449 tiam
544 5395 812 5451 funditus
842 5397 1024 5453 vitam
1058 5398 1264 5454 ﬁnivit.
1299 5401 1422 5464 Qua
1453 5399 1524 5455 de
1548 5416 1628 5466 re,
1662 5400 1847 5468 Petre,
1884 5419 2020 5474 pen-
2129 5406 2238 5470 Qui
2290 5404 2542 5459 crimina
2571 5422 2704 5460 cum
2758 5410 2949 5478 potest
2989 5409 3324 5474 emendare,
3359 5425 3475 5464 non
3525 5409 3788 5482 corrigit,

372 5484 623 5538 sandum
655 5499 744 5541 est
770 5491 1028 5556 quantus
1050 5490 1270 5544 sanctis
1289 5489 1428 5545 viris
1444 5489 1622 5544 timor
1643 5489 1720 5544 sit
1747 5491 2018 5548 exbiben-
2128 5494 2258 5565 ipse
2291 5493 2628 5550 committit.

375 5570 525 5625 dus:
559 5573 780 5644 templa
813 5577 968 5630 enim
1004 5579 1098 5633 Dei
1123 5587 1279 5648 sunt,
1302 5585 1358 5636 et
1394 5596 1528 5636 cum
1554 5580 1624 5635 ad
1649 5580 2015 5638 iracundiam
2127 5585 2258 5638 CAP.
2292 5583 2384 5636 ’71-
2419 5613 2488 5624 --
2535 5583 2811 5654 Quomodo
2859 5587 3094 5642 Joannes
3140 5602 3283 5659 papa
3327 5587 3653 5645 Sarracenis
3698 5606 3785 5647 rc-
