4002 6054
264 220 371 274 713

1212 223 1523 277 DECRETI
1562 224 1746 277 PARS
1783 223 1854 276 X.
1883 251 1949 262 —-
1986 225 2083 278 DE
2120 223 2541 293 HOMICIDIIS,
2582 228 2739 282 BTC.

3562 229 3668 286 714

331 345 552 425 stiterit.
619 348 860 401 Joannes
944 347 1072 413 VIII,
1144 347 1468 417 imperatori
1539 355 1590 401 et
1656 345 1900 418 impera-
1933 348 1985 413 Α
2018 346 2323 417 capitalem
2357 350 2923 408 animadversionem
2958 353 3280 425 Racephori
3311 357 3673 414 sanctissimi

331 420 481 472 trici.

330 518 472 569 Cum
506 513 721 570 reversi
754 514 1098 585 fuissemus,
1133 515 1333 569 omnia
1364 514 1559 570 littora
1591 519 1793 571 nostra
1814 517 1914 572 de-

260 605 540 673 prmdata,
564 603 740 658 etiam
761 610 818 658 et
841 603 902 658 in
927 604 1127 659 fundis
1150 603 1280 658 etin
1304 604 1636 674 Terracina,
1663 604 1823 659 velut
1853 605 1912 659 in

265 693 440 747 domo
469 692 705 762 propria
736 691 956 747 multos
979 692 1327 748 Sarracenos
1345 693 1679 748 invenimus
1703 694 1915 748 reside-

260 798 342 847 re,
366 797 467 851 pro
491 781 707 851 quibus
730 797 842 835 non
860 781 1172 851 plusquam
1189 782 1452 852 quinque
1468 782 1675 836 diebus
1692 783 1749 835 in
1771 783 1911 837 urbe

258 874 586 937 manentes,
621 870 892 939 quamvis
923 871 1184 941 corporis
1217 888 1331 925 non
1366 871 1593 925 modica
1622 871 1911 926 detinere-

254 976 390 1013 mur
414 958 701 1023 molestia,
731 958 1022 1013 exivimus
1044 975 1176 1013 cum
1202 958 1475 1014 fidelibus
1500 959 1739 1025 nostris,
1769 975 1910 1029 quo-

254 1063 388 1101 rum
427 1048 671 1101 Domino
704 1048 1020 1117 adjuvante
1053 1047 1339 1119 caepimus
1363 1064 1541 1103 naves
1563 1048 1906 1102 octodecim.

251 1134 560 1189 Sarraceni
592 1151 723 1189 vero
758 1134 928 1189 multi
962 1136 1137 1190 occisi
1190 1139 1347 1199 sunt,
1404 1135 1666 1206 captivos
1709 1140 1907 1191 autem

252 1223 372 1277 fere
404 1227 709 1277 sexcentos
746 1222 1147 1278 liberavimus.
1182 1223 1314 1277 Ideo
1342 1223 1507 1277 vobis
1538 1222 1907 1277 venientibus

253 1327 490 1365 necesse
523 1312 688 1365 valde
721 1316 827 1376 est,
864 1316 928 1366 ut
955 1313 1090 1366 talis
1122 1312 1501 1366 inlittoribus
1527 1311 1767 1366 marinis
1794 1311 1907 1366 for-

250 1400 446 1454 titudn
478 1399 739 1454 virorum
774 1405 1091 1467 remaneat,
1127 1417 1380 1471 quorum
1431 1399 1644 1453 virtute
1704 1404 1907 1454 nostra

250 1487 452 1542 omnia
487 1486 651 1542 salva
681 1488 1030 1557 consistant,
1061 1492 1117 1542 et
1143 1504 1212 1543 ea
1242 1504 1369 1558 qua;
1400 1487 1651 1542 necdum
1687 1487 1905 1558 deprae-

250 1576 391 1630 data
423 1580 562 1630 sunt
595 1574 739 1643 loca,
777 1592 889 1630 non
920 1577 1273 1647 praedentur.

248 1692 385 1746 CAP.
417 1692 506 1746 72.
540 1722 609 1732 —
630 1692 778 1758 Quod
803 1708 911 1745 non
933 1700 1010 1746 est
1031 1690 1342 1746 crudelitas
1362 1692 1562 1759 punire
1585 1690 1758 1744 malos
1781 1704 1905 1759 pro-

324 1764 428 1817 Deo
457 1762 548 1817 sed
576 1764 772 1831 pietas.
804 1763 1165 1833 Hieronymus
1191 1764 1269 1817 ad
1293 1764 1597 1829 Riparium.
1626 1766 1780 1829 (tom.
1805 1762 1903 1827 Ill,

326 1836 482 1903 epist.
517 1836 673 1904 cujus
706 1836 971 1888 initium:
1004 1836 1249 1904 Acceptis
1277 1836 1520 1905 primum
1554 1834 1798 1894 litteris).

330 1923 463 1993 Legi
496 1930 857 1993 syromaslen
890 1922 1136 1977 Phinees
1171 1924 1348 1989 (Num.
1405 1922 1555 1993 xxv),
1589 1920 1907 1975 austerita-

252 2015 373 2067 tem
405 2012 839 2082 [auctoritatem
877 2015 1024 2066 Vict.
1052 2012 1069 2081 ]
1099 2010 1229 2065 Elite
1254 2012 1351 2081 (III
1369 2015 1501 2080 Reg.
1526 2025 1663 2063 XVIII
1692 2027 1704 2077 ;
1734 2009 1819 2074 IV,
1840 2009 1900 2078 1),

251 2101 443 2155 zelum
514 2100 773 2155 Simonis
839 2100 1148 2155 Cbananaei
1217 2102 1263 2170 (I
1316 2099 1498 2155 Much.
1550 2116 1671 2165 xm,
1724 2106 1776 2153 et
1821 2114 1903 2152 se-

251 2182 543 2261 quentib.),
580 2188 733 2243 Petri
763 2190 1129 2244 severitatem
1153 2187 1437 2242 Ananiam
1468 2192 1523 2242 et
1553 2186 1904 2258 Sapphiram

253 2278 644 2334 trucidantem
668 2278 805 2347 (Act.
831 2278 904 2348 v),
924 2276 1084 2331 Pauli
1110 2274 1499 2331 constantiam
1521 2276 1617 2346 qui
1641 2274 1902 2346 Elymam

255 2383 497 2438 magum
530 2366 638 2421 viis
682 2365 908 2421 Domini
961 2365 1333 2420 resistentem
1386 2370 1601 2419 aeterna
1645 2363 1903 2418 caecitate

248 2456 585 2528 [severitate
622 2455 777 2524 Vict.)
806 2454 1104 2509 damnavit
1135 2454 1268 2525 (Act.
1304 2458 1451 2522 xui).
1487 2454 1609 2507 Non
1638 2457 1726 2506 est
1768 2469 1903 2505 cru-

249 2545 461 2600 delitas
489 2562 591 2615 pro
618 2544 735 2599 Deo
764 2543 1023 2613 [Gratiun
1054 2546 1151 2597 sic.
1200 2542 1445 2598 crimina
1468 2559 1568 2612 pro
1592 2541 1707 2596 Deo
1735 2540 1901 2613 puni-

249 2635 334 2704 re)
369 2635 467 2688 sed
506 2634 712 2704 pietas.
747 2632 911 2687 Unde
943 2636 998 2686 et
1025 2633 1083 2687 in
1135 2631 1258 2703 lege
1312 2630 1559 2685 dicitur:
1613 2630 1668 2683 Si
1720 2630 1897 2683 frater

249 2728 392 2779 tuus
423 2728 478 2778 et
511 2724 737 2778 amicus
768 2727 823 2776 et
854 2739 998 2776 uxor
1027 2738 1153 2792 qua:
1186 2726 1272 2775 est
1304 2721 1358 2774 in
1394 2720 1527 2774 sinu
1562 2723 1660 2772 tuo
1696 2719 1899 2788 depra-

250 2829 388 2869 vare
418 2817 475 2867 te
504 2812 750 2867 voluerit
782 2828 814 2865 a
844 2810 1103 2879 veritate,
1129 2811 1205 2864 sit
1229 2826 1441 2863 manus
1464 2813 1563 2861 tua
1581 2824 1759 2878 super
1779 2822 1897 2874 eos,

254 2907 311 2958 et
344 2902 575 2957 effunde
607 2901 956 2973 sanguinem
989 2900 1249 2970 ipsorum
1278 2898 1454 2970 (Deut.
1490 2896 1632 2967 xui).

255 3020 390 3073 CAP.
424 3018 514 3071 73.
544 3046 610 3057 --
643 3015 791 3083 Quod
821 3023 1043 3084 prapter
1073 3015 1455 3068 remissionem
1511 3012 1807 3076 malorum,
1840 3012 1901 3084 in

326 3088 550 3157 collegio
580 3082 949 3157 episcoporum
982 3102 1139 3139 arma
1163 3087 1278 3139 sint
1333 3086 1591 3155 ferenda.
1650 3084 1749 3137 Leo
1812 3082 1894 3147 IV,
1931 3093 1974 3155 ο

330 3161 593 3214 Ludovico
626 3158 931 3227 [Lot/iurio]
962 3160 1095 3228 regi.

329 3253 561 3303 Petrum
588 3253 644 3302 et
667 3246 990 3301 Adrianum
1011 3261 1313 3316 nunquam
1337 3244 1686 3315 recipiemus
1704 3242 1772 3296 ad
1808 3241 1905 3294 ha-

260 3339 569 3394 bitandum
607 3337 940 3400 nobiscum,
973 3338 1030 3390 et
1063 3335 1110 3389 si
1145 3334 1318 3406 (quod
1355 3333 1551 3387 minus
1581 3332 1901 3401 credimus)

254 3436 355 3482 aut
389 3444 587 3497 preces
623 3432 854 3481 nostras
874 3441 1021 3495 quas
1045 3440 1145 3493 pro
1169 3439 1369 3477 eorum
1394 3420 1717 3476 retentione
1740 3419 1901 3475 vobis

256 3515 554 3584 misimus,
589 3520 687 3568 aut
717 3514 969 3568 honores
1003 3511 1245 3566 Romani
1280 3509 1572 3580 pontiﬁcis
1595 3526 1695 3579 pro
1721 3508 1903 3562 nihilo

255 3602 612 3670 exismastis,
646 3606 701 3657 et
734 3619 839 3655 nos
871 3600 1067 3655 minus
1100 3615 1275 3669 quam
1310 3597 1632 3651 Adrianum
1693 3601 1750 3650 et
1798 3601 1902 3649 Pe-

256 3699 417 3747 trum
450 3692 715 3757 amastis,
750 3690 905 3761 quod
950 3689 1006 3742 in
1050 3692 1347 3759 posterum
1386 3688 1513 3755 jam
1564 3685 1901 3739 ordinatum

256 3781 603 3846 habeamus,
639 3784 843 3833 vestras
861 3777 1149 3832 edicimus
1173 3773 1584 3845 magnitudini.
1612 3778 1773 3827 Certe
1792 3773 1900 3827 Ro-

258 3886 442 3923 manae
476 3868 632 3923 sedis
657 3867 933 3938 praesules
952 3870 1215 3936 tempore
1239 3881 1353 3934 quo
1380 3880 1478 3933 per
1506 3878 1900 3933 unamquam-

255 3975 372 4028 que
404 3956 712 4011 Ecclesiam
747 3971 879 4009 cum
913 3954 1038 4008 suis
1070 3952 1295 4007 clericis
1331 3952 1644 4005 tendebant
1664 3951 1737 4003 ob
1763 3949 1901 4003 mis-

256 4050 458 4101 s‘arum
506 4045 790 4107 officium,
824 4042 911 4097 vel
960 4042 1104 4096 alias
1156 4057 1315 4095 more
1366 4040 1561 4107 solito,
1614 4038 1900 4093 utilitates

254 4133 685 4190 ecclesiasticas
700 4129 1269 4202 disponendas,nihil
1289 4128 1445 4183 aliud
1465 4133 1582 4182 tam
1597 4126 1709 4198 ipsi
1727 4143 1900 4197 quam

254 4223 447 4279 clerici
469 4224 728 4293 ipsorum
752 4221 862 4275 nisi
886 4218 1269 4275 sacerdotalia
1286 4218 1626 4271 indumenta
1642 4216 1903 4270 ferebant

254 4312 413 4383 quod
447 4310 633 4366 secuti
668 4326 853 4379 usque
886 4325 1039 4362 nunc
1074 4323 1180 4361 nos
1211 4305 1461 4376 egimus.
1496 4306 1605 4359 Sed
1646 4303 1902 4375 amplius

255 4417 632 4471 nequaquam
666 4415 829 4468 agere
864 4401 1111 4469 oportet,
1145 4394 1193 4450 si
1228 4394 1380 4449 viros
1412 4410 1559 4464 quos
1588 4410 1690 4447 nec
1740 4409 1901 4463 qua:-

2025 438 2367 506 patriarchae
2398 455 2463 493 ac
2495 439 2743 495 aliorum
2778 441 3013 497 Patrum
3041 442 3509 514 pradicamentis
3542 463 3674 518 pro-

2026 525 2321 596 mulgans,
2356 543 2594 582 aversus
2627 532 2714 584 est
2738 546 2839 600 per
2864 529 3011 585 alios
3036 548 3284 601 nequam
3310 533 3677 591 consiliarios

2025 615 2267 669 obtentu
2288 615 2661 685 poenitentiae,
2688 634 2821 671 cum
2847 624 3002 673 esset
3024 620 3389 691 impossibile
3416 621 3548 678 illos
3564 642 3678 695 poe-

2025 702 2331 758 nitentiam
2356 721 2526 775 agere
2551 707 2648 775 qui
2671 707 2822 776 capti
2850 708 3101 763 fuissent
3123 726 3336 765 errore.
3371 711 3677 782 Dogmati-

2022 793 2233 846 zabant
2263 797 2459 848 autem
2494 796 2726 849 indocte
2757 812 2871 850 non
2904 796 3075 852 licere
3108 800 3513 855 sacerdotibus
3537 817 3673 872 pro-

2023 880 2289 951 mulgare
2321 886 2525 937 contra
2559 883 2771 953 impios
2804 889 3053 940 mortem
3089 903 3192 957 per
3216 888 3413 943 omnia
3460 889 3673 946 divinis

2022 986 2199 1041 super
2229 971 2336 1025 hoc
2382 972 2761 1026 adversantes
2800 974 3138 1045 Scripturis.
3172 976 3230 1029 Si
3282 977 3438 1032 enim
3476 983 3675 1034 vertex

2023 1058 2418 1129 apostolorum
2452 1060 2741 1115 Ananiam
2770 1066 2827 1116 et
2866 1063 3218 1134 Sapphiram
3256 1064 3328 1119 ob
3368 1068 3677 1123 mendacia

2020 1152 2252 1203 tantum
2284 1148 2813 1218 mortiﬁcavit(Act.
2842 1152 2918 1221 ν),
2953 1156 3009 1207 et
3040 1152 3259 1208 Paulus
3283 1170 3536 1226 magnus
3560 1155 3675 1211 cla-

2022 1241 2142 1291 mat
2176 1253 2188 1290 :
2226 1238 2331 1304 Qui
2362 1238 2520 1307 talia,
2552 1238 2852 1309 inquiens,
2915 1251 3084 1311 agunt
3122 1243 3279 1312 digni
3312 1249 3447 1300 sunt
3488 1248 3669 1301 morte

2026 1326 2201 1385 (Rom.
2238 1326 2413 1396 I),boc
2444 1327 2515 1381 de
2539 1326 2663 1381 solo
2696 1328 2929 1383 mortali
2952 1336 3206 1400 peccato,
3240 1334 3534 1402 quomodo
3558 1350 3675 1390 non

2021 1413 2231 1468 horum
2258 1415 2536 1470 contrarii
2562 1420 2754 1484 erunt,
2774 1418 2872 1487 qui
2900 1419 3370 1490 omnispirituali
3401 1426 3672 1494 etcorpo-

2019 1502 2127 1557 rali
2162 1503 2447 1573 spurcitia
2476 1503 2682 1574 plenos
2713 1506 2936 1576 quique
2957 1507 3325 1565 daemonibus
3347 1512 3614 1567 serviunt
3645 1529 3678 1567 a

2019 1591 2213 1663 gladio
2246 1593 2600 1649 redemerint
2617 1594 2644 1648 ?

1936 1725 1983 1788 B
2016 1734 2150 1809 Cas.
2174 1735 2265 1809 75_.
2304 1765 2374 1775 —
2396 1735 2550 1809 Quod
2580 1751 2687 1790 non
2720 1737 2831 1791 sint
2856 1738 3119 1808 culpandi
3135 1739 3375 1809 judices,
3399 1741 3490 1796 sed
3547 1742 3669 1797 lau-

2090 1806 2401 1882 dapdi,qui
2429 1808 2801 1882 haereticoset
2830 1806 3212 1882 schismaticos
3241 1822 3664 1882 persequuntur,

2088 1885 2135 1931 et
2172 1878 2313 1931 bona
2342 1894 2530 1932 eorum
2561 1878 2855 1953 diripi-unt.
2876 1882 2971 1953 βα)
3014 1880 3112 1937 lib.
3159 1878 3515 1953 Dialogorum
3545 1878 3667 1941 Au?

2085 1957 2223 2019 gust.
2254 1955 2445 2004 contra
2474 1950 2817 2005 Petilianum
2870 1952 2968 2007 lib.
3001 1969 3065 2018 II,
3096 1970 3216 2024 cap.
3254 1950 3341 2010 1οξ

2088 2071 2407 2128 Petilianus
2439 2073 2621 2129 dixit:
2656 2074 2714 2129 Si
2749 2076 3000 2145 apostoli
3048 2078 3338 2147 persecuti
3373 2084 3511 2133 sunt
3558 2079 3665 2135 ali-

2015 2177 2209 2230 quem,
2246 2168 2349 2216 aut
2380 2162 2636 2233 aliquem
2669 2163 2912 2219 tradidit
2942 2165 3233 2223 Christus.
3283 2170 3532 2240 August.
3576 2186 3665 2224 re-

2015 2250 2284 2320 spondit:
2320 2256 2558 2307 Possem
2619 2253 2858 2323 quidem
2900 2254 3091 2310 dicere
3142 2256 3335 2326 ipsum
3383 2261 3659 2314 Satanam

2014 2338 2290 2393 omnibus
2324 2340 2496 2394 malis
2521 2340 2860 2396 hominibus
2885 2358 3013 2398 esse
3034 2346 3317 2415 pejorem,
3343 2345 3436 2400 cui
3466 2351 3663 2403 tamen

2013 2427 2255 2482 tradidit
2282 2428 2598 2499 Apostolus
2623 2430 2920 2485 hominem
2948 2432 3005 2486 in
3032 2433 3335 2488 interitum
3361 2434 3578 2500 carnis,
3598 2440 3663 2490 ut

2011 2515 2255 2585 spiritus
2286 2518 2484 2572 salvus
2516 2520 2593 2572 sit
2624 2518 2679 2572 in
2733 2520 2825 2574 die
2875 2520 3098 2574 domini
3146 2523 3287 2577 Jesu
3321 2523 3364 2593 (1
3407 2523 3527 2578 Cor.
3577 2525 3653 2593 v).

2012 2604 2154 2658 Item
2179 2605 2325 2660 alios
2358 2607 2427 2661 de
2450 2608 2665 2677 quibus
2688 2607 2848 2662 dicit.
2884 2610 3040 2671 Quos
3072 2611 3287 2665 tradidi
3320 2612 3569 2677 Satanas,
3595 2617 3658 2667 ut

2011 2693 2237 2747 discant
2259 2710 2371 2748 non
2396 2694 2803 2765 blasphemare
2832 2698 2877 2766 (I
2908 2697 3040 2751 Tim.
3067 2701 3128 2766 1).
3163 2704 3228 2756 Et
3248 2699 3532 2755 Dominus
3562 2701 3662 2756 ﬂa-

2010 2783 2256 2853 gellatos
2314 2784 2537 2854 expulit
2573 2801 2640 2839 ex
2689 2786 2904 2857 templo
2953 2786 3252 2858 improbos
3300 2795 3654 2846 mercatores
3704 2778 3707 2781 l

2011 2872 2297 2941 (J0an.11),
2353 2872 2450 2926 ubi
2495 2873 2668 2928 etiam
2722 2890 3049 2930 connexum
3102 2881 3189 2931 est
3246 2879 3649 2935 testimonium

2008 2959 2323 3031 Scriptura:
2376 2960 2658 3017 dicentis:
2702 2964 2861 3017 Zelus
2913 2964 3105 3019 domus
3145 2970 3259 3022 tua:
3294 2968 3525 3023 comedit
3570 2985 3658 3024 me

2014 3049 2187 3115 (Psal.
2222 3049 2438 3119 vam).
2472 3049 2615 3103 Ecce
2656 3050 2983 3105 invenimus
3036 3054 3369 3124 apostolum
3420 3056 3661 3112 tradito-

2016 3154 2159 3201 rem,
2177 3137 2475 3192 Christum
2501 3143 2954 3209 persecutorem.
2980 3144 3164 3206 Quare
3190 3160 3287 3213 per
3301 3142 3661 3201 violentissi-

2015 3242 2141 3281 mas
2172 3227 2398 3294 turbas,
2433 3227 2609 3281 etiam
2638 3227 2789 3284 ultro
2822 3228 3072 3301 improbi
3097 3231 3239 3286 estis
3270 3233 3543 3289 Ecclesiis
3565 3252 3658 3290 ca-

2013 3314 2268 3377 tholicis,
2306 3316 2406 3370 ubi
2438 3316 2734 3371 advertere
2769 3319 3098 3388 potueritis,
3132 3322 3284 3391 quod
3316 3322 3659 3379 innumera-

2014 3403 2231 3457 bilibus
2263 3403 2546 3475 exemplis
2582 3421 2671 3459 res
2703 3404 2833 3475 ipsa
2875 3407 3142 3462 indicat?
3179 3409 3289 3464 Sed
3330 3410 3524 3465 dicitis
3556 3428 3660 3467 vos

2011 3491 2139 3546 loca
2156 3496 2349 3546 vestra
2366 3492 2693 3559 defendere,
2711 3499 2768 3548 et
2788 3496 2975 3549 resisti
2988 3497 3058 3551 tis
3074 3497 3324 3553 fustibus
3338 3500 3661 3555 etcasdibus

2012 3581 2467 3651 quibuscunque
2491 3582 2822 3651 potueritis.
2858 3584 3137 3647 Quareibi
3160 3604 3269 3641 non
3284 3588 3535 3645 audistis
3556 3606 3659 3645 vo-

2011 3685 2135 3723 cem
2173 3668 2399 3723 Domini
2451 3670 2701 3725 dicentis
2737 3688 2749 3724 :
2784 3674 2890 3743 Ego
2925 3675 3109 3728 tamen
3157 3676 3279 3730 dico
3326 3678 3497 3732 vobis.
3538 3683 3658 3735 Non

2010 3760 2265 3813 resistere
2287 3759 2709 3828 malo?(Matth.
2745 3761 2823 3831 v.)
2850 3766 2962 3816 Aut
2982 3763 3029 3817 si
3050 3764 3172 3818 ﬁeri
3214 3768 3427 3836 potest,
3462 3772 3526 3821 ut
3560 3767 3659 3822 ali-

2011 3848 2246 3918 quando
2263 3851 2415 3902 recte
2448 3864 2549 3918 per
2571 3848 2687 3903 vim
2721 3851 3081 3921 corporalem
3106 3853 3417 3909 resistatur
3437 3854 3655 3911 violen-

2010 3935 2105 4002 tis,
2142 3952 2244 3990 nec
2278 3936 2406 3989 ideo
2439 3942 2793 4009 praeceptum
2826 3939 3090 4005 violetur,
3121 3944 3276 4012 quod
3322 3944 3595 3998 audimus
3625 3961 3659 3998 a

2010 4025 2257 4080 Domino
2292 4042 2303 4079 :
2336 4027 2662 4096 Egopautem
2691 4028 2809 4082 dico
2851 4030 3001 4084 vobis
3032 4046 3140 4084 non
3188 4032 3442 4086 resistere
3488 4033 3656 4101 malo,

2010 4131 2114 4169 cur
2146 4132 2257 4169 non
2292 4114 2463 4170 etiam
2497 4115 2606 4171 hoc
2629 4117 2753 4171 ﬁeri
2788 4122 2998 4189 potest,
3020 4124 3082 4173 ut
3106 4136 3206 4190 per
3257 4120 3554 4176 ordinatas
3603 4126 3660 4177 et

2009 4203 2305 4273 legitimas
2336 4208 2678 4274 potestates,
2712 4207 2781 4260 de
2815 4208 3053 4262 sedibus
3086 4226 3212 4277 quae
3246 4207 3447 4265 illicite
3486 4226 3660 4265 usur-

2010 4298 2244 4364 pantur,
2269 4293 2357 4347 vel
2394 4294 2465 4347 ad
2482 4292 2759 4364 injuriam
2782 4295 2881 4350 Dei
2905 4298 3252 4367 retinentur,
3269 4298 3401 4370 pius
3414 4298 3663 4370 expellat

2011 4380 2284 4450 impium,
2317 4384 2372 4434 et
2397 4381 2599 4450 justus
2624 4381 2913 4452 injustam
2937 4383 2964 4438 ?
2985 4384 3184 4456 Neque
3214 4386 3369 4440 enim
3401 4402 3466 4441 eo
3489 4388 3662 4442 modo

255 4490 444 4544 rimus
470 4505 753 4559 unquam,
783 4502 884 4540 nec
911 4484 1179 4539 volumus
1203 4483 1481 4537 mandare
1504 4481 1898 4537 decreveritis.

2019 4469 2479 4540 persecutionem
2514 4470 2674 4540 passi
2706 4476 2843 4525 sunt
2879 4474 3398 4546 pseudoprophetaa
3432 4475 3502 4531 ab
3539 4474 3665 4531 Elia

255 4580 325 4633 Et
354 4579 461 4632 hoc
495 4579 565 4632 ad
601 4576 875 4631 ultimum
907 4591 1009 4645 pro
1040 4578 1197 4627 certo
1226 4576 1427 4625 notum
1462 4571 1711 4625 facimus
1754 4587 1899 4640 quo-

257 4668 415 4722 niam
451 4668 519 4721 ad
551 4680 964 4735 quamcunque
996 4661 1313 4716 Ecclesiam
1367 4660 1678 4729 locumque
1725 4659 1903 4713 alium

257 4756 428 4812 nobis
462 4756 670 4809 merito
700 4754 1031 4823 subjectum
1066 4750 1314 4821 digressi
1353 4749 1659 4815 fuerimus,
1716 4764 1785 4802 ne
1836 4749 1907 4802 de

258 4846 466 4901 mortis
492 4849 706 4899 nostra:
727 4841 981 4913 periculo
1006 4838 1466 4909 triumphatores
1489 4838 1904 4901 existant,cum

256 4938 653 4990 debueramus
685 4932 755 4986 ob
788 4930 1052 4984 divinum
1086 4926 1308 4982 cultum
1341 4925 1461 4979 sive
1484 4926 1753 4979 timorem
1778 4941 1906 4979 ora-

259 5024 408 5078 rium
441 5020 814 5077 solummodo
848 5018 1263 5088 planetamque
1296 5013 1827 5077 deferre,1anceam
1853 5017 1909 5067 et

256 5117 490 5166 scutum
527 5114 583 5164 et
612 5108 875 5179 gladium
901 5104 1164 5175 bajularc
1197 5103 1619 5174 praecipiemus.

255 5229 387 5283 CAP.
424 5226 513 5279 74.
547 5254 614 5262 —-
648 5224 833 5276 Licere
863 5218 1237 5274 sacerdotibus
1288 5220 1478 5271 contra
1528 5214 1725 5285 impios
1775 5230 1907 5281 pro-

326 5298 577 5365 mulgare
599 5298 845 5365 mortem.
877 5297 958 5346 Ea:
979 5290 1213 5344 historia
1237 5289 1517 5343 Anastasii
1540 5286 1909 5341 bibliotlieca~

326 5368 405 5423 rii
436 5363 697 5423 Romanae
728 5363 994 5420 ecclesiae.

328 5456 509 5512 Multo
541 5454 736 5510 divino
759 5451 878 5507 zelo
905 5454 1100 5505 motus
1125 5446 1368 5503 Michael
1390 5446 1695 5517 piissimus
1719 5447 1906 5517 impe-

259 5553 420 5603 rator
453 5549 658 5601 contra
687 5540 1035 5598 Manichaeos
1081 5538 1183 5608 qui
1231 5535 1551 5592 Pauliciani
1606 5536 1904 5601 dicuntur,

588 5676 847 5733 PATROL.
896 5668 1093 5730 CLXI.

2012 4558 2107 4626 (III
2138 4559 2262 4627 Reg.
2296 4560 2480 4627 xvm),
2517 4561 2812 4630 quomodo
2838 4560 2961 4631 ipse
2994 4562 3145 4617 Elias
3180 4580 3213 4617 a
3245 4579 3378 4635 rege
3408 4564 3661 4636 iniquis-

2015 4648 2187 4713 simo,
2222 4652 2322 4701 aut
2352 4646 2490 4716 quia
2520 4647 2845 4719 ﬂagellatus
2860 4656 2950 4704 est
2980 4650 3658 4723 Dominusapersecuto-

2016 4738 2199 4802 ribus,
2234 4740 2539 4808 propterea
2561 4736 2940 4807 passionibus
2954 4739 3081 4808 ejus
3105 4742 3657 4813 comparandisunt,

2016 4841 2163 4895 quos
2196 4826 2319 4895 ipse
2352 4825 2423 4879 de
2456 4824 2672 4895 templo
2706 4824 3024 4897 ﬂagellalos
3049 4829 3237 4899 ejecit.
3263 4833 3461 4885 Restat
3498 4846 3655 4902 ergo,

2016 4918 2080 4967 ut
2111 4913 2256 4967 nihil
2312 4913 2469 4968 aliud
2524 4914 2939 4984 requirendum
2997 4934 3123 4973 esse
3172 4919 3494 4989 fateamini,
3544 4919 3657 4975 nisi

2017 5006 2214 5056 utrum
2241 5003 2407 5071 ,juste
2439 5019 2512 5056 an
2543 5001 2723 5073 impie
2743 5020 2846 5058 vos
2905 5006 3309 5077 separaveritis
3337 5024 3369 5062 a
3406 5024 3661 5063 commu-

2018 5092 2193 5145 nione
2224 5091 2384 5146 orbis
2416 5095 2724 5147 terrarum.
2745 5093 2890 5149 Nam
2924 5094 2973 5149 si
3005 5095 3113 5149 hoc
3160 5095 3461 5152 inventum
3493 5098 3666 5152 fuerit

2018 5180 2172 5250 quod
2209 5179 2387 5250 impie
2419 5180 2696 5245 feceritis,
2727 5198 2842 5236 non
2879 5182 3195 5252 miremini,
3228 5185 3276 5238 si
3313 5202 3425 5240 non
3453 5186 3667 5240 desunt

2018 5268 2271 5323 ministri
2307 5268 2422 5323 Deo
2448 5285 2552 5339 per
2582 5286 2733 5339 quos
2752 5270 3138 5341 ﬂagellamini,
3164 5272 3301 5342 quia
3320 5271 3670 5343 persecutio-

2018 5373 2149 5412 nem
2177 5357 2445 5427 patimini
2481 5374 2596 5411 non
2622 5375 2655 5411 a
2687 5359 2880 5424 nobis,
2906 5359 3002 5413 sed
3038 5359 3190 5413 sicut
3223 5360 3508 5429 scriptum
3558 5364 3669 5430 est,

2016 5446 2087 5499 ab
2118 5445 2265 5517 ipsis
2297 5446 2463 5501 factis
2494 5446 2708 5500 vestris
2739 5445 2897 5517 (Sep.
2934 5446 3013 5517 ιι).
3049 5448 3199 5502 Item.
3247 5446 3387 5516 (eod.
3416 5447 3457 5502 ι.
3489 5465 3535 5504 c.
3576 5450 3666 5516 43,

2017 5550 2068 5604 q.
2100 5537 2155 5601 7,
2187 5551 2233 5589 ε.
2269 5535 2328 5590 Si
2356 5535 2421 5590 de
2451 5534 2656 5604 rebus.)
2690 5534 2749 5589 Si
2781 5534 2852 5589 de
2876 5534 3050 5590 rebus
3081 5535 3167 5592 vel
3200 5535 3269 5592 de
3291 5536 3436 5595 locis
3476 5537 3665 5597 eccle-

3273 5668 3348 5726 23
