3972 6064
333 279 440 334 715

1422 274 1486 324 D.
1531 266 1768 323 IVONIS
1804 261 2303 318 CARNOTENSIS
2337 259 2656 314 EPISCOPI

3631 252 3746 309 716

334 399 593 458 siasticis
623 415 768 471 quos
801 395 1088 454 tenebatis
1119 400 1175 452 et
1200 411 1315 450 non
1356 391 1586 457 tenetis,
1631 383 1974 460 querimini,
2006 385 2059 449 Α
2089 381 2203 452 (23,
2235 398 2291 453 q.
2327 381 2445 450 3,c.
2469 380 2903 471 Proimembris.
2929 379 3033 471 l’ro
3075 375 3359 471 membris
3376 375 3588 471 Christi
3629 377 3742 471 ad-

335 493 588 562 possunt
607 487 858 543 etJudaai
876 487 1147 555 sejustos
1163 483 1374 547 dicere,
1405 479 1850 549 etiniquitatem
1886 489 1982 528 no-

339 578 430 632 bis
463 576 735 646 objicere,
769 575 909 646 quia
934 573 1126 628 locum
1160 571 1218 624 in
1241 585 1356 639 quo
1388 565 1554 637 impii
1589 564 1985 634 regnaverunt

339 667 511 724 modo
543 663 856 721 Christiani
888 656 1370 732 possident.Quid
1402 671 1537 726 ergo
1571 653 1904 723 indignum,
1936 647 1982 702 si

341 771 411 811 ea
432 771 561 826 quae
587 753 863 807 tenebant
894 745 1144 802 haeretici
1175 745 1498 800 secundum
1527 757 1726 814 parem
1748 736 1986 794 Domini

340 825 696 900 voluntatem
725 835 1008 894 Catholici
1036 833 1285 889 tenent?
1308 833 1392 886 Ad
1421 847 1624 886 omnes
1643 828 1800 884 enim
1826 825 1986 880 simi-

344 931 451 997 les,
485 929 654 983 idest
681 941 884 981 omnes
933 922 1146 992 impios
1195 931 1248 976 et
1287 921 1519 990 iniquos
1571 917 1672 972 illa
1703 932 1810 970 vox
1868 914 1987 967 Do-

343 1017 488 1076 mini
519 1016 670 1070 valet
691 1030 702 1069 :
723 1015 1016 1082 Auferetur
1034 1029 1068 1064 a
1091 1011 1237 1066 vobis
1263 1025 1496 1076 regnum
1516 1008 1631 1072 Dei,
1667 1008 1719 1060 et
1757 1003 1991 1058 dabitur

339 1107 491 1177 genti
515 1105 744 1174 facienti
763 1102 1049 1172 justitiam
1083 1098 1296 1169 (Matth.
1327 1097 1560 1165 xx1).An
1588 1096 1814 1148 frustra
1843 1090 1989 1146 scri-

340 1201 504 1266 ptum
525 1197 612 1247 est
637 1193 916 1246 :Labores
931 1188 1009 1242 im
1021 1187 1408 1259 piorumjusti
1423 1185 1598 1240 edent
1613 1182 1640 1236 ?
1657 1181 1836 1251 (Psat.
1855 1178 1992 1247 CIV.)

338 1292 707 1361 Quapropter
739 1285 926 1358 magis
955 1285 1157 1339 mirari
1189 1281 1416 1338 debetis
1448 1281 1602 1351 quod
1627 1279 1816 1333 adhuc
1833 1283 1993 1330 tene-

343 1380 424 1435 tis
455 1377 677 1448 aliquid
709 1392 890 1447 quam
922 1375 1082 1445 quod
1117 1372 1337 1443 aliquid
1353 1368 1660 1424 amisistis.
1692 1369 1826 1422 Item
1847 1367 1994 1436 (cap-

341 1470 457 1536 59).
491 1467 550 1522 Si
595 1482 713 1537 qua
752 1466 879 1534 jam
919 1461 1141 1518 concisi
1191 1460 1490 1530 possidere
1530 1455 1811 1528 coepistis,
1861 1453 1994 1524 quia

341 1556 507 1613 vobis
540 1555 734 1610 ablata
756 1553 927 1607 nobis
962 1551 1243 1605 Dominus
1273 1548 1454 1612 dedit,
1480 1563 1595 1601 non
1628 1545 1756 1598 ideo
1778 1558 1994 1598 concu-

345 1644 628 1716 piscimus
661 1641 873 1705 aliena,
898 1639 1038 1710 quia
1060 1635 1480 1708 illiusimperio
1504 1635 1674 1703 cujus
1705 1636 1846 1686 sunt
1870 1647 1993 1685 om-

2091 486 2294 525 versus
2326 487 2423 524 vos
2453 470 2735 535 serviunt,
2751 467 2985 524 etvohis
3004 465 3294 522 resistunt
3313 464 3650 536 quicunque
3671 464 3739 520 in

2093 558 2379 614 catholica
2409 575 2473 613 eo
2488 558 2684 614 animo
2699 561 2835 613 sunt
2853 556 3026 628 [Apud
3052 557 3187 626 Aug.
3208 557 3483 610 inseritur
3503 573 3524 608 .·
3548 571 3742 626 parva

2094 649 2286 703 adhuc
2316 648 2495 720 ﬁdei],
2529 664 2643 718 quo
2674 653 2814 702 tunc
2845 647 3052 702 Petrus
3075 645 3204 712 fuit,
3226 661 3362 699 cum
3388 643 3604 698 ferrum
3629 659 3743 714 pro

2093 736 2310 792 Christi
2342 737 2577 791 nomine
2607 735 2844 791 strinxit
2873 734 3093 806 (Matth.
3126 737 3302 801 xxvx).
3335 732 3448 787 Sed
3482 731 3746 786 multum

2094 823 2338 879 interest
2367 825 2519 879 inter
2546 829 2801 880 vestram
2834 821 3306 894 persecutionem
3362 824 3420 875 et
3467 821 3746 875 istorum.

2096 921 2210 976 Vos
2242 921 2464 977 similes
2495 922 2636 976 estis
2658 937 2822 976 servo
2853 918 3197 988 sacerdotis,
3233 921 3372 989 quia
3421 917 3750 974 servientes

2099 1010 2463 1080 principibus
2494 1010 2702 1065 vestris
2731 1010 3012 1064 adversus
3033 1007 3347 1063 Ecclesiam
3367 1006 3746 1072 catholicam,

2098 1097 2156 1151 id
2187 1103 2276 1152 est
2304 1099 2584 1153 adversus
2615 1096 2828 1152 Christi
2847 1113 3061 1168 corpus
3083 1093 3527 1151 armamini.Isti
3544 1101 3746 1150 autem

2100 1185 2247 1240 tales
2277 1191 2437 1252 sunt,
2470 1185 2661 1256 qualis
2693 1191 2830 1239 tunc
2862 1185 3065 1239 Petrus
3096 1183 3225 1250 fuit,
3262 1182 3362 1253 qui
3395 1197 3498 1254 pro
3529 1180 3749 1236 Christi

2102 1290 2361 1344 corpore,
2397 1273 2453 1328 id
2487 1279 2577 1328 est
2605 1291 2706 1345 pro
2739 1272 2997 1329 Ecclesia
3025 1273 3204 1328 etiam
3236 1270 3614 1341 corporaliter
3636 1288 3750 1341 pu-

2103 1370 2303 1434 gnant.
2338 1365 2492 1433 (Item
2517 1364 2741 1431 ibidem,
2769 1379 2888 1434 cap.
2949 1362 3041 1428 93,
3091 1361 3191 1415 sub
3239 1361 3448 1430 ﬁnem).
3501 1359 3560 1414 Si
3611 1376 3750 1430 pro-

2104 1458 2299 1520 pterea
2325 1459 2660 1520 persecutor
2711 1467 2823 1505 non
2877 1450 2988 1504 fuit
3026 1449 3552 1514 Nabuchdonosor,
3604 1449 3748 1519 quia

2103 1539 2366 1594 scelusin
2387 1545 2656 1594 sanctum
2682 1537 2978 1593 Danielem
3005 1535 3749 1606 commissumjustissime

2100 1627 2419 1682 vindicavit
2447 1628 2615 1696 (Dan.
2647 1631 2745 1693 vx),
2778 1626 3076 1697 quomodo
3107 1625 3526 1680 vindicandum
3567 1630 3656 1679 est
3715 1643 3751 1680 a

347 1713 466 1796 nia,
492 1733 644 1786 facta
681 1735 822 1784 sunt
867 1732 1085 1791 nostra,
1119 1731 1174 1781 et
1212 1727 1374 1796 juste
1425 1729 1627 1778 nostra
1676 1726 1836 1776 sunt.
1877 1719 1994 1774 Vos
2026 1749 2072 1814 Β
2102 1717 2338 1787 regibus
2355 1715 2723 1786 quodChristi
2746 1719 3110 1771 sacramenta
3131 1713 3745 1784 exsufﬂantur,sipro~

347 1822 504 1877 enim
537 1821 627 1875 his
661 1817 982 1874 utebamini
1016 1817 1087 1870 ad
1117 1814 1537 1886 praecisionem,
1571 1827 1677 1866 nos
1700 1811 1770 1864 ad
1805 1808 1995 1864 unita-

347 1915 491 1964 tem.
515 1907 788 1978 Alioquin
821 1911 876 1960 et
908 1905 1098 1976 primo
1122 1902 1339 1974 populo
1362 1901 1463 1956 Dei
1488 1905 1730 1971 possent
1752 1897 1834 1952 illi
1858 1896 2001 1966 obji-

351 2013 480 2053 cere
494 1996 694 2052 alienaa
713 1994 793 2050 rei
813 1991 1351 2063 concupiscentiam
1363 2033 1377 2056 ,
1391 1989 1489 2060 qui
1505 1988 1701 2043 divina
1716 1989 2003 2058 potestate

367 2087 439 2140 ab
469 2101 672 2140 eorum
705 2083 872 2150 facie,
903 2082 1040 2150 quia
1069 2097 1136 2135 ea
1164 2085 1319 2134 terra
1352 2077 1503 2132 male
1535 2077 1870 2141 utebantur,
1903 2090 2003 2128 ex—

364 2173 519 2246 pulsi
553 2175 714 2226 sunt.
749 2172 817 2226 Et
847 2170 956 2242 ipsi
986 2169 1174 2224 Judaei
1203 2185 1233 2221 a
1257 2166 1474 2238 quibus
1503 2164 1765 2220 ablatum
1798 2167 1886 2217 est
1925 2177 2009 2214 re-

365 2279 568 2334 gnum,
604 2259 925 2316 secundum
959 2258 1135 2312 verba
1159 2255 1409 2324 Domini,
1435 2254 1710 2309 etdatum
1743 2257 1831 2306 est
1849 2247 2010 2321 genti

361 2349 597 2406 facienti
657 2348 952 2419 justitiam
1002 2346 1208 2413 (Matth.
1245 2347 1387 2411 xxx),
1459 2345 1711 2414 possunt
1760 2339 2012 2408 objicere

359 2439 561 2495 aliena:
586 2438 667 2492 rei
699 2433 1256 2506 concupiscentiam,
1300 2431 1437 2502 quia
1491 2429 1751 2484 Ecclesia
1797 2425 2014 2482 Christi

356 2528 640 2600 possidet,
669 2525 767 2580 ubi
801 2526 1215 2595 persecutores
1246 2519 1461 2574 Christi
1519 2517 1862 2589 regnabant.
1885 2517 2016 2569 Item

360 2621 504 2687 (cap.
535 2615 647 2686 79).
675 2614 784 2682 (25,
816 2629 867 2683 q.
921 2613 974 2678 4,
1005 2627 1052 2665 c.
1111 2611 1218 2677 Qui
1265 2608 1434 2678 pecc.)
1487 2606 1594 2670 Qui
1651 2609 1850 2677 peccat
1899 2619 2014 2656 non

361 2709 567 2776 peccat
599 2702 747 2773 legis
778 2701 1144 2762 auctoritate,
1169 2698 1270 2753 sed
1306 2703 1509 2751 contra
1540 2693 1684 2765 legis
1709 2692 2018 2748 auctorita-

355 2797 497 2847 tem.
519 2791 667 2856 Quia
680 2805 813 2844 vero
835 2788 1162 2858 interrogas
1183 2801 1312 2857 quae
1336 2784 1412 2839 sit
1433 2784 1578 2838 ratio
1605 2779 2014 2853 persequendi,

357 2887 618 2942 vicissim
649 2890 704 2940 te
735 2886 1032 2954 interrogo
1057 2883 1227 2952 cujus
1251 2881 1329 2937 sit
1350 2879 1534 2934 voxin
1563 2878 1792 2950 psalmo
1819 2877 2016 2931 dicen-

359 2975 434 3029 tis
474 2991 486 3030 :
520 2973 902 3029 Detrahentem
947 2979 1148 3026 secreto
1185 2969 1440 3041 proximo
1487 2983 1606 3032 suo,
1660 2967 1806 3020 hunc
1833 2981 2020 3037 perse-

363 3063 568 3134 quebar
588 3063 762 3133 (Psat.
794 3065 865 3130 c).
891 3059 1304 3129 Qumreitaque
1325 3055 1751 3129 persecutionis
1774 3053 1859 3108 vel
1884 3069 2014 3107 cau-

367 3168 516 3217 sam,
549 3150 636 3204 vel
661 3149 923 3217 modum,
947 3151 1004 3202 et
1029 3146 1147 3201 noli
1172 3150 1334 3200 tanta
1355 3144 1648 3215 imperitia
1669 3140 2016 3214 generaliter

370 3239 660 3295 malorum
695 3234 1128 3310 persecutiones
1162 3233 1604 3305 reprehendere.
1631 3233 1759 3286 IIem
1793 3230 1861 3284 ad
1897 3231 2012 3283 ml-

366 3345 503 3393 cem,
534 3344 580 3382 c.
613 3328 726 3398 80).
779 3324 940 3390 Quod
989 3328 1185 3379 autem
1214 3321 1388 3376 etiam
1420 3319 1635 3377 Christi
1691 3317 2015 3391 corporali—

367 3421 455 3473 ter
485 3419 829 3490 persecutus
860 3412 1037 3468 fuerit
1067 3429 1165 3467 eos
1192 3427 1337 3483 quos
1370 3411 1440 3465 de
1471 3409 1690 3480 templo
1713 3407 2016 3479 ﬂagellan-

367 3507 441 3560 do
465 3502 684 3575 expulit
715 3503 893 3574 (Joan.
930 3501 1016 3572 ιι),
1042 3501 1174 3570 jam
1207 3515 1387 3570 supra
1415 3499 1689 3553 diximus.
1717 3497 1845 3553 Item
1875 3498 2015 3567 (cap.

369 3594 485 3662 8'2).
517 3591 634 3646 Nec
658 3590 1067 3662 persequimur
1088 3605 1210 3656 vos,
1236 3587 1347 3642 nisi
1375 3586 1870 3658 quemadmodum
1893 3601 2020 3655 per-

371 3679 643 3750 sequitur
671 3678 885 3734 veritas
906 3676 1245 3732 falsitatem.
1270 3678 1403 3731 Item
1431 3676 1577 3746 (cap.
1604 3674 1719 3745 83,)
1751 3675 1862 3745 (23,
1895 3675 2016 3744 q.5,

371 3785 418 3823 c.
447 3768 528 3823 Ad
557 3767 761 3837 ﬁdem.)
787 3767 868 3820 Ad
901 3765 1074 3819 fidem
1098 3763 1298 3818 nullus
1322 3769 1409 3818 est
1441 3763 1760 3834 cogendus,
1794 3762 1892 3816 sed
1920 3777 2022 3831 per

375 3857 764 3921 severitatem,
791 3853 908 3908 imo
944 3858 1000 3908 et
1037 3869 1136 3923 per
1161 3853 1622 3907 misericordiam
1642 3848 2023 3915 Dei,tribula-

377 3946 603 4000 tionum
641 3942 886 4014 ﬂagellis
935 3940 1081 3996 solet
1125 3939 1366 4011 perfidia
1407 3937 1703 4008 castigari.
1741 3937 2020 4007 Nunquid

377 4035 515 4107 quia
546 4050 736 4089 mores
767 4031 974 4103 optimi
1007 4030 1276 4084 libertate
1327 4026 1645 4082 voluntatis
1702 4024 2022 4094 eliguntur,

377 4128 502 4182 ideo
529 4141 718 4181 mores
734 4121 972 4195 pessimi
991 4135 1104 4174 non
1121 4117 1266 4189 legis
1293 4117 1625 4188 integritate
1655 4115 2020 4185 puniuntur?

375 4226 486 4279 Sed
505 4229 696 4279 tamen
710 4219 861 4275 male
879 4215 1104 4272 vivendi
1126 4213 1300 4269 ultrix
1328 4211 1642 4284 disciplina
1672 4217 2026 4284 praepostera

378 4317 487 4379 est,
524 4311 635 4364 nisi
667 4324 798 4364 cum
836 4305 1166 4378 praecedens
1194 4303 1336 4357 bene
1357 4301 1585 4356 vivendi
1606 4301 1871 4356 doctrina
1893 4319 2025 4356 con-

379 4398 685 4455 temnitur.
719 4395 779 4449 Si
811 4411 936 4465 qua:
967 4392 1150 4464 igitur
1170 4391 1450 4447 adversus
1472 4407 1572 4445 vos
1599 4389 1755 4462 leges
1803 4391 2025 4445 consti-

2107 1805 2294 1876 phetae
2327 1805 2591 1859 membra
2621 1807 2758 1874 quia
2788 1805 2846 1858 in
2880 1803 3206 1875 periculum
3241 1806 3427 1858 missa
3472 1809 3630 1870 sunt,
3660 1803 3749 1856 sic

2106 1893 2392 1948 vindicari
2425 1892 2806 1947 meruerunt?
2838 1895 2964 1948 Item
2995 1891 3237 1960 (ibidem.
3270 1908 3391 1962 cap.
3450 1892 3593 1962 104).
3636 1891 3756 1946 Ne-

2113 1999 2224 2053 que
2254 1982 2312 2036 in
2346 1982 2583 2036 homine
2614 1983 2763 2036 bono
2798 1981 3012 2052 aliquis
3043 1981 3144 2036 Dei
3179 1980 3759 2051 sacramentafugiat

2113 2087 2301 2140 neque
2333 2072 2390 2124 in
2423 2070 2660 2125 homine
2689 2071 2861 2125 malo.
2897 2075 3030 2127 Item
3061 2070 3182 2141 (tib.
3218 2086 3281 2124 ιιι
3315 2069 3516 2124 Contra
3549 2072 3759 2124 litteras

2115 2158 2322 2213 Petilia
2352 2201 2365 2225 ,
2397 2176 2446 2213 c.
2480 2159 2588 2229 10).
2620 2159 2676 2214 Si
2711 2158 2976 2212 laudanti
3011 2159 3197 2212 amico
3231 2175 3342 2212 non
3373 2163 3462 2212 est
3514 2159 3761 2213 creden-

2118 2249 2281 2313 dum,
2315 2264 2504 2318 neque
2530 2247 2770 2302 inimico
2802 2247 3156 2302 detrahenti.
3189 2248 3323 2301 Item
3353 2247 3540 2316 (ibid.,
3573 2263 3620 2300 c.
3645 2247 3766 2317 36).

2120 2345 2289 2416 Apud
2324 2361 2429 2400 nos
2461 2345 2802 2416 quicunque
2831 2345 2966 2400 mali
2999 2344 3086 2400 vel
3138 2345 3370 2415 penitus
3419 2343 3626 2414 latent,
3674 2344 3773 2400 vel

2123 2435 2476 2505 quibusdam
2513 2433 2630 2488 noti
2666 2439 2901 2505 propter
2931 2435 3117 2488 bonos
3140 2434 3358 2504 quibus
3391 2434 3572 2505 ignoti
3597 2438 3771 2497 sunt,

2123 2531 2176 2580 et
2206 2527 2356 2596 apud
2379 2541 2526 2596 quos
2540 2526 2803 2579 convinci
2833 2541 2946 2579 non
2973 2529 3240 2596 possunt,
3261 2530 3501 2595 propter
3520 2525 3764 2580 unitatis

2124 2619 2181 2669 et
2213 2614 2369 2684 pacis
2402 2613 2702 2668 vinculum
2738 2614 3065 2668 tolerantur
3097 2614 3311 2684 (Ephes.
3365 2614 3460 2684 ιν),
3513 2629 3586 2668 ne
3627 2631 3760 2670 cum

2125 2702 2374 2757 zazaniis
2407 2703 2738 2757 eradicetur
2766 2708 2822 2756 et
2854 2703 3112 2757 triticum
3139 2703 3358 2773 (Matth.
3393 2703 3498 2772 ιιι),
3534 2702 3614 2756 ita
3648 2719 3768 2758 sure

2126 2791 2359 2845 malitiae
2393 2790 2682 2845 sarcinam
2719 2796 2947 2862 portant
2979 2791 3122 2862 (Gal.
3147 2792 3248 2860 vx).
3292 2790 3566 2862 (August,
3612 2807 3660 2845 c.
3712 2793 3768 2862 8,

2127 2881 2221 2934 tib.
2257 2882 2328 2934 De
2373 2882 2506 2934 unio
2561 2880 2704 2950 bapt.
2759 2885 2956 2935 contra
3009 2880 3409 2951 Petilianum.)
3459 2879 3767 2936 Neminem

2126 2972 2279 3022 recte
2303 2967 2555 3038 judicari
2584 2973 2723 3039 puto
2756 2967 3148 3033 innocentem,
3182 2968 3279 3041 qui
3313 2968 3610 3023 hominem
3655 2985 3774 3022 non

2128 3055 2457 3112 convictum
2492 3057 2804 3110 crediderit
2831 3061 3162 3112 nocentem.
3197 3059 3333 3111 Item
3369 3071 3500 3128 (cap.
3556 3057 3648 3111 59.
3703 3056 3779 3112 Il-

2127 3144 2225 3200 lud
2255 3143 2388 3215 quis
2420 3144 2562 3198 ferat
2585 3145 2738 3216 quod
2767 3143 3051 3216 sacrilega
3076 3145 3217 3199 dicit
3238 3149 3597 3200 sacramenta
3618 3145 3778 3201 Chri-

2123 3235 2222 3300 sti,
2255 3234 2425 3288 etiam
2461 3232 2510 3289 si
2543 3249 2692 3300 vere,
2717 3233 2869 3289 sicut
2887 3233 3303 3303 calumniatur,
3339 3234 3780 3291 atraditoribus

2125 3323 2479 3378 haberentur
2509 3340 2634 3394 quae
2669 3322 2725 3377 in
2759 3323 2995 3378 nomine
3024 3323 3237 3391 Patris,
3272 3324 3426 3388 Filii,
3477 3332 3534 3379 et
3578 3324 3771 3395 Spiri-

2124 3416 2222 3466 tus
2254 3412 2438 3465 sancti
2463 3411 2573 3465 ritu
2599 3411 2933 3482 evangelico
2963 3410 3334 3467 celebrantur
3354 3413 3381 3467 ‘I
3404 3413 3506 3468 Hic
3531 3413 3782 3468 fortasse

2127 3501 2280 3555 dicat
2306 3501 2426 3570 jam
2458 3516 2571 3555 non
2603 3516 2731 3554 esse
2760 3499 2974 3555 Christi
3029 3507 3464 3556 sacramentum
3527 3502 3680 3572 quod
3748 3519 3781 3556 a

2128 3587 2427 3659 sacrilegis
2459 3589 2650 3642 datur.
2676 3589 2789 3642 Cur
2822 3605 2935 3644 non
2968 3605 3104 3661 ergo
3135 3589 3278 3644 dicit
3301 3607 3415 3646 non
3440 3605 3569 3646 esse
3599 3591 3777 3646 etiam

2130 3701 2339 3740 nomen
2371 3685 2610 3749 Christi,
2643 3685 2796 3756 quod
2831 3703 2863 3740 a
2885 3685 3188 3757 sacrilegis
3211 3687 3429 3741 dicitur
3449 3687 3476 3740 ‘I
3497 3688 3630 3742 Item
3651 3688 3781 3758 (ibi-

2127 3774 2249 3828 dem
2287 3790 2408 3844 cap.
2446 3776 2550 3844 13).
2590 3773 2632 3828 Ο
2665 3791 2840 3844 quam
2874 3775 3256 3830 detestandus
3297 3778 3408 3846 (est
3457 3792 3621 3832 error
3669 3778 3780 3832 ho-

2131 3863 2359 3916 minum
2421 3862 2592 3915 addit.
2643 3863 2788 3932 apud
2843 3865 2978 3933 Aug.
3029 3864 3127 3935 qui
3175 3864 3469 3919 clarorum
3516 3865 3778 3919 virorum

2131 3951 2397 4022 quaedam
2433 3967 2545 4004 non
2581 3955 2732 4004 recte
2768 3950 2918 4005 facta
2949 3951 3319 4006 laudabiliter
3349 3968 3412 4007 se
3439 3953 3660 4008 imitari
3682 3969 3787 4023 pu-

2133 4045 2280 4106 tant,
2313 4057 2346 4094 a
2377 4055 2625 4108 quorum
2659 4039 2977 4095 virtutibus
3009 4039 3183 4096 alieni
3217 4046 3374 4096 sunt.
3411 4041 3504 4096 Sic
3535 4042 3697 4096 enim
3731 4045 3787 4096 et

2134 4128 2398 4183 nonnulli
2432 4129 2598 4183 Petro
2630 4128 2895 4200 apostolo
2927 4145 3269 4200 comparare
3301 4147 3363 4184 se
3424 4136 3696 4202 possunt,
3733 4131 3783 4186 si

2133 4217 2429 4272 Christum
2464 4217 2803 4288 negaverint
2855 4217 3055 4285 (Matth.
3112 4219 3286 4290 xxvx).
3342 4221 3474 4274 Item
3532 4219 3784 4291 (ibidem,

2134 4321 2252 4376 cap.
2300 4306 2407 4375 16).
2469 4305 2526 4360 Si
2587 4310 2675 4360 est
2733 4305 3186 4362 humanitas-in
3249 4309 3425 4363 rebus
3474 4308 3781 4376 humanis,

2138 4409 2278 4473 puto
2311 4402 2656 4472 nosjustius
2679 4419 2846 4473 posse
2867 4405 3238 4474 reprehendi,
3263 4406 3311 4461 si
3337 4405 3570 4477 ignotos
3593 4406 3786 4462 homi-

381 4491 518 4540 tum
550 4488 708 4549 sunt,
743 4499 858 4538 Ποῐὶ
890 4481 974 4537 eis
993 4481 1327 4536 benefacere
1365 4479 1664 4551 οοὲζίωίοίν
1716 4479 1815 4534 8Θά
1879 4477 2030 4534 male
2056 4476 2107 4542 Ι)
2140 4508 2242 4546 nes
2267 4507 2412 4562 quas
2437 4491 2826 4545 criminantur
2850 4493 3096 4558 inimici,
3122 4476 3536 4564 nequehorum
3560 4495 3786 4550 crimen

382 4576 567 4629 facere
597 4570 1178 4643 prohibemini.Nam
1221 4570 1558 4625 benefacere
1610 4585 1781 4623 nemo
1841 4574 2030 4638 potest

386 4663 498 4718 nisi
529 4661 788 4732 elegerit,
820 4659 934 4715 nisi
966 4659 1269 4724 amaverit,
1296 4659 1445 4728 quod
1483 4661 1571 4713 est
1601 4657 1659 4712 in
1705 4657 1884 4712 libora
1926 4673 2027 4711 vo-

385 4751 630 4806 luntate.
668 4748 952 4819 (Cap.8’i.)
981 4747 1123 4802 Cum
1157 4746 1379 4817 aliquid
1411 4747 1692 4801 adversus
1724 4762 1825 4800 vos
1863 4761 2028 4816 reges

386 4837 770 4905 constituunt,
789 4837 1087 4891 admoneri
1109 4853 1206 4891 vos
1225 4836 1465 4900 credite,
1482 4840 1546 4889 ut
1566 4834 1827 4904 cogitetis
1850 4850 2029 4904 quare

383 4927 499 4981 ista
525 4942 624 4979 vos
657 4923 981 4995 patiamini.
1007 4923 1064 4978 Si
1099 4931 1333 4994 propter
1357 4923 1675 4992 justitiam,
1711 4938 1771 4976 re
1794 4921 2030 4976 verailli

385 5018 784 5086 persecutores
815 5012 988 5066 vestri
1011 5015 1172 5079 sunt,
1194 5027 1296 5065 vos
1321 5015 1511 5065 autem
1537 5011 1688 5065 beati
1716 5011 1814 5081 qui
1841 5027 2032 5082 perse-

385 5103 680 5160 cutionem
706 5099 863 5172 passi
889 5104 1122 5170 propter
1157 5099 1483 5168 justitiam,
1536 5099 1911 5169 possidebitis
1945 5115 2030 5154 re-

381 5208 565 5264 gnum
597 5197 872 5245 ccelorum
903 5187 1112 5257 (Matth.
1148 5188 1220 5256 v).
1263 5186 1321 5240 Si
1375 5191 1568 5240 autem
1617 5193 1853 5258 propter
1913 5187 2026 5241 ini-

383 5280 666 5352 quitatem
701 5275 1038 5332 schismatis
1060 5274 1258 5341 vestri,
1284 5274 1368 5328 illi
1401 5275 1639 5345 quidem
1673 5281 2026 5332 correctores

382 5378 561 5433 vestri
594 5380 752 5443 sunt,
771 5391 871 5429 vos
899 5378 1089 5428 autem
1119 5372 1271 5428 sicut
1291 5372 1478 5426 czeteri
1501 5372 1866 5427 diversorum
1901 5391 2024 5428 sec-

392 5466 579 5520 lerum
606 5466 688 5519 rei
711 5463 809 5534 qui
834 5461 1274 5534 poenaslegibus
1297 5461 1578 5530 pendunt,
1605 5461 1859 5531 profecto
1883 5461 2026 5516 inte-

391 5553 532 5608 lices
563 5558 617 5608 et
638 5552 696 5606 in
729 5552 837 5607 hoc
870 5549 1080 5608 saeculo
1111 5557 1164 5604 et
1193 5548 1252 5605 in
1284 5550 1499 5606 futuro.
1545 5551 1676 5606 Item
1725 5555 1862 5622 (rap.
1908 5551 2018 5621 88).

2136 4579 2256 4634 ulla
2272 4580 2400 4633 testi
2413 4579 2675 4634 licatione
2690 4580 3377 4637 demonstrantnooentes
3393 4585 3589 4654 potius
3604 4601 3784 4655 quam

2136 4669 2476 4722 innocentes
2507 4667 2949 4722 crediderimus.
2983 4669 3126 4734 Quia
3157 4669 3205 4724 si
3231 4671 3376 4725 forte
3394 4686 3456 4725 se
3481 4670 3653 4726 aliter
3671 4673 3784 4728 Ve-

2137 4758 2281 4812 ritas
2313 4755 2506 4824 habet,
2540 4757 2650 4828 ipsi
2674 4757 3472 4814 certehumanitatidebitum
3492 4760 3784 4826 redditur,

2137 4863 2269 4900 cum
2302 4846 2474 4900 homo
2505 4847 2574 4900 de
2606 4845 2840 4900 homine
2873 4846 2953 4900 nil
2990 4846 3123 4901 mali
3157 4851 3375 4902 temere
3419 4848 3784 4918 suspicatur,

2140 4951 2244 4989 nec
2276 4933 2548 5004 cuiquam
2582 4933 2919 4989 criminanti
2957 4934 3121 4989 facile
3151 4936 3354 5000 credit,
3388 4937 3628 5006 quando
3662 4939 3788 4992 sine

2135 5027 2285 5077 teste
2309 5040 2371 5077 ac
2391 5022 2517 5078 sine
2541 5021 2656 5075 ullo
2679 5023 3030 5078 documento
3057 5024 3274 5079 crimen
3301 5023 3588 5095 objicinns
3615 5027 3788 5081 male-

2137 5111 2303 5165 dicus
2337 5113 2528 5181 potius
2560 5111 2916 5166 conviciator
2948 5128 3123 5184 quam
3158 5113 3450 5168 veridicus
3481 5124 3788 5170 accusator

2136 5198 2438 5253 exstiterit.
2477 5201 2611 5252 Item
2640 5199 2762 5270 (tib.
2788 5201 2861 5254 De
2890 5202 3102 5256 unitate
3125 5203 3380 5258 Ecclesia:
3399 5211 3597 5257 contra
3618 5206 3783 5274 epist.

2134 5286 2435 5351 Petiliam,
2469 5288 2751 5358 cap.‘2).Si
2776 5288 2994 5344 factum
3019 5295 3108 5345 est
3134 5292 3284 5361 quod
3313 5296 3615 5356 accusant,
3642 5293 3780 5364 quid

2135 5379 2520 5446 peccaverunt
2548 5377 2928 5432 ecclesiastici
2944 5379 3198 5449 judices,
3219 5378 3580 5451 quicrimina
3603 5381 3779 5436 etiam

2135 5463 2183 5518 si
2215 5479 2348 5518 vera
2378 5467 2434 5518 et
2455 5464 2525 5518 ad
2550 5481 2612 5519 se
2634 5465 2844 5533 delata,
2866 5467 2977 5523 sibi
2995 5475 3188 5524 tamen
3205 5485 3318 5524 non
3333 5468 3776 5540 probata,dam-

2135 5568 2272 5606 nare
2305 5551 2466 5608 nullo
2499 5555 2672 5610 modo
2704 5555 3196 5614 debebant?ltem
3217 5557 3470 5628 (ibidem,
3501 5575 3624 5630 cap.
3667 5561 3776 5631 17).
