4002 6054
220 323 330 380 717

1169 327 1481 382 DECRETI
1517 326 1700 380 PARS
1734 327 1804 378 X.
1846 351 1916 365 —-
1945 322 2041 380 DE
2079 323 2497 390 HOMICIDIIS,
2538 324 2696 379 ETC.

3524 327 3634 384 718

222 446 279 500 Si
312 450 506 501 autem
526 461 626 500 vos
645 449 847 500 contra
864 445 1181 501 Ecclesiam
1201 446 1413 501 Christi
1435 446 1642 502 altaria
1663 445 1873 500 erexis-
1902 446 1955 513 Α
1986 445 2302 517 designans
2331 448 2519 514 [reum
2552 443 2727 499 etiam
2766 444 2971 499 mortis
3001 445 3317 516 designans
3348 450 3504 520 eum]
3531 449 3633 521 qui

223 550 309 602 se,
344 538 401 589 et
434 551 467 589 a
495 532 831 588 Christiana
853 534 1074 589 unitate
1096 535 1250 606 (quae
1272 538 1393 589 toto
1425 535 1563 590 orbe
1595 534 1876 588 diffundi-

218 624 334 692 tur)
369 622 658 693 sacrilego
691 621 1009 678 schismate
1054 628 1352 693 separatos
1385 638 1532 689 esse,
1564 628 1620 676 et
1649 620 1875 691 corpori

218 712 433 767 Christi
464 712 643 782 (quod
679 715 767 765 est
799 710 1045 766 ecclesia
1066 716 1187 766 toto
1218 712 1355 766 orbe
1376 711 1610 781 diffusa)
1634 715 1690 764 et
1712 711 1873 765 reba-

218 800 494 873 ptizando
526 804 583 853 et
601 799 1086 867 blasphemando,
1110 803 1166 853 et
1197 805 1483 871 quantum
1508 801 1752 870 potestis
1773 815 1874 867 op-

220 889 565 960 pugnando,
602 888 898 943 adversari
932 894 1133 943 sancta
1165 894 1221 943 et
1252 889 1532 943 canonica
1577 888 1877 957 Scriptura

218 975 639 1042 convincit,vos
662 974 827 1045 impii
850 980 1024 1045 atque
1047 973 1429 1045 sacrilegi,illi
1450 979 1643 1029 autem
1665 976 1763 1045 qui
1780 990 1877 1029 vos

220 1082 324 1134 pro
357 1069 517 1118 tanto
550 1063 765 1118 scelere
787 1068 905 1118 tam
933 1064 1131 1118 leviter
1150 1065 1499 1118 damnorum
1525 1063 1873 1117 admonitio-

219 1154 397 1207 nibus
429 1153 516 1206 vel
549 1151 809 1207 locorum
841 1152 931 1207 vel
966 1153 1253 1207 bonorum
1278 1152 1365 1207 vel
1397 1151 1652 1223 pecuniae
1686 1152 1873 1223 priva-

216 1242 400 1305 tione,
432 1241 807 1296 deterrendos
840 1242 1304 1313 coercendosque
1326 1242 1670 1305 decernunt,
1697 1244 1758 1294 ut
1779 1256 1873 1294 co-

215 1330 471 1399 gitantes
503 1345 682 1399 quare
714 1329 825 1383 ista
849 1330 1178 1400 patiamini,
1204 1328 1581 1400 sacrilegium
1613 1332 1872 1383 vestrum

216 1418 521 1488 cognitum
556 1417 810 1487 fugiatis,
832 1424 889 1472 et
918 1419 989 1472 ab
1020 1423 1235 1473 eterna
1256 1419 1631 1473 damnatione
1661 1416 1873 1470 libere-

217 1505 386 1573 mini,
418 1511 476 1560 et
507 1511 763 1561 rectores
786 1506 1215 1577 diligentissimi
1240 1512 1296 1562 et
1325 1506 1694 1561 consultores
1729 1506 1874 1575 piis-

216 1594 357 1651 simi
388 1596 766 1665 deputantur.
810 1597 945 1649 Item
976 1595 1203 1667 (ibidem
1251 1595 1549 1666 aliquando
1575 1595 1871 1665 superius).

216 1684 299 1739 De
331 1684 731 1754 persecutione
765 1689 956 1739 vestra
977 1683 1215 1755 querela
1236 1684 1560 1754 sedabitur,
1585 1684 1633 1738 si
1657 1682 1870 1753 cogite-

218 1770 294 1825 tis
328 1778 386 1825 et
413 1770 763 1842 intelligetis
798 1772 960 1843 prius
993 1790 1106 1827 non
1140 1789 1373 1827 omnem
1408 1772 1870 1844 persecutionem

219 1876 352 1915 esse
383 1859 759 1930 culpabilem.
786 1861 1063 1932 Alioquin
1098 1878 1212 1916 non
1244 1862 1619 1915 laudabiliter
1652 1860 1871 1914 dicere-

216 1953 317 2002 tur
350 1964 362 2002 :
398 1949 783 2003 Detrahentem
835 1956 1042 2004 secreto
1088 1952 1339 2019 proximo
1368 1965 1485 2017 suo,
1518 1950 1663 2002 hunc
1689 1964 1874 2018 perse-

221 2036 433 2105 quebar
463 2038 637 2103 (Psal.
672 2038 746 2106 c).
802 2037 946 2091 Nam
1000 2038 1259 2108 quotidie
1306 2039 1573 2092 videmus
1604 2043 1658 2091 et
1690 2036 1874 2090 ﬁlium

219 2126 291 2180 de
323 2131 506 2196 patre,
535 2131 816 2196 tanquam
851 2127 920 2180 de
954 2132 1323 2196 persecutore
1355 2144 1460 2180 suo
1492 2125 1791 2197 conqueri,
1818 2131 1875 2179 et

215 2215 526 2283 conjugem
560 2215 629 2268 de
662 2214 890 2281 marito,
923 2222 981 2269 et
1027 2231 1257 2269 servum
1292 2216 1362 2269 de
1393 2216 1652 2284 domino,
1687 2208 1742 2269 et
1773 2231 1874 2267 cn-

210 2301 415 2357 lonum
449 2303 519 2356 de
551 2318 910 2372 possessore,
939 2309 996 2357 et
1018 2320 1183 2358 reum
1208 2305 1277 2358 de
1302 2303 1520 2372 judice,
1541 2308 1595 2357 et
1626 2301 1871 2356 militem

213 2389 301 2445 vel
336 2390 751 2461 provincialem
784 2392 855 2445 de
875 2392 1019 2446 duce
1048 2391 1136 2446 vel
1166 2408 1319 2461 rege,
1342 2407 1471 2445 cum
1505 2390 1587 2444 illi
1625 2390 1874 2460 plerum-

214 2495 328 2550 que
358 2479 805 2533 ordinatissima
836 2486 1125 2550 potestate
1152 2481 1262 2535 sibi
1297 2480 1565 2533 homines
1599 2479 1873 2533 subditos

217 2583 321 2638 per
350 2572 601 2623 terrores
636 2567 847 2622 levium
889 2586 1189 2639 poenarum
1225 2586 1257 2622 a
1305 2568 1671 2639 gravioribus
1704 2568 1873 2621 malis

218 2655 570 2726 prohibeant
600 2662 775 2727 atque
806 2662 1202 2728 compescant,
1237 2657 1584 2728 plerumque
1612 2661 1806 2710 autem
1841 2673 1874 2709 a

222 2745 377 2800 bona
413 2744 532 2799 vita
564 2750 622 2799 et
652 2763 685 2799 a
734 2747 903 2801 bonis
951 2747 1141 2815 factis,
1176 2746 1454 2800 minando
1486 2749 1542 2799 et
1585 2744 1874 2799 saeviendo

219 2834 571 2890 deterreant.
604 2835 711 2889 Sed
766 2852 897 2889 cum
933 2852 965 2888 a
995 2834 1148 2890 malo
1198 2838 1254 2889 et
1300 2834 1499 2889 illicito
1543 2833 1874 2904 prohibent,

224 2929 580 2979 correctores
610 2929 667 2978 et
696 2924 1061 2979 consultores
1080 2930 1245 2993 sunt;
1272 2941 1403 2979 cum
1436 2929 1630 2979 autem
1663 2941 1695 2978 a
1726 2924 1875 2979 bono

223 3018 277 3067 et
306 3011 488 3081 licito,
520 3018 922 3083 persecutores
948 3018 1005 3069 et
1030 3030 1409 3085 oppressores
1439 3019 1598 3067 sunt.
1621 3012 1876 3082 Culpan-

220 3107 322 3155 tur
353 3103 531 3157 etiam
564 3104 660 3174 qui
697 3105 1006 3174 prohibent
1036 3122 1067 3158 a
1100 3102 1269 3170 malo,
1301 3104 1350 3159 si
1386 3104 1623 3158 modum
1658 3102 1875 3175 peccati

222 3193 353 3245 mod
367 3209 433 3246 us
465 3192 839 3247 correctionis
871 3194 1130 3247 excedat.

220 3296 355 3352 CAP.
387 3298 476 3351 76.
513 3329 579 3337 ——
615 3298 763 3367 Quod
811 3299 1055 3353 charitas
1104 3304 1185 3354 est
1227 3302 1508 3369 corrigere
1534 3300 1871 3370 proximum.

291 3371 629 3493 Atuguséinus
657 3379 787 3424 tam.
824 3372 890 3425 IX
937 3387 1100 3443 super
1129 3372 1429 3442 Epistolam
1464 3371 1725 3439 Joannis,
1756 3375 1873 3425 tra-

291 3457 317 3493 c
342 3458 376 3493 a
404 3458 441 3493 u
511 3480 522 3493 .

289 3457 441 3495 czazu
481 3457 522 3494 Ι.

291 3529 405 3598 (23,
437 3546 487 3599 q.
519 3531 573 3598 5,
605 3545 651 3584 c.
686 3531 804 3585 Non
830 3532 1028 3601 putes).
1065 3531 1188 3586 Non
1221 3535 1389 3602 putes
1421 3536 1561 3585 tunc
1594 3535 1649 3585 te
1680 3546 1875 3585 amare

222 3633 458 3672 servum
511 3622 703 3685 tuum,
737 3622 968 3689 quando
1020 3636 1153 3674 eum
1202 3636 1317 3673 non
1366 3620 1562 3682 caedis,
1596 3627 1689 3673 aut
1734 3624 1876 3673 tunc

226 3722 422 3761 amare
454 3705 637 3761 ﬁlium
678 3712 841 3761 tuum
892 3709 1128 3779 quando
1178 3725 1291 3763 non
1344 3709 1448 3762 das
1480 3707 1874 3778 disciplinam,

225 3799 327 3848 aut
359 3798 500 3849 tunc
532 3811 726 3850 amare
748 3795 1003 3851 vicinum
1032 3802 1198 3851 tuum
1220 3798 1455 3866 quando
1489 3812 1601 3850 non
1634 3796 1878 3867 corrigis

226 3897 385 3937 eum.
420 3882 544 3936 Non
600 3890 689 3937 est
736 3884 817 3938 ita
866 3885 1140 3951 Charitas,
1175 3886 1276 3939 sed
1328 3885 1610 3955 languor;
1668 3885 1881 3939 ferveat

223 3970 482 4026 charitas
514 3973 585 4026 ad
618 3975 1073 4037 emendandum,
1104 3975 1175 4028 ad
1209 3976 1622 4044 corrigendum
1653 3990 1665 4039 ;
1697 3976 1797 4029 sed
1830 3975 1877 4028 si

224 4064 367 4114 sunt
400 4060 534 4115 boni
588 4077 802 4127 mores,
856 4062 1182 4129 delectent;
1234 4062 1281 4116 si
1314 4068 1453 4117 sunt
1502 4060 1638 4116 mali
1688 4078 1880 4117 emen-

225 4148 462 4203 dentur.

322 4240 452 4291 CAP.
485 4238 576 4291 77.
615 4267 677 4277 -—-
710 4239 783 4293 De
812 4238 1019 4293 eodem.
1052 4240 1279 4306 August.
1314 4240 1387 4293 De
1415 4241 1633 4294 civitate
1663 4241 1788 4306 Dei,

799 4309 898 4365 lib.
933 4327 1047 4378 xxx,
1080 4327 1199 4380 cap.
1237 4312 1322 4364 16.

302 4396 427 4451 Non
460 4401 550 4451 est
593 4397 965 4465 innocentiae,
1017 4400 1305 4468 parcendo
1355 4398 1546 4453 sinere
1580 4403 1642 4453 ut
1672 4399 1729 4452 in
1762 4414 1881 4453 ma-

228 4484 355 4539 lum
387 4484 624 4555 gravius
658 4486 973 4540 incidatur.
998 4488 1256 4541 Pertinet
1284 4502 1419 4557 ergo
1452 4487 1521 4541 ad
1557 4487 1884 4542 innocentis

231 4572 492 4627 ofﬁcium
528 4591 641 4629 non
677 4574 864 4630 solum
898 4574 1115 4628 nemini
1154 4573 1374 4628 malum
1416 4575 1647 4641 inferre,
1680 4591 1883 4630 verum

232 4660 411 4716 etiam
445 4662 712 4718 cohibere
744 4682 776 4719 a
808 4668 1063 4735 peccato,
1096 4662 1182 4718 vel
1228 4664 1436 4733 punire
1470 4669 1788 4734 peccatum,
1826 4668 1886 4717 ut

233 4758 333 4804 aut
364 4750 489 4819 ipse
520 4752 621 4820 qui
658 4751 820 4821 prius
853 4751 1068 4813 oditur,
1117 4750 1438 4818 corrigatur
1468 4752 1885 4821 experimento,

233 4842 337 4892 aut
367 4838 467 4893 alii
498 4844 830 4894 terreantur
859 4841 1142 4911 exemplo.

232 4943 359 4997 CAP.
392 4944 482 4998 78.
515 4974 583 4984 -η
634 4945 787 5011 Quod
831 4947 980 4999 nulli
1028 4947 1187 5000 liceat
1234 4944 1425 5015 gladio
1469 4946 1608 5011 iuste
1651 4946 1890 5001 occidere

304 5024 523 5082 excepto
555 5016 751 5082 iudice,
782 5020 1006 5086 August.
1032 5018 1091 5071 in
1126 5017 1224 5071 lib.
1255 5018 1451 5083 Quaest.
1486 5016 1620 5071 Νουί
1651 5023 1701 5072 et
1736 5019 1885 5073 Vete-

305 5088 385 5139 ris
414 5086 761 5149 Testamenli.
794 5104 918 5158 cap.
958 5089 1079 5142 104.

306 5172 525 5228 Videns
556 5179 759 5231 Petrus
790 5177 1088 5248 apostolus
1122 5177 1494 5249 insurgentes
1516 5176 1736 5242 hostes,
1766 5193 1886 5246 pro.

233 5260 372 5317 tulit
403 5261 662 5334 gladium
699 5270 753 5319 et
801 5266 1128 5337 amputavit
1158 5265 1483 5320 auriculam
1516 5265 1664 5319 servi
1699 5281 1887 5321 sacer-

235 5350 412 5405 dotis.
441 5352 603 5407 Tunc
632 5354 807 5409 Jesus
831 5354 976 5408 dixit
995 5355 1161 5407 Petro
1182 5358 1241 5407 ut
1276 5354 1884 5425 reconderetgladium

238 5440 299 5494 in
333 5440 565 5495 thecam
589 5460 759 5497 suam
788 5459 799 5498 :
836 5444 1024 5499 Omnis
1050 5443 1229 5511 enim,
1262 5442 1472 5512 inquit,
1497 5445 1596 5513 qui
1623 5444 1890 5514 acceperit

240 5528 514 5599 gladium,
549 5532 739 5597 gladio
766 5532 967 5603 peribit
1007 5531 1213 5601 (Matth.
1245 5531 1381 5600 xvx).
1413 5530 1486 5585 Ut
1527 5532 1666 5602 quid
1699 5530 1890 5602 parari

235 5616 443 5688 jussit,
479 5621 580 5689 qui
631 5620 931 5691 prohibuit
978 5623 1298 5691 percutere,
1352 5634 1486 5674 eum
1516 5619 1691 5675 etiam
1723 5620 1892 5676 morti

1904 1819 1951 1882 B

1986 535 2340 606 percusserit
2360 532 2719 603 gladio,cum
2746 549 2857 586 non
2889 532 3091 602 utique
3121 533 3339 604 injuste
3368 536 3637 592 videatur

1984 622 2285 694 apostolus
2317 621 2727 692 percussisse?
2773 622 3063 685 Quantum
3092 624 3246 677 enim
3278 624 3532 694 pertinet
3562 628 3631 680 ad

1984 728 2104 766 rem
2138 712 2445 781 [Petrum],
2467 708 2756 781 percussit
2773 725 2905 763 eum
2938 726 3112 779 quem
3136 715 3338 766 contra
3361 728 3423 767 se
3445 729 3636 768 arma-

1982 805 2112 854 tum
2148 800 2397 854 videbat.
2421 798 2708 852 Resistere
2745 798 2900 852 enim
2924 798 3128 853 debuit
3157 799 3405 871 ingratis
3436 802 3637 869 servis,

1983 895 2040 944 et
2070 890 2140 943 ad
2176 888 2487 943 Dominum
2523 889 2852 940 necandum
2885 888 3128 942 armatis
3158 890 3290 943 Item
3321 890 3637 961 (aliquanto

1983 980 2143 1048 post).
2200 981 2386 1042 Quare
2437 980 2725 1030 contuens
2777 976 3065 1030 Dominus
3115 978 3332 1031 factum
3384 980 3639 1049 apostoli

1985 1067 2155 1130 Petri,
2191 1082 2324 1120 eum
2356 1064 2455 1136 qui
2486 1063 2678 1134 gladio
2712 1080 2859 1117 usus
2901 1064 3074 1118 fuerit
3104 1064 3298 1135 gladio
3331 1066 3478 1120 dixit
3509 1083 3641 1137 per-

1982 1154 2089 1221 ire,
2121 1170 2251 1208 cum
2287 1170 2399 1208 non
2433 1152 2652 1222 injuste
2681 1152 3042 1222 percussisse
3068 1153 3503 1210 videatur.Nam
3529 1156 3641 1210 sic-

1982 1249 2048 1298 ut
2080 1242 2448 1314 signiﬁcatur
2478 1242 2536 1296 in
2583 1241 2758 1308 Luca,
2809 1241 2936 1311 ipso
2985 1242 3231 1297 Domino
3264 1243 3637 1314 permittente

1984 1333 2273 1405 percussit
2306 1334 2454 1400 (Luc.
2487 1334 2648 1397 XXII),
2684 1336 2742 1385 et
2772 1329 2855 1385 sic
2887 1330 3217 1400 prohibitus
3250 1331 3369 1386 haec
3393 1332 3636 1388 audivit.

1983 1422 2114 1476 Ideo
2146 1422 2363 1476 etenim
2386 1419 2742 1490 permissum
2766 1423 2855 1474 est
2888 1424 2950 1473 ut
2972 1424 3028 1473 et
3058 1419 3356 1476 vindicare
3379 1437 3443 1477 se
3466 1438 3639 1493 posse

1980 1510 2292 1574 videretur,
2328 1510 2428 1564 sed
2480 1508 2669 1575 nolle;
2699 1513 2755 1563 et
2800 1507 2983 1563 virtus
3033 1509 3441 1565 ostenderetur
3480 1510 3538 1566 in
3570 1526 3637 1565 eo

1983 1615 2217 1653 manere
2250 1599 2306 1652 in
2351 1614 2462 1667 quo
2512 1597 2719 1662 fuerat,
2752 1601 2807 1652 et
2859 1597 2918 1650 in
2953 1601 3202 1668 utroque
3248 1599 3543 1654 vindicare
3575 1614 3637 1654 se

1982 1705 2153 1758 posse
2183 1704 2296 1742 non
2331 1686 2740 1757 ambigeretur.
2791 1686 3019 1741 Inimici
3047 1703 3177 1741 vero
3210 1703 3313 1758 pro
3346 1692 3501 1743 certo
3532 1687 3638 1742 ha-

1980 1777 2184 1831 berent
2206 1777 2400 1830 datam
2424 1776 2494 1829 ab
2524 1791 2591 1830 eo
2624 1778 2976 1845 potestatem
3000 1779 3064 1828 ut
3086 1775 3207 1829 hac
3231 1775 3638 1844 facerent,non

1986 1865 2141 1922 enim
2172 1865 2357 1919 victus
2388 1865 2725 1936 apparebat,
2752 1864 2849 1919 sed
2883 1865 3121 1919 tradens
3144 1881 3206 1919 se
3234 1864 3521 1920 voluntati
3544 1882 3639 1919 eo-

1989 1972 2142 2009 rum.
2175 1955 2361 2017 Quare
2388 1969 2522 2024 ergo
2556 1952 2845 2007 sententia
2893 1952 3027 2007 data
3060 1957 3148 2007 est
3194 1956 3259 2006 ut
3288 1952 3389 2023 qui
3430 1953 3642 2024 accipit

1988 2043 2271 2114 gladium,
2306 2042 2499 2113 gladio
2535 2045 2730 2112 pereat
2760 2041 2960 2110 (Matth.
2997 2040 3150 2112 xxv),
3183 2041 3296 2096 nisi
3329 2041 3469 2112 quia
3490 2040 3639 2096 nulli

1985 2132 2135 2199 licet,
2170 2136 2407 2201 excepto
2430 2130 2651 2201 judice,
2705 2129 2899 2201 gladio
2950 2146 3299 2201 quamquam
3331 2128 3641 2184 occidere?

1984 2220 2263 2292 Apostolo
2297 2224 2491 2273 autem
2516 2223 2677 2272 Petro
2697 2235 2886 2290 usque
2917 2220 2988 2272 ad
3007 2218 3118 2273 hoc
3145 2217 3499 2289 permissum
3525 2220 3636 2281 cst,

1985 2311 2139 2381 quod
2190 2307 2448 2364 dolorem
2501 2308 2733 2374 faceret,
2786 2324 2901 2362 non
2949 2308 3103 2378 quod
3157 2306 3467 2361 occideret.
3520 2302 3636 2361 Hoc

1982 2398 2139 2453 enim
2184 2397 2449 2463 audiens,
2485 2413 2555 2450 ne
2602 2396 2813 2450 iterum
2864 2399 3194 2465 percuteret
3223 2394 3448 2449 didicit.
3482 2394 3634 2449 Prae-

1982 2489 2139 2539 terea
2171 2483 2326 2554 (Aug.
2360 2484 2518 2553 vulgo
2550 2498 2697 2537 nunc
2726 2483 2804 2536 sic
2834 2481 2990 2536 habet
3016 2500 3034 2536 :
3065 2482 3148 2538 Ob
3195 2481 3307 2535 hoc
3338 2480 3494 2535 enim
3527 2496 3632 2535 au-

1984 2572 2202 2640 diebat,
2248 2587 2318 2625 ne
2374 2571 2591 2625 iterum
2652 2573 2996 2641 percuteret.
3060 2569 3278 2623 Didicit
3335 2572 3632 2640 praeterea,

1985 2660 2118 2726 etc.]
2150 2657 2289 2728 quia
2317 2655 2804 2725 Christianisjam
2828 2655 2994 2709 factis
3026 2655 3289 2710 occidere
3320 2671 3437 2710 non
3467 2654 3630 2722 licet;

1984 2747 2043 2801 in
2078 2745 2479 2800 misericordia
2500 2744 2654 2799 enim
2682 2744 2911 2815 positis,
2932 2743 3053 2815 lege
3078 2743 3232 2815 juris
3264 2745 3484 2799 mundo
3510 2760 3635 2798 cre-

1987 2836 2093 2890 diti
2123 2834 2203 2889 uti
2235 2851 2349 2889 non
2381 2833 2514 2889 licet
2544 2849 2768 2904 aspere.

1987 2950 2117 3006 CAP.
2148 2950 2238 3005 79.
2268 2982 2333 2991 —
2374 2950 2524 3017 Quod
2554 2964 2661 3004 non
2690 2956 2768 3004 est
2788 2948 3125 3013 misericors,
3152 2948 3247 3019 qui
3276 2947 3430 3002 vitiis
3456 2949 3641 3018 parcit

2058 3032 2107 3077 et
2138 3024 2279 3092 fovet
2305 3038 2388 3077 ea.
2444 3023 2582 3088 Aug.
2633 3020 2702 3074 ad
2755 3022 3064 3077 Laetorium
3097 3019 3470 3091 [Lectarium,
3501 3020 3642 3075 Gra-

2060 3096 2195 3149 tian.
2233 3095 2363 3162 legit
2396 3093 2761 3161 Lotharium].

2056 3194 2163 3262 (‘23,
2197 3210 2247 3262 q.
2278 3194 2333 3261 5,
2362 3208 2409 3245 c.
2444 3192 2550 3259 Qui
2580 3193 2773 3258 vitiis).
2809 3190 2917 3256 Qui
2949 3190 3106 3244 vitiis
3143 3188 3478 3244 nutriendis
3502 3205 3640 3260 par-

1984 3282 2061 3335 cit
2090 3286 2145 3335 et
2181 3281 2348 3346 favet,
2383 3296 2454 3335 ne
2488 3279 2796 3333 contristet
2846 3278 3212 3350 peccantium
3247 3276 3635 3347 voluntatem,

1982 3375 2103 3424 tam
2135 3386 2251 3423 non
2285 3374 2373 3423 est
2422 3368 2778 3432 misericors,
2829 3384 3005 3437 quam
3058 3368 3156 3438 qui
3194 3383 3309 3420 non
3340 3367 3461 3421 vult
3510 3366 3637 3420 cul-

1983 3463 2141 3512 trum
2191 3474 2392 3529 rapere
2420 3473 2621 3528 puero,
2658 3473 2729 3511 ne
2780 3456 2981 3510 audiat
3014 3455 3367 3527 plorantem,
3417 3459 3474 3510 et
3519 3472 3637 3511 non

1985 3549 2153 3609 timet
2179 3563 2250 3600 ne
2279 3547 2655 3600 vulneratum
2690 3543 2881 3599 doleat
2912 3543 2997 3597 vel
3028 3544 3407 3600 exstinctum.

1987 3662 2117 3716 CAP.
2153 3662 2242 3715 80.
2276 3691 2343 3700 —
2376 3660 2525 3728 Quod
2554 3676 2663 3714 non
2697 3661 2859 3714 liceat
2883 3660 3210 3713 Christiano
3241 3675 3299 3712 se
3328 3658 3636 3728 defendere.

2141 3734 2277 3799 Aug.
2309 3732 2379 3785 ad
2405 3733 2707 3787 Emeritam
2737 3733 3085 3785 Donatistam
3119 3730 3300 3802 (epist.
3334 3731 3481 3800 164).

2058 3832 2246 3888 Nostri
2296 3832 2581 3886 adversus
2630 3829 2865 3884 illicitas
2897 3835 2955 3885 et
3007 3829 3263 3900 privatas
3310 3831 3642 3882 vestrorum

1988 3920 2292 3975 violentias
2323 3924 2491 3990 (quas
2524 3925 2580 3974 et
2610 3936 2710 3975 vos
2743 3918 2821 3972 ibi
2856 3919 2956 3988 qui
2985 3918 3125 3972 talia
3160 3933 3273 3971 non
3308 3915 3519 3983 facitis,
3547 3915 3645 3969 do-

1990 4009 2118 4063 letis
2147 4013 2203 4064 et
2231 4008 2481 4079 gemitis)
2519 4024 2551 4061 a
2585 4007 2973 4078 potestatibus
3006 4004 3295 4060 ordinatis
3328 4003 3638 4058 tuitionem

1989 4101 2214 4169 petunt,
2247 4113 2363 4151 non
2410 4097 2564 4167 quod
2615 4097 2722 4151 hos
2774 4098 3229 4165 persequantur,
3283 4092 3384 4147 sed
3416 4092 3556 4163 quia
3581 4107 3642 4147 se

1991 4187 2329 4242 defendant.

1989 4303 2119 4357 Car.
2152 4304 2242 4354 81.
2275 4330 2335 4340 -ν
2374 4300 2619 4366 Qualiter
2649 4299 2834 4353 beatus
2865 4297 3191 4351 Ambrosius
3240 4294 3527 4365 quemdam
3554 4294 3644 4350 de-

2058 4371 2254 4442 fendit,
2288 4386 2352 4425 ne
2378 4374 2451 4425 de
2480 4371 2709 4425 ecclesia
2730 4378 3046 4438 raperetur.
3073 4369 3153 4422 Ea:
3188 4370 3315 4423 Vita
3353 4366 3496 4422 beati
3516 4367 3642 4421 Am-

2064 4442 2233 4497 brosii
2262 4443 2508 4511 (auctore
2534 4442 2812 4511 Paulino).

2062 4531 2206 4587 Cum
2234 4529 2575 4585 consulatus
2606 4530 2697 4585 sui
2728 4533 2992 4599 tempore
3013 4528 3331 4598 imperator
3357 4524 3645 4581 Honorius

1998 4620 2055 4674 in
2092 4620 2233 4675 urbe
2256 4617 2673 4674 Mediolanensi
2698 4617 3046 4689 Lybicarum
3069 4617 3323 4670 ferarum
3348 4612 3647 4669 exhiberet

1999 4725 2238 4775 munus,
2271 4706 2486 4778 populo
2536 4706 2676 4761 illuc
2727 4708 3128 4770 concurrente,
3180 4704 3317 4757 data
3361 4702 3527 4772 copia
3555 4708 3648 4758 cst

2000 4796 2198 4851 missis
2232 4794 2515 4849 militibus
2548 4812 2579 4848 a
2610 4794 2885 4849 Stilicone
2914 4792 3125 4847 comite
3152 4792 3383 4845 hortatu
3417 4790 3646 4845 Eusebii

1999 4884 2273 4958 praefecti,
2308 4888 2371 4938 ut
2395 4883 2745 4938 Cresconius
2776 4882 3013 4952 quidam
3049 4881 3116 4933 de
3148 4878 3394 4933 ecclesia
3424 4894 3648 4949 rapere-

1998 4978 2117 5039 tur,
2151 4989 2326 5043 quem
2359 4972 2789 5041 coniugientcm
2825 4972 2893 5025 ad
2935 4970 3115 5025 altare
3146 4966 3376 5022 Domini
3407 4970 3647 5021 sanctus

1998 5062 2309 5131 episcopus
2344 5078 2475 5115 cum
2510 5060 2735 5116 clericis
2767 5060 2866 5131 qui
2898 5058 2955 5112 in
2979 5063 3240 5128 tempore
3270 5055 3647 5121 aderant,de-

2000 5150 2357 5205 fendendum
2412 5148 2822 5204 circumdedit.
2874 5148 2983 5202 Sed
3019 5144 3333 5201 multitudo
3366 5141 3646 5207 militum,

2000 5255 2124 5308 qua:
2159 5238 2338 5291 duces
2392 5254 2532 5292 suos
2582 5237 2836 5292 habebat
2880 5236 2951 5290 de
3001 5232 3246 5305 perﬁdia
3276 5231 3645 5293 Arianorum,

2000 5326 2303 5399 praevaluit
2336 5328 2642 5381 adversum
2667 5332 3093 5398 paucos,alque
3118 5320 3307 5375 ablato
3340 5318 3648 5373 Cresconio

2000 5416 2360 5470 exsultantes
2393 5417 2461 5470 ad
2498 5414 2996 5486 amphitheatrum
3032 5409 3241 5464 reversi
3275 5409 3432 5475 sunt,
3455 5405 3650 5461 Eccle-

2001 5505 2098 5559 siae
2132 5504 2355 5559 luctum
2392 5522 2507 5560 non
2540 5503 2834 5559 modicum
2870 5498 3361 5567 derelinquentes.

2073 5619 2208 5675 CAP.
2241 5621 2328 5674 83.
2358 5648 2428 5659 —
2477 5618 2727 5686 Qualiter
2776 5631 2830 5673 se
2880 5613 3156 5670 Adrianus
3200 5626 3344 5683 papa.
3388 5609 3651 5668 adversus
