3972 6064
317 299 423 353 719

1404 291 1472 340 D.
1513 282 1756 339 IVONKS
1790 279 2287 335 CARNOTENSIS
2324 279 2649 334 EPISCOPI

3625 273 3742 327 720

383 418 733 478 Desiderium
767 431 952 486 regem
972 414 1041 468 ad
1070 410 1430 468 resistendum
1453 407 1711 463 munivit.
1744 406 1825 459 Ex
1852 418 1966 474 ges-
1996 406 2050 469 Α
2080 399 2279 472 populi
2311 416 2587 472 superare
2634 401 2845 474 potuit.
2896 401 3022 459 Non
3073 399 3230 456 enim
3280 398 3617 454 audivimus
3671 402 3745 453 ut

384 495 453 547 tis
483 491 717 546 Adriani
741 503 920 560 papae.
1337 569 1348 571 _
1481 570 1484 571 ν
1881 558 1892 571 _

384 579 681 634 Adrianus
738 573 1020 630 Desiderii
1075 571 1226 641 regis
1286 569 1594 624 adventum
1654 569 1968 634 appropin-

314 685 529 740 quasse
558 679 936 737 cognoscens,
962 674 1288 732 aggregans
1317 650 1658 710 universum
1683 649 1968 722 pepulum

315 752 1002 825 Tusciae,Campaniw,et
1031 750 1279 803 ducatus
1313 742 1601 808 Perusini,
1622 747 1680 795 et
1709 740 1973 808 aliquan-

315 851 405 903 tos
431 847 500 900 de
533 842 862 898 civitatibus
911 837 1319 908 Pentapoleos,
1355 831 1602 888 munivit
1655 828 1806 882 hanc
1841 825 1973 881 civi.

319 941 499 991 tatem
531 933 1212 996 Romanam,omnesque
1235 922 1442 979 armati
1478 918 1667 992 parati
1700 919 1866 971 erant
1885 915 1971 969 vel

316 1024 369 1080 si
401 1024 525 1094 ipse
557 1037 656 1074 rex
683 1018 1000 1084 adveniret,
1031 1015 1255 1069 fortiter
1287 1012 1336 1066 ei
1370 1027 1501 1066 cum
1536 1009 1634 1062 Dei
1667 1005 1886 1062 auxilio
1919 1009 1976 1059 et

316 1093 504 1168 sancti
539 1107 709 1174 Petri,
742 1104 1110 1161 orationibus
1144 1100 1274 1155 fulti
1306 1097 1569 1172 praedicti
1605 1093 1976 1179 sanctissimi

314 1197 604 1271 praesulis,
635 1194 720 1249 illi
751 1193 1109 1248 resisterent.
1143 1190 1288 1244 Nam
1322 1186 1601 1243 ecclesias
1633 1183 1787 1238 beati
1823 1182 1974 1253 Petri

312 1292 370 1343 et
399 1284 561 1341 Pauli
591 1298 869 1339 exornare
902 1280 1036 1335 fecit
1065 1280 1192 1349 ejus
1217 1276 1520 1342 sanctitas,
1549 1277 1606 1328 et
1636 1276 1844 1327 cuncta
1877 1286 1973 1324 eo-

313 1391 445 1430 rum
476 1371 742 1445 thymilia
771 1367 1082 1440 [cymbala]
1127 1371 1182 1421 et
1215 1369 1458 1419 ornatus
1489 1363 1548 1416 in
1581 1361 1732 1416 hanc
1765 1360 1970 1414 civita-

311 1468 431 1519 tem
461 1464 784 1518 Romanam
818 1455 1162 1520 introduxit,
1187 1453 1381 1509 claudi
1416 1451 1634 1506 faciens
1667 1449 1976 1517 omnesjaj

313 1569 463 1608 nuas
493 1549 752 1606 ecclesiae
785 1549 938 1603 beati
970 1544 1220 1612 Petri,et
1255 1543 1324 1597 de
1357 1542 1514 1595 intus
1537 1539 1684 1593 seris
1717 1521 1975 1608 suppon1

315 1657 381 1696 ac
414 1637 630 1694 muniri
654 1635 858 1707 jussit,
894 1639 958 1688 ut
987 1632 1036 1688 si
1069 1633 1194 1703 ipse
1215 1634 1518 1701 protervus
1551 1643 1650 1681 rex
1672 1626 1800 1681 sine
1822 1619 1975 1680 com'

316 1733 510 1784 meatu
545 1730 601 1781 et
649 1723 943 1797 permissu
996 1719 1290 1791 pontiﬁcis
1341 1716 1690 1784 advenisset,
1726 1713 1970 1768 minime

317 1817 542 1872 aditum
577 1813 636 1867 in
665 1811 932 1867 eamdem
973 1806 1283 1862 ecclesiam
1334 1804 1671 1858 introeundi
1704 1802 1964 1869 haberet,

317 1903 431 1961 nisi
461 1901 700 1956 brachio
735 1901 806 1954 ad
838 1914 958 1954 suae
976 1893 1506 1952 animaeinteritum
1539 1892 1697 1963 ipsas
1715 1891 1968 1946 confrin-

317 1997 479 2065 geret
500 1992 643 2062 janu
655 2006 740 2044 as.

317 2099 446 2156 CAP.
479 2097 567 2152 83.
601 2125 668 2135 -—-
696 2095 768 2149 De
816 2093 1130 2160 defensione
1174 2089 1368 2145 Leonis
1396 2101 1568 2160 papae
1606 2094 1806 2160 contra
1833 2084 1968 2160 Sar-

385 2182 630 2245 racerzos.
665 2168 753 2245 Ea:
801 2157 1030 2245 registro
1078 2164 1270 2217 Leonis
1313 2157 1407 2217 ινζ
1453 2157 1724 2214 Ludovico
1757 2157 1968 2228 (Lotha-

388 2243 498 2306 rio)
522 2240 786 2308 Augusto.

389 2329 574 2400 Igitur
605 2343 737 2382 cum
770 2341 922 2394 saepe
954 2323 1199 2378 adversa
1233 2338 1266 2376 a
1306 2325 1761 2376 Sarracenorum
1797 2317 1971 2390 parti-

317 2419 429 2474 bus
461 2415 801 2488 perveniant
831 2411 1057 2478 nuntia,
1112 2411 1352 2482 quidam
1385 2409 1442 2464 in
1485 2409 1812 2463 Romanum
1848 2422 1972 2476 por-

317 2513 443 2562 tum
478 2505 628 2560 clam
662 2503 990 2572 furtiveque
1038 2506 1316 2555 venturos
1366 2515 1494 2554 esse
1543 2497 1834 2560 dicebant,
1868 2511 1970 2566 pro

320 2611 435 2667 quo
496 2597 762 2649 nostrum
822 2590 1164 2661 congregari
1224 2586 1600 2659 praecipimus
1665 2585 1970 2656 populum,

321 2683 807 2752 maritimumque
840 2680 908 2733 ad
945 2678 1108 2732 littus
1131 2677 1484 2732 descendere
1507 2675 1892 2740 decrevimus,
1917 2676 1974 2726 et

319 2774 536 2843 egressi
569 2785 778 2825 sumus
810 2768 1014 2822 Roma.

517 2869 651 2924 CAP.
685 2866 774 2920 84.
806 2896 873 2905 --
905 2866 978 2919 De
1005 2863 1215 2919 eodem.
1249 2863 1349 2918 Leo
1380 2862 1464 2929 IV,
1497 2859 1766 2915 Ludovico

975 2935 1319 3004 imperatori.

393 3027 551 3082 Scire
589 3041 693 3081 vos
742 3027 967 3095 oportet
1013 3022 1164 3092 quod
1213 3037 1520 3091 nunquam
1551 3021 1623 3074 ab
1674 3018 1971 3089 aliquibus

2082 488 2401 560 aliquando
2469 490 2596 546 sine
2661 491 2816 546 fama
2874 490 3128 546 victorias
3195 488 3409 544 reversi
3457 487 3740 543 fuissent.

2081 579 2228 632 Item.
2264 578 2537 634 Omnium
2570 584 2828 634 vestrum
2861 596 3030 651 nosse
3059 578 3332 634 volumus
3362 576 3742 645 charitatem,

2083 667 2359 736 quoniam
2392 667 2661 739 quisquis
2694 669 2874 738 (quod
2915 684 3030 722 non
3063 671 3334 738 optantes
3365 665 3641 735 dicimus)
3674 665 3740 720 in

2083 755 2190 809 hoc
2221 753 2359 809 belli
2389 756 2708 810 certamine
2739 755 2991 812 ﬁdeliter
3021 760 3288 827 mortuus
3321 755 3522 821 fuerit,
3555 770 3744 825 regna

2081 841 2166 896 illi
2199 840 2454 899 cmlestia
2495 845 2739 899 minime
2788 845 3180 916 negabuntur.
3228 844 3397 899 Novit
3420 843 3577 899 enim
3609 859 3742 898 om-

2083 930 2374 1002 nipotens,
2427 932 2473 987 si
2525 932 2809 1003 quislibet
2855 939 3182 989 vestrorum
3235 933 3539 1000 morietur,
3581 932 3744 1002 quod

2084 1034 2186 1088 pro
2215 1019 2453 1074 veritate
2485 1019 2619 1075 ﬁdei
2651 1026 2707 1076 et
2737 1021 3089 1076 salutatione
3121 1023 3324 1092 patria":
3357 1038 3420 1074 ac
3453 1021 3743 1076 defensio-

2084 1123 2154 1160 ne
2186 1106 2647 1163 Christianorum
2680 1114 2946 1165 mortuus
2969 1115 3077 1180 est,
3107 1109 3236 1165 ideo
3269 1109 3339 1164 ab
3372 1125 3439 1164 eo
3470 1108 3745 1180 praetitu-

2081 1193 2265 1249 latum
2297 1197 2600 1266 praemium
2633 1202 3048 1269 consequetur.

2083 1283 2214 1339 CAP.
2247 1285 2335 1338 88.
2367 1313 2438 1325 —
2470 1286 2544 1339 De
2572 1285 2935 1341 damnatione
2967 1287 3181 1355 Georgii
3209 1284 3516 1353 cuiusdam,
3538 1284 3743 1339 Adria-

2331 1355 2414 1422 ni,
2447 1365 2497 1410 et
2531 1360 2701 1410 Petri.
2744 1357 2895 1412 Idem
2926 1357 3194 1412 Lat/tario
3223 1358 3486 1428 Augusto.

2155 1443 2236 1498 De
2266 1442 2382 1497 illis
2415 1443 2738 1514 tribusjam
2762 1444 2993 1515 publice
3011 1445 3419 1500 condemnatis
3449 1447 3507 1499 et
3539 1459 3742 1515 repro-

2085 1531 2174 1587 bis
2205 1532 2343 1587 viris
2372 1531 2638 1604 Georgio,
2670 1533 2942 1600 Adriano,
2966 1538 3021 1588 et
3056 1533 3240 1600 Petro,
3261 1537 3326 1588 ut
3355 1537 3547 1588 vestra
3570 1532 3744 1587 nobis

2085 1620 2386 1676 mandavit
2417 1621 2754 1677 sublimitas
2772 1622 2926 1692 quod
2962 1621 3154 1677 adhuc
3179 1622 3248 1676 ad
3281 1621 3442 1678 aliud
3470 1621 3745 1676 confiteri

2081 1709 2372 1779 judicium
2422 1709 2691 1779 debeant,
2723 1709 2961 1764 omnino
3011 1710 3206 1765 mirati
3257 1727 3486 1780 sumus,
3521 1710 3744 1781 quibus

2072 1798 2196 1867 jam
2225 1796 2423 1851 missis
2454 1797 2666 1852 vestris
2697 1798 3085 1868 praesentibus
3111 1799 3282 1868 juxta
3310 1798 3500 1870 legem
3525 1802 3740 1854 Roma-

2078 1901 2212 1939 nam
2247 1886 2539 1940 sententia
2581 1886 2813 1957 praefixa
2843 1903 2908 1940 ac
2958 1887 3330 1957 promulgata
3378 1892 3485 1942 est.
3519 1887 3590 1942 Et
3622 1886 3743 1942 nisi

2079 1977 2218 2027 tunc
2247 1972 2545 2028 Paschalis
2585 1976 2820 2030 adesset
2872 1975 3177 2039 festivitas,
3211 1991 3328 2046 qua
3359 1975 3566 2031 mortis
3600 1993 3742 2046 pro—

2079 2062 2316 2116 hibente
2348 2061 2473 2133 lege
2523 2065 2874 2118 sententiam
2911 2063 3048 2118 dare
3079 2064 3306 2119 licitum
3359 2081 3474 2119 non
3509 2069 3616 2131 est,
3650 2065 3741 2117 vi-

2075 2167 2208 2206 vere
2237 2166 2335 2205 eos
2368 2149 2603 2206 illorum
2638 2152 2863 2207 malitia
2907 2157 3081 2222 atque
3113 2153 3315 2224 iniqua
3352 2153 3738 2224 praesumptio

2079 2255 2193 2294 non
2237 2239 2475 2294 sineret.
2531 2239 2636 2295 Pro
2688 2239 2795 2295 hac
2843 2241 3039 2313 itaque
3089 2243 3330 2306 ratione,
3363 2241 3738 2296 solummodo

2077 2343 2261 2399 usque
2309 2329 2379 2382 ad
2415 2331 2647 2398 tempus
2678 2344 2968 2399 suspensa
2998 2333 3087 2384 est
3117 2329 3409 2384 sententia
3439 2333 3740 2383 utrorum-

2081 2433 2215 2488 que.

2079 2504 2213 2560 Cap.
2246 2505 2334 2560 89.
2371 2535 2439 2544 —
2470 2507 2543 2559 De
2588 2506 3174 2561 excommunicatione
3219 2505 3539 2560 Thasmonis
3581 2506 3746 2560 ducis

2220 2578 2606 2631 Bavariorum.
2642 2578 2796 2631 Idem
2827 2594 2898 2631 ex
2938 2577 3200 2632 chronica
3237 2579 3594 2632 Francorum.

2149 2665 2441 2720 Adrianus
2475 2682 2626 2736 papa
2670 2665 2729 2719 in
2779 2665 2875 2719 die
2904 2671 3108 2721 sancto
3158 2666 3413 2730 Paschaa,
3448 2668 3745 2737 praesente

2080 2753 2283 2808 Carolo
2345 2753 2715 2824 imperatore,
2765 2753 3282 2810 anathematizavit
3331 2754 3737 2810 Thasmonem

2082 2841 2290 2895 ducem
2322 2841 2714 2911 Bavariorum,
2733 2841 2840 2896 nisi
2871 2842 2930 2895 in
2951 2842 3228 2897 omnibus
3259 2843 3521 2898 obediret
3541 2842 3736 2897 eidem

2079 2929 2418 2999 imperatori
2450 2934 2506 2984 et
2535 2929 2672 2984 ﬁliis
2704 2930 2854 3000 ejus,
2880 2947 2947 2985 ac
2979 2932 3138 3002 genti
3171 2931 3550 3000 Francorum,
3584 2931 3748 2986 sicut

2071 3018 2374 3088 juraverat
2404 3017 2552 3088 patri
2584 3035 2690 3073 suo
2724 3019 2992 3090 Pippino,
3015 3023 3072 3074 et
3101 3019 3234 3074 sibi.
3271 3022 3432 3085 Quod
3459 3020 3509 3074 si
3533 3017 3743 3088 nollet,

324 3119 560 3172 nostros
593 3111 866 3167 homines
896 3110 1148 3166 sinimus
1197 3108 1473 3180 opprimi,
1505 3109 1605 3162 sed
1638 3107 1686 3162 si
1722 3108 1969 3161 necessi-
2005 3132 2046 3197 ε
2087 3110 2144 3158 et
2173 3105 2482 3176 sanguinis
2513 3106 2718 3161 effusio
2767 3106 2950 3175 ﬁeret,
2983 3106 3073 3162 vel
3124 3107 3281 3162 aliud
3316 3107 3537 3179 aliquid
3573 3107 3743 3174 mali,

322 3209 418 3259 tas
447 3201 562 3256 illis
595 3199 926 3273 incurrerit,
950 3195 1391 3269 prasentialiter
1421 3195 1809 3258 vindicamus,
1833 3194 1972 3266 quia

325 3291 508 3348 nostri
542 3288 734 3361 gregis
765 3288 824 3342 in
856 3286 1130 3342 omnibus
1177 3285 1394 3340 ultores
1425 3300 1553 3339 esse
1585 3284 1890 3354 debemus,
1923 3288 1980 3338 et

326 3379 602 3453 praecipui
635 3378 954 3448 adjutores.

428 3478 556 3532 CAP.
589 3476 680 3531 85.
712 3506 780 3514 —
809 3475 940 3529 Item
968 3474 1036 3528 de
1065 3473 1265 3528 eodem.
1299 3471 1441 3527 Idem
1469 3473 1672 3527 Joanni
1706 3470 1882 3526 archi-

1017 3547 1296 3616 episcopo.

404 3636 512 3690 Pro
556 3637 709 3690 certo
757 3634 961 3690 scitote
1019 3633 1176 3704 quod
1227 3648 1530 3703 nunquam
1581 3632 1980 3703 permittimus

336 3729 570 3782 nostros
609 3740 642 3778 a
685 3712 849 3779 vobis
880 3723 1122 3778 lacerari
1157 3726 1258 3777 aut
1301 3720 1554 3792 opprimi
1587 3721 1854 3775 homines
1887 3726 1979 3774 at-

334 3829 448 3886 que
480 3813 795 3883 subjectos,
828 3812 928 3866 sed
964 3811 1014 3866 si
1063 3811 1240 3881 (quod
1274 3827 1389 3864 non
1439 3809 1768 3880 speramus)
1801 3809 1980 3878 hujus

333 3906 543 3958 nostra;
594 3900 937 3955 monitionis
981 3899 1136 3954 dicta
1185 3896 1578 3968 neglexeritis,
1629 3902 1685 3951 et
1726 3897 1979 3968 amplius

332 3991 558 4063 aliquas
589 3989 999 4061 oppressiones
1049 3986 1307 4057 praefatis
1352 3985 1437 4039 vel
1471 3983 1602 4039 aliis
1635 3986 1848 4039 nostris
1883 3985 1980 4040 ho-

331 4079 592 4134 minibus
619 4077 892 4147 feceritis,
925 4073 1368 4147 prasentialiter
1398 4089 1496 4127 eos
1528 4072 1976 4140 vindicabimus,

331 4173 387 4223 et
448 4168 648 4223 omnia
702 4171 894 4222 vestra
949 4164 1173 4234 eripere
1240 4161 1600 4230 curabimus,
1660 4161 1980 4216 furibunda

332 4256 671 4326 crudelique
702 4254 969 4309 audacia.

331 4363 463 4416 CAP.
494 4362 588 4415 86.
617 4390 687 4400 -—
718 4360 974 4430 Qualiter
1003 4357 1339 4430 auxiliuma
1360 4355 1550 4430 judice
1576 4355 1860 4414 Sardinim
1878 4374 1979 4430 pe-

741 4431 848 4483 tiit.
882 4428 1027 4483 Idem
1044 4429 1228 4499 judici
1255 4427 1556 4483 Sardiniae.

2087 3193 2196 3249 hoc
2227 3211 2404 3264 super
2451 3197 2723 3250 eumdem
2775 3197 2983 3252 ducem
3029 3200 3086 3252 et
3133 3198 3261 3266 ejus
3311 3202 3745 3253 consentaneos

2086 3287 2260 3347 esset,
2293 3287 2350 3337 et
2383 3283 2654 3354 praefatus
2684 3300 2783 3338 rex
2814 3289 2870 3339 et
2916 3284 3010 3340 sui
3040 3286 3110 3340 ab
3142 3302 3208 3340 ea
3239 3285 3409 3357 culpa
3438 3287 3746 3342 immunes

2089 3376 2306 3426 essent.

2088 3463 2216 3535 CAP.
2250 3461 2339 3515 90.
2373 3491 2442 3502 —
2472 3461 2794 3516 Exhortatio
2818 3461 3068 3530 Gregorii
3086 3479 3254 3534 papae
3282 3463 3351 3518 ad
3371 3463 3748 3535 defensionem

2162 3533 2312 3605 Rom.
2341 3540 2492 3602 pont.
2527 3539 2687 3600 Grcg.
2720 3535 2910 3588 Veloci
2938 3533 3203 3605 magistro
3232 3533 3477 3590 militum
3509 3535 3607 3590 tib.
3637 3553 3744 3591 χιι.

2159 3604 2342 3672 regist.
2376 3605 2533 3673 epist.
2565 3619 2612 3658 c.
2645 3605 2759 3673 21).

2160 3690 2308 3746 Utile
2339 3692 2528 3746 visum
2562 3697 2670 3761 est,
2707 3697 2770 3746 ut
2819 3692 3108 3764 aliquanti
3144 3693 3283 3749 illuc
3334 3696 3551 3752 milites
3581 3701 3746 3754 tran-

2088 3779 2453 3844 smittantur,
2493 3797 2640 3851 quos
2683 3780 2870 3852 gloria
2921 3787 3023 3837 tua
3071 3784 3388 3839 admonere
3433 3789 3489 3840 et
3519 3785 3745 3843 hortari

2089 3867 2342 3934 studeat,
2378 3872 2440 3921 ut
2480 3869 2660 3937 parati
2713 3869 2830 3922 sint
2879 3871 2950 3924 ad
2983 3869 3267 3926 laborem.
3317 3874 3467 3928 Item.
3515 3873 3573 3930 Si
3607 3876 3746 3944 huc,

2087 3954 2175 4010 vel
2206 3957 2274 4009 ad
2312 3957 2676 4011 Ravennates
2710 3966 2923 4028 partes,
2957 3975 3062 4014 nec
3088 3959 3402 4016 dicendum
3428 3965 3747 4020 Arnulfum

2087 4043 2473 4114 cognoveritis
2503 4062 2828 4110 excurrere,
2860 4064 2962 4102 vos
3009 4065 3042 4102 a
3094 4049 3268 4104 dorso
3300 4051 3425 4120 ejus
3458 4051 3538 4106 ita
3566 4052 3752 4123 (sicut

2086 4131 2240 4187 viros
2290 4134 2468 4187 fortes
2516 4134 2820 4202 condecet)
2871 4134 3152 4204 laborate,
3201 4143 3495 4208 quatenus
3545 4141 3750 4213 opinio

2083 4227 2275 4275 vestra
2305 4236 2373 4275 ex
2421 4220 2638 4276 laboris
2686 4222 2862 4278 vestri
2913 4225 3196 4279 charitate
3247 4228 3582 4301 [qualitate]
3627 4248 3751 4286 am-

2086 4309 2240 4380 plius
2271 4310 2327 4364 in
2362 4310 2622 4365 Romano
2655 4311 2868 4382 populo
2919 4313 3297 4385 [Reipublicae
3329 4316 3494 4388 orig.]
3531 4319 3747 4388 (domi-

2088 4415 2160 4453 no
2193 4398 2537 4468 auxiliante)
2573 4401 2859 4470 proﬁciat.

402 4517 822 4573 Celsitudinem
879 4487 1129 4572 vestram
1199 4516 1478 4572 duximus
1535 4516 1980 4584 obsecrandam,
2017 4487 2890 4584 DCAE;~9_1,;__—,,?}f9¥_.c‘j’j€’3‘
2913 4491 3751 4584 .Ijonﬂowrdf’.‘

333 4610 400 4662 ut
447 4606 615 4661 nobis
672 4610 922 4676 quantos
979 4611 1081 4661 tua
1140 4605 1474 4677 praeviderit
1526 4605 1983 4676 magnificentia,

331 4699 590 4749 armatos
621 4695 741 4749 sive
775 4711 1005 4766 pueros,
1039 4695 1158 4749 sive
1193 4694 1453 4760 adultos,
1488 4710 1553 4748 ac
1575 4694 1822 4762 juvenes
1855 4711 1984 4749 cum

331 4783 513 4839 armis
543 4782 668 4838 suis
699 4784 978 4838 mandare
1007 4781 1457 4854 dignemini,qui
1491 4781 1658 4837 nobis
1689 4783 1983 4853 quotidia-

331 4890 406 4927 na
431 4873 604 4941 jussa
633 4871 865 4942 possint
898 4871 1148 4942 explere.

330 4979 465 5034 CAP.
497 4978 583 5049 87.
618 5008 688 5016 —-
719 4976 867 5044 Quod
898 4992 1127 5049 regnum
1155 4978 1413 5032 castorum
1455 4982 1857 5046 consequantur
1887 4979 1984 5049 qui

399 5065 502 5119 pro
531 5048 845 5116 defensione
875 5047 1316 5103 Christianorum
1361 5050 1525 5103 occisi
1570 5051 1800 5115 fuerint.
1834 5047 1982 5105 Idem

402 5121 676 5174 exercitui
707 5121 1062 5174 Francorum.

403 5208 574 5263 Omni
600 5207 812 5261 timore
838 5223 904 5262 ac
929 5210 1148 5261 terrore
1178 5206 1442 5276 deposito
1474 5211 1676 5262 contra
1709 5209 1979 5264 inimicos

331 5301 547 5351 sanctae
611 5295 744 5350 fidei
800 5300 856 5350 et
920 5294 1287 5349 adversarios
1348 5295 1612 5350 omnium
1674 5297 1976 5366 regionum

328 5384 573 5439 viriliter
602 5399 771 5454 agere
819 5384 1068 5438 studete.
1123 5384 1278 5438 Item.
1312 5382 1417 5437 Ubi
1473 5400 1659 5454 usque
1692 5401 1846 5440 nunc
1880 5404 1978 5457 pa-

332 5476 523 5527 rentes
556 5473 730 5527 vestri
763 5472 1061 5544 publicum
1093 5477 1400 5526 moverunt
1421 5474 1808 5544 procinctum,
1833 5494 1984 5532 sem-

333 5575 436 5631 per
465 5559 712 5616 victores
762 5562 1130 5628 exstiterunt,
1181 5561 1459 5633 nullaque
1511 5579 1609 5618 eos
1664 5564 1980 5622 multitudo

2165 4560 2657 4639 negatusuxtdriani
2701 4577 2875 4639 papae
2908 4561 3114 4639 bellum
3161 4565 3411 4636 suscepit.
3468 4560 3555 4622 Ex
3578 4570 3751 4639 gestis

2168 4629 2359 4685 Caroli
2388 4631 2592 4698 Magni,
2623 4629 2783 4698 iuxta
2813 4632 3128 4689 Alcuinum.

2164 4719 2276 4789 (23,
2310 4735 2358 4790 q.
2391 4721 2444 4786 8,
2476 4735 2526 4774 c.
2560 4720 2835 4790 Hortatu).
2867 4721 3090 4793 Rogatu
3115 4727 3171 4777 et
3196 4725 3471 4795 precibus
3501 4729 3750 4785 Adriani

2091 4808 2365 4862 Romanae
2396 4805 2560 4861 urbis
2590 4808 2868 4879 episcopi,
2904 4815 3179 4866 exoratus
3209 4813 3450 4869 Carolus
3484 4833 3606 4885 rex,
3630 4819 3750 4874 bel-

2091 4895 2213 4950 lum
2243 4901 2445 4950 contra
2477 4896 2894 4968 Longobardos
2924 4900 3215 4971 suscepit,
3248 4903 3401 4972 quod
3429 4904 3592 4974 prius
3616 4908 3751 4978 qui-

2092 4985 2244 5051 dem,
2280 4989 2336 5039 et
2368 5001 2400 5038 a
2435 5001 2584 5054 papa
2633 4986 2926 5056 Stephano
2979 4988 3108 5057 ejus
3161 4994 3322 5058 patre
3373 4994 3752 5063 supplicante

2093 5073 2171 5142 [et
2221 5090 2253 5127 a
2306 5076 2467 5141 patre
2522 5073 2650 5142 ejus
2704 5073 2950 5145 Pippino
2999 5092 3149 5146 papa
3196 5078 3590 5150 supplicante.
3637 5090 3747 5140 etc.

2092 5160 2262 5230 Grat.]
2299 5176 2432 5215 cum
2469 5176 2682 5231 magna
2712 5161 3058 5218 difficultate
3090 5175 3430 5237 susceptum
3466 5177 3575 5226 est.

2089 5255 2218 5336 Cie.
2247 5250 2337 5304 92.
2369 5281 2437 5336 .—
2471 5250 2801 5336 Rctractatio
2823 5256 3108 5336 sentcntiae
3131 5257 3288 5336 illius
3309 5261 3755 5336 Augustini,qua

2159 5323 2378 5400 dixerat
2407 5337 2517 5375 non
2545 5323 2764 5402 placere
2792 5324 2903 5402 sibi
2944 5326 3313 5402 schismaticos
3361 5323 3480 5402 cogi
3506 5335 3577 5388 ad
3606 5323 3753 5392 com-

2162 5395 2500 5446 munionem.
2533 5395 2762 5462 August.
2797 5397 3263 5454 Retractationem
3293 5402 3391 5458 tib.
3421 5395 3488 5471 il,
3520 5423 3569 5460 c.
3602 5408 3660 5463 5.

2161 5478 2304 5546 Dixi,
2340 5478 2485 5533 mihi
2519 5497 2633 5535 non
2677 5481 2906 5553 placere
2937 5482 3117 5539 ullius
3148 5488 3450 5546 saecularis
3499 5497 3758 5563 potesta-

2085 5567 2162 5622 tis
2195 5567 2417 5638 impetu
2442 5568 2854 5627 schismaticos
2877 5572 2945 5628 ad
2969 5575 3446 5635 communionem
3468 5581 3760 5642 violenter
