4002 6054
244 250 349 305 721

1178 256 1489 307 DECRETI
1529 256 1713 307 PARS
1749 258 1817 307 X.
1846 281 1916 291 —
1953 255 2049 306 DE
2086 254 2507 316 HOMICIDIIS,
2550 256 2704 308 ETC.

3559 256 3667 311 722

244 372 460 426 arctari
488 376 544 427 et
574 388 704 428 vere
752 373 896 427 mihi
944 377 1087 429 tunc
1134 391 1249 429 non
1300 374 1584 446 placebat,
1617 374 1896 445 quoniam
1927 376 1981 440 Α
2080 374 2609 445 obedienspotestati
2632 375 2913 430 hominem
2943 376 3158 431 occidit.
3186 377 3410 445 August.
3434 382 3509 434 De
3528 379 3665 433 civi-

244 461 513 517 nondum
545 466 818 532 expertus
865 479 1025 517 eram
1076 462 1163 517 vel
1212 468 1495 531 quantum
1530 464 1669 517 mali
1702 479 1901 517 eorum

241 549 485 604 auderet
511 549 854 620 impunitas,
877 550 965 605 vel
1000 557 1287 621 quantum
1322 552 1405 605 eis
1437 551 1491 603 in
1527 550 1735 605 melius
1771 568 1899 605 mu-

238 637 437 692 tandis
468 640 729 693 conferre
762 644 955 708 posset
985 638 1293 710 diligentia
1322 638 1667 709 disciplinae.

236 743 373 797 CAP.
406 744 497 797 93.
530 775 597 783 —
628 744 784 813 Quod
827 743 1305 813 quadragesimali
1333 748 1385 798 et
1415 746 1571 798 omni
1602 753 1838 814 tempore
1866 760 1900 798 a

304 817 523 884 praeliis
580 815 651 869 sit
711 816 1133 881 abstinendum,
1194 819 1306 870 nisi
1358 820 1651 870 necessitas
1708 822 1895 886 cogat.

309 887 567 941 Nicotaus
594 904 737 957 papa
769 888 841 940 ad
870 888 1121 942 consulta
1149 888 1515 957 Bulgarorum
1545 888 1685 957 (cap.
1714 888 1823 957 46).

304 975 359 1027 Si
409 975 569 1029 nulla
613 980 783 1046 urget
829 976 1171 1041 necessitas,
1220 993 1332 1030 non
1386 974 1575 1030 solum
1636 976 1890 1045 quadra-

228 1064 519 1135 gesimali,
570 1067 672 1123 sed
722 1066 879 1121 omni
925 1071 1185 1137 tempore
1228 1072 1317 1120 est
1366 1084 1396 1121 a
1449 1067 1663 1137 praeliis
1711 1067 1894 1121 absti-

232 1154 516 1208 nendum.
550 1154 609 1208 Si
642 1160 836 1208 autem
871 1154 1227 1209 inevitabilis
1262 1160 1428 1225 urget
1458 1157 1892 1226 opportunitas,

2081 448 2189 499 tate
2222 448 2326 501 Dei
2353 448 2448 501 lib.
2484 465 2519 515 1,
2551 462 2676 516 cap.
2708 448 2799 499 26.

2081 535 2196 602 (23,
2231 552 2285 606 q.
2319 537 2454 598 5,0.
2489 535 2695 605 Miles.)
2728 534 2889 590 Miles
2923 551 3053 589 cum
3079 535 3355 590 obediens
3382 536 3661 607 potestati

2011 624 2117 675 sub
2149 639 2264 693 qua
2290 623 2549 693 legitime
2579 624 2939 678 constitutus
2971 624 3393 687 est,hominem
3427 626 3656 690 occidit,

2010 710 2169 763 nulla
2200 711 2447 767 civitatis
2474 729 2591 766 suae
2621 713 2743 782 lege
2777 728 2910 766 reus
2934 716 3024 766 est
3055 712 3375 767 homicidii.
3404 713 3526 766 Imo
3550 712 3663 767 nisi

2009 800 2227 865 fecerit,
2266 816 2399 854 reus
2433 806 2522 855 est
2555 800 2785 870 imperii
2836 800 3050 854 deserti
3098 806 3268 867 atque
3322 800 3659 871 contempti.

2006 886 2167 950 Quod
2218 889 2267 942 si
2315 906 2421 943 sua
2468 894 2673 959 sponte
2707 893 2883 959 atque
2916 889 3266 943 auctoritate
3313 890 3565 959 fecisset,
3600 891 3658 944 in

2004 976 2225 1031 crimen
2259 978 2425 1032 effusi
2461 978 2702 1031 humani
2737 978 3047 1048 sanguinis
3098 978 3420 1032 incidisset.
3456 980 3662 1048 Itaque

2003 1066 2160 1119 unde
2192 1066 2437 1135 punitur
2487 1066 2535 1121 si
2585 1066 2721 1120 fecit
2748 1066 3034 1137 injussus,
3069 1066 3203 1120 inde
3235 1067 3511 1136 punietur
3544 1068 3657 1121 nisi

2000 1153 2200 1207 fecerit
2224 1155 2454 1221 jussus.

228 1258 336 1297 nec
396 1242 895 1314 quadragesimali
948 1247 1038 1297 est
1086 1248 1341 1314 tempore
1400 1261 1500 1314 pro
1552 1245 1891 1299 defensione
1998 1241 2132 1295 CAP.
2164 1243 2252 1296 99.
2291 1273 2354 1283 —
2386 1243 2533 1309 Quod
2572 1258 2722 1313 reges
2773 1243 3081 1297 Christiani
3128 1242 3415 1311 defendere
3461 1243 3655 1297 debent

219 1334 343 1384 tam
376 1347 485 1385 sua
515 1347 690 1401 quam
725 1332 946 1403 patriae,
979 1348 1080 1387 seu
1117 1333 1309 1403 legum
1346 1338 1725 1403 paternarum
1763 1333 1887 1388 bel-

222 1418 415 1473 lorum
470 1420 671 1491 procul
724 1420 901 1475 dubio
952 1421 1359 1492 praeparationi
1402 1424 1783 1492 parcendum,
1817 1439 1887 1476 ne

217 1505 491 1561 videlicet
536 1507 721 1561 Deum
774 1508 1042 1562 videatur
1089 1508 1264 1563 homo
1314 1513 1562 1577 tentare,
1613 1511 1661 1565 si
1711 1509 1886 1565 habet

220 1595 379 1665 quod
414 1595 585 1650 faciat
615 1601 671 1650 et
701 1613 818 1652 suae
852 1613 916 1651 ac
950 1597 1197 1651 aliorum
1231 1596 1405 1651 saluti
1440 1598 1743 1652 consulere
1767 1614 1881 1652 non

222 1688 528 1752 procurat,
587 1688 643 1739 et
700 1690 913 1739 sanctae
973 1685 1278 1756 religionis
1352 1686 1704 1740 detrimenta
1762 1702 1876 1740 non

221 1776 523 1841 praecavet.

218 1860 348 1914 CAP.
382 1860 471 1914 94.
506 1890 569 1900 -
603 1862 765 1931 Quod
807 1862 1056 1914 ministri
1100 1862 1355 1932 judicum
1398 1862 1463 1916 de
1506 1862 1872 1917 administra-

285 1932 435 1985 tione
464 1947 565 2003 sua
616 1948 723 1985 non
772 1933 1136 1989 damnentur.
1166 1935 1522 1989 Innocentius
1570 1951 1718 2003 papa
1766 1936 1871 1988 Eu-

281 2003 431 2056 sebio
462 2002 732 2074 episc0po,
760 2019 881 2075 cap.
914 2004 966 2059 3.

280 2090 601 2152 Quaesitum
653 2095 741 2145 est
787 2092 963 2146 etiam
1015 2109 1192 2162 super
1242 2092 1334 2147 his
1384 2092 1482 2162 qui
1534 2109 1637 2164 pro
1687 2092 1871 2163 bapti-

209 2193 338 2232 smo
372 2178 954 2245 administraverunt,
989 2185 1046 2236 et
1092 2189 1190 2235 aut
1222 2185 1517 2235 tormenta
1548 2181 1673 2235 sola
1703 2197 1868 2236 exer-

210 2272 478 2337 cuerunt,
504 2272 605 2322 aut
621 2269 797 2323 etiam
817 2269 1125 2339 capitalem
1162 2269 1455 2340 protulere
1487 2271 1865 2324 sententiam.

204 2354 363 2409 Nihil
396 2356 465 2410 de
498 2356 590 2412 his
621 2356 849 2428 legibus
879 2375 912 2412 a
938 2358 1264 2427 majoribus
1288 2358 1626 2425 deﬁnitum;
1658 2359 1865 2413 memi-

204 2448 415 2499 nerant
444 2446 601 2500 enim
634 2463 667 2501 a
696 2446 942 2501 Domino
975 2451 1295 2517 potestates
1339 2447 1441 2501 has
1492 2447 1675 2502 fuisse
1724 2464 1865 2501 con-

202 2546 423 2596 cessas,
475 2538 531 2587 et
578 2539 816 2605 prepter
860 2534 1178 2589 vindictam
1232 2535 1538 2589 noxiorum
1596 2534 1859 2605 gladium

204 2619 386 2675 fuisse
418 2622 796 2691 permissum,
821 2627 877 2677 et
908 2623 1007 2677 Dei
1040 2623 1378 2677 ministrum
1410 2638 1540 2677 esse
1572 2624 1776 2677 datum
1802 2622 1861 2677 in

204 2707 546 2777 huiusmodi
593 2710 903 2765 vindicem.
940 2711 1237 2776 Quomodo
1271 2711 1452 2781 igitur
1478 2711 1862 2782 reprehendo-

198 2802 333 2851 rent
384 2798 597 2854 factum
652 2801 803 2870 quod
858 2803 1093 2854 auctore
1140 2799 1381 2854 Domino
1434 2800 1703 2854 viderent
1734 2816 1863 2855 esse

200 2888 589 2941 concessum?
609 2893 688 2942 De
712 2887 803 2942 his
831 2904 990 2958 ergo,
1012 2892 1076 2941 ut
1107 2886 1392 2942 hactenus
1422 2895 1713 2941 servatum
1745 2892 1858 2945 est,

199 2974 283 3029 sic
336 2975 661 3031 habeamus
713 2992 783 3030 ne
833 2980 935 3030 aut
985 2975 1363 3045 disciplinam
1435 2980 1713 3044 avertere,
1761 2959 1860 3030 aul

198 3066 402 3116 contra
434 3063 840 3118 auctoritatem
876 3063 1108 3117 Domini
1140 3064 1336 3119 venire
1365 3064 1686 3119 videamur.
1710 3064 1857 3135 ipsis
1890 3098 1933 3164 Ο

195 3155 394 3204 autem
430 3150 487 3204 in
521 3152 743 3206 ratione
776 3152 1071 3206 reddenda
1102 3152 1301 3207 omnia
1333 3157 1497 3223 gesta
1525 3169 1633 3207 sua
1659 3168 1857 3207 serva-

196 3238 439 3294 buntur.
473 3240 625 3295 Item.
661 3240 810 3295 Dum
862 3240 1056 3310 legum
1114 3241 1435 3296 auctoritas
1467 3240 1522 3295 in
1558 3240 1860 3312 improbos

191 3332 514 3399 exercetur,
546 3328 657 3383 erit
681 3329 933 3384 dictator
966 3329 1271 3384 immunis.

196 3434 331 3490 CAP.
367 3435 456 3489 95.
481 3466 554 3508 7—;
575 3435 733 3508 Quod
763 3437 866 3508 qui
887 3436 1105 3490 malum
1134 3437 1314 3505 punit,
1348 3451 1456 3491 non
1484 3439 1855 3508 persequitur,

399 3507 492 3560 sed
523 3506 733 3575 diligit.
764 3506 1028 3576 Pelagius
1060 3508 1303 3561 Patricio
1348 3508 1652 3561 Valeriano.

268 3594 397 3650 Non
429 3596 825 3666 persequitur,
861 3596 971 3649 nisi
1016 3594 1116 3664 qui
1166 3596 1236 3650 ab
1290 3594 1509 3649 malum
1541 3596 1714 3665 cogit.
1747 3597 1857 3660 Qui

196 3699 334 3739 vero
367 3683 591 3739 malum
621 3683 708 3738 vel
742 3684 959 3738 factum
989 3684 1115 3753 jam
1148 3684 1338 3753 punit,
1364 3682 1447 3737 vel
1482 3682 1755 3753 prohibet
1787 3700 1859 3738 ne

200 3773 325 3837 ﬁat,
358 3789 474 3828 non
516 3772 884 3843 persequitur
933 3773 1062 3838 iste,
1096 3773 1197 3827 sed
1248 3771 1461 3843 diligit.
1494 3772 1640 3827 Nam
1691 3772 1763 3839 si,
1794 3764 1860 3827 ut

195 3861 438 3932 quidam
472 3864 702 3932 putant,
722 3877 893 3916 nemo
925 3866 1027 3915 aut
1058 3862 1468 3931 reprimendus
1501 3878 1534 3915 a
1562 3859 1740 3926 malo,
1759 3868 1860 3917 aut

191 3950 582 4005 retrahendus
631 3950 703 4005 ad
747 3950 969 4005 bonum
1019 3954 1127 4018 est,
1164 3950 1455 4005 humanas
1506 3966 1571 4004 ac
1626 3948 1855 4019 divinas

188 4039 350 4111 leges
381 4055 619 4094 necesse
649 4043 740 4094 est
769 4039 1058 4108 evacuari,
1092 4056 1214 4109 qua:
1246 4044 1302 4093 et
1333 4038 1500 4093 malis
1532 4055 1759 4110 poenam
1797 4043 1854 4093 et

185 4128 362 4183 bonis
386 4128 623 4199 przemia
644 4128 873 4197 justitia
895 4128 1180 4181 suadente
1202 4127 1599 4193 constituunt;
1628 4127 1852 4181 malum

190 4221 387 4273 autem
440 4215 700 4271 sehisma
746 4220 837 4269 est
883 4214 1058 4270 etiam
1110 4230 1210 4284 per
1256 4220 1484 4270 exteras
1534 4219 1857 4286 potestates

192 4305 672 4376 opprimendum.

196 4414 331 4468 CAP.
363 4411 453 4464 96.
486 4442 553 4450 ——
581 4409 730 4478 Quod
760 4426 859 4464 rea:
880 4407 1045 4463 mala
1073 4408 1276 4479 punire
1305 4407 1513 4462 debeat.
1540 4408 1857 4479 Cyprianu‘

2067 1318 2300 1386 matrem
2323 1315 2645 1369 Ecclesiam.
2672 1316 2903 1386 August.
2927 1330 3093 1383 super
3112 1316 3271 1369 Joan.
3286 1318 3442 1384 parte
3463 1331 3501 1384 1,
3525 1331 3650 1385 cap.

2066 1385 2100 1436 2
2131 1389 2288 1449 (trac.
2311 1386 2345 1437 2
2375 1386 2443 1439 ad
2472 1402 2518 1438 e.
2554 1402 2616 1439 111
2647 1385 2850 1456 Joan.).

2067 1472 2179 1541 (23,
2213 1490 2270 1543 q.
2304 1474 2356 1538 4,
2390 1490 2437 1527 c.
2474 1473 2745 1543 Quando.)
2776 1473 3018 1537 Quando
3050 1472 3169 1527 vult
3202 1478 3353 1528 Deus
3396 1478 3651 1544 potesta-

1992 1564 2079 1614 tes
2103 1562 2391 1615 concitare
2415 1562 2694 1617 adversus
2720 1561 3046 1629 haereticos,
3065 1562 3344 1616 adversus
3370 1562 3653 1617 schisma-

1994 1649 2159 1713 ticos,
2220 1650 2499 1705 adversus
2575 1650 2957 1721 dissipatores
3032 1649 3313 1717 ecclesiae,
3362 1652 3641 1705 adversus

1909 1739 1955 1802 Β
1987 1738 2389 1792 exsufﬂatores
2418 1737 2649 1807 Christi,
2682 1740 2959 1793 adversus
2988 1738 3487 1809 blasphematores
3534 1739 3638 1794 ba-

1984 1826 2207 1896 ptismi,
2237 1844 2351 1880 non
2388 1826 2687 1895 mirentur,
2720 1828 2859 1897 quia
2890 1826 3043 1881 Deus
3074 1827 3325 1881 concitat
3348 1832 3410 1880 ut
3438 1845 3468 1881 a
3492 1828 3634 1883 Sara

1979 1915 2319 1969 verberetur
2362 1919 2515 1986 Agar
2561 1916 2713 1986 (Gen.
2766 1915 2906 1986 XVI.)
2963 1915 3288 1987 Cognoscat
3339 1930 3399 1969 se
3455 1917 3628 1987 Agar,

1981 2007 2162 2072 ponat
2205 2004 2507 2069 cervicem,
2542 2004 2677 2075 quia
2726 2021 2858 2059 cum
2909 2003 3221 2059 humiliata
3251 2003 3630 2058 discedereta

1979 2091 2218 2145 domina
2258 2109 2386 2163 sua,
2427 2093 2681 2147 occurrit
2718 2092 2768 2147 ei
2810 2092 3075 2164 angelus,
3107 2098 3163 2147 et
3191 2092 3337 2146 dixit
3364 2092 3453 2147 ei:
3491 2092 3631 2160 Quid

1977 2189 2058 2236 est
2109 2182 2261 2254 Agar
2321 2182 2535 2238 ancilla
2579 2183 2760 2239 Saree.
2796 2187 2939 2237 Cum
2973 2199 3107 2237 vero
3139 2187 3346 2252 questa
3378 2188 3533 2237 esset
3562 2184 3631 2239 de

1978 2269 2391 2342 domina,quid
2426 2272 2648 2325 audivit
2670 2273 2741 2327 ab
2770 2272 3015 2343 angelo?
3036 2274 3326 2327 Revertere
3352 2272 3425 2326 ad
3453 2272 3631 2327 domi—

1974 2375 2106 2412 nam
2138 2363 2295 2414 tuam
2347 2360 2531 2429 (ibid)
2566 2362 2713 2414 Item.
2747 2360 3037 2414 Mirantur
3069 2365 3265 2414 autem
3300 2360 3440 2430 quia
3470 2376 3631 2415 com-

1976 2452 2285 2501 moventur
2307 2454 2568 2519 pastores
2592 2448 2725 2503 lidei
2745 2447 3085 2503 Christiana:
3108 2449 3449 2518 [potestates
3468 2449 3627 2501 Chri-

1973 2535 2193 2602 stianae,
2257 2536 2422 2605 orig.]
2479 2537 2759 2591 adversus
2819 2538 3191 2591 detestandos
3244 2536 3625 2605 dissipatores

1972 2621 2250 2677 Ecclesiae.
2280 2623 2401 2678 Nisi
2426 2639 2560 2693 ergo
2583 2627 2971 2687 moverentur,
2997 2622 3290 2692 quomodo
3316 2623 3629 2678 redderent

1973 2709 2257 2763 rationem
2291 2709 2405 2764 Deo
2440 2726 2541 2780 pro
2574 2708 2818 2781 imperio
2852 2708 3004 2764 suo?
3052 2709 3319 2763 Intendat
3366 2709 3623 2765 Charitas

1971 2802 2165 2851 vestra
2197 2798 2336 2867 quid
2369 2798 2584 2864 dicam,
2616 2799 2755 2867 quia
2799 2795 3053 2868 pertinet
3083 2797 3190 2851 hoc
3225 2798 3293 2851 ad
3328 2814 3494 2869 reges
3522 2816 3627 2855 sa:-

1972 2886 2086 2939 euli
2117 2886 2503 2952 Christianos,
2526 2885 2971 2956 uttemporibus
3007 2886 3129 2941 suis
3164 2890 3430 2956 pacatam
3453 2887 3628 2943 velint

1972 2978 2218 3029 matrem
2250 2990 2415 3029 suam
2454 2972 2789 3028 Ecclesiam.

1969 3062 2097 3117 CAP.
2134 3064 2253 3116 100.
2286 3093 2353 3102 —-
2382 3063 2530 3129 Quod
2558 3064 2682 3131 plus
2711 3070 2897 3131 peccat
2926 3060 3022 3130 qui
3053 3064 3306 3129 potestati
3362 3062 3624 3118 innocen-

2041 3142 2148 3187 tem
2178 3150 2246 3188 ετ
2274 3136 2489 3188 invidia
2538 3133 2889 3187 occidendum
2939 3132 3110 3187 tradit
3168 3150 3335 3205 quam
3388 3136 3484 3188 ille
3531 3134 3629 3205 qui

2040 3205 2275 3259 alterius
2328 3206 2607 3275 potestatis
2667 3206 2865 3259 timore
2920 3219 3042 3258 eum
3092 3204 3320 3258 occidit.
3380 3206 3623 3273 August.

2038 3292 2210 3342 super
2246 3278 2402 3331 Joan.
2433 3280 2596 3348 parte
2627 3293 2691 3342 ιι,
2721 3292 2840 3346 cap.
2874 3275 2961 3329 42.
2994 3276 3176 3346 (tract.
3212 3277 3313 3330 116
3342 3277 3415 3331 ad
3443 3294 3492 3331 ο.
3532 3294 3629 3331 x11:

2038 3349 2220 3416 Joan.)

2041 3435 2175 3489 Plus
2194 3439 2394 3505 peccat
2413 3434 2511 3505 qui
2531 3434 2807 3505 potestati
2832 3433 3204 3488 innocentem
3239 3434 3622 3491 occidendum

1968 3523 2146 3578 livore
2194 3523 2372 3577 tradit
2414 3539 2589 3591 quam
2645 3526 2906 3593 potestas
2954 3522 3103 3592 ipsa.
3136 3521 3184 3576 si
3232 3539 3363 3577 eum
3414 3524 3624 3579 timore

1968 3611 2207 3666 alterius
2254 3611 2493 3679 majoris
2548 3610 2851 3679 potestatis
2902 3610 3130 3665 occidit.
3166 3610 3365 3666 Talem
3408 3613 3622 3685 quippe

1968 3700 2121 3755 Deus
2158 3699 2342 3753 Pilato
2375 3699 2614 3753 dederat
2649 3703 2995 3769 potestatem
3030 3704 3094 3753 ut
3124 3705 3275 3755 esset
3302 3702 3478 3756 etiam
3510 3704 3619 3758 sub

1967 3788 2210 3843 Censoris
2240 3790 2547 3858 potestate.
2583 3788 2948 3859 Quapropter
2978 3803 3088 3842 non
3123 3789 3373 3858 haberes,
3406 3790 3618 3861 inquit,

1968 3876 2258 3931 adversum
2286 3892 2373 3930 me
2398 3878 2722 3945 potestatem
2770 3876 2966 3940 ullam,
2998 3876 3053 3929 id
3106 3881 3195 3931 est
3241 3878 3619 3948 quantulam-

1968 3980 2198 4035 cunque
2232 3964 2432 4033 habes,
2465 3963 2578 4017 nisi
2625 3964 2733 4018 hoc
2783 3964 2976 4036 ipsum
3012 3964 3115 4019 tibi
3144 3974 3276 4020 esset
3306 3966 3494 4021 datum
3522 3968 3620 4021 de—

1966 4069 2152 4122 super.
2188 4054 2300 4107 Sed
2351 4053 2629 4123 quoniam
2663 4052 2783 4106 scio
2816 4057 3101 4122 quantum
3155 4052 3230 4108 sit
3278 4055 3414 4123 (non
3464 4054 3619 4109 enim

1967 4145 2196 4195 tantum
2220 4145 2309 4195 est
2338 4145 2404 4194 ut
2428 4141 2532 4194 tibi
2565 4140 2905 4194 omnimodo
2926 4140 3177 4194 liberum
3212 4140 3309 4209 sit)
3337 4150 3621 4211 propterea

1966 4231 2065 4301 qui
2106 4247 2193 4283 me
2243 4229 2473 4284 tradidit
2520 4228 2643 4295 tibi,
2674 4229 2856 4298 majus
2901 4232 3182 4297 peccatum
3230 4228 3391 4283 habet
3440 4231 3615 4297 (Joan.

1965 4321 2101 4388 11x.)
2153 4317 2254 4372 Ille
2304 4316 2518 4388 quippe
2560 4332 2673 4369 non
2704 4317 3017 4370 metuendo
3046 4317 3315 4387 potestati
3352 4320 3613 4387 tradidit,

1967 4408 2068 4462 sed
2102 4406 2445 4473 invidendo;
2482 4409 2544 4459 tu
2575 4420 2709 4459 vero
2747 4404 3012 4458 eamdem
3062 4409 3399 4475 potestatem
3436 4407 3493 4461 in
3524 4424 3616 4463 me

270 4485 330 4567 ίξι
360 4498 501 4537 ηοηο
530 4461 728 4567 ρᾷωνε
770 4461 1319 4567 αίζίέξίρηίιῖωπδίαί
1369 4481 1462 4535 hic
1510 4461 1649 4534 "by"
1699 4479 1857 4535 Ῐιοάίθ
1886 4461 1930 4524 D
1962 4494 2326 4551 exerciturus
2377 4461 2445 4548 es,
2488 4493 2823 4549 metuendo.
2868 4496 2982 4547 Nec
3050 4461 3311 4550 timendo
3374 4497 3611 4567 quidem

269 4555 505 4625 August.
534 4550 627 4608 tit.
662 4561 791 4607 tom.
828 4550 945 4621 IX.)

271 4642 385 4712 (23,
432 4658 488 4712 q.
539 4642 595 4708 5,
647 4658 696 4696 c.
744 4639 903 4709 Rex.)
962 4642 1081 4693 Rex
1128 4639 1301 4693 debet
1351 4638 1504 4693 furta
1559 4638 1850 4705 cohibere,

201 4730 491 4786 adulteria
532 4728 759 4800 punire,
791 4726 1004 4797 impios
1036 4726 1108 4780 de
1136 4729 1293 4779 terra
1322 4726 1580 4795 perdere,
1607 4725 1853 4795 parrici-

197 4821 305 4875 das
333 4825 389 4874 et
421 4818 787 4890 perjurantes
837 4831 953 4869 non
1013 4814 1205 4869 sinere
1263 4813 1474 4882 vivere,
1506 4812 1657 4867 ﬁlios
1714 4829 1851 4868 suos

196 4926 314 4964 non
348 4908 538 4962 sinere
568 4904 748 4976 impie
776 4916 965 4973 agere.

193 5016 329 5070 CAP.
364 5014 453 5067 97.
486 5042 555 5052 -——
601 5011 821 5065 Bellum
877 5008 1017 5078 quod
1073 5013 1267 5063 tuetur
1316 5008 1565 5133 patriam
1618 5007 1850 5076 plenum

359 5082 599 5133 iustitiae
629 5098 762 5133 esse.
791 5081 1037 5133 Ambros.
1071 5081 1231 5133 Olﬁc.
1269 5080 1310 5133 li
1352 5119 1364 5133 .
1397 5094 1437 5133 1.
1469 5094 1589 5133 cap.
1620 5078 1709 5131 27.

359 5082 599 5152 iustiti?
629 5098 762 5137 esse.
791 5081 1037 5135 Ambros.
1071 5081 1231 5149 Ofﬁc.
1269 5078 1364 5134 lib.
1397 5094 1437 5144 1,
1469 5094 1589 5147 cap.
1620 5078 1709 5131 27.

271 5174 381 5242 (23,
427 5190 483 5244 q.
528 5172 583 5237 3,
626 5187 677 5226 c.
719 5169 1050 5231 Fortitudo.)
1108 5168 1410 5223 Fortitudo
1460 5182 1587 5236 qua:
1646 5164 1733 5220 vel
1793 5164 1852 5219 in

196 5262 351 5319 bello
383 5265 583 5316 tuetur
614 5276 646 5313 a
676 5257 943 5313 barbaris
974 5256 1247 5327 patriam,
1275 5255 1361 5311 vel
1406 5254 1564 5309 domi
1598 5254 1858 5308 defendit

201 5352 494 5420 inﬁrmos,
547 5347 636 5403 vel
687 5363 722 5403 a
766 5344 1098 5401 latronibus
1140 5342 1350 5409 socios,
1399 5342 1572 5413 plena
1613 5341 1856 5414 justitia;

209 5444 322 5498 06f.

208 5549 345 5601 CAP.
386 5545 475 5598 98.
510 5572 580 5583 -——
612 5540 760 5611 Quod
790 5554 899 5596 non
945 5537 1022 5594 sit
1067 5552 1189 5592 reus
1230 5536 1514 5592 homicidii
1558 5538 1733 5605 miles,
1764 5540 1862 5609 qui

1959 4582 2284 4654 praesertim
2334 4582 2705 4636 innocentem
2739 4580 2913 4635 homo
2947 4581 3244 4637 hominem
3296 4583 3467 4639 debet
3513 4602 3613 4640 oc-

1961 4671 2174 4737 cidere,
2203 4671 2304 4725 sed
2337 4673 2533 4725 tamen
2584 4670 2640 4724 id
2691 4668 2929 4723 zelando
2966 4670 3171 4737 facere,
3208 4672 3390 4728 multo
3426 4674 3611 4744 magis

1962 4759 2184 4814 malum
2217 4763 2510 4829 estquam
2546 4757 2826 4812 timendo.
2861 4762 2926 4811 Et
2968 4758 3094 4812 ideo
3148 4776 3260 4814 non
3318 4761 3401 4815 ait
3444 4778 3614 4817 verax

1962 4848 2269 4919 Magister:
2291 4847 2397 4910 Qui
2419 4862 2508 4900 me
2528 4846 2630 4899 tibi
2655 4845 2898 4899 tradidit
2930 4846 3054 4917 ipse
3088 4848 3260 4902 habet
3292 4856 3611 4920 peccatum.

1961 4940 2243 5003 tanquam
2279 4934 2375 4990 ille
2404 4951 2517 4988 non
2551 4933 2807 4998 haberet,
2841 4934 2939 4987 sed
2993 4934 3074 4989 ait
3120 4937 3301 5007 majus
3330 4948 3613 5008 peccatum

1964 5025 2141 5091 habet,
2186 5027 2250 5077 ut
2280 5023 2456 5077 etiam
2488 5036 2549 5075 se
2581 5022 2794 5076 habere
2822 5022 3191 5094 intelligeret.
3225 5024 3425 5097 Neque
3458 5030 3613 5083 enim

1964 5116 2271 5184 propterea
2298 5110 2441 5164 illud
2477 5108 2703 5163 nullum
2738 5114 2849 5177 est,
2877 5111 3015 5181 quia
3045 5112 3153 5167 hoc
3186 5115 3379 5183 majus
3409 5121 3515 5172 est.

1964 5218 2099 5273 CAP.
2135 5216 2255 5268 101.
2279 5244 2347 5254 -
2371 5213 2517 5281 Quod
2563 5216 2736 5286 potest
2776 5213 2933 5269 homo
2965 5216 3267 5286 aliquando
3297 5219 3469 5273 occidi
3497 5223 3616 5275 sine

2034 5294 2271 5387 peccqto.
2331 5286 2663 5355 Augustinus
2714 5285 2789 5340 De
2864 5285 3072 5341 libero’
3106 5288 3339 5344 arbitrio
3415 5290 3511 5344 lib.
3572 5308 3610 5355 1,

2038 5374 2155 5428 cap.
2181 5374 2231 5411 '4.

2039 5448 2149 5515 (23,
2183 5460 2238 5515 q.
2266 5444 2320 5512 5,
2353 5460 2402 5499 c.
2439 5443 2501 5498 Si
2530 5441 2930 5513 homicidium.)
2973 5442 3031 5499 Si
3091 5444 3471 5499 homicidium
3520 5452 3611 5503 est

1968 5534 2267 5591 hominem
2300 5531 2581 5597 occidere,
2618 5534 2808 5600 potest
2849 5529 3109 5586 occidere
3139 5530 3452 5601 aliquando
3482 5534 3610 5592 sine
