3972 6064
363 239 468 292 723

1465 243 1532 291 D.
1575 238 1820 292 IVONIS
1854 233 2346 290 CARNOTENSIS
2381 237 2698 290 EPISOOPI

3688 244 3801 298 724

365 359 783 432 peccato.Nam
805 365 862 416 et
885 361 1052 416 miles
1083 360 1597 430 hostem,etjudex
1627 357 1715 414 vel
1747 358 2015 413 minister
2042 360 2098 426 Α
2126 357 2376 427 pertinet
2405 358 2558 414 inter
2586 360 2733 415 alios
2749 360 2858 416 hoc
2875 362 3224 433 discernere,
3245 379 3425 434 quam
3445 365 3672 422 bonum
3694 368 3804 423 ho-

363 450 492 520 ejus
525 454 850 515 nocentem,
871 450 955 505 vel
977 450 1069 504 cui
1092 450 1233 504 forte
1254 449 1430 503 invito
1454 453 1624 518 atque
1653 446 2014 519 imprudenti

363 538 546 594 telum
580 555 759 594 manu
791 539 938 610 figit,
972 554 1086 592 non
1138 537 1279 591 mihi
1310 537 1584 591 videntur
1612 551 1850 608 peccare
1879 550 2014 589 cum

364 627 666 684 hominem
689 628 985 684 occidunt.
1007 626 1337 695 Respondet
1363 625 1610 680 Evodius
1635 641 1649 678 :
1681 624 2012 688 Assentior;

364 718 466 772 sed
500 716 806 772 homicidae
850 715 942 770 isti
980 713 1260 784 appellari
1292 730 1406 768 non
1439 712 1648 768 solent.
1684 717 1841 780 Item,
1876 711 2012 766 ibid.

364 821 483 875 cap.
515 807 551 858 5
578 804 742 858 Militi
767 804 1000 874 jubetur
1042 801 1167 872 lege
1217 805 1281 856 ut
1331 801 1557 856 hostem
1609 805 1794 869 necet,
1825 817 1858 854 a
1901 815 2016 868 qua

366 895 519 948 caede
565 893 614 948 si
660 891 1092 962 temperaverit,
1142 890 1214 944 ab
1268 890 1613 960 imperatore
1653 905 1853 960 pcenas
1885 889 2014 942 luit.

365 983 516 1037 Num
543 981 688 1035 istas
722 980 875 1049 leges
905 979 1180 1050 injustas,
1215 977 1302 1034 vel
1335 979 1530 1048 potius
1581 977 1776 1032 nullas
1823 977 2016 1031 dicere

365 1068 764 1125 audebimus?
792 1073 938 1123 Nam
971 1067 1116 1122 mihi
1148 1067 1239 1122 lex
1269 1083 1397 1122 esse
1444 1083 1558 1122 non
1602 1068 1850 1131 videtur,
1885 1082 2013 1136 quae

359 1158 522 1228 justa
570 1173 683 1211 non
735 1156 938 1211 fuerit.
992 1155 1360 1223 Augustinus,
1408 1156 1573 1225 paulo
1616 1157 1754 1225 post.
1806 1159 2014 1225 Legem

363 1245 602 1314 quidem
617 1245 762 1300 satis
774 1245 937 1300 video
952 1260 1082 1300 esse
1099 1243 1388 1299 munitam
1405 1242 2014 1314 contrahujuscemodi

362 1335 785 1404 accusationes,
835 1351 961 1405 quae
1009 1335 1068 1388 in
1117 1348 1185 1388 eo
1236 1333 1449 1404 populo
1486 1349 1660 1404 quem
1701 1333 1870 1405 regit,
1903 1333 2013 1388 mi-

366 1423 610 1479 noribus
641 1423 986 1488 malefactis,
1013 1439 1084 1476 ne
1116 1421 1340 1490 majora
1367 1421 1697 1476 committat
1725 1421 2016 1489 [commit-

365 1513 671 1584 terentur,]
720 1513 1020 1568 licentiam
1079 1513 1199 1582 dat,
1252 1511 1439 1566 multo
1504 1511 1707 1567 mitius
1771 1509 2014 1582 [minus]

364 1601 523 1656 enim
575 1607 666 1658 est
714 1617 844 1656 eum
896 1601 997 1670 qui
1047 1600 1247 1654 alienae
1299 1600 1425 1653 vitae
1473 1599 1788 1654 insidiatur
1835 1616 2012 1671 quam

366 1705 501 1744 eum
534 1689 632 1760 qui
666 1706 834 1745 suam
864 1693 1081 1758 tuetur,
1113 1688 1334 1753 occidi;
1386 1691 1442 1743 et
1483 1688 1666 1742 multo
1695 1689 2017 1743 immanius

364 1778 572 1834 vitium
604 1777 901 1833 hominem
933 1782 1204 1848 stuprum
1239 1777 1460 1847 perpeti
1493 1793 1667 1848 quam
1691 1793 1823 1832 eum
1844 1794 1877 1831 a
1898 1794 2014 1848 quo

367 1867 469 1921 illa
504 1867 592 1922 vis
639 1866 890 1921 infertur
918 1867 990 1920 ab
1023 1881 1090 1920 eo
1121 1865 1214 1919 cui
1248 1865 1394 1920 ferre
1438 1871 1702 1932 conatur,
1732 1866 2013 1922 interimi.

367 1956 496 2011 Jam
525 1973 660 2013 vero
691 1956 860 2012 miles
889 1957 947 2010 in
981 1955 1145 2010 hoste
1188 1955 1590 2011 interficiendo
1634 1955 1901 2011 minister
1929 1961 2018 2012 est

365 2042 532 2114 legis,
585 2057 766 2113 quare
815 2043 1074 2097 officium
1127 2058 1301 2096 suum
1356 2042 1522 2097 facile
1566 2042 1729 2096 nulla
1777 2042 2019 2097 libidine

362 2130 648 2202 implevit.
680 2131 855 2185 Porro
888 2131 1018 2201 ipsa
1048 2130 1139 2184 lex
1169 2147 1296 2201 qua;
1343 2129 1547 2185 tuendi
1594 2130 1794 2201 pepuli
1842 2148 2020 2186 causa

360 2219 480 2275 lata
509 2223 622 2286 est,
644 2218 868 2274 nullius
886 2219 1156 2273 libidinis
1180 2219 1344 2290 argui
1369 2223 1578 2289 potest.
1603 2219 1901 2289 Siquidem
1923 2219 2020 2275 ille

361 2307 462 2379 qui
492 2307 717 2374 tulit,si
751 2308 845 2363 Dei
871 2309 1045 2378 jussu
1074 2307 1228 2374 tulit,
1250 2307 1308 2361 id
1341 2312 1431 2362 est
1461 2308 1615 2379 quod
1648 2308 1913 2379 praecipit
1941 2325 2014 2362 ae-

360 2401 526 2451 terna
565 2395 823 2466 justitia,
877 2412 1082 2466 expers
1135 2395 1376 2451 omnino
1428 2395 1694 2451 libidinis
1742 2397 1798 2450 id
1851 2411 2021 2466 agere

359 2483 570 2555 potuit.
587 2484 645 2538 Si
678 2489 875 2540 autem
899 2484 994 2538 ille
1015 2500 1150 2538 cum
1175 2483 1374 2554 aliqua
1393 2483 1635 2538 libidine
1657 2485 1766 2539 hoc
1789 2485 2020 2565 statuit,

364 2589 480 2629 non
512 2588 581 2628 ex
609 2590 676 2629 eo
706 2574 791 2640 ﬁt,
826 2577 890 2628 ut
920 2573 971 2628 ei
1002 2572 1114 2645 legi
1146 2589 1280 2627 cum
1323 2572 1570 2628 libidine
1620 2573 2022 2645 obtemperare

366 2677 604 2718 necesse
622 2662 874 2733 sit,quia
906 2663 1058 2717 bona
1087 2660 1178 2716 lex
1208 2666 1266 2716 et
1297 2679 1332 2716 a
1362 2678 1477 2716 non
1509 2662 1662 2717 bono
1694 2662 1827 2716 ferri
1853 2650 2022 2733 [fieri]

365 2753 576 2821 potest.
609 2751 734 2805 Non
768 2751 925 2805 enim
957 2749 1005 2804 si
1035 2750 1191 2820 quis,
1222 2750 1385 2804 verbi
1427 2767 1626 2818 causa,
1657 2751 2019 2822 tyrannicam

369 2842 719 2910 potestatem
762 2843 960 2906 natus,
983 2839 1055 2892 ab
1079 2838 1274 2910 aliquo
1305 2838 1398 2894 cui
1429 2838 1536 2894 hoc
1568 2840 1858 2906 conducit,
1893 2855 2021 2910 pre-

364 2926 514 2981 tium
551 2927 818 2998 accipiat,
851 2932 916 2982 ut
973 2931 1193 2982 statuat
1247 2926 1390 2982 nulli
1448 2926 1624 2982 licere
1694 2929 1763 2982 ad
1814 2929 2021 2998 conju-

366 3014 529 3085 gium
561 3015 841 3070 feminam
874 3031 1092 3085 rapere,
1112 3019 1415 3087 propterea
1445 3014 1602 3070 mala
1625 3015 1713 3070 lex
1744 3017 2020 3087 erit,quia

361 3076 622 3174 injustus
671 3108 846 3174 atque
893 3076 1404 3174 corruptus.hano
1455 3104 1611 3159 tulit.
1660 3076 2017 3177 Potestrergo
2049 3076 2092 3142 C

361 3189 446 3245 illi
478 3190 615 3262 legi,
635 3207 763 3262 quae
786 3192 1146 3246 tuendorum
1165 3191 1382 3246 civium
1401 3208 1598 3260 causa,
1616 3191 1731 3246 vim
1751 3193 2019 3249 hostilem

362 3280 566 3336 eadem
596 3282 652 3335 vi
685 3279 885 3352 repelli
911 3280 1112 3351 jubet,
1146 3279 1271 3335 sine
1321 3279 1562 3336 libidine
1611 3281 2019 3352 obtemperari.

361 3369 431 3424 Et
456 3371 527 3425 de
555 3369 834 3426 omnibus
868 3369 1156 3424 ministris
1192 3369 1292 3440 qui
1313 3372 1446 3440 jure
1478 3373 1653 3442 atque
1683 3370 1884 3427 ordine
1914 3389 2020 3442 po-

361 3458 671 3514 testatibus
691 3458 1145 3528 quibuscumque
1170 3456 1419 3528 subjecti
1442 3459 1665 3524 sunt,id
1680 3458 1789 3514 dici
1807 3465 2016 3531 potest.

361 3548 474 3602 Sed
509 3546 591 3602 illi
618 3547 889 3602 homines
922 3547 1042 3618 lege
1068 3545 1386 3616 inculpata,
1413 3549 1703 3617 quomodo
1735 3548 2019 3621 inculpati

363 3641 583 3707 queant
628 3652 760 3691 esse
811 3653 924 3691 non
974 3635 1155 3691 video.
1208 3636 1483 3691 Liberum
1532 3636 1613 3691 eis
1663 3637 1860 3708 itaque
1907 3642 2016 3706 est,

363 3724 660 3779 neminem
691 3740 898 3780 necare
931 3741 1035 3796 pro
1066 3723 1158 3780 his
1189 3725 1364 3780 rebus
1396 3741 1544 3796 quas
1574 3725 1739 3780 inviti
1771 3732 2020 3797 possunt

361 3812 648 3880 amittere,
667 3819 725 3868 et
753 3814 825 3869 ob
855 3813 964 3868 hoc
997 3828 1192 3868 amare
1224 3831 1339 3869 non
1372 3814 1604 3868 debent.
1624 3814 1704 3869 De
1725 3815 1842 3870 vita
1857 3816 2016 3871 enim

357 3902 609 3957 fortasse
659 3901 915 3973 cuipiam
969 3901 1047 3957 sit
1094 3901 1341 3956 dubium
1385 3906 1584 3956 utrum
1615 3902 1822 3958 animae
1855 3903 2016 3959 nullo

353 3993 523 4063 pacto
555 3991 878 4057 auferatur,
913 3991 1053 4046 dum
1084 3989 1194 4045 hoc
1225 4005 1438 4061 corpus
1496 3990 1872 4046 interimitur.
1905 3991 2016 4047 Sed

355 4079 406 4136 si
456 4080 674 4136 auferri
723 4083 918 4152 potest
964 4077 1398 4134 contemnenda
1428 4082 1542 4141 est,
1576 4078 1625 4133 si
1657 4095 1771 4134 non
1804 4084 2016 4150 potest,

356 4167 505 4224 nihil
528 4155 1018 4225 metuendum.De
1045 4166 1332 4239 pudicitia
1355 4183 1487 4221 vero
1511 4166 1642 4238 quis
1665 4167 2020 4224 dubitaverit

359 4257 500 4328 quin
531 4274 598 4312 ea
627 4257 706 4312 sit
737 4257 796 4311 in
821 4257 946 4326 ipso
965 4255 1161 4310 animo
1179 4254 2015 4328 constituta,quandoquidem

357 4345 548 4399 virtus
570 4344 696 4399 est?
721 4345 874 4398 unde
895 4361 928 4398 a
951 4343 1200 4399 violento
1223 4348 1315 4398 stu
1325 4348 1574 4414 pratore,
1596 4361 1701 4400 nec
1722 4346 1851 4416 ipsa
1869 4347 2018 4419 eripi

359 4435 571 4503 potest.
603 4431 900 4503 Quidquid
932 4431 1110 4503 igitur
1138 4436 1443 4502 erepturus
1473 4436 1598 4488 erat
1636 4432 1735 4489 ille
1777 4435 1876 4506 qui
1926 4451 2021 4490 oc-
2054 4443 2098 4507 Β

361 4520 598 4589 ciditur,
621 4519 678 4574 id
709 4522 898 4575 totum
925 4519 986 4574 in
1018 4523 1218 4575 nostra
1248 4524 1535 4592 potestate
1573 4538 1687 4577 non
1720 4528 2025 4594 est,quare

362 4608 862 4680 quemadmodum
895 4613 1164 4664 nostrum
1190 4608 1606 4680 appellandum
1625 4611 1702 4666 sit
1724 4627 1840 4666 non
1858 4612 2028 4668 intel-

359 4695 502 4768 ligo.
535 4696 898 4768 Quapropter
950 4696 1134 4768 legem
1184 4698 1418 4768 quidem
1471 4717 1586 4754 non
1637 4699 2022 4769 reprehendo,

365 4801 494 4856 qua
535 4783 682 4840 tales
732 4785 1014 4856 permittit
1043 4785 1316 4857 interfici,
1347 4789 1444 4842 sed
1505 4805 1619 4859 quo
1675 4791 1843 4859 pacto
1875 4788 2020 4844 istos

361 4873 672 4929 defendam
716 4873 818 4944 qui
861 4873 1221 4930 interficiunt
1245 4893 1358 4931 non
1391 4876 1643 4932 invenio.
1692 4877 2025 4948 Respondet

364 4960 648 5017 Evodius:
683 4960 867 5016 Multo
918 4963 1115 5016 minus
1161 4978 1267 5033 ego
1317 4964 1575 5019 invenire
1622 4981 1885 5034 possum,
1915 4983 2021 5022 cur

357 5048 703 5105 hominibus
752 5049 1148 5104 defensionem
1201 5066 1450 5120 quaeras,
1485 5067 1633 5122 quos
1678 5069 1808 5108 reos
1857 5052 2020 5110 nulla

357 5137 450 5196 lex
479 5140 658 5194 tenet.

359 5270 492 5327 CAP.
529 5271 650 5324 102.
682 5299 754 5311 —
803 5268 953 5338 Quod
991 5268 1168 5339 judex
1213 5283 1339 5323 cum
1388 5268 1655 5337 vindicat,
1686 5287 1799 5326 non
1829 5273 2018 5329 reddat

431 5342 641 5396 malum
668 5356 765 5412 pro
795 5341 962 5396 malo.
994 5341 1328 5410 Augustinus
1355 5356 1520 5414 super
1545 5342 1684 5413 psat.
1718 5342 1885 5398 CVIII
1915 5345 2011 5414 (ad

432 5427 581 5469 vers.
611 5410 710 5483 pro
737 5427 803 5467 co
832 5417 896 5467 ut
924 5416 978 5467 et
1004 5414 1304 5482 posuerunt
1331 5410 1500 5483 adu).

436 5523 765 5583 Ulciscendi
784 5524 964 5582 libido
984 5525 1192 5582 vitiosa
1214 5529 1324 5596 est,
1340 5524 1646 5598 magisque
1662 5527 1733 5584 ad
1747 5527 2010 5599 judicem

2125 445 2349 502 minem
2399 448 2510 503 sibi
2562 456 2847 521 expetere.
2899 451 3225 508 Paucorum
3277 460 3365 510 est
3414 456 3800 528 dignoscere,

2124 536 2418 605 quomodo
2447 537 2672 608 placeat
2702 557 2873 610 pcena
2902 539 3279 598 inimicorum
3314 547 3645 602 accusatori
3673 548 3800 602 ini-

2125 624 2348 679 micitia
2379 643 2505 681 sese
2535 634 2801 684 saturare
2833 630 3114 701 cupienti,
3146 637 3204 687 et
3251 649 3434 704 quam
3466 633 3642 707 longe
3673 637 3798 692 alio

2124 712 2297 766 modo
2320 715 2507 783 judici
2541 716 2554 782 l
2567 716 2788 786 placeat
2817 718 2992 790 orig.]
3025 725 3183 774 recta
3215 722 3521 778 voluntate
3552 730 3800 794 peccata

2125 801 2411 871 punienti.
2446 803 2548 858 Ille
2591 805 2808 876 quippe
2839 805 3029 861 reddit
3060 807 3283 864 malum
3316 827 3423 881 pro
3457 811 3640 881 malo,
3675 813 3798 868 iste

2125 893 2320 943 autem
2353 891 2530 946 etiam
2561 907 2697 948 cum
2728 893 2986 949 vindicat
3016 911 3130 951 non
3167 899 3360 953 reddit
3409 899 3634 955 malum
3689 918 3796 972 pro

2125 977 2299 1046 malo,
2332 981 2609 1048 quoniam
2633 982 2866 1051 justum
2894 983 3086 1038 reddit
3117 985 3359 1056 injusto.
3393 989 3555 1051 Quod
3591 996 3796 1045 autem

2115 1066 2346 1136 justum
2377 1073 2486 1134 est,
2520 1070 2726 1140 utique
2757 1072 2978 1126 bonum
3011 1078 3113 1128 est.
3137 1075 3312 1130 Punit
3334 1093 3470 1149 ergo
3491 1094 3608 1132 non
3634 1078 3797 1133 dele-

2123 1155 2375 1210 ctatione
2407 1155 2609 1212 alienae
2643 1160 2916 1224 miseriae,
2936 1163 3091 1231 quod
3115 1169 3205 1219 est
3234 1163 3458 1220 malum
3485 1183 3590 1237 pro
3614 1167 3797 1237 malo,

2123 1243 2223 1296 sed
2256 1244 2567 1302 dilectione
2587 1247 2851 1316 justitiaa,
2880 1251 3038 1320 quod
3069 1255 3158 1306 est
3185 1252 3405 1308 bonum
3437 1271 3542 1326 pro
3576 1255 3758 1310 malo.

2123 1351 2254 1404 Cap.
2445 1383 2514 1392 —
2535 1352 2656 1433 _Q_uo
2685 1354 2942 1433 minister
2969 1357 3220 1433 occidens
3247 1375 3408 1430 quem
3446 1361 3626 1433 judea:
3661 1363 3798 1427 iu.-

2191 1423 2348 1502 seg'it,
2380 1438 2488 1502 non
2523 1425 2798 1502 id_sponte
2825 1429 3008 1502 facere
3035 1427 3206 1502 debet.
3235 1423 3469 1502 (ἰαθηδῇ
3491 1434 3589 1487 tib.
3619 1423 3669 1502 ρ’
3708 1449 3797 1490 ae-

2193 1497 2437 1547 stionum
2467 1497 2526 1550 in
2557 1498 2820 1552 Exodum
2850 1499 3073 1566 (Quaest.
3099 1500 3170 1554 39
3191 1500 3262 1555 ad
3284 1497 3658 1573 c.'x1E:cod.)'.

2195 1582 2308 1648 (23,
2342 1599 2397 1652 q.
2426 1585 2482 1652 5,
2516 1601 2566 1639 c.
2603 1585 2734 1639 Cum
2765 1588 3066 1657 minister.)
3095 1590 3238 1644 Cum
3272 1591 3795 1663 ministerjudicis

2127 1670 2342 1724 occidit
2370 1688 2502 1726 eum
2539 1689 2714 1744 quem
2746 1675 2929 1744 judex
2970 1677 3154 1747 jussit
3203 1679 3412 1748 occidi,
3445 1682 3712 1750 profecto
3743 1687 3790 1738 si

2126 1757 2184 1811 id
2209 1764 2416 1829 sponte
2447 1760 2620 1815 faciat
2647 1761 2940 1818 homicida
2957 1770 3066 1829 est,
3084 1766 3260 1821 etiam
3294 1769 3342 1822 si
3373 1784 3508 1823 eum
3539 1771 3792 1827 occidat.

2127 1861 2300 1914 quem
2333 1847 2444 1902 scit
2470 1865 2503 1902 a
2526 1849 2728 1917 judice
2757 1851 2943 1905 occidi
2974 1853 3273 1909 debuisse.

2127 1955 2259 2026 Car.
2295 1953 2415 2005 104.
2449 1983 2516 1993 --
2549 1954 2660 2020 Quo
2692 1957 2785 2009 (ex
2809 1956 3007 2012 occidit
3037 1956 3333 2026 hominem,
3360 1977 3475 2016 non
3504 1965 3786 2019 minister.

2199 2023 2538 2106 fugastinus
2569 2027 2664 2106 lib.
2699 2027 3079 2106 Quaestionum
3109 2032 3170 2084 in
3204 2023 3507 2089 Leviticum
3554 2036 3787 2106 (Quaest.

2197 2094 2266 2146 68
2295 2094 2365 2148 ad
2399 2111 2445 2148 c.
2475 2113 2570 2150 xxx
2600 2097 2866 2168 Levitic.).

2197 2182 2342 2237 Cum
2403 2183 2574 2240 homo
2617 2186 2780 2255 juste
2838 2187 3154 2258 occiditur,
3207 2189 3298 2245 lex
3347 2208 3483 2248 eum
3542 2194 3787 2265 occidit,

2129 2286 2244 2324 non
2279 2275 2360 2325 tu.

2129 2377 2423 2454 Cag._105.
2457 2409 2525 2418 —
2558 2378 2708 2446 Quod
2751 2382 2926 2435 etiam
2979 2382 3121 2436 bella
3166 2385 3310 2454 apud
3356 2401 3510 2441 veros
3555 2389 3790 2444 cultores

2199 2448 2298 2502 Dei
2338 2464 2440 2527 pro
2475 2466 2609 2527 pace
2634 2461 2879 2527 suscepta
2908 2458 3104 2527 pacata
3133 2448 3285 2510 sunt.
3317 2459 3545 2527 August.
3579 2465 3666 2515 De
3694 2462 3783 2516 di-

2199 2520 2373 2574 versis
2403 2521 2648 2578 ecclesiae
2674 2520 3162 2594 observationibus,
3184 2543 3303 2597 cap.
3340 2520 3428 2584 15.

2203 2609 2312 2678 (32,
2337 2626 2393 2679 q.
2421 2611 2471 2680 1,
2495 2626 2546 2664 c.
2574 2611 2725 2682 Apud
2745 2627 2896 2668 veros
2917 2611 3060 2683 Dei.)
3090 2615 3256 2685 Apud
3290 2632 3458 2672 veros
3508 2619 3607 2674 Dei
3657 2620 3785 2675 cul-

2129 2700 2286 2752 tores
2317 2697 2490 2752 etiam
2525 2699 2652 2769 ipsa
2681 2699 2836 2755 bella
2865 2708 3071 2772 pacata
3089 2708 3248 2770 sunt,
3269 2722 3396 2776 quae
3415 2722 3530 2761 non
3556 2709 3784 2780 cupidi-

2130 2790 2248 2841 tate
2296 2791 2394 2841 aut
2435 2788 2798 2857 crudelitate,
2828 2791 2927 2844 sed
2963 2792 3122 2862 pacis
3156 2794 3350 2850 studio
3382 2804 3690 2867 geruntur,
3727 2804 3788 2854 ut

2134 2875 2270 2928 mali
2304 2885 2696 2944 coerceantur,
2720 2883 2777 2933 et
2806 2879 2943 2934 boni
2975 2881 3375 2940 subleventur.

2130 2981 2258 3036 Car.
2309 2983 2429 3036 106.
2479 2987 2667 3059 ——_De
2724 2986 3001 3059 vindictis.
3064 2989 3203 3057 Aug.
3257 2990 3352 3045 lib.
3415 2992 3785 3059 Quastionum

2342 3056 2763 3126 evangeliorum
2792 3057 2913 3123 (lib.
2945 3075 2984 3112 ι.
3019 3064 3088 3130 ρ.
3113 3056 3340 3133 Evang.,
3371 3056 3568 3136 q.'10).

2199 3142 2310 3211 (23,
2336 3158 2393 3212 q.
2415 3143 2468 3210 5,
2495 3160 2544 3199 c.
2572 3145 2827 3216 Ofﬁcia.)
2858 3145 3062 3202 Officia
3091 3149 3361 3205 vindictas
3392 3159 3646 3222 possunt
3674 3154 3784 3209 im-

2129 3227 2286 3299 plere
2334 3229 2470 3284 boni
2519 3231 2672 3287 bono
2725 3231 2944 3299 animo,
2996 3237 3292 3304 quomodo
3340 3237 3450 3309 lex,
3491 3243 3787 3311 quomodo

2123 3317 2322 3385 judex.

2127 3421 2518 3500 Gap_._107._—e
2551 3423 2700 3500 Quod
2731 3425 3047 3500 Christiana
3093 3428 3391 3500 disciplina
3441 3449 3551 3488 non
3599 3439 3788 3492 omnia

2164 3494 2308 3548 bella
2335 3495 2542 3564 culpat.
2593 3497 2938 3568 Augustinus
2959 3499 3030 3553 ad
3049 3494 3436 3558 Marcellinum
3465 3506 3647 3576 (epist.
3671 3509 3748 3579 5).

2199 3581 2259 3635 Si
2277 3587 2504 3638 terrena
2535 3583 2648 3640 ista
2678 3587 3011 3657 respublica
3028 3596 3315 3662 precepta
3333 3591 3670 3651 Christiana
3687 3614 3783 3652 cu-

2125 3671 2361 3737 stodiat,
2379 3677 2436 3726 et
2460 3673 2588 3744 ipsa
2611 3673 2762 3728 bella
2784 3675 2911 3730 sine
2933 3677 3329 3735 benevolentia
3349 3698 3463 3736 non
3486 3690 3784 3754 gerentur,

2127 3763 2190 3812 ut
2207 3759 2275 3813 ad
2297 3760 2529 3830 pietatis
2553 3762 2918 3835 justitiaeque
2947 3771 3214 3836 pacatam
3250 3769 3595 3827 societatem
3619 3775 3784 3830 victis

2127 3846 2358 3902 facilius
2391 3850 2754 3904 consulatur.
2777 3851 2922 3906 Nam
2941 3854 3034 3908 cui
3058 3853 3298 3910 licentia
3325 3857 3659 3930 iniquitatis
3676 3862 3782 3918 eri-

2125 3934 2304 4006 pitur,
2331 3936 2551 3992 utiliter
2581 3939 2853 4008 vincitur,
2881 3943 3159 4012 quoniam
3190 3945 3338 4001 nihil
3369 3953 3458 4002 est
3490 3947 3784 4007 infelicius

2123 4022 2398 4080 felicitate
2430 4027 2822 4096 peccantium,
2843 4045 2960 4099 qua
2986 4031 3231 4101 poenalis
3254 4035 3517 4090 nutritur
3535 4037 3786 4110 impuni-

2123 4118 2236 4176 tas,
2261 4116 2316 4168 et
2335 4113 2489 4168 mala
2505 4113 2776 4171 voluntas
2798 4117 2960 4173 velut
2981 4119 3170 4176 hostis
3195 4119 3438 4178 interior
3460 4125 3785 4182 roboratur

2123 4201 2281 4255 Item.
2315 4201 2455 4256 Ibid.
2488 4204 2652 4274 paulo
2670 4209 2811 4276 post.
2840 4206 3298 4264 Misericorditer
3356 4211 3515 4267 enim
3565 4214 3615 4268 si
3665 4215 3786 4281 ﬁeri

2124 4293 2339 4360 posset,
2361 4290 2538 4346 etiam
2563 4291 2713 4348 bella
2732 4299 3074 4364 gererentur
3095 4314 3128 4352 a
3147 4297 3342 4369 bonis,
3364 4301 3783 4368 ut,licentiosis

2129 4378 2554 4448 cupiditatibus
2602 4381 2861 4452 domitis,
2894 4383 3014 4440 haec
3044 4385 3185 4442 vitia
3215 4389 3622 4461 perderentur,
3657 4408 3782 4463 qua:

2123 4466 2288 4535 justo
2351 4466 2596 4536 imperio
2639 4469 2727 4526 vel
2776 4472 3082 4544 exstirpari
3132 4474 3220 4530 vel
3272 4478 3455 4546 premi
3517 4479 3784 4551 (deprimi

2131 4554 2299 4624 orig.]
2333 4556 2682 4613 debuerunt.
2711 4558 2854 4616 Nam
2888 4561 2937 4616 si
2968 4561 3303 4619 Christiana
3324 4565 3644 4638 disciplina
3664 4585 3783 4624 om-

2133 4643 2230 4698 nia
2259 4643 2410 4700 bella
2440 4645 2723 4718 culparet,
2755 4647 2865 4704 hoc
2915 4651 3113 4721 potius
3155 4651 3443 4708 militibus
3474 4657 3781 4712 consilium

2131 4731 2339 4788 salutis
2371 4735 2700 4803 petentibus
2731 4736 2791 4791 in
2824 4738 3133 4809 Evangelio
3166 4740 3554 4810 diceretur,ut
3584 4745 3787 4815 abjice'

2130 4828 2261 4878 rent
2291 4841 2472 4894 arma,
2505 4843 2683 4898 seque
2714 4827 2938 4884 militia
2969 4829 3208 4885 omnino
3241 4831 3680 4891 subtraherent.
3702 4837 3788 4892 Di-

2129 4915 2286 4966 ctum
2319 4918 2406 4968 est
2435 4919 2630 4970 autem
2663 4915 2774 4971 eis:
2817 4915 3124 4974 Neminem
3165 4923 3604 4992 concusseritis,
3642 4909 3780 4981 nulli

2127 5000 2482 5057 calumniam
2517 5004 2789 5074 feceritis,
2813 5005 3069 5062 sufﬁciat
3097 5008 3261 5063 vobis
3293 5010 3656 5082 stipendium
3692 5032 3779 5071 ve-

2129 5092 2311 5144 strum
2336 5090 2487 5161 (Luc.
2511 5091 2614 5162 ιιι).
2637 5093 2859 5157 Quibus
2892 5094 3195 5165 proprium
3227 5096 3589 5169 slipendium
3625 5104 3782 5159 sufﬁ-

2127 5191 2254 5231 cere
2274 5177 2482 5232 debere
2499 5179 2792 5250 praaoepit,
2809 5179 3062 5237 militare
3084 5183 3290 5253 utique
3314 5201 3431 5240 non
3455 5188 3778 5258 prohibuit.

2123 5265 2261 5333 Aug.
2295 5265 2364 5320 ad
2407 5266 2777 5322 Macedoniam
2826 5269 3005 5340 (epist.
3036 5271 3149 5343 54).
3177 5272 3287 5343 [23,
3311 5267 3439 5346 9.5.
3470 5292 3516 5330 c.
3545 5277 3664 5333 Non
3708 5283 3778 5334 est

2124 5352 2485 5424 iniquitatis.]
2515 5351 2638 5408 Non
2670 5361 2760 5410 est
2789 5355 3134 5430 iniquitatis,
3158 5361 3260 5416 sed
3282 5361 3476 5433 potius
3505 5363 3774 5423 humani-

2123 5443 2262 5498 tatis
2299 5441 2573 5498 societate
2603 5445 2887 5514 devictus,
2919 5447 3019 5518 qui
3054 5454 3359 5521 propterea
3387 5457 3476 5510 est
3506 5456 3769 5515 criminis

2121 5534 2480 5602 persecutor,
2513 5536 2578 5588 ut
2606 5532 2683 5589 sit
2711 5533 2970 5594 hominis
2999 5536 3296 5596 liberator.
