4002 6054
266 287 375 342 725

1194 295 1503 349 DECRETI
1544 296 1727 347 PARS
1763 297 1832 346 X.
1870 321 1934 331 -—-
1966 296 2060 346 DE
2100 296 2514 357 HOMICIDIIS,
2556 298 2713 351 ETC.

3561 299 3669 351 7'26

268 413 401 469 CAP.
432 413 550 469 108.
584 443 653 454 —-
682 413 829 489 Quod
858 430 964 489 non
1014 418 1231 489 [rustra
1288 419 1545 472 instituta
1578 421 1655 472 est
1681 424 1918 488 potestas
1950 419 2001 483 Α
2030 420 2186 473 stum
2221 419 2423 489 (ibid),
2456 422 2606 474 Item.
2636 418 2843 473 Ibidem
2893 418 3057 489 paulo
3080 428 3217 489 post.
3248 421 3558 477 Dominum
3578 423 3677 479 Je-

658 488 820 555 regis.
855 487 987 541 Item
1017 488 1191 556 (circa
1228 489 1523 558 medium).

335 592 448 660 (23,
477 607 533 661 q.
566 592 620 661 5,
654 608 702 645 c.
753 594 875 647 Non
903 595 1172 661 frustra.)
1222 595 1343 649 Non
1406 595 1591 649 fustra
1642 594 1914 649 instituta

262 686 402 736 sunt
434 684 693 751 potestas
725 682 897 752 regis,
925 683 1024 752 jus
1058 684 1374 753 cognitoris
1402 684 1603 754 (gladii
1650 683 1913 738 inseritur

260 772 321 823 in
351 770 537 840 orig),
564 769 799 841 ungulas
823 773 1139 837 carnificis,
1167 790 1330 828 arma
1351 773 1572 840 militis,
1598 772 1911 842 disciplina

258 859 645 925 dominantis,
665 860 944 915 severitas
968 861 1143 915 etiam
1164 862 1300 915 boni
1326 862 1530 933 patris.
1558 862 1781 915 Habent
1799 860 1910 913 ista

257 946 459 1002 omnia
489 947 693 1000 modos
713 964 875 1015 suos,
898 964 1126 1017 causas,
1148 950 1425 1011 rationes,
1444 948 1762 1014 utilitates;
1790 948 1908 1001 haec

257 1052 392 1091 cum
417 1036 716 1101 timentur,
733 1041 790 1090 et
807 1042 1151 1091 coercentur
1164 1037 1321 1105 mali,
1338 1037 1586 1107 etquieti
1604 1036 1905 1107 (quietius,

253 1124 427 1195 orig.)
458 1124 609 1178 inter
641 1124 826 1179 malos
858 1125 1057 1179 vivunt
1088 1126 1243 1180 boni.
1274 1128 1423 1181 Item.
1443 1126 1736 1195 Aliquanto
1761 1130 1903 1195 post.

255 1212 403 1267 Cum
436 1212 609 1266 homo
656 1213 727 1267 ab
777 1212 1016 1268 homine
1065 1215 1372 1281 occiditur,
1420 1214 1674 1268 multum
1726 1214 1908 1268 distat

255 1306 457 1355 utrum
482 1300 583 1356 fiat
599 1302 846 1355 nocendi
868 1303 1300 1373 cupiditate,vel
1326 1304 1544 1373 injuste
1566 1302 1784 1373 aliquid
1799 1320 1904 1357 au-

251 1389 500 1455 ferendi,
532 1391 687 1445 sicut
716 1391 781 1444 ﬁt
812 1392 883 1445 ab
911 1391 1171 1456 inimico,
1195 1392 1348 1446 sicut
1378 1409 1408 1446 a
1432 1391 1654 1446 latrone
1684 1410 1697 1458 ;
1723 1408 1793 1445 an
1822 1392 1905 1445 ul-

2023 522 2152 562 sum
2168 507 2398 563 Christo
2411 526 2464 563 ιιι
2480 508 2723 563 audiant
2740 507 3067 562 Manichasri
3086 508 3193 563 hoc
3209 510 3566 579 stipendium
3584 514 3678 582 ju-

2021 596 2253 651 bentem
2287 598 2449 651 reddi
2485 596 2714 662 Caesari,
2732 597 2884 666 quod
2901 597 3150 651 Joannes
3165 598 3309 651 dicit
3323 599 3532 654 debere
3548 618 3613 655 su
3624 602 3671 656 f-

2022 686 2191 739 ficere
2222 685 2390 738 milili
2416 702 2429 739 :
2466 686 2715 751 Reddite,
2761 685 2976 755 inquit,
3011 685 3252 741 Cmsaris
3280 702 3405 757 quae
3428 687 3664 743 Caesaris

2019 782 2164 839 sunt,
2188 776 2235 827 et
2267 776 2370 828 Deo
2405 791 2525 843 quae
2554 775 2651 827 Dei
2680 782 2807 827 sunt
2844 774 3020 844 (Mat/1
3051 775 3210 843 xxu).
3245 776 3327 829 Ad
3362 775 3471 829 hoc
3516 777 3669 832 enim

2018 860 2234 915 tributa
2254 866 2621 932 praestantur,
2638 867 2701 915 ut
2715 867 2947 931 propter
2962 861 3113 915 bella
3126 864 3520 919 necessarium
3557 866 3671 919 mi-

2019 948 2107 1004 liti
2139 950 2499 1020 stipendium
2533 951 2877 1021 przebeatur.
2912 951 3070 1018 Item,
3105 951 3237 1004 ibid.
3272 968 3317 1005 c.
3347 953 3437 1005 75.
3470 954 3581 1023 (23,
3622 971 3676 1025 q,

2022 1043 2069 1107 1,
2101 1056 2147 1093 c.
2182 1040 2286 1106 Qui
2309 1040 2610 1109 culpatur.)
2643 1042 2891 1093 Interest
2922 1039 3138 1109 quibus
3171 1039 3390 1106 causis,
3425 1041 3673 1110 quihus-

2017 1144 2129 1198 que
2143 1128 2595 1182 auctoritatibus
2612 1126 2880 1181 homines
2894 1126 3048 1181 bella
3065 1127 3320 1196 gerenda
3344 1128 3673 1198 suscipiant

2014 1217 2154 1271 ordo
2169 1221 2349 1270 tamen
2366 1214 2461 1270 ille
2475 1213 2757 1270 naturalis
2773 1212 3108 1268 mortalium
3123 1214 3248 1284 paci
3264 1217 3675 1270 accommoda-

2014 1312 2111 1358 tus
2139 1304 2245 1358 hoc
2275 1305 2477 1375 poscit,
2498 1309 2561 1357 ut
2592 1303 2957 1373 suscipiendi
2990 1302 3127 1357 belli
3153 1304 3469 1358 auctoritas
3492 1309 3669 1375 atque

2014 1392 2326 1447 consilium
2364 1408 2541 1463 penes
2574 1391 2897 1462 principem
2931 1391 3030 1457 sit,
3080 1392 3436 1460 exsequendi
3469 1397 3664 1447 autem

249 1478 508 1533 ciscendi
540 1477 626 1533 vel
660 1479 973 1534 obediendi
995 1480 1219 1547 ordine,
1246 1482 1445 1535 sicuta
1463 1480 1685 1549 judice,
1705 1480 1904 1534 sicuta
2005 1481 2177 1549 jussa
2192 1480 2395 1534 bellica
2410 1479 2802 1533 ministerium
2823 1477 3037 1533 milites
3055 1478 3308 1533 debeant
3326 1480 3447 1549 paci
3466 1479 3667 1535 saluti-

247 1568 520 1622 carnitice
554 1586 568 1635 ;
602 1584 675 1621 an
710 1569 993 1623 evadendi
1018 1569 1105 1624 vel
1129 1569 1510 1624 subveniendi
1532 1569 1899 1637 necessitate,

247 1655 403 1710 sicut
431 1655 794 1711 interimitur
815 1656 961 1712 latro
994 1675 1025 1711 a
1047 1658 1286 1725 viatore,
1320 1658 1508 1713 hostis
1540 1676 1572 1712 a
1604 1657 1805 1712 milite.
1835 1659 1902 1711 Et

245 1743 567 1813 aliquando
600 1744 701 1814 qui
732 1761 912 1799 causa
946 1746 1150 1801 mortis
1185 1747 1293 1800 fuit
1316 1747 1513 1817 potius
1537 1748 1593 1800 in
1618 1745 1789 1817 culpa
1812 1751 1901 1801 est

246 1849 426 1903 quam
452 1831 547 1886 ille
578 1832 678 1902 qui
709 1833 944 1898 occidit,
976 1833 1063 1888 vel
1091 1838 1153 1887 ut
1175 1834 1221 1887 si
1246 1835 1539 1905 quispiam
1561 1834 1813 1905 decipiat
1836 1834 1904 1887 f1-

254 1920 641 1990 deijussorem
678 1938 877 1986 suum,
898 1922 1186 1992 atqueille
1209 1939 1311 1992 pro
1336 1924 1448 1978 isto
1471 1921 1799 1993 supplicum
1820 1922 1905 1977 le-

252 2008 530 2079 gitimam
567 2009 726 2077 luat;
764 2026 870 2065 nec
903 2017 1099 2066 tamen
1134 2012 1329 2066 omnis
1361 2013 1461 2082 qui
1494 2028 1669 2066 causa
1706 2011 1905 2065 alienas

255 2099 464 2153 mortis
489 2104 599 2162 est,
625 2116 759 2153 reus
782 2105 890 2165 est,
914 2099 1074 2154 velut
1092 2100 1468 2171 siquisquam
1492 2101 1653 2171 (quid
1678 2100 1722 2153 si
1750 2100 1905 2154 enim

254 2186 532 2257 quisque,
557 2188 726 2256 orig.)
750 2193 1022 2259 stuprum
1051 2194 1227 2259 petat,
1247 2205 1510 2259 seseque,
1527 2190 1573 2242 si
1591 2204 1706 2241 non
1724 2188 1908 2258 impe-

251 2276 519 2345 traverit,
552 2276 875 2332 interimat.
911 2278 1085 2344 Quid,
1120 2278 1168 2332 si
1195 2278 1351 2333 filius
1374 2279 1589 2333 timens
1611 2278 1793 2349 patris
1817 2278 1911 2347 pia

250 2366 518 2429 verbera,
533 2364 852 2435 praecipitio
869 2366 1102 2435 pereat?
1116 2368 1254 2437 quid
1267 2409 1279 2431 ,
1296 2367 1343 2421 si
1359 2366 1509 2421 alius
1524 2366 1759 2421 homine
1773 2366 1913 2420 libe-

251 2457 400 2516 rato,
424 2452 515 2507 vel
539 2470 610 2508 ne
627 2453 782 2508 alius
807 2453 1111 2519 liberetur,
1133 2455 1241 2509 sibi
1269 2455 1392 2524 ipse
1407 2458 1650 2509 mortem
1666 2454 1913 2509 inferat?

254 2558 397 2595 num
429 2548 671 2613 propter
728 2542 875 2597 istas
908 2543 1233 2597 alienorum
1268 2548 1533 2597 motuum
1566 2542 1912 2613 (alienarum

252 2630 559 2698 mortium,
590 2633 756 2701 orig.)
788 2648 1019 2700 causas,
1056 2636 1157 2685 aut
1187 2631 1390 2686 sceleri
1422 2632 1911 2687 consentiendum

2014 1567 2707 1639 quecommuni.Bellum
2732 1571 2927 1621 autem
2972 1568 3127 1637 quod
3179 1568 3500 1637 gerendum
3546 1570 3664 1624 Deo

2012 1662 2248 1713 auctore
2294 1657 2635 1728 suscipitur,
2671 1660 2823 1712 recte
2856 1656 3098 1727 suscipi,
3131 1657 3400 1712 dubitare
3431 1660 3518 1713 fas
3549 1676 3664 1713 non

2011 1752 2119 1801 est.
2154 1749 2304 1812 Item,
2328 1746 2528 1801 ibidem
2559 1754 2676 1817 post
2704 1763 2902 1816 pauca.
2928 1749 3071 1800 Cum
3101 1745 3193 1799 vir
3213 1747 3416 1815 justus
3439 1748 3485 1801 si
3522 1748 3666 1801 forte

2015 1837 2123 1891 sub
2157 1852 2285 1905 rege
2317 1835 2551 1890 homine
2582 1834 2756 1889 etiam
2776 1833 3059 1905 sacrilego
3083 1833 3316 1898 militet,
3342 1840 3496 1889 recte
3532 1852 3663 1903 pes-

2014 1924 2091 1978 sit
2119 1923 2219 1978 illo
2253 1925 2500 1993 jubente
2529 1923 2767 1994 bellare,
2809 1922 3001 1976 civicae
3025 1922 3199 1993 .pacis
3237 1923 3499 1976 ordinem
3542 1939 3663 1977 ser-

2015 2031 2158 2069 vans
2182 2015 2304 2081 ;cui
2330 2014 2482 2082 quod
2500 2013 2868 2083 jubetur,vel
2894 2029 3009 2066 non
3033 2027 3160 2067 esse
3174 2017 3375 2066 contra
3398 2011 3496 2065 Dei
3522 2029 3666 2082 pra:-

2017 2108 2250 2172 ceptum
2284 2106 2508 2157 certum
2550 2106 2658 2168 est,
2691 2100 2779 2155 vel
2810 2106 3008 2155 utrum
3043 2099 3120 2154 sit
3150 2103 3375 2154 certum
3409 2116 3522 2154 non
3557 2106 3666 2167 est,

2018 2192 2175 2245 itaut
2192 2192 2436 2246 fortasse
2450 2207 2612 2245 reum
2634 2205 2828 2260 regem
2851 2189 3024 2244 faciat
3040 2188 3323 2259 iniquitas
3338 2188 3668 2258 imperandi

2018 2281 2385 2334 innocentem
2406 2284 2602 2334 autem
2629 2279 2874 2332 militem
2898 2278 3169 2333 ostendat
3191 2278 3332 2331 ordo
3356 2278 3667 2342 serviendi,

2021 2373 2239 2439 quanto
2259 2369 2449 2439 magis
2472 2368 2529 2422 in
2554 2367 3065 2422 administratione
3090 2365 3382 2420 bellorum
3401 2366 3676 2420 innocen-

2019 2457 2248 2511 tissimo
2269 2456 2617 2521 diversatur,
2640 2455 2740 2525 qui
2760 2456 2870 2509 Deo
2886 2455 3133 2524 jubente
3160 2452 3669 2523 belligerat,quem

2023 2545 2175 2599 male
2207 2544 2426 2615 aliquid
2453 2544 2662 2613 jubere
2694 2559 2807 2597 non
2840 2558 3035 2613 posse,
3067 2557 3236 2596 nemo
3271 2542 3370 2611 qui
3403 2541 3454 2594 ei
3491 2541 3670 2595 servit

2019 2632 2272 2704 ignorat.

249 2724 364 2787 est,
386 2725 485 2773 aut
503 2720 764 2774 vindicta
786 2721 1005 2790 peccati
1030 2737 1155 2790 qua:
1181 2722 1245 2773 tit
1268 2737 1381 2774 non
1408 2721 1653 2775 nocendi
1677 2721 1777 2775 sed
1792 2737 1918 2776 cor-
2022 2734 2156 2788 CM»,
2213 2731 2331 2785 1M,
2384 2762 2451 2770 ._
2500 2732 2575 2784 De
2603 2728 2877 2783 ministris
2924 2728 3036 2782 Dei.
3088 2727 3453 2797 Hieronymus
3507 2742 3669 2796 super

252 2807 482 2878 rigendi
517 2810 737 2877 studio,
768 2809 950 2863 etiam
984 2814 1228 2880 paterna
1257 2809 1539 2893 tollenda,
1584 2816 1685 2863 aut
1740 2827 1915 2881 opera

250 2895 668 2951 misericordia;
700 2897 1027 2951 cohibenda
1059 2903 1198 2952 sunt
1226 2900 1247 2952 Ρ
1275 2898 1404 2952 Haec
1436 2914 1568 2953 cum
1618 2899 1914 2983 accidunt,

251 2983 535 3038 debemus
560 2985 645 3039 eis
668 2984 996 3039 humanum
1023 2986 1308 3049 dolorem,
1330 3004 1446 3041 non
1466 2991 1792 3059 propterea,
1815 2988 1915 3044 illa

251 3088 324 3126 ne
355 3072 648 3140 accidant,
672 3079 824 3129 recte
840 3076 1125 3129 factorum
1147 3075 1527 3147 reprimimus
1547 3077 1909 3150 (reprimere)

249 3158 636 3214 voluntatem.

249 3274 389 3329 CAP.
428 3275 547 3329 109.
583 3306 648 3315 —
681 3276 830 3342 Quod
861 3279 921 3329 in
950 3294 1135 3347 pugna
1193 3279 1334 3332 Deus
1367 3279 1605 3334 orandus
1661 3284 1759 3335 est.
1794 3281 1905 3335 Au-

514 3348 766 3416 gustinus
794 3348 869 3403 ad
899 3348 1243 3418 Bonifacium
1270 3350 1455 3419 (epist.
1495 3351 1637 3419 194(.

324 3451 497 3508 Gravi
525 3454 595 3506 de
621 3468 822 3523 pugna
844 3456 1221 3525 conqueraris
1243 3460 1307 3510 ut
1330 3456 1562 3511 dubites
1586 3458 1741 3522 nolo,
1763 3459 1905 3513 utile

250 3539 361 3594 tibi
392 3540 629 3611 tuisque
664 3543 812 3595 dabo
835 3543 1171 3597 consilium.
1191 3544 1393 3615 Arripe
1419 3546 1692 3600 manibus
1721 3563 1903 3615 arma,

253 3627 439 3683 oratio
466 3645 636 3683 aures
660 3629 853 3700 pulset
875 3634 1151 3701 auctoris,
1176 3634 1313 3702 quia
1333 3634 1566 3703 quando
1587 3639 1905 3705 pugnatur,

253 3716 410 3770 Deus
440 3716 660 3785 apertis
690 3716 851 3772 ocelle
884 3718 1115 3786 (oculis,
1148 3719 1575 3791 orig.)spectat,
1601 3726 1657 3776 et
1679 3726 1902 3793 partem

253 3821 435 3874 quam
468 3804 703 3876 inspicit
725 3806 949 3874 justam
980 3807 1093 3861 sibi
1122 3808 1223 3861 dat
1254 3808 1533 3879 palmam.

252 3919 548 3995 CAP._110.
583 3950 649 3959 —
680 3920 977 3995 Quod,_Deo
1008 3922 1089 3976 vel
1138 3923 1324 3993 aliquo
1370 3924 1614 3991 legitimo
1674 3924 1905 3995 imperio

317 3989 581 4067 jubente,
601 4002 741 4047 recte
772 3992 921 4045 bella
955 3989 1350 4067 suscipiuntur.
1384 3989 1520 4049 Item
1575 3989 1906 4067 Augustinus

324 4062 482 4132 (Aug.
517 4062 614 4117 lib.
647 4079 791 4130 χχιι,
823 4068 1013 4119 contra
1035 4062 1320 4129 Faustum,
1351 4082 1397 4119 c.
1434 4067 1540 4137 70).

325 4167 439 4237 (23,
473 4184 529 4237 q.
556 4168 607 4233 4,
633 4184 683 4223 c.
718 4167 830 4223 Ille
856 4169 1148 4241 gladium.)
1182 4170 1288 4233 Qui
1320 4171 1511 4243 gladio
1546 4190 1689 4227 usus
1713 4173 1905 4240 fuerit,

252 4252 447 4325 gladio
471 4256 657 4309 cadet.
693 4255 793 4310 Ille
816 4261 1008 4311 autem
1036 4258 1425 4326 utiturgladio
1440 4260 1540 4331 qui
1558 4260 1717 4316 nulla
1732 4277 1905 4332 supe-

255 4341 409 4396 riore
428 4342 768 4414 aclegitima
781 4349 1064 4414 potestate
1078 4346 1161 4401 vel
1170 4347 1414 4417 jubente
1427 4347 1512 4403 vel
1532 4351 1904 4419 concedente,

252 4430 315 4484 in
349 4431 699 4502 sanguinem
734 4434 989 4503 alicujus
1022 4440 1304 4490 armatur.
1338 4438 1490 4501 Item,
1522 4438 1692 4502 ibid.,
1724 4456 1771 4493 c.
1812 4440 1902 4493 74.

2592 2801 2705 2855 Joet
2738 2799 2831 2867 (ad
2860 2815 2981 2869 cap.
3016 2802 3098 2865 11).

2091 2892 2182 2958 23,
2216 2908 2270 2961 q.
2298 2892 2350 2944 5.
2384 2906 2434 2957 c,
2466 2890 2581 2944 Non
2612 2889 2834 2958 solum.)
2865 2888 2989 2942 Non
3022 2886 3215 2942 solum
3247 2886 3518 2941 homines
3550 2886 3663 2939 mi-

2024 2980 2193 3034 nistri
2227 2984 2365 3033 sunt
2395 2984 2452 3033 et
2484 2977 2702 3033 ultores
2734 2977 2830 3031 iraa
2864 2976 2983 3044 Dei,
3016 2976 3108 3030 his
3140 2975 3240 3046 qui
3280 2974 3503 3029 malum
3535 2990 3669 3043 0pc-

2024 3076 2245 3129 rantur,
2264 3072 2319 3121 et
2337 3083 2449 3121 non
2468 3067 2641 3137 (unde
2657 3068 2790 3132 non)
2807 3066 2931 3119 sine
2945 3081 3122 3119 causa
3134 3062 3666 3134 portantgladium,

1940 3140 1982 3205 Ο
2021 3159 2121 3211 sed
2156 3162 2211 3211 et
2241 3155 2543 3211 contrariae
2568 3154 2943 3210 fortitudines
2967 3170 3090 3223 quae
3118 3152 3487 3223 appellantur
3509 3153 3669 3206 furor

2014 3249 2071 3299 et
2101 3246 2187 3299 ira
2213 3244 2334 3299 Dei.

2014 3336 2146 3389 CAP.
2184 3334 2305 3386 112.
2338 3363 2407 3372 ν-
2440 3332 2589 3400 Quod
2635 3346 2743 3385 non
2792 3336 2869 3385 est
2904 3330 3142 3385 crudelis
3172 3332 3265 3399 qui
3298 3328 3539 3383 crudeles
3568 3329 3667 3397 ju-

2084 3405 2256 3482 gulat.
2290 3405 2668 3482 Hieronymus
2690 3404 2887 3482 Isaiam
2925 3402 3021 3456 lib.
3055 3418 3089 3455 v
3119 3400 3218 3470 (ad
3247 3416 3295 3453 c.
3327 3415 3504 3470 super
3534 3416 3657 3466 x111,

2083 3477 2249 3545 paulo
2275 3484 2395 3547 post
2422 3474 2805 3545 principium).

2085 3564 2198 3633 (23,
2249 3580 2303 3633 q.
2354 3565 2408 3629 5,
2442 3579 2491 3616 c.
2525 3566 2643 3618 Non
2667 3571 2746 3616 est
2778 3559 3067 3629 crudelis.)
3102 3559 3225 3615 Non
3273 3562 3360 3613 est
3404 3557 3658 3612 crudelis

2015 3652 2111 3722 qui
2144 3650 2411 3705 crudeles
2434 3649 2694 3721 jugulat,
2730 3649 2829 3703 sed
2855 3648 2991 3719 quia
3022 3646 3277 3701 crudelis
3301 3645 3657 3716 patientibus

2013 3756 2140 3795 esse
2166 3740 2455 3793 videatur.
2488 3738 2631 3793 Nam
2656 3737 2803 3791 latro
2827 3752 3154 3808 suspensus
3180 3735 3440 3807 patibulo
3463 3735 3665 3789 crude-

2016 3828 2127 3883 lem
2151 3828 2411 3898 judicem
2439 3831 2623 3898 putat.

2014 3926 2150 3981 CAP.
2188 3925 2308 3979 1l3.
2342 3956 2408 3965 -—
2446 3924 2595 3991 Quod
2627 3924 2762 3978 bene
2785 3923 2921 3994 facit
2953 3922 3048 3993 qui
3078 3922 3321 3994 latronis
3345 3922 3430 3975 vet
3459 3920 3663 3994 pirata;

2084 3995 2472 4066 fortitudinem
2517 3991 2792 4066 inﬁrmat,
2829 3991 2975 4049 Idem
3002 4010 3168 4064 super
3193 3993 3529 4063 Saphoniam
3566 3991 3665 4058 (ad

2083 4070 2283 4227 $.31.).q.
2322 4155 2375 4222 3,
2409 4172 2457 4209 c.
2483 4156 2545 4209 Si
2569 4152 2809 4225 quis.)Si
2834 4152 2964 4222 quis
2989 4149 3393 4205 fortitudinem
3416 4147 3664 4203 latronis

2012 4250 2069 4300 et
2099 4245 2298 4316 piratis
2329 4243 2570 4314 diripiat
2600 4242 2983 4310 infirmosque
3015 4240 3241 4305 reddat,
3277 4238 3514 4308 prodest
3544 4235 3663 4291 illis

2014 4351 2121 4389 sua
2168 4332 2507 4387 infirmitas.
2561 4329 2872 4383 Debilitata
2903 4329 3057 4382 enim
3109 4326 3395 4393 membra,
3444 4326 3661 4396 quibus

2015 4422 2178 4493 prius
2226 4438 2340 4477 non
2378 4421 2524 4475 bene
2554 4417 2969 4486 abutebantur,
3004 4433 3037 4471 a
3067 4416 3221 4471 malo
3252 4430 3425 4485 opere
3468 4430 3660 4469 cessa-

257 4519 391 4573 Sive
424 4500 558 4584 Deo,
593 4520 715 4575 sive
748 4500 945 4592 aliquo
974 4522 1238 4594 legitimo
1264 4500 1784 4595 imperiojubente,
1808 4543 1905 4597 ge-
1936 4500 1982 4564 D
2013 4511 2180 4564 bunt-

259 4606 443 4661 renda
475 4606 627 4662 bella
656 4609 1064 4680 suscipiuntur
1093 4629 1126 4665 a
1154 4612 1348 4679 bonis,
1380 4629 1515 4668 cum
1546 4613 1605 4668 in
1625 4629 1689 4669 eo
1713 4630 1906 4669 rerum

258 4693 656 4752 humanarum
675 4698 1288 4767 ordineinveniuntur,
1314 4700 1411 4755 ubi
1433 4718 1531 4756 eos
1552 4702 1666 4757 tale
1688 4703 1908 4773 aliquid

256 4784 346 4837 vel
362 4783 590 4853 jubere,
614 4786 700 4840 vel
724 4786 780 4840 in
804 4787 1025 4842 talibus
1047 4788 1455 4859 obedirejuste
1475 4790 1753 4861 ordoipse
1774 4807 1910 4845 con-

255 4872 514 4944 stringit.
552 4873 826 4946 Alioquin
858 4875 1114 4931 Joannes
1142 4893 1275 4931 cum
1309 4879 1379 4932 ad
1412 4896 1545 4933 eum
1578 4878 1911 4949 baptizandi

255 4959 475 5015 milites
495 4960 761 5018 venirent
781 4963 1039 5020 dicentes
1069 4982 1081 5019 :
1110 4966 1171 5020 Et
1189 4982 1285 5020 nos
1298 4966 1429 5036 quid
1448 4966 1744 5036 /aciemus?
1760 4969 1907 5033 (Luc.

258 5049 345 5114 111)
378 5051 757 5120 responderet
788 5052 893 5119 eis,
938 5055 1115 5109 Arma
1146 5054 1397 5125 abjicite,
1429 5054 1601 5109 istam
1636 5055 1911 5111 militiam

257 5135 532 5204 deserite,
568 5140 864 5195 neminem
898 5143 1203 5211 percutite,
1231 5144 1576 5213 prosternite
1595 5145 1912 5199 neminem.

259 5224 373 5278 Sed
402 5226 539 5296 quia
569 5227 791 5284 sciebat
820 5246 917 5284 eos
941 5246 1075 5285 cum
1116 5230 1237 5285 haec
1280 5232 1583 5288 militando
1638 5233 1913 5299 facerent,

262 5328 381 5367 non
415 5330 545 5370 esse
577 5316 924 5383 homicidas,
958 5319 1056 5373 sed
1082 5318 1384 5375 ministros
1414 5320 1581 5391 legis,
1614 5327 1671 5377 et
1700 5338 1814 5376 non
1835 5320 1917 5375 ul-

260 5406 420 5459 tores
451 5403 805 5475 injnriarum
825 5408 1196 5474 suarum,sed
1217 5408 1426 5465 salutis
1444 5410 1686 5480 publica:
1717 5412 1917 5466 defen-

263 5507 450 5563 sores,
482 5495 788 5564 respondit
810 5497 931 5552 eis:
966 5495 1271 5551 Neminem
1303 5499 1738 5565 concusseritis,
1766 5498 1914 5554 nulli

2016 4602 2147 4654 CAP.
2204 4598 2325 4650 114.
2376 4626 2445 4635 -
2487 4594 2635 4662 Quod
2692 4592 2948 4647 minister
2985 4594 3080 4647 Dei
3108 4598 3206 4660 est,
3256 4591 3353 4661 qui
3382 4592 3553 4645 malos
3600 4592 3662 4645 in

2090 4684 2168 4793 fab
2199 4667 2335 4738 quod
2366 4667 2502 4721 mali
2533 4672 2660 4721 sunt
2701 4667 2888 4734 punit.
2938 4664 3084 4719 Idem
3113 4679 3279 4733 super
3325 4662 3661 4717 Ezechielcm

2114 4757 2133 4794 ι
2177 4781 2189 4793 .
2225 4755 2309 4793 ιιι.

2092 4826 2191 4898 (Ad
2222 4842 2267 4881 c.
2303 4843 2397 4886 x1;
2430 4827 2488 4879 in
2518 4824 2839 4896 principio.)
2872 4822 2976 4887 Qui
3012 4821 3195 4877 malos
3226 4822 3476 4892 percutit
3507 4820 3565 4873 in
3595 4834 3661 4873 eo

2021 4916 2177 4986 quod
2201 4914 2335 4968 mali
2363 4919 2523 4977 sunt,
2550 4920 2605 4967 et
2628 4913 2805 4967 habet
2828 4928 2963 4966 vasa
2983 4910 3404 4965 interfecticnis
3432 4913 3494 4962 ut
3514 4905 3663 4962 occi-

2023 5005 2123 5057 dat
2155 5003 2464 5074 pessimos,
2500 5002 2768 5056 minister
2798 5006 2886 5055 est
2914 4999 3157 5054 domini.

2023 5112 2157 5165 CAP.
2191 5110 2313 5187 .115.
2346 5140 2415 5149 —-
2436 5108 2597 5187 Quod
2612 5107 2784 5187 judem
2804 5108 3041 5187 puniens
3062 5121 3179 5187 non
3192 5109 3271 5159 est
3299 5103 3507 5187 enﬂ‘usor
3534 5117 3663 5187 sari-

2093 5181 2309 5250 guinis,
2355 5180 2446 5233 sed
2463 5172 2732 5233 minister
2758 5172 2891 5250 legis
2928 5177 3037 5250 (23.
3067 5192 3118 5245 q.
3150 5178 3281 5250 5,_c.
3316 5172 3424 5250 Qui
3447 5172 3663 5240 malos).

2098 5246 2242 5305 Idem
2289 5246 2449 5321 Super
2488 5251 2787 5321 Epistolam
2812 5249 2891 5303 ad
2922 5246 3142 5303 Galatas
3190 5247 3283 5300 lib.
3333 5263 3373 5299 11
3404 5248 3462 5299 in
3502 5260 3548 5297 c.
3601 5258 3664 5295 111

2094 5322 2164 5376 ad
2194 5324 2339 5388 ϐαίη
2374 5325 2523 5377 circa
2554 5322 2698 5391 lim).

2094 5410 2207 5479 (23,
2240 5428 2293 5480 q.
2327 5412 2437 5479 5,c.
2468 5410 2687 5480 Iudex.)
2718 5407 2905 5463 Judex
2928 5422 3041 5460 non
3073 5408 3162 5459 est
3184 5408 3382 5458 auctor
3405 5399 3664 5465 sceleris,

2028 5513 2279 5569 nequam
2312 5498 2578 5553 homines
2608 5493 2933 5551 vinciendo.
2967 5494 3114 5547 Idem
3135 5506 3297 5560 super
3330 5488 3665 5544 Hieremiam

269 5580 626 5637 calumniam
660 5584 936 5651 feceritis,
971 5583 1228 5639 sufﬁciat
1254 5585 1416 5641 vobis
1439 5588 1794 5657 stipendium
1828 5602 1919 5643 ve-
2026 5585 2130 5654 (ad
2158 5601 2204 5643 ο.
2239 5585 2575 5653 xx11,init.).
2611 5584 2720 5653 (23,
2745 5598 2794 5652 q.
2827 5581 2927 5634 5c.
2959 5577 3310 5649 Homicidas.)
3333 5576 3666 5633 Homicidas
