3972 6064
345 279 456 334 727

1428 277 1496 326 D.
1539 273 1782 326 IVONIS
1819 268 2320 325 CARNOTENSIS
2359 268 2674 322 EPISCOPI

3649 261 3761 314 728

342 401 499 458 enim
529 401 586 454 et
615 395 953 466 sacrilegos,
985 398 1042 449 et
1069 394 1407 450 venenarios
1429 393 1637 465 punire
1653 411 1767 450 non
1790 397 1877 449 est
1891 393 1977 448 ef-
2008 392 2064 458 Α
2092 393 2268 461 atque
2297 391 2368 446 ad
2419 388 2854 445 conversionem
2898 386 3164 443 homines
3193 385 3606 441 tantummodo
3637 383 3752 440 ha-

343 489 495 544 fusio
527 484 860 558 sanguinis,
911 483 1011 539 sed
1043 482 1239 554 legum
1284 481 1704 538 ministerium.

343 599 472 651 CAP.
506 593 630 649 116.
661 621 730 632 ——
783 589 928 648 Unde
947 588 1126 660 judex
1164 589 1404 643 dicatur.
1468 589 1716 645 Isidorus
1774 590 1992 660 Etyma-

757 663 1032 730 logiarum
1065 660 1162 715 lib.
1197 677 1355 727 xvm,
1379 678 1498 731 cap.
1530 662 1582 716 4.

417 755 656 810 Justum
689 750 905 806 bellum
941 755 1028 804 est
1059 749 1211 820 quod
1245 765 1313 803 ex
1345 750 1533 804 edicto
1563 750 1786 821 geritur
1817 750 1991 803 dere-

350 846 463 899 bus
507 838 1148 912 repetendis(repetitis.
1169 838 1990 910 orig.)autpropulsandorum

351 932 610 987 hostium
660 945 855 983 causa.
891 929 1046 998 (Cap.
1093 927 1202 997 15.)
1231 927 1416 982 Judex
1447 927 1642 982 dictus
1679 926 1818 998 quia
1865 928 1992 996 ejus

352 1021 506 1075 dicta
535 1017 769 1090 populo,
804 1017 921 1071 sive
952 1015 1104 1086 quod
1131 1016 1267 1085 jure
1291 1016 1594 1087 disceptet.
1626 1017 1768 1070 Jure
1801 1021 1993 1069 autem

351 1110 700 1179 disceptare,
719 1110 808 1161 est
827 1108 988 1176 juste
1003 1105 1289 1174 judicare.
1324 1105 1449 1160 Non
1478 1110 1570 1160 est
1586 1104 1932 1175 enimjudex
1944 1104 1996 1159 si

353 1213 470 1252 non
501 1196 560 1250 in
590 1212 656 1250 eo
681 1193 916 1264 justitia
947 1198 1056 1248 est.

353 1303 487 1358 CAP.
550 1301 672 1355 117.
704 1330 773 1339 —
804 1300 951 1372 Quod
988 1315 1096 1353 non
1140 1300 1272 1372 sine
1299 1313 1468 1354 causa
1503 1299 1761 1371 gladium
1813 1291 1998 1372 portat

634 1387 754 1428 rex.
789 1371 1100 1442 Stephanus
1131 1371 1427 1426 Luitwario
1454 1373 1722 1441 episcopo.

425 1461 551 1518 Non
582 1465 780 1516 autem
804 1459 930 1514 sine
952 1475 1132 1514 causa
1151 1458 1414 1530 gladium
1439 1464 1630 1530 portat
1647 1477 1765 1526 rex,
1787 1459 2000 1516 vindex

355 1551 615 1607 estenim
641 1554 842 1605 contra
862 1547 1315 1619 omnesiniquos
1338 1549 1510 1618 (Rom.
1533 1548 1680 1619 x.u),
1706 1553 2000 1604 utterrore

358 1638 868 1711 comprimatquos
881 1635 1084 1707 nequit
1104 1635 1392 1706 corrigere
1406 1637 1644 1692 monitis
1658 1637 2000 1694 salubribus

361 1728 750 1801 Aggrediatur
778 1727 958 1798 igitur
988 1740 1190 1780 secure
1221 1741 1352 1796 quae
1379 1729 1518 1780 sunt
1535 1725 1652 1781 Deo
1683 1726 1916 1798 placita,
1942 1727 2000 1781 in

364 1817 525 1874 nullo
555 1817 608 1873 ei
639 1818 844 1871 beatus
873 1819 1080 1870 Petrus
1110 1814 1294 1869 oberit
1315 1830 1449 1869 cum
1479 1831 1584 1869 suo
1617 1816 1854 1887 ancipiti
1876 1815 1999 1888 gla-

362 1907 480 1973 dio,
513 1906 562 1961 si
588 1909 785 1960 tamen
815 1903 1014 1975 patria:
1047 1902 1223 1958 saluti
1251 1901 1538 1958 consulat.

362 2012 496 2068 CAP.
533 2013 654 2067 118.
685 2041 756 2050 —
794 2009 943 2078 Quod
972 2011 1205 2080 quisque
1232 2011 1455 2083 tutelam
1485 2010 1728 2081 corporis
1755 2011 1846 2066 sui
1851 2012 2001 2083 juste

641 2084 834 2152 faciat.
868 2083 1294 2150 Pandectarum,
1320 2082 1416 2136 lib.
1445 2099 1485 2149 1,
1510 2084 1596 2136 tit.
1629 2098 1714 2136 ιη.

426 2171 559 2227 Vim
591 2175 767 2242 atque
789 2171 1065 2242 injuriam
1099 2169 1510 2241 propulsemus
1537 2190 1550 2237 ;
1575 2187 1710 2225 nam
1738 2172 1870 2241 jure
1891 2171 2000 2226 hoc

353 2259 532 2330 venit,
567 2265 633 2315 ut
659 2260 811 2331 quod
827 2258 1079 2330 quisque
1101 2258 1174 2313 ob
1197 2257 1440 2314 tutelam
1462 2259 1554 2314 sui
1571 2259 1830 2331 corporis
1852 2260 1999 2316 fece-

355 2347 452 2415 rit,
475 2349 610 2419 jure
636 2349 845 2404 fecisse
875 2347 1217 2403 mstimetur.

355 2458 488 2512 CAP.
540 2454 662 2510 119.
720 2485 790 2498 -—
837 2457 907 2509 De
945 2454 1099 2525 justo
1160 2453 1303 2510 bello
1365 2455 1752 2512 lsrealitarum
1808 2459 2003 2511 contra

419 2527 785 2652 Amorli'll‘wos.
842 2528 1184 2596 Augustinus
1253 2527 1352 2584 tib.
1419 2529 1620 2595 Quaest.
1683 2531 1745 2583 in
1813 2530 1998 2583 Num..

425 2614 542 2652 can.
654 2637 666 2649 .

425 2614 542 2668 cap.
578 2614 666 2652 44.

425 2685 564 2754 (Lib.
597 2689 803 2755 Quaest.
836 2701 1002 2758 super
1023 2687 1211 2753 Num.,
1234 2685 1306 2740 ad
1325 2702 1370 2741 c.
1397 2687 1538 2758 xxx.)
1559 2687 1888 2743 Notandum
1913 2691 2004 2742 est

355 2789 496 2829 sane
527 2775 1030 2846 quemadmodum
1052 2774 1216 2844 justa
1239 2774 1392 2830 bella
1421 2777 1773 2845 gerebantur
1803 2795 1836 2832 a
1863 2776 2001 2832 ﬁliis

356 2861 536 2917 Israel
565 2868 768 2917 contra
797 2862 1201 2932 Amorrhaaos;
1234 2863 1510 2920 innoxius
1539 2866 1692 2920 enim
1716 2866 2002 2920 transitus

356 2951 704 3022 negabatur,
737 2951 835 3022 qui
860 2951 994 3021 jure
1022 2951 1291 3007 humanm
1333 2952 1632 3009 societatis
1663 2954 2001 3026 aequissimo

367 3043 568 3110 patere
597 3039 864 3094 debebat.

352 3129 486 3184 CAP.
522 3128 645 3185 120.
678 3158 747 3170 -—-
798 3131 870 3184 De
897 3129 1158 3205 pellenda
1190 3131 1436 3205 injuria.
1469 3133 1716 3200 Ambros,
1758 3135 1832 3189 De
1870 3136 1997 3205 offi-

885 3204 990 3257 ciis
1021 3201 1119 3255 lib.
1155 3217 1193 3269 ι,
1225 3217 1344 3272 cap.
1377 3204 1465 3256 36.

419 3291 549 3344 Non
587 3288 646 3344 in
679 3288 1000 3361 inferenda,
1040 3289 1142 3346 sed
1192 3292 1249 3346 in
1282 3290 1629 3363 depellenda
1657 3292 1875 3364 injuria
1910 3293 2002 3350 lex

349 3376 585 3433 virtutis
605 3381 714 3434 est.
747 3378 855 3444 Qui
887 3379 1044 3435 enim
1076 3398 1192 3438 non
1212 3381 1439 3454 repellit
1465 3399 1498 3438 a
1520 3382 1676 3437 socio
1699 3382 1996 3454 injuriam,

354 3465 404 3521 si
434 3470 644 3537 potest,
677 3471 797 3522 tam
831 3468 890 3522 in
919 3468 1058 3524 vitio
1089 3487 1266 3542 quam
1295 3470 1391 3526 ille
1423 3470 1524 3542 qui
1555 3470 1712 3526 facit.

355 3573 644 3646 CAP._12l.
689 3605 755 3614 —
796 3573 944 3641 Quod
991 3593 1090 3630 rex
1133 3580 1297 3633 aliter
1339 3581 1502 3634 servit
1554 3583 1664 3634 Deo
1708 3585 1770 3633 ut
1813 3579 1996 3646 homo,

428 3643 596 3722 aliter
643 3649 847 3722 utrm.
881 3649 1218 3717 Augustinus
1259 3650 1328 3705 ad
1353 3652 1704 3722 Bonifacium
1750 3643 2000 3706 comitem
2033 3679 2037 3684 ‘

432 3718 610 3786 (epist.
640 3717 754 3787 50).

429 3804 540 3874 (23,
591 3820 648 3875 q.
682 3805 736 3870 4,
769 3822 820 3860 c.
851 3807 913 3860 Si
941 3809 1184 3864 Ecclesia
1215 3812 1272 3864 in
1302 3810 1456 3882 fine.)
1499 3811 1800 3876 Quomodo
1832 3825 1999 3881 reges

357 3893 600 3948 Domino
629 3894 892 3950 serviunt
921 3897 980 3951 in
1014 3897 1240 3964 timore,
1275 3897 1387 3953 nisi
1419 3915 1486 3954 ea
1515 3915 1642 3969 quas
1665 3904 1867 3954 contra
1886 3905 2000 3954 Do-

355 3980 678 4052 minijussa
692 3982 1122 4057 fiuntreligiosa
1133 3986 1437 4042 severitate
1451 3986 1809 4058 prohibendo
1826 3993 2002 4059 atque

355 4069 704 4141 plectendo?
751 4071 935 4127 Aliter
969 4073 1127 4128 enim
1161 4074 1339 4130 servit
1371 4075 1511 4146 quia
1551 4075 1724 4131 homo
1755 4081 1862 4147 est,
1893 4078 1999 4132 ali-

348 4163 438 4214 ter
458 4160 596 4231 quia
616 4160 794 4216 etiam
818 4178 916 4216 rex
936 4165 1046 4217 est.
1070 4162 1216 4225 Quia
1239 4163 1413 4218 homo
1427 4167 1537 4231 est,
1561 4167 1739 4220 servit
1755 4166 1999 4222 vivendo

352 4248 636 4315 ﬁdeliter;
669 4249 807 4320 quia
828 4267 960 4305 vero
983 4251 1159 4306 etiam
1191 4267 1289 4306 rex
1310 4257 1419 4318 est,
1444 4253 1637 4320 servit,
1665 4253 1823 4326 leges
1845 4256 2003 4327 justa

353 4336 754 4407 praecipientes
798 4343 854 4392 et
887 4339 1183 4394 contraria
1212 4339 1592 4412 prohibentes
1632 4344 2001 4402 convenienti

352 4423 551 4494 vigore
581 4425 919 4480 sanciendo.

359 4531 496 4584 CAP.
697 4532 868 4612 ——_l)e_
893 4533 1430 4612 pceni’tentia‘eorum
1462 4538 1558 4612 qui
1586 4555 1743 4594 arma
1770 4539 1830 4612 in
1846 4554 1997 4612 pra?-

537 4600 634 4669 lio,
662 4600 983 4672 proficiunt.
1021 4604 1325 4662 Concilium
1359 4600 1503 4664 Arel.
1536 4627 1575 4674 ι,
1609 4626 1730 4681 cap.
1762 4611 1816 4664 3.

431 4686 539 4751 Qui
569 4705 735 4744 arma
763 4691 1080 4761 projiciunt
1109 4693 1168 4748 in
1200 4695 1418 4766 prmlio,
1446 4697 1665 4768 placuit
1680 4715 1778 4754 eos
1810 4698 1994 4754 absti-

357 4790 494 4832 nere
524 4792 559 4832 a
586 4780 1018 4836 communione.

353 4882 488 4952 CAP.
523 4882 643 4937 123.
685 4913 752 4925 —-
774 4884 926 4952 Quod
961 4885 1164 4942 milites
1195 4889 1295 4944 Deo
1321 4899 1375 4946 et
1403 4893 1644 4947 ecclesiis
1669 4895 1874 4949 servire
1902 4894 1992 4950 de-

425 4951 942 5037 beant.A§regOrius
960 4957 1250 5037 “(beatiora
1280 4962 1486 5018 medico
1535 4965 1654 5034 (lib.
1691 4982 1731 5019 ιι
1776 4968 1990 5037 regist.,

419 5026 575 5093 epist.
609 5024 699 5092 65,
734 5024 827 5081 seu
849 5043 893 5081 c.
925 5027 1068 5098 103).

417 5110 600 5168 Valde
627 5112 769 5168 mihi
792 5115 1006 5170 durum
1024 5114 1269 5181 videtur,
1296 5122 1360 5172 ut
1377 5119 1448 5174 ab
1472 5121 1599 5191 ejus
1623 5123 1856 5178 servitio
1881 5125 1989 5180 mi-

342 5198 476 5256 lites
507 5217 646 5258 suos
677 5203 984 5274 prohibeat
1015 5203 1352 5276 imperator,
1378 5209 1479 5278 qui
1510 5213 1566 5265 et
1597 5211 1646 5266 ei
1679 5212 1876 5268 omnia
1892 5213 1991 5268 tri-

347 5288 497 5359 buit,
546 5293 603 5346 et
628 5291 919 5348 dominari
966 5308 1100 5348 eum
1134 5309 1249 5348 non
1289 5294 1480 5352 solum
1526 5299 1836 5366 militibus,
1886 5303 1988 5357 sed

348 5375 524 5432 etiam
569 5381 975 5436 sacerdotibus
1003 5382 1312 5438 concessit.
1345 5383 1619 5457 Nunquid
1661 5388 1710 5442 si
1741 5388 1988 5446 intentio

349 5467 770 5525 servandarum
787 5483 982 5525 rerum
1001 5473 1108 5535 est,
1128 5486 1244 5526 non
1266 5476 1534 5542 poterant
1553 5491 1619 5531 ea
1634 5475 1763 5548 ipsa
1785 5493 1987 5533 mona-

355 5553 537 5610 steria
565 5570 692 5626 quis
713 5557 931 5614 milites
947 5557 1347 5629 suscepissent
1372 5561 1592 5621 alienas
1611 5580 1704 5622 res
1725 5566 1986 5635 reddere,

2031 1757 2079 1823 B

2101 481 2236 535 here
2262 479 2290 534 ‘l

2101 614 2236 668 CAP.
2275 614 2391 668 124.
2457 615 2518 670 Ut
2575 613 2781 666 milites
2817 614 3113 681 antequam
3169 626 3230 663 in
3278 608 3616 681 mana-sterio
3673 624 3759 681 re-

2171 685 2453 755 cipiantur
2477 701 2576 754 per
2604 683 2908 738 triennium
2936 679 3258 755 probentur.
3296 680 3591 755 Gregorius
3655 679 3757 755 lib.

2172 751 2273 812 vin
2307 751 2547 824 ltegistri
2596 756 2850 810 omnibus
2902 751 3166 823 episcopis
3216 752 3282 824 de
3335 752 3448 821 lege
3505 751 3763 824 Mauritii

2171 829 2400 968 [1ρῖραῖιὶ
2430 828 2606 898 (Greg.
2637 827 2849 898 epist.9
2879 826 2978 880 lib.
3038 840 3139 886 vn,
3201 823 3270 878 ad
3325 839 3604 895 episcopos
3663 823 3764 878 Si-

2171 915 2220 953 οι
2251 915 2316 953 ia:
2348 941 2360 952 .

2171 915 2360 953 cuias).

2177 1003 2331 1073 (Dist.
2355 1004 2446 1072 53,
2479 1019 2526 1057 c.
2547 1002 2783 1074 Legem.)
2812 1007 3015 1074 Legem
3039 1016 3216 1071 quam
3242 999 3551 1072 piissimus
3579 999 3765 1071 impe-

2104 1096 2261 1146 rator
2281 1091 2457 1161 dedit,
2484 1108 2553 1147 ne
2587 1093 2833 1146 fortasse
2863 1091 2919 1144 bi
2941 1089 3043 1161 qui
3070 1089 3293 1144 militiae
3314 1088 3400 1144 vel
3431 1088 3764 1145 rationibus

2105 1184 2245 1235 sunt
2267 1179 2519 1249 publicis
2541 1179 2805 1251 obligati,
2829 1179 2970 1233 dum
2994 1193 3307 1233 causarum
3343 1193 3587 1233 suarum
3613 1177 3766 1248 peri-

2105 1269 2573 1340 culumfugiunt,
2589 1268 2662 1324 ad
2685 1266 3150 1323 ecclesiasticum
3190 1265 3460 1322 habitum
3500 1267 3764 1336 veniant,

2106 1357 2195 1414 vel
2225 1357 2286 1412 in
2319 1356 2692 1413 monasteriis
2721 1359 3156 1424 convertantur,
3186 1359 3390 1410 vestras
3422 1355 3626 1410 studui
3661 1355 3768 1410 fra-

2106 1447 2365 1504 ternitati
2397 1446 2819 1502 transmittere.
2852 1446 2970 1502 Hoc
3001 1444 3255 1500 maxime
3282 1444 3499 1500 excitat
3527 1443 3766 1516 [exher-

2109 1541 2262 1592 tans.
2290 1536 2480 1606 orig.],
2511 1535 2666 1606 quod
2695 1535 2754 1589 hi
2774 1535 2875 1606 qui
2898 1534 3097 1591 seaculi
3121 1534 3454 1590 actionibus
3476 1533 3765 1604 implicati

2110 1628 2271 1691 sunt,
2302 1623 2360 1678 in
2394 1623 2548 1679 clero
2578 1623 2834 1680 ecclesia:
2868 1638 3230 1695 praepropere
3261 1621 3623 1693 suscipiendi
3645 1638 3766 1677 non

2112 1717 2272 1782 sunt,
2298 1712 2437 1784 quia
2454 1713 2486 1766 d
2499 1729 2593 1767 um
2617 1713 2673 1767 in
2695 1712 3086 1768 ecclesiastico
3101 1711 3306 1768 habitu
3324 1729 3440 1766 non
3455 1711 3766 1767 dissimili-

2109 1807 2199 1858 ter
2228 1819 2404 1873 quam
2435 1801 2697 1857 vixerant
2725 1802 2946 1868 vivunt,
2979 1817 3353 1874 nequaquam
3385 1801 3627 1856 student
3657 1817 3764 1856 saa-

2110 1890 2310 1946 culum
2333 1893 2551 1962 fugere,
2585 1891 2684 1946 sed
2715 1894 2962 1946 mutare.
2987 1891 3148 1955 Quod
3177 1890 3224 1946 si
3256 1891 3430 1946 etiam
3452 1889 3601 1946 tales
3622 1906 3770 1962 quo-

2109 1995 2218 2049 que
2251 1980 2674 2034 monasterium
2710 1983 2937 2050 petunt,
2972 1978 3332 2049 suscipiendi
3382 1977 3544 2033 nullo
3597 1979 3774 2033 modo

2111 2072 2250 2122 sunt
2283 2067 2396 2122 nisi
2425 2067 2590 2139 prius
2619 2067 2948 2122 actionibus
2971 2067 3225 2139 publicis
3249 2067 3467 2122 fuerint
3490 2067 3772 2123 absoluti.

2111 2156 2170 2211 Si
2205 2156 2306 2227 qui
2335 2173 2470 2212 vero
2500 2172 2570 2211 ex
2596 2155 2952 2211 militaribus
2974 2155 3237 2210 numeris
3260 2155 3446 2226 [viris,
3480 2155 3674 2226 orig.],
3712 2155 3773 2210 in

2111 2245 2484 2300 monasteriis
2507 2245 2759 2301 converti
2783 2245 3081 2314 festinant,
3105 2261 3221 2300 non
3244 2249 3384 2300 sunt
3406 2249 3626 2300 temere
3647 2261 3774 2300 sus-

2117 2333 2516 2404 cipiendi,nisi
2538 2349 2738 2388 eorum
2759 2334 2880 2389 vita
2911 2332 3214 2388 subtiliter
3242 2332 3420 2388 fuerit
3459 2333 3770 2404 inquisita.

2109 2426 2178 2476 Et
2195 2423 2361 2492 justa
2382 2439 2647 2478 normam
2663 2422 2990 2494 regularem
3010 2422 3222 2478 debent
3237 2422 3296 2476 in
3320 2439 3428 2477 suo
3443 2422 3647 2478 habitu
3670 2439 3772 2494 per

2118 2511 2439 2566 triennium
2472 2511 2730 2584 probari,
2759 2515 2818 2567 et
2853 2515 2994 2566 tunc
3035 2510 3450 2567 monachicum
3485 2509 3759 2566 habitum

2114 2605 2226 2656 Deo
2255 2605 2490 2657 auctore
2511 2599 2831 2672 suscipere.

2098 2717 2243 2790 ὈΑΡ.
2273 2735 2393 2788 125.
2430 2765 2496 2774 -
2547 2732 2699 2801 Quod
2746 2748 2853 2787 non
2885 2735 2964 2786 est
3021 2731 3283 2787 delictum
3333 2731 3602 2796 militare,
3662 2734 3773 2786 nisi

2180 2822 2278 2875 pro
2298 2805 2484 2874 praeda
2504 2815 2554 2859 et
2573 2803 2966 2874 hujuscemodi.
2995 2810 3233 2870 August.
3261 2808 3339 2859 De
3367 2805 3515 2858 verb.
3549 2803 3774 2858 Domini

2180 2881 2341 2931 tract.
2377 2877 2443 2931 19
2475 2878 2550 2944 (in
2574 2876 2766 2931 Matth.
2799 2891 2965 2930 serm.
3002 2875 3111 2946 19).

2184 3001 2298 3070 (23,
2327 3017 2384 3072 q.
2419 3000 2470 3067 1,
2505 3017 2552 3054 c.
2588 2999 2874 3068 Militare.)
2910 2997 3164 3053 Militare
3195 3013 3310 3052 non
3343 3001 3433 3052 est
3462 2995 3776 3068 delictum,

2030 3119 2073 3186 ο
2114 3090 2214 3144 sed
2247 3089 2749 3186 propterprmdam
2778 3087 3602 3186 militarepeccatum‘est:Nec
3625 3103 3773 3141 rem-

2113 3177 2407 3249 publicam
2440 3194 2637 3249 gerere
2669 3175 3054 3231 criminosum
3088 3179 3198 3241 est,
3235 3175 3362 3243 {sed
3421 3175 3551 3230 ideo
3602 3191 3772 3246 agere

2111 3264 2556 3336 rempublicam,
2591 3269 2655 3319 ut
2684 3280 2805 3320 rem
2861 3263 3211 3319 familiarem
3266 3262 3462 3334 potius
3520 3279 3760 3334 augeas,

2110 3354 2339 3409 videtur
2369 3369 2498 3408 esse
2523 3352 2876 3408 damnabile.
2908 3352 3222 3423 Propterea
3253 3351 3410 3407 enim
3457 3352 3765 3423 providen-

2107 3443 2190 3496 tia
2220 3441 2475 3512 quadam
2507 3439 2901 3496 militantibus
2935 3445 3076 3495 sunt
3105 3439 3400 3510 stipendia
3440 3439 3766 3494 constituta

2109 3546 2181 3585 ne
2212 3531 2350 3584 dum
2385 3534 2663 3601 sumptus
2696 3530 2998 3599 quaeritur,
3033 3528 3227 3599 prada
3260 3527 3498 3598 [praedo]
3537 3544 3766 3597 grasse-

2109 3623 2224 3673 tur.
2259 3622 2417 3686 ltem,
2451 3617 2653 3673 ibidem
2680 3626 2798 3688 post
2826 3633 3004 3689 pauca
3060 3616 3346 3672 Dominus
3403 3616 3532 3688 ipse
3579 3617 3765 3671 dixit:

2109 3707 2331 3763 Reddite
2351 3722 2476 3778 quae
2504 3715 2630 3762 sunt
2659 3707 2756 3762 Dei
2787 3708 2910 3774 Deo,
2939 3710 2990 3760 et
3014 3721 3135 3777 quae
3183 3709 3314 3760 sunt
3375 3704 3607 3760 Cazsaris
3639 3707 3762 3762 Ca?-

2106 3796 2222 3850 sari
2254 3797 2464 3866 (Matth.
2499 3795 2658 3864 xm).
2692 3795 2867 3866 igitur
2920 3795 3074 3866 quod
3133 3793 3324 3848 Caesar
3372 3793 3637 3865 praecipit
3685 3793 3766 3849 fe-

2106 3886 2248 3940 rend
2260 3900 2357 3938 um
2375 3888 2484 3948 est,
2507 3883 2662 3954 quod
2686 3882 3003 3951 imperator
3024 3881 3231 3936 indicit
3252 3880 3623 3938 tolerandum
3649 3888 3758 3938 est.

2106 3974 2214 4027 Sed
2250 3973 2313 4027 ﬁt
2342 3970 2727 4037 intolerabile,
2761 3971 2899 4024 dum
2935 3969 3076 4024 illud
3103 3970 3296 4040 praeda
3325 3969 3647 4026 exactionis
3667 3987 3760 4026 ac-

2110 4060 2390 4116 cumulat.
2425 4062 2560 4115 ltem
2590 4059 2793 4114 ibidem
2821 4058 3117 4129 aliquando
3159 4067 3300 4129 post.
3364 4061 3763 4131 Interrogave-

2110 4155 2247 4205 runt
2281 4149 2566 4204 Joannem
2601 4147 2815 4202 milites
2868 4147 3165 4202 dicentes:
3215 4146 3357 4214 Quid
3397 4149 3665 4216 faciemus
3714 4157 3764 4203 et

2108 4239 2369 4294 nosPAit
2394 4237 2526 4292 illis.
2579 4237 2863 4291 Neminem
2913 4236 3254 4302 concutiatis,
3314 4250 3492 4305 neque
3544 4237 3758 4291 calum-

2108 4329 2267 4382 niam
2294 4327 2549 4396 faciatis,
2593 4324 2686 4380 sed
2733 4324 2973 4379 contenti
3017 4329 3186 4379 estote
3227 4323 3521 4394 stipendiis
3567 4327 3761 4380 vestris

2110 4416 2259 4486 (Luc.
2292 4415 2400 4484 ιιι).
2434 4414 2526 4468 Sic
2563 4417 2756 4468 autem
2810 4429 3158 4484 cognoscere
3213 4429 3277 4468 se
3335 4413 3510 4468 debet
3569 4414 3759 4469 omnis

2029 4487 2075 4550 D
2109 4507 2282 4559 homo
2314 4503 2414 4574 qui
2433 4502 2684 4558 militat:
2713 4518 2824 4556 non
2849 4501 3005 4556 enim
3032 4505 3262 4556 tantum
3282 4501 3352 4556 de
3376 4501 3470 4556 his
3498 4501 3756 4558 militau-

2105 4592 2263 4647 tibus
2286 4591 2590 4662 Scriptura
2613 4591 2876 4662 loquitur
2889 4590 2986 4662 qui
3006 4595 3232 4645 armata
3257 4589 3467 4645 militia
3485 4590 3755 4646 detinen-

2105 4686 2220 4746 tur,
2251 4681 2352 4735 sed
2389 4679 2639 4751 quisque
2672 4678 2891 4734 militias
2925 4695 3042 4734 sua:
3075 4679 3312 4749 cingulo
3345 4678 3759 4752 utitur,digni-

2104 4769 2244 4824 tatis
2275 4786 2392 4824 sua:
2425 4768 2595 4824 miles
2627 4766 2960 4835 ascribitur,
2995 4772 3169 4838 atque
3194 4767 3322 4823 ideo
3353 4767 3474 4822 haec
3521 4773 3755 4823 senten-

2102 4860 2184 4914 tia
2199 4863 2386 4930 potest
2406 4859 2541 4929 dici,
2563 4857 2722 4914 verbi
2743 4857 2951 4929 gratia,
2976 4857 3282 4927 militibus,
3305 4857 3752 4929 protectoribus,

2102 4949 2447 5019 cunctisque
2477 4948 2842 5003 rectoribus:
2892 4947 3234 5017 Quicunque
3293 4945 3404 5000 sibi
3459 4946 3756 5017 stipendia

2101 5037 2330 5107 publice
2377 5039 2612 5092 decreta
2663 5035 3064 5105 consequitur,
3127 5035 3176 5090 si
3217 5033 3472 5106 amplius
3520 5036 3749 5104 quaerit,

2099 5131 2384 5198 tanquam
2416 5126 2804 5182 calumniator
2833 5129 2890 5180 et
2916 5140 3252 5194 concussor,
3311 5124 3561 5180 Joannis
3620 5141 3751 5180 sen-

2097 5215 2280 5272 tentia
2310 5217 2752 5272 condemnatur.
2786 5214 3100 5282 August.ad
3127 5216 3476 5284 Bonifacium
3498 5216 3750 5269 comitem

2099 5305 2278 5376 (epist.
2309 5308 2454 5361 inter
2481 5321 2582 5360 eas
2602 5318 2728 5375 qua:
2759 5318 2948 5359 recens
2976 5303 3219 5359 iuuenix
3245 5303 3323 5358 ad
3343 5304 3547 5359 calcem
3589 5304 3746 5373 epist.

2095 5397 2402 5461 accessere).
2438 5393 2645 5449 Milites
2693 5392 2804 5448 sub
2856 5390 3036 5447 armis
3095 5390 3350 5447 militare
3394 5407 3511 5447 non
3558 5389 3749 5462 probi-

2095 5479 2223 5534 buit
2250 5479 2282 5534 J
2288 5481 2754 5552 oannes,quibus
2767 5493 2940 5534 suum
2964 5478 3330 5550 stipendium
3352 5478 3628 5536 sufficere
3649 5479 3750 5533 de-

2095 5566 2232 5624 bere
2261 5569 2535 5641 precepit
2562 5573 2750 5639 (Lucae
2777 5566 2886 5638 In).
