4002 6054
166 253 277 305 729

1107 255 1415 307 DECRETI
1456 254 1638 307 PARS
1676 256 1741 307 X.
1790 284 1851 293 ——
1883 258 1978 307 DE
2019 256 2433 323 HOMICIDIIS,
2473 258 2627 310 ETC.

3468 252 3573 305 730

168 377 307 433 CAP.
341 377 462 430 126.
512 403 579 417 --
632 374 783 443 Quod
828 390 938 447 non
986 383 1066 429 est
1112 375 1553 447 existimandum
1602 376 1815 430 milites
1845 378 1896 443 Α
1929 375 2189 446 protulit,
2224 378 2295 431 de
2326 392 2442 447 quo
2474 377 2695 432 scimus
2727 391 2930 431 omnes
2982 377 3267 447 quantum
3313 374 3428 429 Deo
3475 374 3571 429 ad-

322 450 429 503 Deo
455 462 564 503 non
594 449 830 518 placere.
864 446 1015 501 Idem
1046 446 1269 515 (ibidem
1296 448 1460 516 paulo
1490 451 1660 512 ante).

245 537 375 591 Noli
407 536 741 591 existimare.
774 536 1072 590 neminem
1107 535 1220 589 Deo
1249 534 1476 605 placere
1508 551 1677 605 posse
1721 534 1817 604 qui

174 627 232 678 in
268 625 451 679 armis
482 624 706 679 bellicis
737 623 967 678 militat.
1003 623 1064 677 In
1099 624 1187 676 his
1219 626 1342 676 erat
1372 628 1611 677 sanctus
1648 623 1820 677 David

171 714 216 784 (Ι
249 716 375 781 Reg.
413 730 538 779 xw;
569 714 709 783 psal.
756 712 1048 781 Lxxxvm),
1096 711 1189 764 cui
1218 710 1503 765 Dominus
1546 715 1665 764 tam
1702 727 1822 764 ma-

173 818 359 872 gnum
397 802 693 872 perhibuit
718 799 1341 865 testimonium;etiam
1378 799 1435 852 in
1470 799 1562 853 his
1582 798 1821 868 plurimi

172 890 334 944 illius
369 890 651 960 temporis
689 889 860 959 justi.
898 889 962 942 In
1011 888 1103 942 his
1152 893 1276 942 erat
1324 892 1381 942 et
1430 886 1527 941 ille
1558 887 1822 941 centurio

177 979 279 1050 qui
315 978 561 1034 Domino
606 979 793 1032 dixit:
828 982 974 1034 Num
1018 993 1142 1031 sum
1179 976 1378 1045 dignus
1408 980 1465 1030 ut
1508 976 1676 1031 intres
1723 976 1821 1030 sub

172 1073 373 1123 tectum
402 1084 587 1122 meum
617 1068 825 1137 (Matth.
860 1066 1004 1135 vni).

172 1175 307 1229 CAP.
344 1174 467 1227 127.
500 1204 569 1215 —
600 1174 747 1240 Quod
776 1173 977 1227 milites
1024 1188 1135 1225 non
1183 1173 1298 1225 sint
1346 1171 1413 1225 ad
1457 1171 1669 1225 clerum
1699 1188 1820 1225 sus-

244 1245 508 1315 cipiendi,
555 1245 645 1300 sed
696 1246 763 1298 ad
808 1243 1188 1297 monachicum
1238 1243 1504 1296 habitum.
1569 1249 1650 1298 Eu:
1704 1245 1821 1297 vita

247 1314 397 1370 beati
450 1316 606 1384 Greg.
639 1316 737 1370 lib.
780 1333 842 1380 ιι,
874 1333 918 1370 c.
958 1317 1023 1368 16
1053 1316 1296 1385 (auctore
1341 1316 1549 1369 Joanne
1595 1314 1821 1369 diacono

248 1389 398 1445 Rom.
432 1390 719 1455 Ecclesiae).

251 1476 405 1531 Dum
439 1478 508 1532 ad
542 1475 866 1532 clericalem
901 1474 1323 1547 professionem
1355 1478 1473 1529 tam
1506 1491 1574 1530 ex
1603 1473 1822 1529 eccele-

175 1566 422 1621 siastica
452 1582 626 1635 quam
658 1582 726 1621 ex
758 1564 1021 1620 saeculari
1057 1580 1285 1635 quoque
1318 1563 1528 1618 militia
1577 1564 1825 1618 diversis

171 1656 584 1710 occasionibus
618 1655 873 1725 quotidie
904 1670 1048 1726 pene
1080 1652 1591 1708 innumerabibilis
1624 1651 1828 1707 multi-

176 1745 320 1798 tudo
356 1762 369 1798 :
406 1743 725 1799 conﬂueret
756 1748 956 1815 pastor
986 1744 1056 1797 ad
1092 1742 1290 1797 omnia
1311 1742 1587 1813 providus
1610 1757 1823 1813 nequa-
1852 1761 1898 1825 Β

171 1850 355 1904 quam
388 1849 487 1889 eos
517 1834 585 1888 ad
615 1832 995 1888 ecclesiastici
1030 1831 1254 1886 decoris
1296 1832 1583 1898 officium,
1612 1832 1713 1885 sed
1746 1832 1816 1885 ad

173 1922 527 1993 capiendum
572 1921 940 1977 solummodo
990 1920 1398 1976 monachicum
1450 1920 1818 1991 propositum

170 2010 583 2083 suscipiendos
616 2027 741 2066 esse
773 2011 1066 2066 censebat.

173 2121 308 2173 CAP.
346 2119 465 2172 128.
498 2147 568 2158 —-
601 2120 665 2174 Ut
696 2120 1000 2187 imperator
1039 2116 1187 2171 nulli
1223 2115 1468 2170 militum
1514 2114 1819 2185 prohibeat,

317 2192 369 2244 si
392 2192 635 2245 converti
666 2191 918 2244 voluerit.
948 2190 1155 2244 Ibidem
1180 2189 1273 2241 lib.
1308 2205 1388 2251 III,
1422 2204 1549 2257 cap.
1582 2188 1670 2241 50.

245 2279 419 2334 Porro
455 2278 729 2333 Mauricio
762 2282 901 2333 tunc
933 2276 1297 2344 avarissimo,
1324 2276 1619 2347 simulque
1650 2292 1819 2346 rapa-

171 2366 414 2423 cissimo
443 2367 692 2439 principi
736 2367 1219 2439 suggestionibus
1264 2365 1635 2421 inimicorum
1678 2380 1820 2419 suo-

170 2472 303 2511 rum
329 2456 794 2511 funestissimam
827 2456 1012 2527 legem
1045 2454 1275 2521 ferenti,
1300 2458 1362 2509 ut
1385 2454 1528 2509 nulli
1561 2453 1819 2509 militum

168 2544 270 2614 qui
303 2545 568 2601 videlicet
594 2546 651 2599 in
676 2562 854 2600 manu
878 2544 1148 2616 signatus
1172 2544 1664 2611 fuisset,converti
1691 2542 1823 2597 lice-

168 2637 259 2688 ret
288 2652 300 2688 :
327 2634 478 2688 inter
523 2639 731 2689 caetera
760 2632 842 2689 sic
892 2634 1195 2704 respondit
1229 2648 1241 2688 :
1275 2633 1360 2686 Ad
1408 2632 1517 2687 hoc
1557 2636 1820 2703 potestas

172 2739 353 2793 super
382 2740 586 2778 omnes
618 2722 888 2777 homines
922 2722 1125 2793 pietati
1156 2720 1531 2776 dominorum
1555 2738 1819 2777 meorum

174 2811 409 2867 οιεΙὶιυε
462 2812 598 2867 data
629 2816 738 2878 est,
773 2816 836 2866 ut
867 2811 965 2882 qui
998 2812 1150 2866 bona
1194 2814 1497 2881 appetunt,
1539 2811 1821 2880 adjuvan-

171 2906 289 2971 tur,
323 2906 389 2955 ut
420 2902 697 2957 cmlorum
722 2901 813 2955 via
835 2899 1057 2971 largius
1088 2904 1304 2970 pateat,
1342 2902 1407 2953 ut
1427 2902 1702 2954 terrestre
1732 2916 1819 2954 re-

170 3007 350 3059 gnum
377 2989 592 3045 cmlesti
623 3006 800 3061 regno
825 2987 1158 3044 famuletur.
1194 2987 1259 3042 Et
1290 3003 1420 3042 ecce
1446 2992 1647 3059 aperta
1683 3004 1820 3043 voce

171 3066 407 3146 dicitur,
434 3084 497 3133 ut
518 3080 568 3134 ei
597 3077 897 3150 quisemel
920 3077 977 3131 in
1014 3081 1247 3132 terrena
1291 3075 1502 3131 militia
1550 3077 1819 3145 signatus

169 3168 365 3236 fuerit,
420 3167 533 3221 nisi
566 3172 666 3221 aut
696 3166 923 3238 expleta
978 3165 1190 3220 militia
1240 3170 1341 3219 aut
1384 3182 1487 3235 pro
1518 3165 1821 3221 debilitate

170 3256 434 3327 corporis
468 3256 756 3327 repulsus,
791 3256 1017 3310 Christo
1050 3253 1305 3309 militare
1350 3270 1465 3308 non
1499 3253 1691 3309 liceat.
1737 3255 1818 3309 Ad

170 3345 294 3399 haec
326 3346 502 3399 etiam
541 3345 644 3416 [al.
668 3360 798 3399 ecce
820 3342 994 3416 orig.]
1026 3360 1129 3414 per
1162 3359 1254 3397 me
1288 3358 1523 3398 servum
1546 3342 1821 3397 ultimum

169 3451 346 3489 suum
375 3438 433 3488 ct
454 3440 712 3488 vestrum
736 3433 1002 3488 Christus
1043 3431 1359 3502 respondet
1389 3432 1623 3487 dicens:
1656 3454 1676 3480 α
1703 3432 1821 3502 Ego

176 3526 231 3575 te
263 3524 335 3575 de
366 3523 592 3577 notario
617 3522 889 3578 comitem
920 3520 1349 3589 excubitorum,
1382 3521 1452 3574 de
1482 3520 1695 3575 comite
1725 3536 1823 3575 ex-

177 3611 510 3665 cubitorum
538 3612 840 3675 Cmsarem,
872 3611 942 3665 de
973 3610 1196 3665 Cmsare
1225 3608 1662 3678 imperatorem,
1706 3624 1821 3661 non

176 3698 373 3754 solum
407 3698 536 3769 hoc,
570 3701 669 3754 sed
718 3700 891 3754 etiam
944 3703 1169 3769 patrem
1222 3697 1642 3767 imperatorum
1692 3697 1820 3751 feci.

174 3788 521 3843 Sacerdotes
555 3794 666 3843 tua:
700 3787 901 3842 manui
933 3786 1223 3855 commisi,
1258 3791 1316 3841 et
1364 3790 1421 3839 tu
1480 3802 1511 3840 a
1544 3802 1670 3840 meo
1702 3802 1823 3839 ser-

173 3876 313 3931 vitio
346 3876 562 3931 milites
588 3881 723 3931 tuos
755 3876 1148 3931 subtrahis?»
1182 3874 1509 3945 Responde,
1543 3890 1681 3944 rogo
1716 3879 1822 3939 [er-

174 3966 294 4036 go],
319 3965 584 4036 piissime
607 3965 862 4031 domine,
896 3980 1061 4019 servo
1101 3969 1226 4030 tuo,
1278 3961 1418 4034 quid
1468 3962 1718 4017 venienti
1770 3965 1828 4017 et

176 4054 301 4107 haec
332 4053 541 4108 dicenti
576 4070 969 4124 responsurus
1002 4068 1062 4106 es
1097 4051 1152 4106 in
1178 4052 1402 4121 judicio
1420 4051 1664 4105 Domino
1690 4051 1827 4105 tuo?

172 4142 241 4195 Et
276 4146 407 4211 post
436 4159 621 4213 pauca
654 4160 666 4197 :
702 4165 729 4191 «
766 4141 1040 4211 Requirat
1070 4156 1207 4211 ergo
1262 4140 1547 4195 Dominus
1591 4140 1826 4195 miseri-

173 4248 305 4286 cors
339 4232 440 4302 [αἱ.
476 4248 587 4297 me,
622 4231 789 4300 orig.]
827 4252 847 4281 ι
886 4229 1019 4300 quis
1058 4228 1216 4299 prior
1259 4228 1681 4299 imperatorum
1734 4233 1824 4283 ta-

173 4321 289 4375 lem
323 4319 510 4391 legem
544 4319 788 4386 dederit,
822 4323 878 4375 et
908 4318 1185 4374 subtilius
1212 4318 1461 4373 aestimet
1493 4318 1541 4373 si
1574 4317 1699 4373 dari
1733 4318 1828 4372 de«

174 4409 391 4464 buerit.

173 4516 311 4571 CAP.
346 4515 468 4571 429.
501 4546 571 4556 -
603 4515 751 4584 Quod
782 4516 1084 4585 imperator
1112 4515 1321 4569 milites
1351 4515 1601 4569 converti
1630 4514 1819 4585 prohi-
1854 4494 1902 4556 Ῑ)

247 4589 374 4642 bens
404 4589 508 4642 Deo
538 4588 798 4642 adversus
827 4584 920 4641 sit.
956 4587 1105 4643 Idem
1129 4586 1393 4641 Theodoro
1414 4586 1620 4641 medico
1642 4584 1819 4655 (Greg.

248 4659 344 4713 lib.
382 4676 420 4713 ιι
452 4658 663 4727 regisl.,
695 4676 783 4729 ep.
815 4660 931 4729 64).

243 4748 523 4816 Peccatis,
581 4748 792 4819 inquit,
848 4746 992 4802 meis
1040 4745 1411 4809 facientibus,
1465 4761 1533 4799 ex
1572 4760 1822 4814 quorum

172 4836 554 4908 suggestione
600 4836 687 4891 vel
740 4835 1005 4902 consilio,
1058 4834 1278 4903 nescio,
1310 4832 1489 4888 talem
1542 4832 1601 4886 in
1653 4848 1820 4901 repu-

170 4924 328 4980 blica
356 4942 464 4980 sua
495 4924 680 4996 legem
714 4923 959 4996 protulit
990 4924 1325 4994 imperator,
1361 4925 1425 4975 ut
1472 4918 1669 4974 nullus
1722 4919 1821 4990 qui

171 5015 465 5070 actionem
498 5013 794 5085 publicam
830 5012 968 5083 egit,
1002 5010 1203 5066 nullus
1235 5010 1333 5081 qui
1366 5008 1555 5064 ofﬁcio
1586 5007 1673 5063 vel
1702 5025 1822 5063 ma-

170 5120 249 5158 nu
286 5102 577 5174 signatus,
609 5102 695 5158 vel
738 5102 893 5157 inter
948 5100 1167 5155 milites
1217 5099 1327 5154 fuit
1375 5098 1634 5164 habitus,
1669 5096 1719 5151 ei
1764 5097 1821 5150 in

174 5190 533 5248 monasterio
611 5189 865 5246 converti
952 5188 1143 5255 liceat,
1206 5187 1319 5242 nisi
1381 5187 1528 5241 forte
1612 5183 1825 5239 militia

168 5281 301 5351 ejus
330 5279 506 5335 fuerit
536 5279 782 5350 expleta.
842 5277 1024 5339 Quam
1086 5275 1275 5347 legem
1335 5274 1594 5345 primum
1646 5272 1824 5343 (sicut

170 5369 231 5424 hi
274 5368 483 5423 dicunt
534 5366 631 5436 qui
691 5365 847 5437 leges
896 5368 1123 5420 veteres
1181 5364 1489 5433 noverunt)
1546 5360 1822 5418 Julianus

244 5554 360 5628 (89)
390 5553 575 5610 Locus
605 5551 915 5608 obscurus.

1931 481 2133 519 versus
2167 466 2296 519 fuit.

1932 571 2063 626 CAP.
2098 573 2215 627 130.
2248 603 2315 610 -
2346 574 2417 627 De
2450 572 2758 627 homicidiis
2790 571 3118 625 voluntariis
3148 577 3198 624 et
3219 568 3375 623 modo
3393 569 3571 638 pomi-

2006 646 2186 697 tentz'.e
2218 660 2427 698 eorum.
2475 648 2557 699 Ex
2603 643 2831 697 concilio
2890 640 3260 707 Triburiemi,
3294 656 3340 694 c.
3373 642 3403 693 4
3434 641 3573 711 (cap.

2000 716 2088 783 55,
2117 715 2210 771 sed
2237 716 2521 770 sententiis
2554 717 2607 769 ia
2636 714 2918 786 plerisque
2947 712 3336 783 transposilis).

2003 813 2061 866 Si
2095 813 2227 885 quis
2260 818 2583 885 spontanee
2608 814 2905 867 voluntate
2938 810 3325 867 homicidium
3369 824 3574 880 perpe-

1929 904 2189 970 traverit,
2218 904 2389 973 juxta
2428 905 2662 959 decreta
2692 901 3034 957 Melchiadis
3076 916 3259 970 papas,
3284 903 3340 952 et
3370 898 3574 951 Tribu-

1932 990 2143 1047 ricnsis
2166 992 2393 1047 concilii
2421 996 2661 1056 statuta,
2686 991 2863 1045 talem
2886 988 3287 1061 pmnitentiam
3311 986 3573 1057 accipere

1930 1081 2119 1136 debet.
2138 1085 2199 1136 In
2225 1082 2452 1152 primis,
2476 1086 2542 1135 ut
2564 1080 2859 1135 licentiam
2894 1096 3008 1133 non
3035 1078 3245 1132 habeat
3265 1074 3571 1130 ecclesiam

1931 1169 2189 1225 intrandi
2213 1170 2342 1225 illos
2375 1170 2670 1241 proximos
2693 1167 3081 1241 quadraginta
3102 1165 3250 1235 dies,
3279 1163 3454 1218 nudis
3478 1178 3575 1234 pe-

1931 1258 2376 1329 dibusincedat,
2409 1263 2466 1313 et
2497 1258 2657 1313 nullo
2713 1255 2975 1311 vehiculo
3026 1258 3246 1309 utatur.
3282 1253 3341 1307 In
3386 1251 3570 1307 laneis

1930 1348 2191 1403 vestibus
2224 1350 2299 1403 sit
2331 1350 2555 1419 absque
2587 1345 2986 1412 femoralibus,
3040 1360 3205 1399 arma
3253 1359 3365 1397 non
3410 1342 3574 1405 ferat,

1933 1440 1989 1491 et
2020 1437 2165 1491 nihil
2198 1441 2396 1492 sumat
2426 1437 2484 1489 in
2517 1436 2608 1490 his
2642 1435 3034 1506 quadraginta
3065 1432 3269 1486 diebus
3310 1430 3422 1485 nisi
3454 1434 3576 1483 tan-

1932 1530 2059 1579 tum
2094 1542 2301 1596 panem
2337 1523 2681 1589 etsalem,et
2704 1540 2911 1595 puram
2937 1538 3150 1592 aquam
3175 1520 3423 1587 bibat,et
3454 1518 3578 1572 nul-

1933 1614 2049 1669 lam
2080 1615 2546 1675 communionem
2581 1630 2714 1667 cum
2760 1612 2981 1666 cmteris
3008 1608 3356 1665 Christianis
3388 1623 3576 1678 neque

1936 1720 2067 1757 cum
2103 1704 2215 1758 alio
2248 1703 2567 1774 pmnitente
2617 1700 2828 1756 habeat
2858 1701 2915 1753 in
2950 1699 3076 1753 cibo
3110 1703 3166 1754 et
3216 1702 3376 1769 potu,
3411 1702 3575 1750 ante-

1931 1809 2105 1862 quam
2163 1790 2553 1863 quadraginta
2584 1790 2707 1843 dies
2748 1787 3185 1857 adimpleantur
3218 1804 3230 1842 :
3265 1790 3321 1841 et
3350 1802 3417 1840 ex
3448 1785 3577 1839 cibo

1931 1897 2105 1951 quem
2129 1881 2310 1935 sumit
2333 1878 2533 1934 nullus
2555 1877 2708 1932 alius
2732 1877 3065 1931 manducet.
3092 1874 3472 1929 Considerata
3485 1890 3579 1929 ve-

1928 1985 1993 2022 ro
2027 1986 2287 2039 persona:
2330 1966 2611 2039 qualitate
2659 1965 2747 2020 vel
2779 1964 3143 2032 inﬁrmitate,
3176 1962 3245 2017 de
3276 1960 3462 2032 pomis
3492 1959 3579 2015 vel

1931 2055 2212 2124 oleribus,
2247 2073 2347 2111 seu
2376 2054 2798 2123 leguminibus,
2825 2055 2997 2123 prout
3020 2051 3208 2105 visum
3244 2049 3440 2116 fuerit,
3474 2048 3581 2102 ali-

1931 2146 2071 2216 quid
2103 2162 2206 2216 pro
2240 2143 2638 2199 misericordia
2670 2142 2762 2195 ind
2777 2141 3064 2212 ulgeatur,
3093 2138 3344 2194 maxime
3364 2138 3411 2193 si
3446 2138 3579 2207 quis

1930 2238 2189 2302 coactus,
2234 2238 2293 2288 et
2354 2250 2466 2287 non
2517 2234 2724 2303 sponte
2756 2228 3141 2285 homicidium
3178 2227 3393 2282 fecerit.
3427 2226 3496 2280 Et
3524 2225 3575 2280 ei

1929 2323 2287 2377 omnimodis
2308 2339 2375 2377 ex
2396 2321 2675 2376 canonica
2700 2318 3041 2374 auctoritate
3072 2316 3476 2379 intercidatur,
3511 2319 3577 2369 ut

1929 2412 1988 2466 in
2020 2411 2111 2466 his
2145 2410 2351 2466 diebus
2383 2427 2517 2465 cum
2550 2408 2715 2463 nulla
2746 2407 2964 2462 femina
2994 2406 3332 2472 misceatur,
3364 2421 3469 2459 nec
3500 2403 3570 2458 ad

1930 2500 2226 2571 propriam
2259 2516 2497 2554 uxorem
2533 2498 2788 2564 accedat,
2812 2512 2917 2550 nec
2948 2511 3082 2549 cum
3111 2493 3305 2564 aliquo
3336 2492 3573 2547 homine

1930 2589 2385 2644 dormiat.Juxta
2405 2585 2724 2643 Ecclesium
2750 2585 2988 2651 sit,ante
3011 2584 3179 2653 cujus
3195 2583 3411 2651 januas
3439 2597 3575 2651 pec-

1931 2683 2058 2733 cata
2078 2694 2185 2732 sua
2210 2677 2441 2741 deﬂeat,
2466 2676 2674 2730 diebus
2698 2691 2763 2727 ac
2796 2673 3067 2727 noctibus
3093 2687 3208 2725 non
3242 2670 3314 2725 de
3345 2669 3469 2724 loco
3501 2670 3572 2723 ad

1929 2766 2119 2821 locum
2154 2769 2377 2837 pergat,
2404 2763 2580 2819 sedin
2602 2779 2716 2817 uno
2751 2762 2874 2816 loco
2906 2760 2999 2815 his
3032 2758 3425 2830 quadraginta
3454 2756 3575 2811 dic-

1928 2855 2039 2910 bus
2072 2855 2169 2909 sit.
2203 2854 2271 2907 Et
2303 2853 2351 2908 si
2386 2854 2530 2907 forte
2558 2850 2829 2905 habuerit
2860 2848 3233 2903 insidiatores
3273 2846 3401 2901 vitae
3433 2862 3573 2913 sua},

1928 2944 2163 2998 interim
2186 2943 2496 2997 differatur
2518 2941 2565 2995 ei
2593 2938 2950 3012 pcenitentia,
2987 2937 3170 2991 donec
3202 2935 3272 2991 ab
3304 2934 3575 3005 episcopo

1928 3049 2041 3103 pax
2072 3032 2123 3087 ei
2156 3032 2227 3085 ab
2262 3030 2520 3084 inimicis
2573 3027 2944 3083 concedatur.
3006 3028 3074 3079 Et
3134 3024 3182 3079 si
3234 3022 3578 3078 inﬁrmitate

1851 3124 1893 3190 [ε
1931 3121 2201 3175 detentus
2235 3119 2428 3184 fuerit,
2463 3118 2547 3172 ita
2581 3121 2644 3171 ut
2676 3133 2789 3171 non
2839 3113 3027 3186 possit
3059 3113 3233 3184 digne
3279 3112 3576 3184 poenitere,

1930 3209 2233 3263 differatur
2265 3206 2606 3277 pmnitentia
2638 3205 2819 3259 donec
2852 3202 3089 3258 sanitati
3124 3200 3487 3256 restituatur.
3520 3199 3581 3253 Si

1932 3302 2125 3351 autem
2159 3296 2336 3365 longa
2366 3294 2717 3366 aegritudine
2760 3293 3033 3347 detentus
3085 3290 3280 3354 fuerit,
3326 3290 3396 3343 ad
3450 3306 3581 3344 sen-

1931 3385 2175 3439 tentiam
2208 3384 2466 3454 episcopi
2501 3381 2834 3453 pertinebit,
2870 3397 2983 3450 quo
3017 3380 3187 3434 modo
3211 3394 3377 3432 reum
3412 3382 3467 3431 et
3496 3376 3580 3430 in-

1933 3477 2170 3528 firmum
2220 3489 2423 3527 sanare
2473 3470 2768 3540 disponat.
2823 3467 3138 3538 Completis
3192 3466 3582 3538 quadraginta

1933 3562 2160 3630 diebus,
2194 3576 2340 3630 aqua
2372 3559 2549 3627 lotus,
2580 3558 2926 3612 vestimenta
2959 3561 3014 3612 et
3057 3557 3451 3612 calceamenta
3481 3571 3580 3609 ac-

1932 3650 2130 3721 cipiat,
2165 3654 2221 3703 et
2251 3646 2527 3718 capillum
2562 3646 2804 3700 incidat.

1934 3759 2067 3814 CAP.
2096 3758 2223 3812 431.
2259 3784 2325 3795 —
2358 3753 2498 3821 Quid
2532 3756 2591 3807 in
2618 3754 2799 3824 primo
2848 3769 2991 3807 anno
3023 3752 3322 3807 observare
3367 3752 3577 3808 debeat.

2274 3830 2358 3881 Ea:
2388 3826 2567 3880 eodem
2600 3840 2747 3879 conc.
2784 3841 2830 3879 c.
2863 3825 2915 3877 5.
2951 3827 3090 3895 (cap.
3117 3825 3229 3894 56).

2008 3926 2116 3995 (80)
2154 3926 2214 3979 In
2240 3924 2429 3996 primo
2460 3940 2611 3977 anno
2645 3926 2777 3993 post
2807 3921 3202 3992 quadraginta
3224 3920 3368 3986 dies,
3390 3923 3579 3974 totum

1934 4013 2102 4068 illum
2134 4029 2355 4067 annum
2388 4029 2420 4065 a
2452 4010 2603 4075 vino,
2630 4027 2662 4065 a
2694 4011 2955 4075 medone,
2980 4012 3036 4062 et
3068 4007 3286 4063 mellita
3316 4007 3583 4074 cervisia,

1935 4120 1968 4156 a
1997 4119 2189 4170 carne,
2218 4105 2275 4155 et
2308 4116 2473 4154 caseo
2506 4104 2561 4153 et
2616 4099 2933 4169 pinguibus
2967 4096 3226 4167 piscibus
3260 4095 3572 4164 abstineat,

1936 4190 2049 4245 nisi
2072 4190 2238 4245 festis
2268 4189 2477 4243 diebus
2512 4187 2610 4257 qui
2643 4187 2699 4240 in
2735 4186 2830 4240 illo
2861 4184 3155 4255 episcopio
3189 4200 3219 4238 a
3251 4188 3461 4238 cuncto
3486 4201 3584 4255 p0-

1934 4279 2071 4350 pulo
2105 4278 2493 4332 celebrantur.
2521 4280 2585 4328 Et
2610 4274 2719 4328 nisi
2744 4274 2887 4327 forte
2913 4274 2970 4326 in
3000 4288 3209 4344 magno
3232 4271 3459 4335 itinere,
3494 4270 3581 4326 vel

1935 4369 1993 4423 in
2028 4367 2214 4436 hoste,
2246 4365 2333 4419 vel
2366 4364 2465 4417 diu
2500 4364 2571 4417 ad
2601 4362 2967 4417 Dominicam
3023 4366 3248 4416 curtem
3302 4361 3584 4431 [curtim],

1934 4457 2021 4511 vel
2046 4454 2389 4509 inﬁrmitate
2415 4454 2690 4507 detentus
2717 4451 2959 4518 sit,tunc
2985 4450 3155 4505 liceat
3180 4468 3297 4505 uno
3320 4451 3582 4519 denario,

1931 4544 2020 4600 vel
2053 4542 2238 4615 pretio
2274 4542 2450 4597 unius
2477 4539 2721 4609 denarii,
2757 4544 2858 4594 aut
2891 4543 3009 4593 tres
3029 4556 3315 4611 pauperes
3337 4554 3584 4611 pascen—

1934 4635 2007 4689 do
2040 4632 2275 4687 tertiam
2309 4629 2536 4699 feriam,
2589 4628 2857 4699 quintam
2910 4629 3133 4693 feriam,
3165 4632 3221 4682 et
3270 4628 3581 4683 sabbatum

1934 4723 2251 4777 redimere:
2280 4719 2359 4773 ita
2388 4719 2694 4785 duntaxat,
2729 4721 2795 4771 ut
2826 4734 2945 4771 una
2976 4732 3034 4771 re
3060 4716 3130 4770 de
3162 4716 3351 4771 tribus
3384 4720 3582 4771 utatur

1936 4812 2023 4881 [ut
2052 4809 2137 4865 vel
2170 4824 2365 4875 carne,
2412 4807 2487 4861 Jel
2516 4807 2670 4875 vino,
2702 4804 2789 4861 vel
2825 4806 3093 4874 medone,
3127 4805 3183 4859 id
3236 4809 3325 4860 est
3374 4806 3445 4859 de
3476 4805 3583 4859 tri-

1934 4900 2044 4953 bus
2097 4914 2211 4952 una
2242 4913 2302 4951 re
2334 4899 2552 4960 utatur,
2586 4910 2699 4949 non
2759 4894 3034 4949 omnibus
3078 4892 3389 4962 vescatur].
3416 4894 3580 4947 Post-

1935 5003 2111 5058 quam
2144 4987 2381 5040 domum
2416 4983 2657 5049 venerit,
2692 4986 2793 5036 aut
2839 4982 3077 5036 sanitati
3113 4980 3291 5036 fuerit
3342 4980 3583 5035 restitu-

1932 5080 2049 5144 tus,
2084 5073 2307 5129 nullam
2337 5072 2635 5127 licentiam
2668 5071 2879 5126 habeat
2902 5070 3249 5126 redimendi.
3282 5070 3581 5141 Completo

1932 5164 2071 5220 anni
2103 5162 2320 5218 circulo
2352 5162 2411 5216 in
2453 5160 2771 5216 Ecclesium
2824 5160 3255 5226 introducatur,
3313 5162 3369 5213 et
3420 5158 3580 5229 pacis

1933 5252 2201 5309 osculum
2232 5251 2282 5307 ei
2314 5251 2687 5306 concedatur.

1930 5359 2063 5415 CAP.
2101 5358 2216 5411 132..
2246 5386 2314 5397 ——
2343 5355 2492 5423 Quid
2521 5356 2581 5409 in
2611 5352 2845 5410 secundo
2868 5360 2918 5408 et
2938 5353 3092 5409 tertio
3120 5365 3266 5406 anno
3290 5350 3576 5405 observare
