3972 6064
381 166 482 220 731
1445 162 1512 210 D.
1553 157 1795 211 IVONIS
1831 151 2330 208 CARNOTENSIS
2367 149 2682 204 EPISCOPI
3691 146 3834 200 732

446 289 654 343 debeat.
713 286 798 339 Ex
827 282 1011 338 eodem
1053 298 1174 350 cap.
1205 282 1240 335 6
1270 281 1378 352 (ita
1426 279 1592 335 codex
1633 279 2015 334 conciliorum.
2048 277 2103 340 Α
2133 271 2556 342 compositione
2577 277 2634 327 et
2655 271 3090 343 episcopalibus
3108 270 3617 342 bannisepiscopo
3632 287 3828 326 com-

448 376 568 430 cap.
610 359 722 427 57).
2133 365 2332 432 ponat.
2371 361 2428 416 Si
2454 367 2648 416 autem
2681 366 2951 416 mortuus
2988 360 3181 424 fuerit,
3217 358 3478 430 singulas
3511 359 3823 432 supradi-

446 451 508 504 In
543 446 795 502 secundo
827 448 884 498 6t
913 442 1083 497 ὶθτῐίο
1115 457 1266 494 ⁸ηηο
1299 440 1572 494 Similiter
1606 439 1836 509 ieiunet
1877 437 2022 506 [90⁸⁸
2133 455 2257 505 ctas
2279 451 2768 522 quadragesimae
2799 467 2928 505 cum
2962 449 3346 520 sequentibus
3377 448 3552 504 annis
3608 449 3823 521 paeni-

374 528 753 606 niteat],’nisi
811 532 967 603 quod
1017 529 1252 584 tertiam
1291 528 1525 592 feriam,
1557 532 1614 582 et
1645 527 1934 598 quintam,

2246 578 2270 607 .,
2304 545 2361 594 et
2390 541 2499 594 400
2528 539 2750 595 solidos
2795 555 2927 594 cum
2959 539 3135 610 tripla
3180 555 3290 593 sua
3336 540 3814 610 compositione.

374 625 687 680 sabbatum
720 624 1065 693 potestatem
1097 618 1311 672 habeat
1343 616 1667 671 redimendi
1701 620 2018 686 praetaxato
2133 635 2187 682 et
2218 627 2654 700 episcopalibus
2673 627 3232 699 bannistriplicibug
3255 627 3526 698 episcopo
3550 645 3818 698 οοωρο-

374 713 562 784 Pretio
595 711 930 779 Ubicunque
959 715 1066 761 BSt-
1102 705 1320 760 cate”
1350 703 1669 776 diligente“
1701 701 1896 758 omnia
1927 700 2024 755 οβ’
2133 723 2234 771 nat
2256 719 2414 788 [cum
2439 718 2864 789 compositione
2899 734 3006 772 sua
3028 722 3087 772 et
3107 716 3541 788 episcopalibus
3573 716 3816 772 bannis

376 806 584 866 servet,
621 805 684 853 ut
715 799 773 852 in
810 799 998 868 Primo
1033 812 1207 849 anno-
2133 807 2408 878 episcopo
2434 808 2793 878 componat].
2817 807 2875 860 Si
2909 807 3221 861 diaconum
3252 805 3812 860 calumniatusfue-

374 917 511 972 CAP.
545 915 666 968 133.
701 943 766 952 -
796 911 942 980 Quid
974 913 1032 964 in
1076 911 1308 979 reliquis
1355 913 1588 979 quatuor
1616 905 1782 962 annis
1801 904 1942 980 “obs

2261 901 2320 951 et
2348 895 2730 962 convaluerit,
2763 896 2797 949 6
2827 895 3311 966 quadragesimae
3361 895 3488 950 sine
3534 895 3815 948 subditis

476 1002 608 1041 vare
638 976 846 1039 debeat.
881 981 1027 1038 Idem
1077 981 1142 1036 de
1171 976 1379 1046 codem,
1408 997 1527 1051 cap.
1557 981 1592 1032 6
1624 981 1765 1050 (cap.
1799 976 1909 1045 53}-
2134 985 2306 1040 annis
2339 983 2639 1055 pmniteat,
2670 989 2728 1039 et
2762 985 2865 1037 400
2915 982 3135 1039 solidos
3183 999 3317 1038 cum
3363 983 3814 1054 compositione

443 1075 702 1138 Quatuor
729 1073 868 1128 anni
901 1070 1111 1126 deinde
1145 1073 1392 1134 restant,
1427 1084 1528 1139 P9P
1558 1083 1705 1138 quos
1755 1061 2022 1135 είηὲυἶοε
2134 1089 2240 1128 sua
2272 1072 2709 1144 episcopalibus
2741 1072 2950 1126 bannis
2981 1076 3314 1142 componat;
3333 1072 3382 1126 si
3408 1077 3607 1126 autem
3635 1087 3809 1125 mor-

364 1163 595 1235 jcjunet
616 1167 736 1217 tres
759 1158 1262 1231 quadragesimae.
1293 1157 1477 1212 Unam
1497 1162 1632 1211 ante
1656 1153 2023 1210 Paschacum
2133 1166 2274 1216 tuus
2298 1161 2493 1228 fuerit,
2538 1159 2801 1232 singulas
2833 1159 3173 1232 supraditas
3218 1161 3253 1214 6
3300 1159 3810 1231 quadragesimas

370 1250 592 1304 czeteris
624 1245 1002 1312 Christianis,
1036 1245 1382 1300 abstinendo
1433 1245 1503 1299 de
1549 1243 1708 1309 vino,
1743 1241 2015 1305 modone,
2133 1266 2268 1304 cum
2291 1249 2677 1320 sequentibus
2698 1249 2869 1304 annis
2893 1249 3259 1320 paniteat,et
3277 1249 3386 1302 600
3407 1247 3630 1304 solidos
3653 1265 3800 1303 cum

369 1337 594 1392 mellita
624 1335 890 1403 cervisia,
924 1350 1096 1389 carne
1124 1338 1180 1389 et
1210 1333 1519 1404 sagimine,
1544 1336 1600 1388 et
1629 1331 1754 1385 ovis
1790 1334 1847 1385 et
1896 1345 1931 1399 p

2228 1338 2311 1407 sla
2360 1355 2470 1392 sua
2518 1337 2964 1408 compositione,
3005 1343 3060 1392 et
3104 1336 3539 1408 episcopalibus
3571 1337 3796 1392 bannis

373 1428 590 1498 guibus
640 1424 922 1495 piscibus.
973 1421 1228 1476 Alteram
1279 1426 1414 1475 ante
1466 1419 1781 1475 navitatem
1833 1415 2022 1471 sancti
2135 1425 2758 1497 triplicibusepiscopo
2782 1430 3115 1496 componat.
3135 1425 3347 1496 Siquis
3371 1425 3791 1496 presbyterum

369 1514 616 1570 Joannis
649 1511 952 1583 Baptism:
976 1510 1025 1565 εί
1049 1509 1273 1580 aliquid
1299 1508 1644 1563 νθωδηθίάθ
1666 1503 2022 1577 αυαάτειεῑη-
2135 1514 2531 1570 calumniatus
2554 1513 2896 1578 vulneravit,
2930 1513 3020 1568 vel
3054 1513 3464 1576 debilitaverit,
3497 1518 3556 1567 et
3577 1529 3802 1567 conva-

369 1607 432 1656 ta
451 1603 684 1665 diebus,
713 1605 844 1670 post
866 1600 1108 1655 missam
1135 1598 1315 1653 sancti
1339 1597 1586 1652 Joannis
1606 1593 2023 1666 impleat.Ter-
2051 1654 2097 1672 ἢ
2134 1601 2329 1666 luerit,
2359 1603 2392 1653 7
2415 1603 2505 1672 [12
2527 1601 2649 1656 alia
2679 1603 2862 1663 lectio;
2883 1602 2989 1655 600
3009 1603 3175 1672 orig,]
3199 1602 3691 1672 quadragesimae
3713 1602 3796 1656 εί-

370 1654 1212 1744 tiamant—e'i‘latalemiDomini
1239 1686 1492 1756 jejunet,
1520 1687 1583 1738 ut
1613 1654 1938 1754 supradicti

2217 1654 2486 1745 aliis.
2518 1654 2688 1745 se.
2707 1654 3233 1761 ῥέθηῖιεαιέεῖθὸό
3249 1654 3652 1745 έᾷπίδίοέέάωί
3669 1654 3785 1744 iri-

370 1783 478 1833 est.
511 1779 580 1832 Et
609 1778 668 1831 in
701 1780 954 1846 quatuor
978 1774 1339 1847 supradictis
1366 1773 1531 1828 annis
1555 1771 1792 1827 tertiaet
1812 1768 2018 1840 quinta
2125 1779 2263 1850 p|ici
2295 1795 2403 1834 sua
2427 1779 2874 1849 compositione.
2900 1784 2957 1833 et
2973 1778 3410 1851 episcopalibus
3427 1779 3645 1833 bannis
3677 1777 3788 1832 tri-

373 1866 517 1921 feria
546 1872 603 1920 et
631 1866 876 1920 Sabbato
909 1867 1104 1918 utatur
1135 1862 1422 1934 quidquid
1454 1860 1594 1915 vult.
1619 1858 2015 1914 Etsecundam
2125 1867 2376 1939 plicibus
2407 1868 2679 1938 episcopo
2710 1875 3026 1938 componat
3055 1867 3104 1923 si
3136 1873 3335 1923 autem
3359 1873 3634 1922 mortuus
3658 1867 3784 1921 me-

377 1959 434 2010 et
465 1959 739 2026 quartam
772 1952 976 2007 feriam
1011 1951 1295 2006 redimere
1325 1953 1517 2021 potest
1555 1948 1736 2020 pretio
1759 1949 1883 2017 jam
1917 1963 2017 2002 ευ-
2127 1956 2225 2023 rit,
2258 1958 2325 2009 12
2355 1972 2643 2010 annorum
2676 1955 3018 2026 poenitentia
3057 1957 3384 2010 secundum
3419 1972 3680 2010 canones
3735 1957 3787 2010 ei

375 2042 926 2114 pradictozsextam
960 2040 1318 2096 omnimodis
1367 2040 1634 2093 observet
1681 2037 1740 2091 in
1775 2052 1921 2108 pane
1963 2039 2020 2089 et
2127 2044 2486 2115 imponatur,
2519 2051 2574 2098 et,
2605 2045 2712 2098 900
2740 2044 2961 2099 solidos
3019 2061 3154 2099 cum
3213 2044 3430 2115 triplici
3488 2045 3789 2115 composi.

371 2148 547 2203 aqua,
579 2135 636 2187 et
658 2146 1028 2202 nequaquam
1062 2130 1326 2184 redimat.
1362 2127 1462 2182 His
1493 2124 1756 2197 expletis,
1790 2140 1939 2179 sacri

2222 2149 2283 2187 ne
2314 2149 2441 2198 sua,
2474 2138 2532 2186 et
2562 2131 2995 2203 episcopalibus
3022 2133 3234 2187 bannis
3264 2132 3602 2204 triplicibus
3633 2133 3790 2204 epis-

365 2220 848 2277 communionem
881 2219 1153 2290 accipiat.
2127 2237 2270 2292 copo
2301 2226 2636 2291 componat.
2670 2220 2728 2276 Si
2753 2221 2888 2292 quis
2919 2223 3188 2293 episcopo
3219 2221 3465 2276 insidias
3496 2221 3788 2292 posuerit,

371 2339 503 2393 CA'r.
539 2338 661 2390 134.
693 2367 762 2376 -
794 2337 866 2389 De
895 2334 1193 2390 homicidis
1222 2338 1274 2388 et
1302 2331 1600 2387 calumniis
1642 2331 1939 2400 episcopum

2221 2309 2657 2380 nprehenderit,
2691 2309 2780 2364 vel
2823 2309 2881 2363 in
2932 2310 3127 2378 aliquo
3179 2310 3672 2373 dehonestaverit,
3718 2310 3789 2363 40

444 2415 496 2464 et
528 2407 873 2475 reliquarum
899 2405 1174 2462 ordinum.
1209 2407 1291 2459 Ex
1317 2405 1546 2459 concilio
1592 2397 1737 2474 apud
1785 2398 2017 2454 Theodo-
2130 2397 2615 2468 quadragesimae
2666 2413 2800 2451 cum
2854 2397 3110 2453 subditis
3163 2399 3336 2452 annis
3388 2399 3692 2470 pmniteat,
3727 2405 3785 2452 et

443 2481 532 2534 nis
560 2479 776 2548 villam,
806 2493 928 2546 cap.
963 2479 988 2532 1
1023 2478 1144 2545 (sub
1177 2477 1442 2532 Paschale
1471 2476 1536 2543 η.

2219 2487 2452 2557 :sbyteri
2473 2502 2586 2540 non
2612 2485 2784 2540 occisi
2807 2486 3098 2557 triplicem
3114 2486 3596 2558 compositionem
3620 2503 3787 2542 com-

449 2579 509 2632 In
543 2577 790 2633 concilio
823 2578 977 2648 apud
1009 2575 1340 2631 Theodonis
1371 2574 1567 2629 villam
1604 2572 1703 2627 ubi
1733 2571 2017 2626 interfue-
2128 2575 2398 2646 ponat.Si
2423 2578 2617 2628 autem
2653 2591 2792 2630 casu
2825 2579 2882 2629 et
2912 2591 3025 2630 non
3058 2581 3265 2644 sponte
3295 2575 3602 2640 occiditur,
3637 2590 3780 2630 cum

379 2672 519 2722 runt
541 2667 784 2738 triginta
819 2667 935 2720 duo
958 2665 1237 2736 episcopi,
1260 2662 1569 2728 Aistolt‘us,
1595 2658 2020 2732 Maguntiensis
2129 2662 2703 2732 comprovincialium
2738 2662 3145 2735 episcOporum
3193 2664 3438 2719 concilio
3478 2663 3787 2718 homicida

379 2755 879 2825 archiepiscopus,
914 2770 1046 2807 cum
1099 2752 1224 2808 suis
1281 2751 1695 2824 suﬂ‘raganeis;
1730 2747 2020 2804 Hadabal-
2129 2751 2423 2822 paeniteat.
2448 2751 2504 2804 Si
2540 2751 2670 2822 quis
2705 2755 2902 2806 autem
2935 2757 3143 2823 sponte
3171 2768 3305 2807 eum
3337 2752 3617 2807 occiderit
3648 2768 3782 2806 car-

375 2843 487 2897 dus
520 2843 776 2913 archiep.
830 2840 1242 2911 [Coloniensis,
1295 2839 1487 2910 orig.],
1538 2856 1670 2894 cum
1726 2838 1850 2892 suis
1895 2837 2022 2892 suf-
2128 2855 2263 2895 nem
2296 2855 2410 2893 non
2443 2839 2728 2902 comedat,
2762 2839 2966 2894 vinum
3001 2857 3115 2894 non
3143 2839 3304 2895 bibat
3333 2840 3614 2895 omnibus
3649 2840 3784 2895 die-

377 2930 703 3000 fraganeis;
764 2929 944 2995 Ebbo,
993 2929 1302 2984 Remensis
1348 2927 1847 2998 archiepiscopus,
1888 2940 2021 2978 cum
2130 2928 2242 2982 bus
2271 2926 2398 2981 vitae
2433 2943 2572 2992 suae,
2627 2928 2931 2998 cingulum
2964 2928 3216 2983 militare
3245 2929 3520 3000 deponat,
3538 2929 3772 2999 absque

379 3018 507 3073 suis
549 3017 954 3089 sulfraganeis,
988 3034 1122 3072 eum
1156 3017 1376 3070 nuntiis
1408 3016 1764 3086 reliquorum
1798 3014 2022 3084 episco-
2055 3014 2098 3080 (Ξ
2135 3033 2240 3087 spe
2297 3015 2556 3085 coniugii
2612 3014 2672 3068 in
2734 3020 3011 3087 perpetuo
3045 3021 3294 3071 maneat.
3324 3016 3607 3072 Aistolfus
3660 3018 3790 3072 Ma-

381 3122 590 3178 porum
609 3105 806 3161 Galliae
829 3111 887 3161 et
909 3105 1252 3173 Germanica,
1272 3105 1343 3160 ob
1359 3104 1601 3158 nimiam
1618 3102 2028 3174 praesumptio-
2136 3103 2461 3176 gontiensis
2491 3102 2804 3174 episcOpus
2837 3104 3017 3159 dixit:
3047 3125 3074 3154 «
3098 3103 3158 3160 Si
3190 3105 3552 3176 principibus
3584 3105 3792 3176 placu-

381 3211 515 3250 nem
541 3195 931 3265 quorumdam
963 3192 1419 3266 tyrannorumin
1443 3193 1775 3247 sacerdotes
1797 3189 2029 3245 Domini
2137 3193 2248 3249 erit
2302 3191 2552 3262 aliisque
2600 3192 2724 3247 suis
2775 3191 3068 3256 ﬁdelibus,
3102 3209 3377 3263 rogemus
3426 3198 3492 3248 ut
3534 3194 3794 3250 collode-

377 3283 822 3348 bacchantium,
857 3288 913 3338 et
935 3287 1174 3355 propter
1209 3283 1425 3337 factum
1459 3281 1612 3352 quod
1648 3280 1706 3334 in
1738 3279 2031 3335 Vasconia
2136 3286 2235 3336 tur
2264 3285 2321 3336 et
2349 3280 2779 3335 subscribatur.
2815 3302 2843 3329 »
2877 3283 2946 3336 Et
2974 3280 3372 3337 collaudatum
3405 3288 3516 3350 est,
3549 3289 3609 3336 et
3648 3283 3795 3338 sub-

381 3374 608 3428 noviter
637 3372 928 3427 acciderat
957 3373 1028 3427 de
1058 3373 1334 3443 episcOpo
1361 3371 1587 3426 Joanne
1617 3370 1921 3425 inhoneste
1973 3372 2031 3424 et
2139 3369 2420 3440 scriptum
2453 3373 2543 3424 est
2575 3375 2690 3424 tam
2720 3386 2753 3424 a
2784 3369 3047 3441 principe
3077 3387 3253 3441 quam
3289 3387 3321 3426 a
3351 3370 3574 3426 caeteris
3593 3372 3793 3426 omni-

379 3461 646 3516 inaudite
671 3459 927 3515 mordrid
940 3461 1362 3526 ato,decretum
1379 3464 1470 3515 est
1492 3463 1556 3514 ut
1572 3457 1870 3514 communi
1893 3474 2030 3513 con-
2141 3459 2271 3513 bus.

382 3565 563 3620 sensu
584 3547 1600 3620 ethumilidevotionesupplicarent
1619 3548 2032 3618 auribusprin-
3307 3601 3316 3610 ,
3352 3602 3361 3611 ,
3527 3601 3537 3610 _
3660 3601 3670 3611 ,
3789 3601 3800 3611 ,

393 3636 533 3657 -ε-ε-
567 3636 610 3657 ,ξ
777 3636 977 3657 μμμι,
1000 3637 1379 3657 _____,.-___-.
1501 3636 1854 3657 -_._____.-.._
1877 3634 2007 3657 m4
2139 3601 2272 3657 CAP.
2307 3601 2428 3656 135.
2462 3631 2531 3641 —-
2559 3602 2634 3656 De
2682 3600 2873 3656 eadem
2905 3616 2981 3656 re.
3029 3602 3114 3655 Ex
3160 3601 3392 3656 concilio
3447 3601 3796 3656 Triburzensi

388 3636 612 3708 cipis,si
636 3653 754 3692 sum
777 3636 1475 3708 pietaticomplacerct,ut
1495 3634 2034 3692 calumniainChri-
2140 3634 2272 3657 um“
2308 3634 2428 3656 ‘W'
2462 3634 2531 3641 —
2559 3634 2632 3656 ¹¹⁶
2682 3634 2981 3743 ⁵⁸⁸⁸⁸⁸⁵’Ὲάές

388 3725 461 3780 sti
489 3726 820 3781 sacerdotes
840 3729 1093 3796 peracta,
1108 3726 1282 3796 juxta
1313 3726 1591 3797 synodica
1622 3725 2032 3782 determinare-

388 3817 486 3868 tur
516 3813 765 3884 pleniter
785 3793 1028 3869 statuta.
1062 3793 1178 3869 Hoc
1209 3793 1363 3869 idem
1388 3812 1956 3886 episcoporumjudil

2229 3794 2472 3886 ptitulum
2503 3793 2969 3886 ecclesiasticum
2989 3794 3510 3886 ap‘ud‘Tribur-‘iam
3533 3795 3797 3886 aitlarplo

386 3866 1362 3974 incisas..*igi.*'.;.'.;.a1;a
1391 3866 2034 3972 sissesisse...
2213 3867 2768 4008 ᾕξηέξνεῖξξιξέειξ
2796 3866 2993 3923 Galliae
3023 3866 3080 3923 et
3119 3867 3444 3923 Germaniae
3490 3867 3797 3924 οοιιιιιιάα-

393 3990 856 4062 possetdeﬁniri,
882 3991 938 4045 id
963 3994 1071 4058 est,
1096 3995 1161 4046 ut
1183 3990 1462 4046 canonica
1489 3989 2035 4045 ferirentursenten-

386 4080 491 4146 tia,
515 4079 572 4134 hi
594 4079 864 4136 videlicet
898 4079 999 4152 qui
1039 4079 1310 4136 timorem
1353 4077 1586 4134 Domini
1619 4082 2036 4150 postponentes
2213 4079 2327 4150 (90)
2351 4077 2576 4134 Placuit
2595 4077 2764 4134 nobis
2785 4081 2842 4134 et
2872 4078 3147 4134 fidelibus
3178 4083 3422 4146 nostris,
3457 4084 3522 4134 ut
3543 4079 3702 4135 sicut
3723 4082 3796 4136 ab

389 4168 450 4222 in
485 4169 790 4224 ministros
825 4185 963 4224 suos
1005 4167 1260 4239 grassari
1303 4172 1745 4240 praesumerent.
1781 4168 1940 4234 Quod
1983 4167 2033 4222 si
2143 4167 2434 4238 episcopis
2466 4170 2523 4222 et
2544 4165 2787 4237 reliquis
2810 4168 3238 4234 sacerdotibus,
3263 4184 3328 4223 ac
3347 4166 3448 4223 Dei
3473 4167 3657 4222 servis
3679 4169 3797 4223 alio

389 4272 522 4311 vero
554 4257 751 4327 pietati
786 4257 948 4312 illius
996 4257 1403 4329 complaceret,
1429 4257 1600 4327 juxta
1647 4255 1905 4328 capitula
1939 4272 2031 4311 re-
2143 4273 2296 4312 anno
2327 4256 2482 4327 apud
2512 4255 2845 4311 Theodonis
2890 4255 3089 4311 villam
3145 4256 3434 4312 admoniti
3487 4256 3710 4312 fuimus
3740 4261 3798 4312 et

388 4335 566 4415 gnum
601 4346 1067 4416 precedentium,
1090 4347 1191 4402 ubi
1214 4363 1413 4402 eorum
1440 4345 1691 4417 provisio
1710 4345 2033 4401 misericor-
2060 4379 2108 4445 D
2143 4344 2354 4417 rogati,
2377 4348 2439 4399 ut
2463 4343 2724 4415 episcopi
2762 4348 2818 4399 et
2849 4360 3051 4400 eorum
3108 4344 3386 4414 ministri,
3438 4359 3590 4414 quos
3635 4345 3794 4401 Deus

387 4431 536 4486 diter
567 4432 625 4486 in
658 4434 898 4488 oﬂ‘ensis
940 4435 1198 4505 pecunias
1225 4435 1610 4505 quantitatem
1658 4433 2028 4504 interposuit,
2060 4431 2104 4445 ⁸’
2140 4450 2246 4489 suo
2277 4449 2394 4488 non
2427 4433 2686 4487 humano
2708 4432 2934 4502 judicio
2969 4433 3302 4502 reservavit,
3354 4433 3526 4503 juxta
3557 4439 3794 4489 sancto-

387 4533 492 4587 pro
525 4518 922 4574 consolatione
979 4519 1348 4593 [levigatione
1383 4520 1736 4592 pmnitentizs
1785 4520 2028 4594 placuit]
2138 4538 2264 4578 rum
2290 4537 2600 4590 canonum,
2631 4525 3091 4592 sanctorumque
3123 4522 3355 4577 Patrum
3407 4537 3472 4576 ac
3502 4522 3790 4592 capitula-

389 4610 604 4660 sanctze
635 4607 923 4675 Ecclesiae,
958 4613 1022 4663 ut
1047 4609 1297 4680 praafatze
1342 4626 1435 4665 res
1465 4626 1570 4681 per
1618 4610 1924 4681 pecuniam
1956 4609 2028 4664 ab
2139 4611 2292 4665 rium
2309 4609 2975 4681 precedentiumregum
2994 4626 3188 4665 coram
3205 4611 3526 4682 positorum
3545 4614 3785 4675 statuta,

386 4694 843 4765 imperatoribus
876 4698 1280 4752 sacerdotibus
1312 4699 1389 4769 [et
1436 4714 1471 4752 a
1521 4697 1634 4752 sibi
1665 4696 2028 4753 succedenti-
2138 4692 2197 4754 et
2229 4697 2330 4752 Dei
2362 4698 2694 4753 sacerdotes
2723 4713 3048 4768 eorumque
3077 4703 3505 4768 cooperatores,
3535 4714 3788 4769 quorum

387 4781 522 4853 bus]
555 4783 628 4837 ad
660 4783 1064 4839 defensionem
1095 4801 1457 4852 concessam,
1489 4791 1546 4842 et
1591 4803 1690 4858 per
1737 4785 2030 4857 pmniten-
2135 4785 2655 4842 intercessionibus
2707 4786 3360 4858 supplicationibusque
3412 4791 3621 4842 sancta
3695 4787 3788 4842 Dei

385 4870 530 4926 tiam
563 4871 1098 4928 determinarentur
1129 4873 1538 4945 episcoporum
1565 4872 1809 4944 judicio,
1844 4873 1893 4928 si
1915 4871 2028 4945 pie-
2137 4876 2397 4932 Ecclesia
2428 4880 2695 4931 constare
2724 4877 2974 4944 videtur,
2999 4877 3200 4932 intacti
3235 4880 3642 4947 permaneant,
3661 4895 3788 4933 con-

387 4964 479 5014 tas
511 4958 668 5016 illius
701 4959 1030 5016 collaudare
1068 4960 1338 5031 voluerit,
1370 4961 1454 5016 sic
1483 4961 1726 5016 deﬁnire
1755 4961 1839 5017 eis
1869 4977 2028 5017 com-
2135 4964 2813 5036 stituamus.(Cap.l.)Ut
2842 4965 2892 5020 si
2925 4964 3061 5036 quis
3094 4965 3531 5020 subdiaconum
3563 4965 3783 5020 calum-

388 5045 662 5118 placeret.
696 5048 810 5118 (17,
833 5065 884 5119 q.
931 5049 987 5114 4,
1018 5065 1064 5104 c.
1095 5048 1154 5102 Si
1183 5050 1305 5120 quis
1332 5051 1778 5120 subdiaconum.)
1809 5049 1868 5105 Si
1899 5051 2032 5120 quis
2139 5052 2334 5108 niatus
2367 5052 2542 5107 fuerit
2569 5056 2628 5107 et
2675 5052 3054 5118 convaluerit,
3107 5053 3450 5125 pmnitentia
3506 5053 3786 5108 canonica

391 5135 820 5191 subdiaconum
840 5136 1238 5192 calumniatus
1268 5137 1464 5204 fuerit,
1499 5136 1905 5206 vulneraverit,
1939 5138 2030 5194 vel
2139 5141 2435 5213 poeniteat,
2466 5144 2524 5195 et
2570 5140 2674 5194 300
2713 5140 2931 5197 solidos
2977 5141 3256 5213 episcopo
3279 5147 3609 5213 componat.
3651 5140 3786 5197 Etsi

390 5223 804 5291 debilitaverit,
836 5231 892 5280 et
923 5225 1302 5292 convaluerit,
1325 5226 1361 5279 5
1383 5226 1867 5298 quadragesimae
1903 5228 2028 5284 sine
2134 5234 2404 5285 mortuus
2436 5229 2630 5298 fuerit,
2657 5231 2828 5300 juxta
2857 5230 2917 5286 id
2941 5231 3096 5302 quod
3130 5245 3385 5286 canones
3438 5229 3783 5302 praecipiunt

389 5313 643 5370 subditis
674 5314 846 5370 annis
893 5314 1196 5387 pmniteat,
1244 5319 1303 5371 et
1361 5315 1466 5369 300
1502 5313 1725 5372 solidos
1756 5331 1890 5370 cum
1920 5333 2031 5373 sua
2137 5318 2438 5389 poeniteat,
2458 5317 2629 5373 et400
2644 5319 2863 5375 solidos
2883 5319 3156 5391 episcopo
3183 5323 3513 5392 componat.
3539 5318 3788 5390 (Cap.2.)

461 5455 572 5528 (90)
595 5457 781 5515 Codex
811 5459 1196 5517 conciliorum
1228 5458 1496 5518 attribuit
1514 5458 1924 5518 Theonisilleci
1955 5460 2200 5518 concilio
2230 5460 2602 5534 precedenti,
2632 5466 2767 5534 post
2797 5462 2953 5534 quod
2980 5462 3102 5521 hac
3131 5461 3445 5520 habentur.
