4002 6054
174 248 285 302 737

1112 248 1426 300 DECRETI
1464 247 1649 299 PARS
1685 248 1754 299 Χ.
1789 274 1857 284 -
1885 246 1983 299 DE
2020 245 2439 311 HOMICIDIIS,
2480 249 2637 301 ETC.

3489 256 3594 311 738

175 377 365 429 trasse
394 371 803 441 homicidium,
825 370 1147 426 secundum
1166 370 1506 425 canonicam
1531 369 1838 424 auctorita-
1867 370 1919 436 Α
1953 384 2041 423 res
2073 368 2295 425 scilicet
2324 368 2482 426 illius
2532 372 2813 427 Dominici
2866 376 3129 444 praecepti
3160 393 3171 431 :
3225 379 3358 445 Quae
3403 381 3597 437 dicunt

176 467 294 517 tem
319 462 677 532 condignum
712 460 1066 532 poenitentiae
1090 458 1487 529 judiciumilli
1509 458 1830 529 ingeratur.

175 551 234 604 Si
268 555 463 605 autem
488 550 815 604 manifestis
838 548 1072 603 indiciis
1099 564 1211 602 non
1238 550 1429 617 potest
1451 546 1681 616 probari
1703 562 1835 601 eum

175 639 536 694 homicidam
569 654 718 704 esse,
740 654 842 693 nec
865 637 992 708 ipse
1010 637 1131 691 vult
1157 634 1445 701 conﬁteri,
1464 635 1836 706 omnipoten-

174 728 254 782 tis
294 727 396 781 Dei
437 727 685 797 judicio,
721 726 815 781 cui
846 726 1046 781 omnia
1076 724 1304 779 occulta
1335 724 1646 778 manifesta
1676 726 1837 799 sunt,

177 821 537 871 reservetur:
570 816 621 870 ei
654 821 850 870 tamen
876 815 1170 868 indicetur
1193 812 1422 884 publice
1445 829 1477 866 a
1500 814 1837 884 presbytero

178 904 333 975 quod
367 904 781 959 communione
813 902 1212 958 ecclesiastica
1244 902 1524 971 indignus
1557 901 1653 967 sit,
1686 907 1742 955 et
1772 918 1840 956 ea

175 1009 371 1047 carere
402 992 632 1057 debeat,
658 992 843 1045 donec
877 996 1274 1061 perpetratum
1306 990 1526 1045 crimen
1560 991 1860 1047 conﬁtea-.

172 1086 293 1149 tur,
317 1086 373 1136 et
394 1097 493 1151 per
514 1080 942 1135 confessionem
966 1085 1022 1134 et
1046 1079 1451 1151 paenitentiam
1485 1079 1836 1149 condignam

177 1171 249 1224 ab
283 1170 391 1224 hoc
420 1170 663 1224 crimine
694 1185 756 1223 se
789 1167 1086 1223 absolvere
1114 1172 1313 1222 certet.

173 1276 463 1331 CAP.154.
498 1305 565 1315 ——-
598 1276 670 1329 De
720 1274 919 1329 insano
967 1276 1019 1328 si
1067 1273 1430 1329 homicidium
1482 1277 1835 1344 perpetrave-

357 1350 451 1402 rit.
482 1349 566 1401 Ex
591 1346 796 1415 eodem,
827 1362 945 1415 cap.
977 1347 1010 1397 7
1042 1346 1215 1415 (conc.
1256 1348 1429 1401 Vorm.
1462 1362 1509 1401 c.
1541 1346 1654 1415 28).

246 1436 309 1490 Si
340 1436 474 1507 quis
506 1435 805 1489 insaniens
837 1435 1091 1503 aliquem
1124 1434 1421 1502 occiderit,
1454 1434 1503 1488 si
1529 1435 1599 1488 ad
1633 1449 1835 1489 sanam

175 1530 437 1581 mentem
463 1523 803 1594 pervenerit,
830 1522 1005 1578 levior
1033 1523 1084 1579 ei
1118 1523 1455 1594 poenitentia
1483 1523 1838 1595 imponenda

174 1619 286 1677 est,
311 1629 490 1684 quam
524 1612 575 1667 ei
608 1612 709 1683 qui
742 1630 887 1667 sana
916 1616 1113 1667 mente
1136 1611 1248 1667 tale
1281 1612 1421 1683 quid
1452 1612 1833 1667 commiserit.

175 1702 282 1757 Cui
316 1702 586 1772 quamvis
612 1700 953 1773 pmnitsntia
1001 1701 1078 1756 sit
1125 1701 1503 1772 imponenda,
1536 1701 1677 1772 quia
1706 1701 1835 1772 ipsa

177 1791 497 1845 inﬁrmitas
527 1807 705 1845 causa
736 1791 957 1862 peccati
992 1790 1172 1845 fuisse
1203 1790 1478 1859 creditur,
1503 1795 1730 1845 tantum
1761 1795 1841 1845 ta'

175 1895 312 1934 men
361 1877 542 1933 levior
588 1895 760 1949 quam
791 1878 842 1933 ei
874 1878 973 1948 qui
1004 1895 1185 1932 sanus
1228 1878 1486 1949 aliquem
1539 1879 1837 1943 occiderit,

172 1976 467 2042 quantum
502 1970 654 2025 inter
684 1986 896 2024 sanum
924 1974 980 2023 et
1010 1969 1309 2035 insanum,
1343 1974 1398 2024 et
1430 1968 1839 2024 irrationabile

171 2064 232 2113 et
263 2057 609 2113 rationabile
639 2062 865 2112 constat
895 2075 1022 2112 esse
1053 2057 1433 2112 discriminis.

168 2163 309 2219 CAP.
345 2164 467 2218 155.
492 2194 559 2203 —
591 2164 662 2217 De
696 2162 807 2217 illis
836 2162 933 2233 qui
965 2162 1221 2229 vene/icio
1254 2162 1551 2218 homicidia
1583 2166 1835 2220 commit-

493 2238 634 2289 tunt.
672 2235 753 2288 Ea:
782 2250 978 2289 comm.
1019 2234 1269 2288 Etiberit.
1305 2250 1423 2305 cap.
1461 2237 1514 2289 7.

245 2324 305 2378 Si
357 2323 488 2394 quis
537 2339 671 2377 vero
723 2324 999 2376 veneﬁcio
1048 2323 1407 2377 interfecerit
1456 2324 1727 2392 alterum,
1770 2339 1835 2378 eo

172 2414 331 2484 quod
366 2412 491 2467 sine
524 2411 856 2466 idololatria
896 2412 1171 2480 perﬁcere
1216 2411 1406 2466 scelus
1457 2428 1571 2465 non
1622 2412 1834 2483 potuit,

174 2501 293 2555 nisi
323 2500 382 2554 in
416 2500 528 2556 ﬁne
561 2500 1010 2571 impertiendum
1048 2516 1163 2555 non
1194 2516 1323 2555 esse
1354 2500 1438 2554 illi
1470 2501 1834 2555 communio-

176 2606 335 2644 nem.

174 2678 309 2733 CAP.
354 2678 469 2731 156.
499 2707 564 2717 —
598 2678 668 2732 De
702 2676 795 2732 illo
824 2694 921 2746 per
948 2680 1104 2747 cujus
1151 2677 1481 2731 delationem
1512 2677 1715 2747 aliquis
1744 2678 1833 2730 in-

393 2752 655 2817 terfectus
685 2751 872 2808 fuerit.
900 2750 981 2803 Ea:
1009 2748 1192 2803 eodem
1221 2764 1417 2803 comm.
1450 2764 1494 2801 c.
1529 2750 1619 2801 73.

250 2839 326 2907 (5,
361 2854 417 2908 q.
448 2839 501 2901 6,
534 2854 585 2891 c.
622 2838 887 2908 Delator.)
944 2836 1172 2892 Delator
1201 2838 1250 2891 si
1282 2836 1414 2907 quis
1441 2836 1731 2891 exstiterit
1762 2836 1835 2889 ﬁ-

176 2926 425 2993 delis,et
453 2943 553 2997 per
569 2927 922 2981 delationem
956 2927 1083 2996 ejus
1114 2926 1330 2997 aliquis
1363 2926 1623 2981 ﬁdelium
1662 2926 1835 2980 fuerit

177 3018 544 3087 proscriptus
573 3014 661 3070 vel
694 3016 1054 3084 interfectus,
1080 3014 1457 3087 placuiteum
1491 3031 1605 3069 non
1638 3014 1753 3069 nisi
1775 3014 1832 3069 in

1950 459 2144 527 facite;
2164 475 2280 529 quae
2300 463 2484 513 autem
2503 461 2738 527 faciunt,
2759 465 2943 531 facere
2971 467 3144 520 nolite
3172 466 3381 537 (Matth.
3407 472 3590 541 xxiii).

1953 572 2085 626 CAP.
2121 574 2241 627 158.
2272 603 2343 615 —
2389 574 2538 642 Quod
2586 575 2870 631 homicidae
2918 580 2985 632 ab
3035 581 3399 636 ecclesiastica
3447 600 3593 639 com-

2022 646 2286 769 mastigia
2312 648 2424 701 sint
2452 647 2819 702 submovendi.
2866 651 2951 703 Ex
2995 654 3228 706 concilio
3275 654 3595 725 Agathensi,

2022 731 2142 769 can.
2252 758 2264 769 .

2022 731 2142 776 cap.
2176 731 2264 770 ὀί.

2027 804 2133 873 (2-1,
2160 820 2216 874 q.
2242 805 2294 870 3,
2320 807 2620 875 c.1taquc.)
2654 810 2852 877 Itaque
2881 809 3220 865 censuimus
3269 811 3597 871 homicidas

1954 908 1985 945 a
2006 893 2419 949 communione
2438 894 2832 950 ecclesiastica
2854 900 3306 964 submovendos,
3334 902 3445 957 nisi
3478 921 3595 974 pce-

1954 981 2214 1035 nitentia:
2247 983 2647 1038 satisfactione
2681 986 2939 1041 admissa
2969 987 3216 1042 crimina
3249 988 3543 1045 diluerint.

1953 1098 2085 1153 CAP.
2126 1099 2241 1153 159.
2274 1130 2342 1140 ——
2374 1100 2445 1154 De
2484 1100 2687 1242 code(n}.
2712 1102 2793 1154 Ex
2820 1102 3052 1238 (101)201'12'0
3085 1105 3384 1159 Turonensi
3411 1122 3529 1175 cap.
3563 1109 3597 1160 7

2676 1189 2832 1228 urou.
2868 1191 2881 1226 ι
2915 1214 2928 1226 .

2676 1189 2832 1228 ιινοη.
2868 1189 2928 1228 ll.

2022 1258 2366 1345 Homicidiis
2399 1260 2632 1331 penitus
2664 1278 2777 1315 non
2810 1263 3385 1334 communicandum,
3412 1266 3595 1322 donec

1953 1363 2053 1417 per
2080 1348 2505 1403 confessionem
2541 1350 2894 1420 poenitentia
2926 1350 3191 1421 ipsorum
3224 1352 3474 1408 crimina
3505 1355 3596 1408 di-

1952 1436 2210 1490 luautur.

1951 1551 2077 1605 CAP.
2118 1552 2233 1605 160.
2259 1556 2428 1626 —pe
2444 1553 2559 1626 illis
2575 1568 2808 1621 quorum
2837 1554 3064 1609 consitio
3095 1555 3403 1612 homicidia
3433 1557 3590 1626 ﬁunt.

2321 1624 2404 1677 Ex
2432 1624 2591 1677 dictis
2621 1626 2799 1679 sancti
2826 1626 3051 1694 August.
3086 1628 3218 1697 (92).

2020 1709 2353 1766 Periculose
2384 1728 2445 1766 se
2477 1712 2800 1784 decipiunt,
2828 1714 2925 1784 qui
2976 1715 3315 1770 existimant
3344 1732 3443 1771 eos
3474 1722 3597 1772 tan-

1952 1803 2076 1853 tum
2111 1799 2433 1854 homicidas
2462 1816 2611 1869 esse,
2645 1802 2743 1872 qui
2779 1802 3051 1857 manibus
3095 1803 3388 1859 hominem
3440 1807 3596 1861 occi-

1949 1889 2115 1953 dunt,
2148 1893 2206 1944 et
2237 1905 2347 1942 non
2383 1890 2579 1959 potius
2618 1906 2716 1945 eos
2757 1907 2861 1961 per
2907 1908 3157 1962 quorum
3193 1894 3505 1950 consilium
3538 1900 3597 1950 et

1948 1977 2215 2032 fraudem
2238 1982 2294 2032 et
2313 1978 2777 2033 exhortationem
2814 1980 3081 2035 homines
3112 1982 3594 2053 exstinguuntur.

1947 2067 2093 2121 Nam
2111 2067 2297 2121 Judaei
2319 2067 2630 2122 Dominum
2654 2084 3024 2138 nequaquam
3047 2070 3296 2141 propriis
3322 2072 3595 2127 manibus

1949 2155 2387 2217 interfecerunt,
2423 2156 2576 2210 sicut
2607 2156 2890 2227 scriptum
2932 2162 3057 2211 est:
3108 2160 3269 2213 Nobis
3316 2175 3425 2215 non
3472 2161 3596 2216 licet

1946 2245 2255 2313 interﬁcere
2284 2260 2610 2315 quemquam
2641 2247 2817 2314 (Joan.
2851 2247 3047 2316 xvui):
3101 2248 3203 2301 sed
3244 2252 3441 2303 tamen
3475 2248 3595 2303 illis

1946 2332 2178 2387 Domini
2212 2349 2369 2387 mors
2402 2334 2902 2404 imputatur,quia
2932 2335 3043 2405 ipsi
3078 2351 3210 2390 eum
3245 2337 3445 2408 lingua
3467 2355 3597 2393 cru-

1946 2422 2282 2487 ciﬁxerunt,
2342 2422 2644 2476 dicentes:
2696 2425 2967 2493 Cruci/ige
3012 2441 3140 2478 eum
3196 2426 3347 2494 (Luc.
3407 2429 3590 2495 xxm).

1950 2509 2109 2564 Unde
2141 2526 2293 2564 unus
2325 2510 2691 2580 Evangelista
2731 2511 2873 2565 dicit
2907 2512 3214 2566 Dominum
3247 2514 3589 2568 cruciﬁxum

1946 2598 2089 2652 hora
2115 2597 2286 2651 tertia
2324 2598 2523 2657 (Μαι-ε.
2548 2603 2660 2665 xv),
2687 2597 2836 2654 alius
2868 2605 3029 2654 sexta
3063 2602 3378 2669 (Joan.x1x)
3408 2617 3419 2656 ;
3453 2603 3591 2672 quia

1944 2683 2130 2737 Judaei
2163 2683 2577 2738 cruciﬁxerunt
2599 2700 2732 2739 eum
2756 2685 2898 2741 hora
2922 2688 3092 2741 tertia
3124 2687 3346 2759 lingua,
3374 2688 3590 2743 milites

1944 2772 2089 2827 hora
2118 2777 2279 2826 sexta
2311 2773 2605 2827 manibus.
2626 2774 2730 2836 Qui
2764 2790 2898 2846 ergo
2932 2775 3228 2830 hominem
3256 2778 3589 2844 tradit,eum

1942 2860 2040 2915 ille
2070 2860 2633 2926 interﬁcit,Domino
2665 2863 2928 2917 dicente:
2967 2866 3143 2931 Maius
3185 2868 3462 2933 peccatum
3493 2865 3590 2919 ha-

1945 2951 2027 3004 bet
2056 2951 2153 3020 qui
2182 2949 2522 3004 metradidit
2548 2952 2853 3021 tibiann.
2884 2956 3013 3019 xix).
3043 2953 3203 3006 Unde
3234 2953 3545 3009 Psalmisla
3580 2971 3591 3009 :

1942 3040 2079 3094 Filii
2110 3040 2395 3093 hominum
2437 3040 2619 3094 dentes
2662 3056 2849 3095 eorum
2902 3058 3061 3096 arma
3115 3051 3166 3097 et
3213 3044 3453 3113 sagittae,
3488 3044 3598 3097 tin-

180 3106 300 3202 tin-e
330 3104 591 3202 accipere
622 3104 1195 3202 communionem.Si
1221 3104 1402 3159 levior
1430 3121 1609 3202 causa
1633 3104 1826 3202 fuerit,
1859 3102 1901 3168 C
1938 3144 2060 3199 qua
2116 3143 2304 3182 eorum
2350 3128 2575 3195 gladius
2628 3134 2818 3183 “cuius
2867 3132 3040 3200 (me
3090 3132 3224 3202 LW).
3271 3102 3600 3200 éubji'ciant

178 3192 333 3246 infra
363 3192 835 3263 quinquennium
876 3193 1136 3264 accipere
1166 3194 1637 3247 communionem
1670 3196 1834 3264 pote-

179 3280 273 3334 rit.
311 3281 369 3335 Si
404 3280 863 3336 catechumcnus
893 3280 1087 3346 fuerit,
1113 3286 1245 3351 post
1275 3281 1664 3353 quinquennii
1689 3286 1834 3336 tem-

180 3385 325 3440 pora
357 3370 705 3424 admittatur
735 3370 804 3423 ad
840 3370 1223 3440 baptismum.

177 3461 313 3511 CAP.
352 3458 470 3510 157.
502 3486 571 3497 -η
602 3459 763 3524 Quod
792 3460 901 3512 tria
932 3460 1044 3512 sint
1068 3473 1268 3527 genera
1300 3457 1725 3512 homicidarum.
1757 3457 1837 3511 Ex

250 3530 409 3653 ιῖἵρδι.
473 3528 739 3670 ()Ilementi
784 3546 964 3600 papas,
997 3545 1118 3600 cap.
1154 3531 1222 3583 16
1272 3529 1455 3599 (epist.
1491 3530 1522 3582 4
1572 3529 1641 3583 ad
1692 3529 1836 3582 Eccl.

308 3616 470 3654 ieros.
510 3644 520 3654 .

254 3687 695 3743 Homicidarum
729 3704 864 3743 vero
898 3688 1010 3744 tria
1056 3705 1272 3759 genera
1322 3705 1450 3743 esse
1500 3688 1752 3755 dicebat,
1784 3692 1840 3743 et

175 3793 409 3847 pcnnarn
460 3792 661 3832 eorum
714 3777 960 3848 parilem
1016 3777 1135 3831 fore
1185 3776 1434 3831 dicebat.
1468 3776 1632 3831 Sicut
1679 3777 1836 3831 enim

173 3864 509 3920 homicidas
533 3866 933 3920 interfectores
958 3865 1316 3932 fratrum,ita
1338 3870 1394 3919 et
1417 3866 1838 3920 detractatores

173 3970 379 4008 eorum
405 3970 623 4025 eosque
638 3954 900 4009 odientes
918 3954 1245 4008 homicidas
1258 3970 1384 4008 esse
1402 3954 1835 4009 manifestabat.

178 4042 333 4107 Quia
362 4048 417 4096 et
449 4044 549 4113 qui
582 4044 814 4107 occidit,
858 4048 914 4096 et
961 4043 1057 4112 qui
1110 4042 1345 4097 fratrem
1397 4060 1572 4097 suum
1621 4042 1743 4096 odit
1794 4044 1841 4113 (I

175 4132 338 4186 Joan.
373 4133 483 4201 ιιι),
507 4137 563 4185 et
594 4132 689 4201 qui
728 4131 982 4185 detrahit
1025 4131 1096 4199 ei,
1132 4132 1351 4202 pariter
1385 4131 1678 4186 homicida
1710 4147 1839 4185 esse

184 4225 569 4275 monstratur.
604 4222 819 4275 Omnes
865 4221 1022 4274 enim
1064 4237 1096 4274 a
1144 4220 1478 4274 carnalibus
1532 4220 1838 4275 desideriis

180 4325 310 4379 qua
344 4308 600 4363 militant
622 4310 901 4363 adversus
923 4309 1179 4363 animam
1205 4308 1518 4374 abstinere,
1540 4313 1596 4363 et
1624 4310 1836 4362 bonam

180 4414 389 4453 eorum
443 4398 944 4453 conversationem
1004 4415 1069 4452 ac
1123 4398 1493 4451 innocentem
1562 4397 1838 4451 omnibus

1942 3233 2077 3287 ergo
2109 3233 2170 3271 se
2201 3216 2573 3287 poenitentiae,
2595 3234 2848 3288 quorum
2872 3219 3119 3274 consilio
3143 3220 3385 3291 sanguis
3410 3220 3601 3275 fundi-

1944 3310 2060 3372 tur,
2092 3306 2139 3359 si
2172 3306 2400 3360 veniam
2435 3306 2752 3375 promereri
2784 3307 3099 3363 voluerint.

1945 3422 2072 3475 CAP.
2112 3422 2233 3492 161.
2261 3451 2329 3459 —
2363 3423 2435 3474 De
2466 3421 2579 3474 illis
2609 3423 2707 3490 qui
2736 3438 2830 3487 pro
2870 3422 3111 3478 vindicta
3159 3426 3453 3492 parentum
3502 3424 3597 3476 ho-

2039 3490 2267 3545 micidia
2305 3491 2672 3546 committunt.
2708 3494 2788 3546 Erc
2814 3490 3189 3563 pwnitenlial’i
3221 3492 3496 3549 Theodori.

2017 3589 2123 3655 Qui
2158 3605 2258 3659 pro
2290 3588 2545 3643 vindicta
2592 3589 2787 3642 fratris
2841 3594 2941 3643 aut
2991 3591 3239 3645 aliorum
3292 3594 3594 3661 parentum

1946 3676 2221 3732 occiderit
2240 3676 2651 3741 hominem,ita
2674 3677 2949 3741 poeniteat
2969 3682 3032 3731 ut
3050 3678 3362 3733 homicidia
3388 3683 3597 3750 sponte

1945 3765 2283 3831 commissa,
2304 3781 2437 3818 cum
2463 3764 2589 3835 ipsa
2614 3764 2842 3819 Veritas
2865 3765 3055 3820 dicat:
3090 3766 3228 3820 Mihi
3254 3768 3599 3832 vindicta,et

1945 3871 2049 3925 ego
2084 3854 2401 3908 retribuam
2434 3855 2619 3925 (Deut.
2654 3870 2805 3909 xxxu
2833 3874 2846 3921 ;
2882 3855 3030 3910 Rom.
3064 3872 3141 3910 xu
3172 3880 3184 3917 ;
3217 3857 3378 3910 Hebr.
3411 3859 3489 3923 χ).

1946 3971 2080 4025 CAP.
2110 3970 2230 4023 162.
2255 4000 2323 4008 —
2355 3970 2426 4023 De
2458 3970 2555 4023 illo
2586 3968 2683 4039 qui
2711 3974 2931 4037 propter
2959 3970 3316 4040 cupiditatem
3345 3970 3601 4025 Iudicum

2020 4043 2379 4111 interfecerit.
2416 4042 2497 4094 Ex
2525 4040 2759 4096 concilio
2790 4042 3169 4111 Mogonticnsi,
3200 4058 3320 4108 cap.
3348 4058 3400 4093 v1
3431 4042 3562 4111 (93).

2018 4139 2175 4207 (Dist.
2208 4139 2298 4201 50,
2337 4154 2385 4191 c.
2436 4138 2543 4204 Qui
2572 4138 2741 4207 vero.)
2790 4138 2897 4200 Qui
2929 4138 3046 4190 odii
3081 4137 3479 4203 meditatione,
3514 4135 3600 4191 vel

1947 4233 2181 4298 propter
2200 4226 2583 4295 cupiditatem
2600 4227 2869 4279 Judaeum
2889 4226 2970 4279 vel
2991 4242 3281 4295 paganum
3306 4225 3601 4294 occiderit,

1948 4315 2084 4385 quia
2130 4314 2445 4384 imaginem
2498 4314 2597 4367 Dei
2648 4319 2704 4367 et
2752 4331 2911 4383 spem
2970 4316 3174 4368 futura:
3204 4313 3603 4368 conversionis

1946 4403 2324 4471 exstinxerat,
2357 4403 2746 4473 quadraginta
2777 4404 2901 4457 dies
2934 4404 2993 4457 in
3021 4420 3167 4472 pane
3198 4408 3255 4457 et
3283 4420 3432 4473 aqua
3478 4420 3599 4474 pce-

180 4491 513 4541 monstrare
553 4488 796 4557 rogabat
830 4488 878 4555 (l
898 4488 1048 4540 Petr.
1082 4496 1162 4555 ιι).
1188 4489 1314 4542 Post
1342 4485 1531 4556 plura.
1559 4487 1639 4540 Ex
1670 4486 1842 4540 corde
1875 4475 1919 4538 Ι)
1952 4491 2156 4545 niteat.

179 4574 340 4629 enim
376 4580 614 4629 cunctos
636 4574 917 4630 attentius
942 4575 1182 4630 invicem
1210 4575 1452 4646 diligere
1477 4574 1839 4643 insinuabat,

182 4665 447 4717 seniores
495 4664 779 4730 venerari,
816 4668 871 4718 et
904 4664 1171 4734 juniores
1219 4663 1481 4733 diligere,
1511 4664 1841 4733 episcopos,

180 4769 326 4807 suos
357 4754 694 4808 sacerdotes
724 4770 789 4807 ac
822 4757 1064 4807 cunctos
1096 4752 1353 4823 reliquos
1377 4750 1653 4806 Ecclesiae
1676 4752 1843 4805 mini-

180 4847 362 4911 stros,
387 4846 564 4912 atque
596 4858 830 4897 omnem
867 4842 1093 4913 plebem
1114 4841 1223 4896 sibi
1247 4840 1627 4895 commissam
1651 4840 1843 4895 verbis

180 4935 240 4987 et
273 4931 567 4985 mandatis
595 4930 807 4985 divinis
837 4931 1129 4985 instruere
1152 4934 1208 4984 et
1230 4945 1449 4995 amare,
1474 4928 1698 4999 hosque
1718 4945 1841 4982 om-

178 5037 284 5075 nes
317 5036 520 5075 eorum
548 5022 855 5090 episc0pos
879 5023 1001 5073 tota
1024 5018 1201 5073 animi
1227 5018 1439 5071 virtute
1465 5017 1707 5087 diligere
1732 5018 1841 5087 [di-

184 5109 370 5179 rigere
391 5108 581 5179 orig.],
608 5113 671 5161 ut
697 5107 895 5163 oculos
919 5125 1077 5174 suos,
1104 5108 1201 5177 qui
1236 5106 1387 5162 oculi
1421 5114 1555 5160 sunt
1583 5106 1841 5172 illorum,

189 5198 495 5269 praeceptis
544 5198 602 5250 in
656 5197 932 5251 omnibus
959 5196 1213 5262 obedire,
1248 5196 1421 5250 etiam
1456 5195 1501 5249 si
1532 5195 1642 5265 ipsi
1675 5194 1844 5249 aliter

186 5286 368 5357 (quod
414 5285 587 5354 absit)
632 5288 809 5357 agant
842 5301 1011 5353 quam
1045 5284 1246 5338 deceat
1269 5284 1315 5353 (l
1336 5288 1483 5339 Petr.
1510 5287 1584 5351 v),
1621 5299 1840 5338 memo-

257 5478 366 5548 (92)
400 5477 683 5548 Decerpta
714 5477 835 5532 haec
866 5476 1137 5531 videntur
1186 5493 1253 5532 ex
1304 5492 1530 5532 enarra.
1564 5477 1717 5534 Psal.
1753 5496 1841 5535 va

187 5553 256 5607 ad
290 5549 501 5607 versio.
526 5548 773 5605 Dormivi
802 5550 1182 5619 conturbatus,
1215 5552 1266 5603 ct
1293 5548 1599 5620 proximos.

1949 4610 2081 4663 CAP.
2121 4606 2242 4659 163.
2269 4636 2332 4645 —-
2365 4606 2435 4659 De
2463 4605 2759 4677 parricidis
2800 4610 2850 4660 et
2893 4608 3221 4677 fratricidis.
3255 4609 3339 4661 Ea:
3366 4606 3603 4662 concilio

2409 4676 2773 4745 Triburicnsi,
2807 4676 2924 4748 cap.
2961 4696 2991 4729 v
3021 4680 3151 4749 (9’1).

2023 4764 2349 4821 Statuimus
2383 4771 2446 4820 ut
2476 4765 2779 4836 parricida
2820 4772 2876 4821 et
2926 4767 3237 4821 lratricidm
3285 4784 3385 4837 per
3428 4768 3603 4822 unius

1953 4855 2091 4911 anni
2124 4854 2407 4910 circulum
2439 4858 2575 4908 ante
2605 4854 2758 4909 fores
2792 4855 3051 4912 etclesiaa
3090 4862 3320 4912 orantes
3375 4858 3600 4911 Domini

1952 4943 2339 5012 clementiam,
2362 4944 3067 5015 perseverent.Completo
3091 4945 3225 5000 anni
3261 4944 3479 4999 circulo
3512 4944 3604 4997 in-

1952 5034 2341 5087 troducantur
2386 5033 2440 5085 in
2490 5030 2821 5099 ecclesiam,
2862 5038 3059 5089 tamen
3112 5035 3264 5089 inter
3299 5034 3603 5089 audientes

1954 5137 2141 5191 usque
2172 5122 2313 5175 dum
2350 5122 2522 5176 unius
2557 5120 2694 5176 anni
2728 5122 2988 5193 spatium
3015 5123 3275 5192 finiatur,
3301 5127 3475 5179 stent.
3503 5122 3603 5176 llis

1952 5210 2034 5265 ita
2056 5209 2386 5279 peractis,si
2410 5209 2760 5280 poenitentiae
2784 5212 3009 5267 fructus
3030 5211 3090 5266 in
3114 5212 3197 5266 eis
3220 5211 3602 5279 conspicitur,

1952 5299 2211 5370 corporis
2233 5302 2289 5354 et
2309 5299 2616 5370 sanguinis
2640 5300 2865 5355 Domini
2892 5301 3202 5372 participes
3229 5301 3461 5368 ﬁant,ut
3486 5315 3600 5352 non

2025 5480 2137 5549 (93)
2160 5478 2293 5547 Cap.
2318 5479 2407 5542 27,
2435 5493 2595 5532 conc.
2623 5478 2845 5533 Worm.
2873 5478 2988 5533 fere
3013 5479 3099 5533 his
3121 5478 3311 5533 verbis
3336 5477 3567 5548 legitur.

2027 5552 2136 5621 (9.1)
2168 5550 2339 5605 Cone.
2379 5552 2623 5614 Worm.,
2648 5566 2695 5603 ο.
2723 5551 2813 5615 30,
2839 5549 2893 5603 id
2918 5550 3184 5604 habetur.
