3972 6064
408 244 514 298 739

1465 239 1558 316 ι).
1597 236 1840 291 ΠΟΝΙΒ
1876 236 2372 292 CARNOTENSIS
2405 237 2730 298 EPISOOPI

3725 245 3834 301 740

409 367 773 424 obdurentur
813 362 1236 434 desperatione.
1265 360 1509 414 Carnem
1545 377 1659 415 non
1693 361 2053 416 manducent
2082 364 2137 430 Α
2164 362 2394 417 duobus
2418 363 2607 433 juret;
2643 364 2692 419 si
2716 380 2942 432 servus,
2975 380 3154 435 super
3191 365 3496 422 duodecim
3547 383 3828 424 vomeres

407 455 684 511 omnibus
706 453 915 508 diebus
935 451 1059 504 vitae
1082 448 1343 513 illorum;
1361 448 1632 518 jejunent
1649 455 1843 504 autem
1865 467 2052 521 usque

411 546 484 600 ad
534 559 750 598 nonam
799 538 1078 611 quotidie,
1113 536 1364 606 exceptis
1411 537 1574 591 festis
1621 538 1830 592 diebus
1876 543 2052 609 atque

409 631 750 698 Dominicis,
773 629 1101 684 abstineant
1132 629 1325 679 autem
1359 642 1420 680 se
1451 642 1483 678 a
1513 627 1667 691 vino,
1695 627 1941 682 medone
1972 633 2051 682 at-

412 737 526 787 que
557 718 775 774 mellita
803 714 1058 779 cervisia,
1092 717 1211 767 tres
1257 713 1380 767 dies
1432 730 1532 784 per
1579 714 2048 784 hebdomadam;

413 824 577 863 arma
607 809 834 877 portare
866 818 978 856 non
1008 800 1282 865 audeant,
1309 800 1420 854 nisi
1453 806 1653 856 contra
1686 820 1962 873 paganos.
1987 805 2054 858 Et

404 896 740 962 ubicunque
760 891 842 944 ire
868 887 1370 957 maluerint,nullo
1385 889 1647 945 vehiculo
1661 891 2050 958 deducantur,

401 983 502 1036 sed
537 980 786 1051 pedibus
817 976 1069 1048 propriis
1104 981 1369 1047 pergant.
1403 979 1487 1030 Ab
1528 979 1828 1047 uxoribus,
1863 980 1912 1034 si
1948 981 2050 1034 ha-

394 1068 656 1133 buerint,
680 1083 795 1122 non
829 1069 1189 1136 separentur.
1215 1065 1472 1136 Tempus
1502 1073 1696 1122 autem
1725 1068 1906 1138 hujus
1929 1085 2047 1139 pcn-

395 1157 652 1213 nitentiaa
687 1156 745 1210 in
777 1155 1186 1226 episcoporum
1236 1155 1513 1224 ponimus
1563 1156 1821 1220 arbitrio,
1856 1163 1918 1211 ut
1960 1175 2050 1212 se-

389 1245 652 1300 cundum
685 1243 1187 1299 conversationem
1222 1241 1477 1314 illorum,
1513 1248 1613 1298 aut
1634 1245 1944 1300 extendere
1962 1246 2048 1300 vel

389 1334 658 1389 minuere
688 1332 942 1387 valeant.

389 1424 514 1479 CAP.
549 1423 670 1476 164.
706 1451 773 1461 -
805 1421 876 1474 De
907 1419 1104 1491 eadem?
1129 1434 1204 1473 re.
1249 1421 1335 1472 Ea;
1373 1419 1608 1474 concilio
1664 1421 2045 1491 Magontie-nsi,

757 1509 876 1562 cap.
911 1509 964 1544 χι
997 1490 1116 1561 (sub
1148 1492 1322 1544 Leone
1357 1492 1465 1560 IV.,
1489 1507 1536 1545 c.
1567 1492 1680 1554 20).

458 1581 845 1636 Parricidium
879 1583 1076 1633 autem
1113 1593 1287 1648 quam
1323 1578 1399 1632 sit
1424 1579 1768 1633 detestabile
1799 1579 2044 1648 crimen,

389 1671 448 1725 in
474 1670 698 1741 judicio
733 1669 880 1723 facto
913 1669 1067 1722 inter
1096 1667 1235 1722 Cain
1283 1671 1339 1720 et
1387 1666 1526 1721 Abel
1577 1669 1816 1722 fratrem
1867 1687 2042 1724 suum

2159 451 2446 506 ferventes
2477 469 2538 507 se
2571 458 2797 524 purget.
2819 454 3035 508 Eadem
3067 453 3158 509 lex
3187 455 3300 510 erit
3331 455 3540 512 marito
3573 473 3825 513 uxorem

2159 540 2481 596 accusanti.

2160 629 2294 684 CAP.
2333 630 2452 683 168.
2487 659 2554 668 —
2585 630 2657 684 De
2680 629 2872 684 eadem
2919 647 2997 686 re.
3029 632 3110 685 Ea:
3157 629 3395 686 concilio
3443 633 3818 701 Eliberitano,

2560 717 2678 771 cap.
2715 718 2890 756 Lxxxv
2921 701 3003 772 (in
3031 703 3402 774 fragmentis.)

2232 788 2291 843 Si
2325 788 2537 843 mulier
2565 805 2744 844 causa
2775 790 3175 847 fornicationis
3206 791 3485 847 maritum
3518 809 3705 849 suum
3736 795 3823 850 in-

2161 877 2453 932 terfecerit
2485 878 2742 947 [venena
2771 879 2956 949 orig],
2981 885 3083 934 aut
3113 896 3466 952 quacunque
3497 887 3625 938 arte
3658 884 3822 955 peri-

2161 982 2320 1020 mere
2353 965 2509 1032 facit,
2532 966 2670 1037 quia
2701 967 3007 1022 dominum
3041 972 3096 1023 et
3127 969 3418 1024 seniorem
3448 987 3628 1026 suum
3663 974 3821 1028 occi-

2161 1055 2267 1120 dit,
2301 1054 2580 1110 sasculum
2611 1055 2920 1126 relinquat,
2946 1061 3000 1112 et
3031 1056 3088 1111 in
3123 1059 3476 1114 monasterio
3509 1061 3818 1131 pmniteat.

2159 1162 2293 1217 CAP.
2334 1162 2454 1216 169.
2479 1192 2546 1201 —-
2568 1163 2641 1217 De
2658 1178 2828 1217 uxore
2857 1164 2916 1216 in
2945 1163 3140 1218 mariti
3159 1173 3386 1220 mortem
3416 1169 3814 1223 consentiente.

2233 1234 2314 1308 Ea:
2359 1233 2590 1288 concilio
2637 1234 2783 1308 apud
2838 1236 3162 1302 Vermerias,
3193 1252 3312 1307 cap.
3363 1237 3396 1290 3
3443 1237 3702 1308 (Legitur
3749 1241 3819 1294 ad

2229 1305 2432 1359 calcem
2459 1320 2607 1360 conc.
2645 1305 2800 1374 Eli.).

2228 1393 2339 1464 (13,
2373 1409 2429 1464 q.
2467 1395 2518 1462 1,
2551 1410 2600 1448 c.
2629 1393 2691 1447 Si
2720 1410 2824 1465 qua
2855 1394 3106 1465 mulier.)
3152 1394 3210 1450 Si
3259 1411 3378 1467 qua
3406 1395 3624 1452 mulier
3654 1415 3816 1454 mor-

2159 1486 2271 1538 tem
2305 1482 2408 1536 viri
2441 1481 2531 1536 sui
2566 1499 2700 1537 cum
2730 1482 2863 1538 aliis
2895 1482 3206 1538 conciliata
3223 1488 3333 1548 est,
3355 1483 3554 1556 etipse
3588 1485 3678 1540 vir
3708 1487 3814 1540 ali-

2157 1588 2329 1642 quem
2381 1570 2614 1626 illorum
2671 1589 2731 1626 se
2780 1573 3144 1627 defendendo
3189 1572 3487 1639 occiderit,
3516 1579 3572 1628 et
3620 1575 3668 1629 si
3704 1575 3812 1631 hoc

2156 1661 2402 1730 probare
2451 1665 2640 1731 potest
2667 1660 2764 1715 ille
2795 1660 2880 1714 vir
2909 1677 3036 1715 eam
3069 1677 3225 1716 ream
3257 1677 3385 1717 esse
3416 1662 3674 1728 consilii,
3709 1681 3808 1734 po-

389 1739 670 1814 Dominus
695 1759 818 1827 ipse
840 1756 1264 1821 ostendit,cum
1290 1755 1357 1809 ad
1384 1754 1520 1808 Cain
1547 1756 1897 1826 parricidam
1923 1757 2040 1813 ait:
2073 1739 2119 1803 Β
2152 1754 2266 1804 test
2289 1750 2376 1819 (ut
2397 1749 2564 1802 nobis
2587 1749 2835 1820 videtur)
2862 1749 3048 1819 ipsam
3077 1765 3314 1804 uxorem
3347 1750 3811 1823 dimittere.Ipsa

387 1847 720 1902 Maledirtus
747 1847 862 1901 eris
889 1860 1053 1915 super
1081 1851 1308 1911 terram,
1341 1859 1461 1914 qua:
1489 1847 1704 1914 aperuit
1750 1861 1806 1900 os
1853 1863 2036 1915 suum,

391 1940 440 1990 et
469 1937 703 2004 suscepit
730 1934 1060 2000 sanguinem
1087 1932 1291 2004 fratris
1328 1933 1410 1986 tui
1439 1933 1502 1987 de
1545 1950 1710 1987 manu
1758 1937 1872 1989 tua.
1907 1936 2042 1990 Cum

389 2031 641 2093 operatus
667 2023 842 2093 fueris
873 2031 1099 2089 terram,
1130 2037 1239 2074 non
1269 2020 1414 2074 dabit
1463 2022 1564 2075 tibi
1612 2025 1826 2091 fructus
1871 2041 1996 2080 suos
2018 2041 2040 2085 ,'

387 2120 438 2167 et
469 2127 635 2181 vagus
665 2120 716 2166 et
742 2113 1006 2182 profugus
1053 2111 1163 2163 eris
1211 2125 1378 2180 super
1418 2119 1621 2164 terram
1657 2111 1806 2176 (Gen.
1846 2113 1941 2183 ιν).
1978 2117 2038 2167 In

389 2217 503 2270 quo
536 2199 712 2254 etiam
748 2198 941 2269 posuit
971 2198 1207 2269 signum
1245 2203 1306 2251 ut
1337 2203 1596 2252 tremens
1625 2204 1683 2253 et
1715 2216 1954 2264 gemens
1987 2206 2043 2255 et

387 2288 675 2360 profugus
696 2288 912 2342 viveret
935 2303 1187 2358 semper,
1214 2302 1318 2340 nec
1344 2288 1581 2342 auderet
1606 2288 1837 2359 uspiam
1872 2289 2040 2344 sedes

387 2375 603 2431 habere
633 2375 865 2445 quietis.
887 2375 995 2430 Sed
1020 2375 1159 2445 quia
1193 2375 1488 2428 modernis
1519 2377 1884 2446 temporibus
1910 2394 2043 2449 par-

388 2465 582 2519 ricida:
606 2464 833 2535 profugi
867 2465 1209 2518 discurrunt
1241 2480 1343 2534 per
1372 2464 1599 2518 diversa
1621 2463 1766 2532 loca,
1793 2466 2042 2522 etvariis

384 2553 545 2608 vitiis
577 2557 752 2624 atque
774 2551 922 2624 gula:
946 2551 1234 2607 illecebris
1252 2552 1613 2616 deserviunt,
1635 2553 1846 2609 melius
1872 2555 2043 2610 nobis

380 2640 616 2695 videtur
647 2645 710 2695 ut
740 2641 797 2694 in
822 2639 1078 2695 unoloco
1098 2645 1400 2694 manentes
1421 2641 2047 2711 pmnitentiadistricta

390 2729 740 2799 semetipsos
771 2729 1082 2799 castigent,
1117 2728 1166 2782 si
1202 2730 1345 2784 forte
1377 2746 1410 2782 a
1443 2730 1669 2784 Domini
1713 2731 1926 2801 pietate
1956 2730 2044 2786 in-

397 2816 759 2889 dulgentiam
797 2817 1072 2871 facinoris
1101 2817 1189 2870 sui
1222 2817 1518 2888 percipere
1548 2819 2046 2874 mereantur.Non

402 2904 549 2960 enim
577 2905 663 2960 eis
692 2904 891 2959 licebit
921 2904 1078 2959 ultra
1110 2903 1331 2959 militiai
1362 2905 1661 2976 cingulum
1711 2923 1962 2977 sumere,
1993 2911 2050 2962 et

408 2992 631 3062 nuptiis
652 2998 828 3064 atque
843 2993 1099 3065 conjugii
1117 2993 1324 3064 copula
1342 2995 1422 3048 uti
1443 2993 1755 3065 [conjugiis
1768 2995 2048 3066 copulari,

2150 1844 2342 1893 autem
2379 1837 2710 1892 insidiatrix
2739 1839 3093 1909 poenitentiae
3126 1839 3412 1910 subjecta,
3437 1840 3666 1912 absque
3702 1857 3805 1913 spe

2151 1927 2406 1998 conjugii
2439 1931 2690 1981 maneat.

2149 2031 2284 2082 CAP.
2322 2027 2440 2080 170.
2475 2056 2543 2065 -—
2575 2027 2645 2079 De
2677 2007 2798 2092 hoc,
2830 2027 2880 2080 si
2905 2026 3094 2098 plures
3124 2043 3298 2080 unum
3329 2028 3808 2098 impugnaret-int.

2556 2099 2639 2152 Ex
2667 2099 2902 2152 concilio
2930 2097 3137 2161 eodem,
3163 2114 3282 2168 cap.
3315 2099 3407 2152 98.

2223 2186 2332 2252 (‘23,
2367 2201 2423 2256 q.
2456 2185 2511 2252 8,
2545 2203 2594 2240 c.
2628 2189 2692 2241 Si
2719 2191 2998 2257 quatuor.)
3029 2187 3086 2239 Si
3119 2192 3373 2256 quatuor
3403 2192 3504 2242 aut
3535 2187 3803 2258 quinque

2153 2274 2443 2342 homines,
2478 2290 2575 2328 seu
2620 2275 2794 2329 etiam
2831 2275 3028 2346 plures
3059 2284 3258 2330 contra
3290 2292 3472 2330 unum
3507 2275 3810 2332 hominem

2155 2363 2324 2417 rixati
2358 2363 2595 2427 fuerint,
2623 2368 2679 2418 et
2709 2366 2778 2418 ab
2807 2363 2899 2420 his
2928 2363 3276 2418 vulneratus
3309 2370 3582 2419 mortuus
3620 2365 3818 2434 fuerit,

2155 2453 2496 2523 quicunque
2541 2469 2742 2507 eorum
2795 2452 3027 2525 plagam
3060 2453 3109 2508 ei
3144 2453 3447 2523 imposuit,
3480 2455 3810 2509 secundum

2155 2546 2375 2596 statuta
2394 2557 2707 2606 canonum,
2745 2547 2809 2596 ut
2830 2541 3456 2611 homicidajudicetur;
3481 2542 3696 2613 reliqui
3717 2561 3786 2598 au
3802 2573 3818 2585 -

2156 2635 2272 2685 tem
2301 2631 2402 2701 qui
2426 2646 2560 2685 eum
2585 2631 3006 2702 impugnabant
3021 2631 3280 2686 volentes
3299 2647 3431 2686 eum
3457 2631 3818 2699 interficere,

2157 2719 2428 2775 similiter
2455 2720 2796 2791 pmniteant.
2831 2720 2936 2783 Qui
2970 2737 3103 2776 vero
3151 2736 3254 2775 nec
3309 2736 3445 2774 eum
3497 2719 3816 2792 impugna-

2157 2809 2318 2873 bant,
2380 2825 2484 2863 nec
2528 2808 2940 2877 vulnerabant,
2987 2824 3094 2862 nec
3143 2807 3388 2863 concilio
3438 2824 3542 2863 nec
3597 2808 3818 2864 auxilio

2159 2901 2559 2967 cooperatores
2589 2897 2846 2966 fuerunt,
2880 2898 2979 2952 sed
3026 2901 3258 2952 tantum
3301 2897 3616 2966 affuerunt,
3653 2902 3818 2953 extra

2160 3002 2368 3040 noxam
2403 2985 2545 3040 sint.

407 3084 594 3153 orig],
618 3081 757 3152 quia
778 3082 930 3137 sacri
963 3097 1218 3135 canones
1249 3082 1358 3134 hoc
1389 3081 1473 3136 eis
1503 3098 1616 3135 non
1651 3083 2046 3138 consentiunt.
2081 3104 2124 3170 ρ
2163 3083 2274 3138 CAP
2332 3083 2452 3170 1‘71.
2478 3084 2666 3170 :1an
2683 3082 2952 3166 .vindicta.
2977 3099 3085 3170 nep
3131 3081 3492 3170 prqbibeqda.
3525 3085 3632 3164 Ere.
3653 3082 3821 3138 dictis

407 3190 536 3244 CAP.
571 3189 695 3244 165.
730 3219 798 3228 —-
826 3190 899 3243 De
942 3188 1061 3242 illis
1111 3188 1215 3260 qui
1253 3190 1493 3253 infantes
1537 3204 1662 3242 suos
1709 3204 1818 3243 non
1865 3195 2056 3260 sponte

514 3261 872 3329 interﬁciunt.
903 3262 992 3312 Ex
1019 3259 1248 3314 concilio
1294 3260 1632 3313 Triburiensi
1659 3264 1798 3330 (cap.
1833 3259 1944 3330 53).

473 3348 530 3402 Si
559 3348 692 3418 quis
727 3347 908 3402 tilium
945 3363 1117 3402 suum
1152 3364 1267 3401 non
1301 3351 1508 3418 sponte
1539 3347 1836 3415 occiderit,
1883 3349 2055 3419 juxta

402 3435 720 3492 homicidia
751 3453 865 3490 non
899 3441 1107 3508 sponte
1139 3436 1456 3490 commissa
1486 3436 1783 3507 pmniteat.

400 3542 529 3598 CAP.
570 3544 686 3598 166.
722 3574 791 3583 —
821 3545 894 3597 De
925 3541 1030 3597 illo
1061 3543 1422 3614 quiruxorem
1455 3543 1757 3613 legitimam
1794 3544 1918 3598 sine
1953 3544 2052 3614 ju-

468 3614 610 3670 dicio
641 3614 1001 3684 interfecerit.
1037 3615 1116 3668 Ex
1145 3613 1376 3668 decretis
1407 3616 1498 3669 Pii
1525 3631 1704 3686 papw,
1738 3632 1856 3685 cap.
1888 3616 1978 3668 26.

473 3702 580 3772 (33,
621 3718 678 3773 q.
720 3703 774 3767 2,
830 3721 879 3757 c.
932 3703 1296 3773 Quicunque.)
1354 3702 1694 3771 Quicunque
1753 3704 2051 3774 propriam

398 3807 637 3846 uxorem
671 3791 885 3859 absque
917 3791 1062 3862 lege,
1085 3790 1171 3844 vel
1206 3791 1330 3845 sine
1362 3807 1541 3845 causa
1571 3798 1626 3845 et
1657 3796 1814 3846 certa
1838 3793 2049 3863 proba-

397 3877 554 3934 tione
586 3879 964 3948 interfecerit,
997 3879 1294 3949 aliamque
1325 3879 1554 3932 duxerit
1589 3881 2051 3946 uxorem,armis

397 3968 706 4039 depositis,
742 3969 1038 4040 publicam
1073 3971 1207 4039 agat
1237 3966 1663 4038 pmnitentiam.
1688 3968 1826 4022 Etsi
1852 3975 2051 4024 contu-

398 4075 528 4114 max
563 4059 764 4128 fuerit,
799 4064 857 4114 et
887 4059 1159 4130 episcopo
1207 4074 1313 4112 suo
1357 4057 1699 4113 inobediens
1732 4061 2047 4130 exstiterit,

399 4147 927 4202 anathematizetur
973 4161 1279 4216 quousque
1330 4146 1678 4201 consentiat.
1714 4148 1928 4202 Eadem
1959 4149 2050 4204 lex

398 4236 510 4290 erit
538 4235 622 4289 illi
658 4236 757 4306 qui
791 4235 1081 4291 seniorem
1115 4251 1289 4289 suum
1325 4234 1699 4290 interfecerit.

396 4326 530 4376 CAP.
569 4325 689 4378 167.
724 4354 792 4364 --
829 4329 903 4378 De
930 4323 1115 4378 eadem
1146 4339 1224 4378 re.
1368 4323 1607 4379 concilio
1666 4323 2046 4396 Magoniiensi,

1118 4411 1238 4448 can.
1313 4437 1325 4448 .

1118 4411 1238 4465 cap.
1279 4411 1325 4448 1.

2332 3155 2590 3224 Apostoli,
2626 3154 2975 3224 Hieronymi,
3021 3152 3334 3224 Augustini,
3371 3152 3650 3222 Gregorii.

2239 3249 2313 3296 De
2342 3243 2596 3297 vindicta
2631 3260 2744 3298 non
2774 3243 3135 3313 prohibenda
3166 3243 3223 3296 in
3252 3242 3406 3296 Novo
3437 3242 3816 3297 Testamento

2165 3331 2554 3402 Hieronymus
2594 3333 2680 3402 (in
2724 3331 2912 3387 Ezech.
2955 3331 3052 3386 lib.
3076 3349 3160 3399 ιιι,
3183 3331 3252 3384 ad
3272 3347 3320 3385 c.
3345 3332 3421 3398 ix)
3452 3331 3522 3385 de
3556 3330 3823 3400 personis

2164 3420 2358 3491 dignis
2390 3421 2458 3474 ad
2491 3421 2831 3487 vindictam,
2867 3421 2981 3475 ait:
3013 3443 3040 3470 «
3073 3419 3180 3484 Qui
3232 3419 3484 3490 percutit
3538 3419 3728 3474 malos
3762 3420 3817 3473 in

2163 3525 2228 3564 eo
2260 3510 2410 3579 quod
2450 3508 2587 3563 mali
2617 3515 2776 3574 sunt,
2810 3515 2864 3564 et
2895 3509 3072 3564 habet
3099 3524 3338 3563 causam
3385 3507 3821 3562 interfectionis

2165 3603 2229 3652 ut
2271 3599 2559 3669 percutiat
2606 3598 2919 3669 pessimos,
2955 3597 3225 3652 minister
3274 3598 3370 3652 Dei
3422 3600 3529 3652 est.
3559 3618 3588 3644 ››
3643 3600 3819 3652 Item:

2163 3710 2189 3736 ‹‹
2226 3687 2338 3741 Lex
2367 3691 2424 3740 et
2455 3685 2711 3741 ministri
2742 3687 2868 3754 ejus
2901 3693 3206 3742 coerceant
3253 3685 3526 3740 inimicos
3565 3689 3625 3740 et
3673 3701 3814 3740 eon-

2161 3777 2475 3847 stringant.
2512 3798 2538 3824 »
2591 3774 2905 3846 Apostolus
2937 3775 3164 3846 inquit:
3220 3775 3354 3845 Regi
3383 3760 3546 3845 quasi
3571 3775 3816 3844 prwcel-

2160 3864 2317 3930 lenti,
2351 3869 2399 3918 et
2429 3863 2658 3918 ducibus
2691 3872 2950 3934 tanquam
2981 3865 3047 3918 ab
3080 3879 3139 3918 eo
3172 3864 3356 3918 missis
3395 3861 3466 3916 ad
3513 3862 3819 3916 vindictam

2158 3955 2598 4024 male/actorum,
2621 3954 2842 4009 laudem
2874 3970 2996 4009 vero
3031 3955 3293 4008 bonorum
3318 3952 3362 4023 (I
3385 3955 3532 4006 Petr.
3561 3952 3646 4020 ιι).
3678 3952 3817 4006 Item

2159 4043 2549 4114 Hieronymus
2606 4042 2778 4112 (Hier.
2835 4042 2896 4096 in.
2941 4059 3055 4096 xxu
3106 4059 3153 4096 ιτ.
3211 4041 3414 4107 IIiere.,
3464 4039 3652 4095 statim
3711 4045 3823 4111 post

2151 4131 2534 4202 principium).
2558 4153 2586 4180 «
2623 4130 2958 4186 Homicidas
2978 4135 3033 4186 et
3052 4129 3368 4202 sacrilegos
3389 4132 3446 4184 et
3465 4129 3814 4184 venenarios

2160 4221 2364 4292 punire
2384 4237 2497 4274 non
2519 4225 2608 4274 est
2624 4221 2830 4275 effusio
2851 4220 3182 4291 sanguinis,
3205 4219 3305 4274 sed
3327 4217 3523 4289 legum
3550 4218 3818 4272 ministe-

2157 4307 2310 4361 rium
2363 4332 2385 4358 ι
2417 4310 2782 4378 Augustinus
2808 4306 2924 4361 ait:
2965 4329 2984 4356 ι
3013 4307 3146 4370 Qua:
3171 4306 3284 4362 ista
3313 4307 3813 4376 vanitas,parcere

2157 4396 2279 4461 uni,
2315 4401 2369 4450 et
2400 4411 2603 4450 omnes
2635 4395 2693 4448 in
2729 4395 3046 4450 discrimen
3081 4393 3418 4450 adducere?
3461 4393 3814 4448 Polluuntur

465 4481 522 4534 Si
556 4482 806 4538 maritus
839 4499 1096 4548 uxorem,
1130 4490 1232 4538 aut
1265 4499 1404 4539 uxor
1439 4487 1716 4540 maritum
1748 4485 2045 4543 interfece-
2074 4469 2119 4533 Ι)
2152 4485 2308 4538 enim
2350 4500 2554 4538 omnes
2587 4501 2701 4539 uno
2736 4489 3034 4556 peccante,
3061 4485 3218 4539 unde
3241 4492 3294 4538 et
3320 4483 3379 4538 in
3405 4483 3528 4554 lege
3550 4483 3812 4552 jubetur:

396 4567 490 4638 rit,
515 4571 1055 4642 aequumjudicium
1083 4571 1158 4627 sit
1176 4589 1353 4643 super
1373 4589 1492 4638 eos,
1517 4573 1746 4629 dicente
1770 4574 2044 4630 Domino:

392 4662 513 4713 Non
571 4660 882 4716 consideres
909 4677 1201 4731 personam
1228 4663 1507 4731 pauperis,
1541 4678 1639 4716 nec
1670 4663 1898 4718 honores
1927 4665 2046 4718 vul-

395 4757 515 4801 tum
540 4750 773 4818 potenlis
807 4753 949 4814 (Lev.
984 4754 1122 4819 xu).
1156 4751 1222 4803 Et
1270 4755 1398 4821 post
1447 4767 1634 4819 pauca
1683 4750 1764 4804 ita
1817 4751 2044 4822 inquit:

396 4837 636 4890 Parvum
660 4837 895 4892 audietis
917 4842 976 4891 ut
995 4855 1277 4907 magnum,
1302 4853 1401 4891 nec
1421 4841 1703 4908 accipietis
1723 4841 2047 4910 cujusquam

389 4941 707 4995 personam,
741 4928 868 4994 quia
903 4926 1295 4995 Deijudicium
1345 4930 1426 4979 est
1478 4927 1655 4996 (Deut.
1710 4930 1770 4997 1).
1828 4929 2046 4984 Idcirco

396 5019 640 5084 uterque
673 5030 875 5068 eorum
912 5014 967 5067 in
1002 5013 1406 5082 hujuscemodi
1439 5015 1701 5070 criminis
1735 5017 1980 5086 actione,
1999 5017 2046 5072 si

397 5103 712 5175 negaverit,
772 5103 894 5174 pari
945 5103 1170 5173 judicio
1229 5101 1610 5158 examinetur.
1651 5105 1708 5157 Si
1753 5107 2047 5176 negaverit

393 5196 449 5246 et
481 5208 591 5245 non
622 5197 811 5263 potest
840 5191 989 5246 vinci
1019 5189 1347 5245 manifestis
1372 5190 1639 5258 indiciis;
1678 5193 1725 5246 si
1758 5192 1903 5248 liber
1931 5201 2044 5262 est,

384 5283 549 5352 juret
581 5298 714 5335 cum
750 5280 1098 5348 duodecim;
1144 5280 1190 5334 si
1226 5296 1450 5348 servus,
1487 5281 1728 5334 ferventi
1786 5284 1935 5338 ferro
1983 5301 2046 5339 se

395 5375 623 5442 purget.
658 5371 759 5426 Sin
793 5376 988 5425 autem
1025 5369 1296 5436 moriens,
1332 5368 1609 5421 maritum
1647 5385 1761 5422 uno
1790 5369 1877 5424 vel
1909 5373 2047 5427 duo-

393 5457 504 5510 bus
535 5458 910 5513 audientibus
950 5459 1020 5512 de
1074 5462 1259 5511 morte
1309 5456 1436 5525 ejus
1487 5455 1892 5528 inculpaverit,
1930 5478 2042 5514 non

393 5543 520 5599 ideo
552 5547 659 5600 erit
688 5548 898 5614 victus,
933 5546 1034 5622 sed
1086 5546 1134 5602 si
1183 5545 1328 5601 liber
1356 5549 1463 5615 est,
1500 5561 1633 5600 cum
1669 5550 2044 5618 septuaginta

2158 4573 2425 4642 Male/iens
2446 4589 2553 4628 non
2575 4575 2814 4644 patiaris
2835 4573 3230 4645 vivere(Exod.
3272 4572 3432 4643 χχιι).
3472 4571 3637 4626 Unde
3687 4587 3815 4642 pro-

2162 4662 2353 4732 pheta:
2381 4662 2814 4718 Mortificabant
2835 4663 3066 4718 animos
3089 4679 3214 4735 quae
3239 4677 3355 4716 non
3379 4660 3640 4715 vivunt.»
3656 4659 3814 4716 Unde

2159 4751 2512 4822 Gregorius:
2549 4773 2570 4803 (ι
2609 4753 2732 4806 Νοιι
2793 4752 3140 4806 morientem
3200 4751 3417 4822 quippe
3476 4748 3810 4812 mortificat,

2159 4841 2255 4911 qui
2273 4842 2499 4910 justum
2535 4842 2808 4907 damnat;
2835 4845 3028 4894 etnon
3053 4841 3344 4894 victurum
3369 4836 3664 4891 viviﬁcare
3685 4836 3811 4890 niti-

2159 4932 2272 4996 tur,
2309 4928 2406 4997 qui
2441 4945 2599 4981 reum
2635 4945 2666 4980 a
2696 4927 2990 4998 supplicio
3022 4926 3245 4981 solvere
3287 4930 3550 4980 conatur.
3584 4946 3612 4971 »
3663 4923 3813 4978 Elias

2160 5033 2409 5086 namque
2443 5016 2657 5070 multos
2689 5017 2877 5070 affecit
2910 5022 3096 5069 morte
3133 5015 3363 5085 propria
3394 5029 3574 5067 manu
3601 5029 3739 5067 nece
3759 5015 3812 5066 et

2157 5105 2290 5176 igne
2317 5105 2598 5159 divinitus
2632 5105 2915 5174 inspirato
2957 5107 3057 5171 (III
3097 5106 3223 5174 Reg.
3262 5119 3397 5157 xvm
3426 5121 3438 5167 ;
3475 5102 3561 5156 IV.
3595 5102 3716 5170 Reg.
3751 5099 3806 5167 ι).

2160 5197 2218 5248 In
2251 5195 2406 5248 Novo
2439 5196 2613 5247 etiam
2648 5194 3025 5248 Testamento
3056 5194 3257 5247 Petrus
3273 5189 3563 5245 Ananiam
3589 5194 3648 5243 et
3668 5189 3804 5258 Sap-

2156 5283 2387 5355 phiram
2425 5281 2674 5335 terrifice
2709 5281 2977 5336 multavit
3007 5283 3145 5352 (Act.
3181 5281 3257 5351 v).

2155 5390 2290 5444 CAP.
2328 5389 2449 5442 472.
2476 5419 2540 5428 -
2568 5390 2638 5442 De
2668 5386 2791 5442 illis
2812 5389 2906 5458 qui
2926 5389 2988 5442 in
3008 5386 3388 5458 confractione
3415 5383 3704 5440 idolorum
3724 5398 3800 5438 oc-

2261 5459 2362 5512 cisi
2390 5459 2622 5528 fuerint.
2656 5461 2738 5513 Ex
2765 5460 3000 5516 concilio
3043 5458 3411 5523 Eliberitano,
3447 5471 3566 5526 cap.
3600 5472 3690 5510 Lx.

2224 5548 2281 5604 Si
2314 5550 2448 5619 quis
2476 5549 2630 5605 idola
2661 5548 2918 5620 fregerit,
2952 5553 3009 5603 et
3036 5547 3256 5604 ibidem
3304 5545 3534 5603 occisus
3573 5542 3751 5600 fuerit
3779 5555 3792 5595 :
