4002 6054
117 284 229 340 741

1065 284 1376 338 DECRETI
1415 283 1601 337 PARS
1640 283 1712 335 Χ.
1749 308 1819 321 -—
1850 282 1946 335 DE
1985 282 2403 355 HOMICIDIIS,
2445 285 2601 339 ETC.

3433 289 3542 343 742

117 407 267 479 quia
298 406 356 461 in
379 402 711 475 Evangeliis
742 401 1028 473 scriptum
1063 420 1177 458 non
1210 407 1318 467 est,
1343 402 1780 473 nequeinveni-
1808 404 1863 468 Α
1894 401 2066 457 batur
2117 404 2161 471 (Ι
2194 407 2344 460 Petr.
2389 423 2450 472 ιι,
2499 406 2611 476 23).
2666 406 2727 459 Et
2791 423 2915 477 ipse
2964 406 3022 461 in
3074 407 3382 479 Evengelio
3434 428 3542 467 suo

119 502 222 552 tur
253 496 367 549 sub
398 491 680 563 apostolis
705 508 963 562 unquam
988 493 1227 557 factum,
1256 490 1473 563 placuit
1495 492 1553 545 in
1576 506 1783 545 nume-

120 601 260 641 rum
294 599 429 638 eum
464 598 576 636 non
612 579 816 650 recipit
848 586 1199 651 martyrum.

118 694 254 749 CAP.
290 691 413 745 173.
446 718 513 728 -
538 689 607 742 De
636 704 695 742 eo
729 688 826 756 qui
854 697 1085 743 matrem
1112 703 1271 741 suam
1324 686 1599 752 occiderit,
1660 702 1788 755 qua-

201 764 339 818 liter
367 759 627 831 paenitere
651 758 860 813 debeat.
883 829 889 831 Α
916 760 999 812 Ex
1029 760 1189 828 epist.
1243 758 1461 811 Nicolai
1504 771 1671 831 papae
1717 757 1788 831 ad

197 828 546 902 Radulphum
602 840 811 886 sanctae
858 829 1141 897 Argenlew
1218 831 1466 884 Relensis
1532 828 1789 883 Ecclesiae

197 907 541 976 episcopum.

199 992 479 1049 Nicolaus
505 988 834 1060 episcopus,
868 1004 1072 1043 servus
1115 1004 1412 1043 servorum
1446 986 1570 1055 Dei,
1631 1003 1788 1042 reve-

125 1080 486 1138 rendissimo
501 1082 555 1133 et
569 1076 944 1132 sanctissimo
961 1077 1079 1130 Rad
1092 1076 1268 1147 ulpho
1287 1076 1559 1147 episcopo
1576 1080 1790 1131 sancta:

122 1175 430 1243 Argenteas
483 1166 752 1222 Retensis
818 1165 1119 1221 Ecclesiae.
1173 1166 1323 1220 Dum
1376 1166 1447 1220 de
1500 1164 1791 1220 universis

130 1259 345 1315 mundi
376 1257 644 1330 partibus
672 1255 1037 1310 credentium
1068 1255 1303 1327 agmina
1332 1255 1622 1326 Principis
1650 1271 1792 1325 apo-

123 1348 415 1404 stolorum
449 1344 754 1400 liminibus
788 1347 1123 1415 properant,
1158 1344 1399 1413 quidam
1434 1344 1521 1398 vir
1556 1344 1793 1399 nomine

123 1435 458 1502 Thiothart,
481 1432 658 1498 venit,
684 1436 888 1486 vestrae
924 1431 1307 1486 beatitudinis
1357 1431 1667 1502 epistolam
1691 1448 1793 1503 ge-

128 1542 291 1593 rens,
324 1539 499 1595 quam
532 1525 731 1577 nostro
764 1519 1012 1575 contulit
1040 1519 1404 1590 praesulatui,
1434 1520 1603 1589 cujus
1628 1520 1790 1591 pagi-

130 1629 272 1667 nam
307 1610 667 1682 perlegentes
708 1606 1078 1663 matricidam
1131 1606 1293 1661 illum
1344 1623 1471 1662 esse
1522 1607 1792 1678 cognovi-

132 1718 292 1756 mus.
324 1700 489 1764 Quod
512 1699 662 1753 facto
695 1696 896 1752 multis
938 1695 1173 1751 fletibus
1222 1694 1613 1768 laerymisque
1659 1713 1792 1767 pro-

133 1789 290 1845 fusis
302 1788 470 1843 valde
487 1786 804 1842 doluimus.
834 1784 1054 1839 Idcirco
1080 1784 1474 1856 prmcipimus,
1489 1789 1544 1838 et
1556 1788 1795 1838 Patrum

136 1878 395 1934 aliorum
419 1876 685 1931 censuris
704 1873 1045 1938 statuimus,
1070 1878 1133 1926 ut
1150 1872 1261 1926 sub
1285 1872 1793 1943 pmnitentiaejugo

134 1968 501 2038 permaneat,
534 1963 617 2017 ita
647 1967 710 2017 ut
739 1978 922 2017 unum
957 1978 1057 2031 per
1093 1977 1312 2014 annum
1336 1959 1642 2015 ecclesiam
1680 1977 1793 2014 non

135 2053 527 2127 ingrediatur,
560 2052 660 2107 sed
696 2054 828 2105 ante
852 2050 1002 2104 fores
1026 2048 1276 2103 basilicae
1302 2066 1475 2103 orans
1499 2066 1565 2103 ac
1589 2049 1794 2119 depre-

132 2160 280 2199 cans
312 2142 627 2197 Dominum
664 2143 1007 2210 perseveret,
1035 2136 1291 2208 qualiter
1319 2142 1481 2192 tanto
1514 2136 1796 2208 eripiatur

139 2230 394 2303 piaculo.
425 2228 724 2298 Completo
758 2243 889 2281 vero
921 2226 1058 2280 anni
1093 2224 1333 2296 circulo,
1368 2225 1704 2281 introeundi
1736 2225 1795 2280 in

141 2319 453 2376 ecclesiam
480 2317 693 2372 haheat
730 2314 1051 2379 licentiam,
1077 2318 1274 2368 tamen
1313 2314 1462 2368 inter
1482 2314 1787 2369 audientes

134 2414 254 2465 stet
276 2412 331 2463 et
356 2407 615 2461 nondum
640 2401 1377 2473 communicet.Completis
1399 2407 1593 2457 autem
1616 2402 1794 2457 trium

134 2512 427 2552 annorum
460 2493 711 2560 circulis,
744 2508 923 2546 sacrze
980 2490 1415 2547 communionis
1472 2489 1557 2544 illi
1602 2490 1791 2562 gratia

128 2584 508 2650 concedatur,
541 2581 877 2637 oblationes
902 2595 1036 2634 vero
1068 2596 1182 2634 non
1217 2579 1443 2645 offerat,
1478 2579 1589 2634 nisi
1632 2583 1795 2650 post-

133 2689 317 2744 quam
352 2671 599 2727 aliorum
635 2674 857 2740 septem
892 2684 1181 2723 annorum
1209 2666 1503 2721 curricula
1524 2667 1794 2737 explean-

136 2767 255 2817 tur.
291 2766 352 2816 In
387 2760 479 2815 his
515 2763 711 2815 autem
743 2757 1021 2813 omnibus
1044 2756 1213 2811 annis
1231 2762 1406 2826 atque
1428 2757 1793 2827 temporibus

143 2865 379 2906 carnem
414 2865 526 2903 non
560 2847 898 2911 manducet,
932 2861 1036 2900 nec
1064 2844 1269 2899 vinum
1322 2845 1518 2899 bibere
1572 2861 1794 2915 praesu-

139 2944 282 3005 mat,
316 2936 572 3008 exceptis
601 2935 764 2990 festis
819 2934 1026 2989 diebus
1067 2938 1243 3003 atque
1292 2932 1638 3002 Dominicis,
1680 2939 1736 2987 et
1763 2950 1796 2988 a

139 3027 363 3082 Pascha
395 3042 579 3096 usque
613 3024 683 3078 ad
709 3024 1111 3087 Pentecosten,
1136 3028 1193 3077 et
1214 3037 1565 3093 quocunque
1588 3022 1672 3077 ire
1698 3038 1793 3076 vo-

137 3116 333 3182 luerit,
368 3113 527 3169 nullo
562 3112 827 3168 vehiculo
851 3112 1194 3202 deducatur,
1220 3111 1319 3167 sed
1347 3111 1595 3182 pedibus
1620 3110 1795 3202 proﬁ-
1827 3133 1871 3202 ο

142 3205 420 3268 ciscatur,
453 3219 617 3258 arma
644 3218 757 3257 non
790 3204 989 3255 sumat
1012 3199 1125 3255 nisi
1156 3204 1354 3254 contra
1387 3216 1667 3270 paganos.
1698 3200 1795 3254 Je-

134 3296 310 3363 junet
335 3297 529 3346 autem
555 3295 674 3345 tres
707 3289 829 3344 dies
879 3306 980 3359 per
1033 3288 1464 3344 hebdomadam
1508 3306 1696 3359 usque
1727 3288 1798 3343 ad

139 3396 447 3451 vesperum
475 3395 487 3434 :
529 3395 562 3433 ιι
593 3378 831 3449 propria
864 3376 1101 3448 quidem
1133 3394 1199 3433 ac
1230 3377 1493 3449 legitima
1524 3394 1632 3432 sua
1661 3393 1799 3431 con-

137 3469 281 3539 juge
317 3483 433 3521 non
468 3478 793 3537 separetur,
828 3483 897 3521 ne
929 3465 987 3519 in
1022 3464 1421 3520 fornicationis
1463 3466 1801 3536 voraginem

146 3560 402 3620 corruat,
435 3556 589 3625 quod
620 3571 690 3610 ne
711 3555 1129 3625 fiatoptamus.
1164 3554 1223 3609 Si
1242 3560 1439 3609 autem
1466 3561 1599 3608 ante
1623 3556 1802 3607 trium

146 3660 437 3700 annorum
462 3659 699 3698 cursum
730 3642 865 3696 ﬁnis
891 3642 1017 3696 vitae
1042 3642 1201 3697 illius
1225 3642 1802 3713 appropinquaverit,

147 3732 407 3803 corporis
438 3736 495 3786 et
543 3731 852 3801 sanguinis
895 3731 1122 3785 Domini
1164 3731 1347 3786 nostri
1396 3731 1534 3785 Jesu
1583 3730 1803 3785 Christi

153 3822 451 3892 particeps
482 3820 601 3875 fiat.
635 3821 732 3874 Sin
768 3825 982 3886 autem,
1016 3825 1082 3873 ut
1104 3836 1281 3890 supra
1304 3820 1643 3887 statuimus,
1676 3820 1804 3872 effi-

154 3912 381 3977 ciatur;
416 3914 607 3963 tamen
644 3910 691 3962 si
718 3907 877 3962 illius
901 3909 1401 3962 conversationem
1435 3914 1491 3963 et
1522 3908 1805 3978 lacryma-

150 4015 276 4053 rum
300 3998 521 4052 fontem
544 3998 601 4051 in
626 3998 904 4051 omnibus
924 3997 1187 4051 videritis
1210 3997 1434 4051 floridis
1449 3995 1803 4059 actionibus,

148 4092 204 4141 et
236 4086 477 4157 Optimis
509 4086 783 4156 operibus
817 4084 1469 4156 pullulare,humanius
1493 4085 1646 4139 circa
1670 4101 1802 4139 eum

146 4180 344 4231 vestra
377 4174 707 4229 sollicitudo
742 4174 984 4245 pervigil
1020 4180 1316 4244 appareat,
1352 4175 1623 4244 mitisque
1678 4190 1807 4227 om-

152 4264 330 4318 nibus
364 4264 820 4318 demonstretur.
855 4266 1134 4333 Optamus
1156 4278 1258 4316 vos
1311 4263 1368 4316 in
1401 4263 1631 4317 Christo
1662 4264 1809 4317 bene

162 4352 377 4407 valere.

158 4462 294 4513 CAP.
334 4458 451 4512 174.
484 4488 551 4496 -—
586 4457 647 4513 Ut
667 4458 899 4511 clericus
948 4458 1044 4527 qui
1095 4456 1457 4512 homicidium
1507 4458 1696 4521 fecerit
1741 4461 1809 4513 ab

227 4529 425 4584 ordine
444 4544 655 4582 cessare
682 4538 931 4596 cogatur.
964 4531 1046 4582 Ea:
1074 4530 1305 4584 concilio
1338 4530 1677 4584 Triburiensi
1717 4532 1811 4585 cui

231 4603 490 4670 inter/uit
520 4601 789 4671 Arnulfus
819 4616 941 4667 rex,
970 4616 1089 4670 cap.
1124 4603 1214 4654 11.

232 4689 290 4742 Si
317 4688 451 4760 quis
483 4688 731 4744 clericus
764 4688 1032 4757 quamvis
1064 4689 1312 4743 nimium
1346 4694 1606 4752 coactus,
1629 4690 1811 4744 homi-

161 4777 380 4832 cidium
414 4777 633 4845 fecerit,
666 4777 785 4832 sive
803 4778 879 4833 sit
901 4778 1223 4847 presbyter,
1246 4777 1367 4833 sive
1391 4778 1696 4845 diaconus,
1714 4781 1813 4834 de-

160 4869 435 4936 ponatur.
470 4865 743 4936 Legimus
773 4865 830 4920 in
865 4866 1189 4921 canonibus
1234 4866 1627 4936 apostolorum
1659 4869 1812 4937 quod

159 4956 493 5026 episcopus,
530 4955 856 5026 presbyter,
885 4962 941 5011 et
972 4957 1254 5011 diaconus
1305 4955 1401 5024 qui
1454 4956 1511 5008 in
1566 4956 1815 5010 fornica-

161 5045 317 5098 tione
348 5049 447 5097 aut
478 5045 758 5114 perjuriu,
794 5049 895 5098 aut
918 5045 1069 5099 furto
1094 5051 1299 5116 captus
1330 5049 1439 5113 est,
1465 5046 1817 5115 deponatur,

160 5136 385 5201 quanto
420 5133 608 5201 magis
640 5132 689 5187 is
722 5134 822 5203 qui
858 5134 960 5187 hoc
992 5134 1247 5188 immane
1281 5132 1474 5189 scelus
1508 5134 1712 5188 fecerit
1746 5136 1815 5187 ab

166 5221 371 5275 ordine
404 5238 626 5275 cessare
658 5221 933 5276 debebit?
960 5222 1066 5283 Qui
1114 5222 1268 5276 enim
1300 5221 1593 5276 Christum
1651 5222 1819 5292 sequi

168 5309 480 5375 desiderat,
516 5310 687 5364 debet
718 5311 870 5365 sicut
900 5309 997 5364 ille
1024 5310 1365 5375 ambulavit,
1400 5316 1456 5366 et
1507 5312 1632 5382 ipse
1690 5328 1820 5365 am-

172 5398 376 5453 bulare
431 5400 479 5464 (I
532 5400 688 5454 Joan.
750 5415 811 5467 ιι,
870 5400 946 5466 6).
1008 5398 1115 5461 Qui
1172 5416 1307 5454 cum
1350 5400 1819 5470 malediceretur,

176 5504 292 5542 non
325 5485 732 5555 maledicebat,
766 5504 899 5542 cum
960 5491 1357 5557 percuteretur
1388 5506 1498 5543 non
1549 5505 1824 5559 repercu-

176 5578 378 5644 tiebat,
414 5592 549 5631 cum
584 5593 686 5648 pro
747 5578 916 5633 nobis
975 5580 1268 5646 pateretur
1321 5593 1436 5632 non
1496 5578 1823 5635 commina-

1897 493 2172 562 prsacepit
2192 512 2213 547 .·
2239 496 2306 548 ,ςί
2331 496 2453 565 quis
2482 498 2533 549 le
2557 497 2893 565 percusserit
2924 498 2980 549 in
3014 512 3191 551 unam
3215 500 3538 568 maxillam,

1893 581 2077 649 praebe
2108 581 2207 635 illi
2234 585 2285 636 et
2315 584 2549 637 alteram
2578 585 2731 651 (Luc.
2765 600 2840 651 v1,
2872 585 2984 653 29).
3018 583 3139 639 Non
3173 585 3330 640 enim
3364 588 3540 643 debe-

1898 684 2034 723 mus
2063 671 2349 737 occidere,
2376 688 2508 725 cum
2546 672 2826 727 Dominus
2857 672 3049 727 dicat:
3108 673 3354 729 Audistis
3411 678 3542 745 quia

1896 756 2101 812 dictum
2131 767 2208 813 est
2235 762 2486 830 antiquis
2508 777 2526 819 .·
2557 761 2668 814 Non
2701 760 2947 815 occides:
3002 763 3108 829 Qui
3162 767 3343 818 autem
3398 767 3542 819 occi-

1900 846 2068 912 derit,
2102 863 2223 902 reus
2252 850 2360 903 erit
2382 849 2609 918 judicio.
2642 851 2749 917 Ego
2776 853 2963 903 autem
2995 850 3131 915 dico,
3183 855 3313 921 quia
3363 854 3544 909 omnis

1898 936 1996 1005 qui
2024 936 2289 990 irascitur
2315 938 2485 1008 fratri
2512 954 2634 1002 suo,
2667 953 2791 991 reus
2819 940 2925 993 erit
2947 938 3161 1008 judicio
3220 940 3430 1009 (Matth.
3489 959 3541 1009 v,

1898 1024 1988 1090 21,
2020 1024 2130 1095 22).
2166 1025 2281 1082 Nec
2314 1024 2534 1079 malum
2568 1042 2670 1097 pro
2725 1025 2878 1080 malo
2926 1028 3185 1095 reddere,
3236 1030 3336 1082 sed
3390 1030 3545 1084 sicut

1898 1113 2212 1182 Apostolus
2245 1114 2521 1168 Romanis
2552 1113 2817 1168 scribens
2851 1113 2970 1168 ait:
3000 1116 3123 1169 Noli
3144 1117 3351 1170 vincia
3372 1119 3538 1185 malo,

1900 1201 1992 1255 sed
2022 1202 2178 1257 vince
2209 1204 2267 1257 in
2298 1203 2430 1257 bono
2462 1203 2673 1256 malum
2703 1204 2875 1272 (Rom.
2911 1203 3000 1268 l2,
3032 1204 3144 1273 2i).
3178 1203 3234 1257 Si
3265 1206 3396 1274 quis
3427 1205 3540 1261 cle-

1900 1289 2148 1346 ricorurn
2170 1308 2427 1361 praesens
2446 1293 2556 1347 erit
2578 1292 2676 1346 ubi
2701 1291 3088 1346 homicidium
3112 1294 3326 1348 factum
3348 1295 3544 1365 fuerit,

1902 1384 1958 1432 et
1987 1396 2176 1451 neque
2194 1396 2505 1450 consensu,
2522 1396 2709 1449 neque
2732 1379 3027 1446 consultu,
3054 1397 3242 1451 neque
3264 1382 3324 1437 in
3348 1383 3544 1456 aliquo

1902 1466 2207 1523 homicidii
2239 1476 2401 1523 reatu
2435 1468 2696 1540 pollutus
2728 1485 2857 1524 esse
2889 1469 3278 1539 convincitur,
3304 1471 3451 1525 nihil
3496 1474 3548 1527 ei

1903 1556 2059 1611 obsit
2089 1556 2232 1627 quin
2266 1564 2644 1612 consecratus
2688 1558 2746 1611 in
2798 1559 2979 1629 gradu
3035 1565 3397 1629 permaneat,
3431 1579 3549 1616 non

1904 1650 2300 1713 consecratus,
2335 1647 2383 1700 si
2417 1645 2561 1701 alias
2590 1646 2806 1717 dignus
2830 1648 2928 1713 sit,
2963 1652 3265 1718 promotus
3288 1650 3544 1705 accedat.

1829 1776 1874 1839 B
1904 1763 2037 1839 Car.
2071 1760 2191 1839 175.
2224 1791 2293 1801 -
2324 1761 2396 1839 De
2426 1776 2485 1815 eo
2517 1762 2565 1839 si
2595 1760 2728 1839 quis.
2764 1761 2819 1815 in
2860 1760 3023 1839 [taste
3046 1767 3546 1839 Acontragpagauos

1974 1831 2249 1886 dimicans
2278 1832 2557 1901 mter/cci!
2583 1834 2817 1900 captivos
2848 1833 3204 1888 Christianos.
3235 1831 3319 1889 ex
3364 1837 3547 1890 eodem

1973 1919 2121 1957 conc.
2155 1905 2247 1957 cui
2278 1905 2534 1972 inter/uit
2564 1904 2759 1957 Amul.
2791 1920 2911 1970 rex,
2943 1921 3061 1974 cap.
3103 1905 3191 1957 34.

1974 2001 2135 2072 Saepe
2166 2002 2230 2054 ﬁt
2261 2002 2505 2056 victoria
2558 2001 3047 2067 Christianorum,
3081 2002 3233 2056 victa
3278 2009 3367 2057 est
3416 2020 3551 2073 pars

1904 2105 2291 2159 paganorum.
2327 2091 2515 2153 Quare
2547 2091 2593 2145 si
2630 2107 2747 2144 una
2779 2106 2911 2143 cum
2938 2091 3260 2146 interfectis
3312 2092 3550 2163 paganis

1904 2180 2186 2249 perempti
2218 2180 2433 2233 fuerint
2463 2178 2779 2233 Christiani
2812 2178 3021 2248 captivi
3049 2197 3081 2233 a
3104 2180 3390 2246 barbaris,
3416 2182 3555 2250 quia

1904 2266 2123 2336 impetu
2144 2266 2277 2321 belli
2298 2272 2597 2337 nequeunt
2614 2266 2916 2337 distingui.
2942 2268 3159 2322 Idcirco
3182 2270 3407 2338 justum
3422 2285 3552 2324 esse

1906 2356 2284 2410 decernentes
2316 2357 2639 2410 statuimus
2670 2372 2803 2409 cum
2828 2355 3306 2411 interfectoribus
3330 2358 3557 2411 miseri-

1906 2446 2142 2498 cordius
2175 2445 2490 2515 agendum,
2525 2444 2603 2497 ita
2636 2449 2699 2497 ut
2730 2445 2797 2496 40
2829 2444 3040 2498 diebus
3074 2446 3425 2515 pmnitentiie
3462 2446 3573 2499 in-'

1905 2532 2247 2602 dulgentius
2277 2533 2610 2597 transactis,
2632 2547 2808 2602 penes
2833 2533 3174 2602 episcopum
3199 2534 3276 2587 sit
3305 2534 3556 2588 auctori-

1904 2624 1993 2675 tas
2026 2628 2081 2675 et
2111 2624 2392 2691 potestas,
2429 2625 2491 2674 ut
2511 2621 2833 2691 perpendat
2856 2620 3088 2691 culpam
3116 2626 3173 2674 et
3196 2627 3330 2692 agat
3351 2623 3553 2676 indul-

1904 2710 2185 2781 gentiam.

1907 2824 2038 2879 CAP.
2076 2823 2196 2876 176.
2228 2854 2297 2864 ~—-
2328 2824 2400 2878 De
2429 2840 2488 2878 eo
2518 2824 2614 2893 qui
2644 2822 3020 2877 Christianum
3051 2822 3399 2892 mancipium
3463 2840 3549 2878 se-

1974 2895 2299 2957 duxerit.“
2348 2895 2425 2947 sic
2478 2893 2808 2950 vendiderit.
2872 2896 2953 2949 Ea:
3000 2911 3146 2948 conc.
3211 2895 3355 2964 apud
3414 2895 3550 2948 Con-

1974 2968 2295 3092 ﬂéieiztiam‘,7
2312 2969 2403 3020 cui
2434 2966 2807 3037 interfuerunt
2836 2968 3108 3020 Henricus
3130 2969 3181 3021 et
3205 2964 3438 3021 Carolus
3464 2982 3552 3021 re-

1974 3055 2004 3092 a
2038 3055 2084 3092 s.
2116 3054 2234 3092 can.
2304 3077 2316 3091 .

1973 3054 2084 3108 ges,
2116 3054 2234 3107 cap.
2274 3054 2316 3091 ι.

1982 3128 2124 3180 Item
2157 3124 2575 3193 interrogatum
2608 3129 2717 3193 est,
2752 3126 2893 3195 quid
2930 3126 3000 3181 de
3028 3140 3095 3179 eo
3129 3125 3459 3180 faciendum
3481 3125 3559 3180 sit

1909 3214 2008 3286 qui
2025 3214 2421 3268 Christianum
2439 3213 2734 3268 hominem
2765 3214 3085 3279 seduxerit,
3102 3219 3157 3268 et
3181 3214 3264 3269 sic
3286 3215 3562 3269 vendide-

1911 3305 2005 3358 rit.
2032 3303 2518 3373 Responsumque
2550 3306 2638 3356 est
2669 3304 2739 3356 ab
2770 3302 3067 3366 omnibus,
3104 3303 3407 3358 homicidii
3431 3319 3561 3358 rea-

1910 3398 2037 3447 tum
2071 3392 2264 3463 ipsum
2299 3390 2597 3445 hominem
2629 3390 2741 3445 sibi
2777 3391 3145 3445 contrahere.

1909 3508 2042 3563 CAP.
2080 3508 2201 3560 177.
2256 3538 2321 3545 —
2379 3506 2451 3559 De
2477 3505 2804 3575 poenitentia
2848 3506 2967 3574 ejus
3024 3508 3119 3576 qui
3177 3505 3562 3574 lralricidium

1979 3580 2197 3648 fecerit.
2252 3578 2573 3630 Alexander
2611 3578 2678 3642 Il,
2736 3577 3045 3629 IVilhelmo
3094 3577 3564 3646 Petragoricensi,

1983 3651 2243 3773 Dggmino
2276 3648 2542 3701 Toletcnsi
2572 3648 2919 3717 (Tholosano)
2951 3648 3243 3719 episcopis,
3269 3653 3317 3703 el
3340 3651 3566 3718 Hugoni

1987 3736 2017 3773 (ι
2097 3730 2195 3773 an.

1987 3730 2195 3773 abbati.

1986 3807 2972 3877 Prassentiumportitorlitterarum
2999 3809 3063 3861 ad
3094 3824 3197 3863 nos
3222 3809 3567 3879 perveniens

1914 3895 2380 3968 lacrymabiliter
2409 3897 2713 3951 confessus
2743 3900 2832 3950 est
2863 3913 2924 3951 se
2983 3897 3283 3952 fratricidii
3341 3897 3566 3952 crimen

1915 3986 2255 4040 incurrisse.
2290 3985 2395 4047 Qui
2428 3984 2563 4038 licet
2593 3986 2739 4038 tanti
2787 3986 3063 4040 iacinoris
3095 3986 3352 4040 alliciens
3384 4003 3564 4040 causa

1917 4076 2115 4137 fuerit,
2148 4080 2343 4128 tamen
2378 4073 2620 4127 minime
2654 4074 2949 4127 voluntate
2980 4090 3081 4127 sua
3108 4078 3404 4142 peractum
3431 4074 3569 4127 inti-

1917 4166 2117 4218 mavit.
2155 4164 2298 4217 Cum
2333 4162 2488 4215 enim
2525 4164 2762 4215 fratrem
2798 4178 2969 4215 suum
3004 4161 3408 4215 iuimicautem
3453 4162 3566 4216 sibi

1918 4253 2139 4323 paratis
2162 4251 2396 4305 insidiis
2419 4249 2687 4318 cepisset,
2706 4254 2761 4302 et
2782 4249 2975 4317 ipsum
3004 4254 3066 4303 ut
3087 4266 3286 4304 secum
3313 4249 3568 4321 iretper-

1919 4341 2191 4396 cussione
2230 4337 2424 4408 capuli
2458 4336 2616 4391 ensis
2655 4337 2955 4406 coegisset,
3010 4338 3400 4394 consobrinus
3441 4341 3569 4409 qui-

1920 4430 2051 4483 dam
2078 4445 2222 4483 suus
2246 4441 2445 4481 secum
2472 4425 2810 4495 perveniens
2833 4424 2962 4480 sine
2983 4426 3229 4481 consilio
3252 4431 3307 4481 et
3329 4444 3569 4494 praeme-

1842 4502 1887 4565 D
1917 4517 2197 4572 ditatione
2228 4516 2353 4570 sine
2402 4513 2702 4569 voluntate
2750 4513 2927 4567 etiam
2982 4514 3195 4585 ipsius,
3238 4520 3302 4569 ut
3340 4516 3573 4586 astruit,

1920 4622 2053 4661 eum
2088 4603 2400 4659 interfecit.
2432 4601 2533 4657 Cui
2567 4601 2699 4655 licet
2744 4601 3089 4672 condignam
3139 4602 3340 4675 religio
3379 4610 3573 4660 vestra

1921 4694 2242 4763 injunxerit
2286 4689 2640 4747 laudabilem
2704 4691 3131 4761 pmuitentiam,
3166 4698 3360 4747 tamen
3410 4694 3567 4749 circa

1923 4800 2055 4839 eum
2093 4781 2506 4838 misericordia
2538 4779 2761 4834 viscera
2789 4780 3147 4847 exhibentes,
3192 4782 3567 4852 praecipimus

1928 4878 1993 4927 ut
2022 4890 2155 4927 cum
2189 4873 2430 4927 domum
2465 4869 2722 4933 redierit,
2759 4869 3131 4925 medietatem
3166 4873 3347 4926 totius
3382 4874 3567 4942 patri-

1927 4963 2108 5018 monii
2133 4961 2221 5016 sui
2256 4977 2357 5030 pro
2392 4958 2587 5014 fratris
2618 4958 2949 5030 animasque
2981 4977 3098 5015 suae
3132 4960 3388 5015 remedio
3422 4979 3571 5031 pau-

1929 5051 2165 5123 peribus
2198 5051 2452 5103 tribuat:
2488 5047 2729 5102 alterius
2764 5064 2996 5119 quoque
3040 5048 3398 5104 hereditatis
3451 5066 3576 5105 suae

1930 5141 2253 5209 portionem
2287 5135 2677 5191 nihilominus
2711 5152 2817 5207 pio
2876 5137 3079 5192 eadem
3133 5152 3313 5192 causa
3370 5138 3574 5191 distri-

1932 5228 2137 5295 buens,
2172 5242 2343 5280 usum
2379 5226 2753 5295 fructumque
2784 5224 3121 5279 necessitati
3161 5242 3277 5279 suae
3294 5230 3571 5279 reservet.

1930 5316 1999 5370 Et
2019 5315 2102 5369 sic
2123 5313 2395 5369 omnibus
2418 5313 2702 5367 ordinatis
2727 5315 2852 5367 suis
2877 5314 3025 5367 liber
3048 5314 3104 5367 in
3142 5313 3568 5368 monasterium

1932 5402 2314 5472 ingrediatur,
2334 5407 2388 5456 ct
2415 5402 2490 5456 ibi
2514 5418 2615 5472 per
2640 5418 2823 5456 unum
2849 5418 3069 5456 annum
3094 5400 3432 5469 hujusmodi
3454 5416 3574 5470 poe-

1934 5492 2178 5546 nitentia
2211 5497 2553 5557 macerctur,
2589 5490 2809 5544 scilicet
2840 5497 2902 5544 ut
2936 5508 2967 5543 a
3000 5491 3334 5543 Pentecoste
3382 5506 3569 5560 usque

1936 5581 2007 5635 ad
2040 5580 2223 5634 sancti
2256 5580 2557 5635 Michaelis
2590 5578 2961 5633 festivitatem
2994 5577 3083 5632 bis
3124 5576 3183 5630 in
3216 5594 3574 5651 unaquaque
