3972 6064
436 225 543 279 743

1520 222 1586 271 D.
1629 217 1870 272 IVONIS
1906 215 2404 270 CARNOTENSIS
2439 215 2762 272 EPISCOPI

3747 215 3866 270 ’744

437 348 806 404 hebdomada
836 345 896 400 in
928 361 1076 418 pane
1107 348 1162 399 ct
1192 360 1344 408 aqua
1370 360 1381 409 ;
1406 341 1615 396 dehinc
1637 344 1832 396 autem
1889 355 2076 410 usque
2106 341 2158 408 Α
2189 339 2333 394 mini
2367 339 2762 405 clementiam,
2786 343 3187 411 perseverent;
3219 337 3509 410 completo
3549 354 3691 394 vero
3719 341 3868 394 anni

437 437 509 492 ad
542 435 1054 508 quadragesimam
1088 433 1278 487 tribus
1309 431 1516 485 diebus
1539 430 1770 499 jejunet
1805 428 2082 483 similiter

435 527 496 581 in
527 541 677 596 pane
704 531 759 580 et
775 541 950 595 aqua,
978 529 1036 577 et
1060 526 1177 576 uta
1199 535 1438 590 corpore
1461 524 1519 572 et
1540 519 1822 589 sanguine
1849 516 2079 572 Domini

436 631 624 686 usque
655 615 726 668 ad
747 620 862 668 tres
885 627 1071 666 annos
1092 609 1347 679 expletos
1370 606 1688 676 abstineat,
1709 606 1821 661 nisi
1849 606 2078 678 pericu-

435 703 558 758 lum
595 701 800 758 mortis
831 696 1696 765 immineat.Quadragesimam
1723 700 1903 750 totam
1937 711 2080 764 prae-

434 798 522 848 ter
552 791 677 846 dies
699 786 1301 856 Dominicosjejunet,
1318 801 1478 839 arma
1499 783 1659 838 nullo
1685 784 1857 838 modo
1881 783 1939 837 in
1963 783 2082 838 vita

434 898 537 937 sua
570 880 796 945 induat,
817 875 1090 944 conjugio
1113 891 1295 944 usque
1320 874 1390 928 ad
1413 879 1702 943 peractam
1728 876 1951 942 septem
1977 889 2079 926 an-

432 983 640 1024 norum
675 964 1083 1036 pmnitentiam
1118 979 1231 1017 non
1267 962 1674 1016 utatur.Sexta
1708 962 1872 1029 feria,
1897 961 2081 1014 donec

432 1055 658 1119 vixerit,
685 1053 936 1123 jejunet.
959 1051 1086 1105 Hinc
1107 1050 1304 1105 omnia
1323 1050 1404 1104 ita
1428 1049 1512 1104 illi
1540 1051 1934 1119 injunximus,
1951 1052 2015 1102 ut
2031 1048 2083 1102 si

429 1143 838 1198 infirmitatem
870 1141 998 1211 ejus
1035 1139 1275 1194 minime
1310 1139 1456 1193 ferre
1508 1155 1676 1208 posse
1719 1137 2084 1209 providentia

427 1239 619 1288 vestra
686 1228 1074 1302 praesenserit,
1119 1227 1419 1283 licentiam
1483 1227 1696 1282 habeat
1764 1225 2081 1282 miserendi

433 1325 605 1392 prout
635 1319 942 1390 placuerit.

503 1437 632 1492 CAP.
668 1437 789 1490 178.
821 1465 890 1474 —
921 1435 1056 1488 IIem
1097 1433 1164 1486 de
1205 1431 1494 1502 patricidis
1523 1439 1571 1485 et
1595 1430 1928 1500 fratricidz's.
1955 1430 2081 1486 Ale-

681 1505 893 1560 xander
929 1504 1276 1559 Wilfz'nensis
1311 1503 1566 1558 Ecclesiae
1594 1503 1833 1556 clericis.

501 1595 816 1667 Diligentia
837 1599 1030 1648 vestra
1053 1596 1256 1646 noscat
1281 1591 1415 1645 huic
1437 1591 1794 1645 Theoderico
1823 1606 1924 1660 pro
1953 1607 2083 1661 par-

431 1685 655 1750 ricidio,
690 1687 872 1738 morte
905 1681 1169 1736 videlicet
1191 1681 1292 1734 filii
1315 1680 1408 1734 sui
1434 1696 1546 1734 ncn
1575 1683 1780 1750 sponte
1804 1679 2079 1733 commis-

429 1793 515 1841 so,
550 1771 893 1828 auctoritate
928 1769 1402 1824 beatissimorum
1438 1767 1841 1838 apostolorum
1875 1773 1935 1821 et
1975 1783 2076 1822 ca-

432 1878 652 1917 nonum
683 1859 1085 1931 paenitentiam
1122 1874 1224 1911 nos
1257 1855 1559 1927 septennio
1591 1855 1968 1924 imposuisse,
2016 1855 2074 1910 in

432 1952 632 2007 eodem
662 1954 905 2019 peractas
935 1946 1287 2018 poenitentiae
1311 1949 1543 2016 tempus
1565 1949 2073 2012 connumerentes,

431 2041 511 2095 ita
541 2044 603 2092 ut
632 2037 840 2091 amodo
874 2051 1059 2105 usque
1099 2035 1170 2088 ad
1205 2035 1391 2088 sancti
1424 2033 1658 2088 Martini
1695 2034 1908 2087 festum
1936 2033 2076 2087 duo-

432 2129 543 2183 bus
565 2126 770 2182 diebus
791 2125 850 2179 in
873 2123 1244 2178 hebdomada
1261 2124 1734 2193 jejunet,quarta
1757 2121 1899 2176 feria
1925 2120 2075 2175 vide-

431 2217 567 2272 licet
595 2220 653 2271 et
684 2219 850 2270 sexta
879 2214 936 2268 in
967 2230 1115 2284 pane
1145 2216 1200 2267 et
1235 2229 1424 2282 aqua;
1455 2229 1486 2265 a
1519 2211 1706 2266 sancti
1735 2210 1966 2265 Martini
1994 2211 2072 2264 fe-

431 2306 686 2362 stivitate
721 2319 906 2373 usque
937 2303 1008 2356 ad
1040 2301 1270 2355 Domini
1299 2301 1693 2364 Nativitatem,
1727 2299 2072 2355 continuum

431 2401 565 2468 agat
589 2395 878 2466 jejunium
913 2394 970 2446 in
1004 2409 1152 2464 pane
1185 2397 1241 2446 et
1271 2409 1443 2462 aqua,
1475 2391 1729 2460 exceptis
1757 2389 2075 2444 Dominicis

431 2491 488 2540 et
517 2485 723 2556 quinta
755 2482 915 2549 feria,
951 2481 1010 2535 in
1042 2481 1259 2551 quibus
1290 2478 1784 2550 quadragesimali
1819 2479 1948 2533 cibo
1977 2494 2074 2532 ve-

431 2579 667 2637 scatur;
702 2572 774 2626 ab
814 2570 1034 2626 octavis
1081 2569 1420 2640 Epiphaniae
1465 2584 1652 2638 usque
1700 2568 1772 2622 ad
1821 2566 2074 2636 quadra-

429 2663 713 2736 gesimam
763 2660 995 2714 duobus
1053 2658 1112 2712 in
1171 2658 1538 2712 hebdomada
1583 2657 1808 2728 jejunet
1835 2655 2070 2720 diebus,

431 2756 640 2820 quarta
670 2754 724 2804 et
755 2753 917 2803 sexta
943 2747 1084 2802 feria
1114 2746 1172 2800 in
1208 2762 1354 2817 pane
1385 2751 1440 2800 et
1468 2761 1640 2816 aqua,
1672 2745 1928 2816 exceptis
1990 2745 2072 2798 fe-

431 2839 536 2893 stis
561 2836 1070 2909 principalibus,in
1096 2835 1310 2905 quibus
1328 2833 1697 2905 eleemosyna
1719 2850 1781 2888 se
1806 2832 2070 2888 redimat.

433 2928 492 2980 In
539 2923 1034 2996 quadragesimali
1087 2939 1220 2977 vero
1267 2927 1528 2992 tempore
1580 2921 1928 2976 continuum
1987 2923 2077 2974 est

434 3015 724 3086 agendum
752 3011 1046 3082 jejunium
1081 3011 1136 3064 in
1164 3027 1310 3081 pane
1329 3015 1385 3064 et
1408 3027 1581 3081 aqua,
1606 3009 1860 3079 exceptis
1883 3009 2075 3063 Domi-

2189 428 2406 483 circulo
2438 428 2890 483 introducantur
2920 428 2978 482 in
3001 427 3332 494 ecclesiam,
3352 432 3546 482 tamen
3568 427 3729 482 inter
3756 445 3866 483 au-

2189 516 2416 572 dientes
2433 533 2615 588 usque
2634 518 2776 572 dum
2791 517 2969 572 unius
2983 519 3119 572 anni
3138 517 3394 588 spatium
3411 516 3677 581 ﬁniatur,
3698 522 3864 572 stent

2189 622 2318 660 cum
2334 606 2721 661 admissarum
2742 605 3025 660 solemnia
3038 605 3123 659 vel
3139 605 3252 660 alia
3265 621 3432 659 sacra
3445 604 3648 659 audire
3663 606 3864 660 officia

2189 695 2475 749 venerint.
2509 694 2610 749 His
2643 695 2840 765 itaque
2871 695 3125 766 peractis
3157 693 3206 748 si
3238 693 3590 766 poenitentiae
3623 693 3864 748 fructus

2193 783 2253 837 in
2284 785 2368 838 eis
2391 778 2758 854 conspicitis,
2819 782 3078 852 corporis
3135 788 3193 838 et
3249 782 3558 853 sanguinis
3615 781 3859 849 Domini

2194 873 2376 927 nostri
2405 873 2542 927 Jesu
2575 871 2791 926 Christi
2823 871 3134 942 participes
3168 870 3330 938 ﬁant,
3392 887 3461 925 ne
3495 871 3865 940 desperatio-

2193 961 2286 1014 nis
2319 961 2672 1015 indurentur
2702 959 2971 1032 caligine.
3014 962 3255 1015 Carnem
3318 975 3433 1013 non
3496 959 3864 1014 manducent

2194 1049 2469 1104 omnibus
2493 1049 2700 1104 diebus
2723 1049 2852 1103 vita:
2879 1065 3102 1103 eorum.
3126 1048 3406 1118 Jejunent
3439 1053 3633 1102 autem
3669 1064 3864 1117 usque

2193 1139 2261 1194 ad
2299 1155 2516 1194 nonam
2546 1138 2659 1192 diei
2693 1137 2894 1192 horam
2927 1136 3206 1208 quotidie,
3235 1136 3488 1206 exceptis
3515 1136 3688 1192 festis
3736 1138 3862 1190 die-

2194 1229 2305 1284 bus
2339 1233 2514 1298 atque
2547 1227 2885 1295 Dominicis,
2919 1227 3120 1282 vinum
3153 1230 3328 1296 atque
3352 1225 3731 1296 pulmentum
3766 1242 3861 1279 su-

2193 1333 2351 1372 mere
2384 1333 2495 1371 non
2530 1321 2911 1387 praasumant,
2945 1315 3060 1370 nisi
3091 1320 3208 1370 tres
3230 1315 3355 1370 dies
3383 1330 3486 1386 per
3525 1314 3859 1369 hebdoma-

2191 1409 2348 1474 dam,
2383 1421 2548 1460 arma
2569 1421 2768 1476 gerere
2812 1421 2926 1458 non
2985 1404 3242 1459 audeant
3297 1402 3384 1458 vel
3438 1419 3678 1458 sumere
3741 1403 3858 1458 nisi

2191 1500 2394 1550 contra
2427 1511 2688 1566 paganos
2721 1499 2778 1548 et
2826 1493 3162 1564 ubicunque
3199 1492 3284 1548 ire
3339 1492 3632 1548 voluerint
3692 1491 3858 1547 nullo

2187 1583 2455 1638 vehiculo
2487 1584 2873 1648 deducantur,
2908 1583 3008 1637 sed
3044 1581 3296 1653 pedestri
3345 1597 3505 1637 more
3556 1580 3855 1652 proficisci

2191 1673 2485 1727 studeant.
2520 1672 2778 1741 Tempus
2810 1671 2988 1740 hujus
3016 1670 3364 1740 paenitentiae
3396 1669 3451 1723 in
3481 1675 3689 1725 vestra:
3712 1670 3852 1723 bea-

2188 1761 2462 1815 titudinis
2495 1759 2736 1813 arbitrio
2769 1759 3065 1829 ponimus,
3098 1759 3509 1813 utsecundum
3537 1775 3852 1813 conversa-

2185 1849 2401 1904 tionem
2419 1848 2652 1903 illorum
2677 1853 2780 1902 aut
2799 1849 3129 1914 extendere,
3149 1852 3264 1901 aut
3286 1847 3550 1902 minuere
3573 1847 3849 1902 valeatis:

2186 1936 2257 1990 ab
2292 1934 2590 2004 uxoribus,
2625 1933 2673 1988 si
2706 1934 3040 1998 habuerint,
3075 1950 3189 1988 non
3221 1938 3589 2005 separentur.
3633 1933 3697 1988 Si
3741 1951 3850 1988 au-

2185 2030 2298 2078 tem
2336 2039 2448 2077 non
2484 2022 2817 2088 habuerint,
2852 2027 2908 2076 et
2937 2039 2999 2076 se
3047 2022 3347 2077 continere
3381 2039 3492 2077 non
3527 2021 3844 2086 valuerint,

2182 2112 2475 2182 legitimas
2509 2113 2567 2166 in
2600 2111 2875 2183 conjugio
2909 2111 3202 2182 accipiant
3236 2111 3507 2178 feminas,
3527 2128 3599 2166 ne
3649 2111 3839 2165 forni-

2183 2200 2431 2255 cationis
2463 2201 2796 2269 voraginem
2828 2200 3082 2255 incidere
3125 2199 3452 2254 videantur.
3514 2200 3572 2254 Si
3631 2205 3834 2255 autem

2183 2294 2496 2359 antequam
2529 2289 2776 2343 duorum
2812 2289 3221 2359 praedictorum
3257 2289 3494 2344 ﬁniatur
3544 2289 3843 2343 curricula

2183 2393 2497 2441 annorum,
2549 2375 2682 2430 ﬁnis
2730 2375 2858 2431 vita
2890 2376 3124 2430 illorum
3176 2376 3522 2446 pervenerit,
3556 2376 3840 2430 viaticum

2183 2465 2301 2521 illis
2333 2482 2446 2520 non
2481 2471 2744 2536 negetur.
2778 2465 3034 2519 Nicolaus
3061 2481 3210 2535 papa
3240 2464 3310 2518 ad
3339 2467 3594 2520 consulta
3628 2466 3843 2534 Bulga-

2184 2571 2398 2620 rorum,
2433 2571 2552 2617 cap.
2584 2554 2848 2618 2-1.0uid
2883 2553 3194 2624 parricida,
3239 2553 3292 2606 id
3329 2558 3417 2608 est
3447 2554 3547 2623 qui
3609 2558 3841 2624 patrem

2183 2649 2284 2698 aut
2314 2648 2561 2698 matrem
2589 2642 2863 2697 occiderit
2895 2639 2982 2696 vel
3013 2642 3187 2696 etiam
3216 2641 3315 2712 qui
3339 2641 3571 2696 fratrem
3603 2647 3709 2696 aut
3739 2659 3834 2696 so-

2184 2748 2372 2787 rorem
2427 2731 2724 2798 interficit,
2757 2730 2878 2802 pati
2906 2731 3133 2799 debeat,
3154 2730 3309 2801 leges
3334 2730 3614 2785 indicant.
3657 2730 3841 2786 Porro

2184 2821 2230 2877 si
2265 2822 2331 2876 ad
2384 2820 2696 2875 Ecclesiam
2755 2820 3144 2890 confugerint,
3180 2819 3237 2872 id
3297 2820 3447 2888 quod
3515 2820 3837 2890 episcopus

2182 2909 2292 2964 loci
2322 2908 2411 2964 vel
2444 2909 2717 2963 sacerdos
2748 2907 2848 2978 qui
2880 2908 2950 2962 ab
2981 2906 3081 2962 illo
3115 2907 3472 2962 constitutus
3494 2913 3606 2977 ast,
3633 2910 3841 2978 praevi-

2185 2999 2355 3063 derit,
2391 2999 2682 3068 agendum
2717 2996 3108 3051 decernimus.
3142 2997 3276 3051 Item
3306 2996 3444 3066 (cap.
3477 2997 3592 3067 26).
3633 2997 3710 3050 De
3745 2996 3840 3052 his

438 3073 587 3158 uicis
619 3102 846 3156 diebus.
885 3103 942 3154 ln
975 3099 1180 3170 quinta
1219 3098 1360 3152 feria
1392 3103 1618 3152 tantum
1651 3098 1848 3152 vinum
1897 3099 1945 3152 ei
1988 3098 2073 3152 bi-
2108 3073 2150 3139 (ἓ
2191 3087 2538 3158 proximum,
2572 3086 2628 3140 id
2661 3090 2749 3140 est
2779 3085 3237 3155 consanguinem
3271 3101 3467 3150 suum.
3505 3090 3570 3139 ut
3600 3090 3691 3140 est
3724 3088 3840 3140 fra-

435 3194 590 3258 bere,
616 3195 673 3247 et
703 3188 1191 3261 quadragesimali
1226 3189 1307 3242 uti
1339 3187 1466 3242 cibo
1510 3187 1903 3242 concedimus.
1936 3191 2076 3241 Post

433 3297 654 3338 annum
689 3294 820 3333 vero
844 3276 1195 3348 completum
1220 3276 1278 3331 in
1303 3281 1422 3330 toto
1447 3291 1597 3329 anno
1615 3276 1845 3330 duobus
1865 3275 2074 3329 diebus

433 3371 491 3425 in
518 3384 863 3438 unaquaque
895 3365 1260 3420 hebdomada
1293 3365 1349 3418 in
1387 3380 1534 3436 pane
1565 3369 1621 3418 et
1653 3364 2070 3434 aquajejunet.

435 3462 496 3514 In
531 3455 986 3529 quadragesima
1019 3459 1213 3508 tamen
1246 3453 1593 3508 continuum
1618 3456 1752 3523 agat
1779 3451 2073 3521 jejunium

435 3549 494 3601 in
531 3561 679 3618 pane
709 3550 765 3600 et
791 3561 964 3615 aqua,
995 3547 1053 3598 et
1082 3543 1139 3597 in
1175 3557 1528 3612 unoquoque
1561 3558 1714 3596 anno
1764 3557 1953 3611 usque
2001 3540 2073 3594 ad

435 3635 727 3706 expletum
761 3632 1109 3704 pmnitentiae
1139 3637 1373 3702 tempus
1409 3629 1750 3700 bujusmodi
1777 3629 2073 3700 jejunium

435 3724 726 3795 agendum
760 3727 870 3786 est,
904 3726 958 3776 et
989 3738 1022 3774 a
1060 3736 1231 3776 carne
1281 3736 1342 3776 se
1393 3717 1705 3784 abstineat,
1743 3734 1845 3789 per
1892 3733 2072 3771 unum

433 3829 653 3870 annum
684 3810 1001 3866 Ecclesiam
1033 3809 1081 3862 ei
1134 3810 1514 3878 denegamus.
1549 3807 1686 3862 Post
1740 3807 2073 3878 ingressum

432 3902 700 3960 Ecclesiae
735 3901 920 3956 tribus
953 3899 1124 3954 annis
1155 3915 1187 3951 a
1244 3897 1659 3951 communione
1704 3912 2072 3967 separamus,

432 3993 544 4048 nisi
580 3991 788 4047 mortis
821 3988 992 4044 fuerit
1022 3987 1233 4040 timore
1263 3989 1610 4055 praeventus.
1645 3983 1851 4054 Siquis
1878 3988 2072 4038 autem

431 4083 743 4154 episcopus
765 4078 850 4133 vel
877 4076 1183 4146 religiosus
1204 4073 1506 4144 presbyter
1526 4089 1702 4127 causa
1721 4073 1952 4143 pietatis
1975 4072 2074 4126 ali-

431 4171 570 4242 quid
603 4169 714 4223 sibi
747 4164 988 4221 remedii
1021 4162 1278 4217 relaxare
1311 4160 1577 4227 voluerit,
1612 4160 1718 4214 hoc
1751 4159 1801 4214 ei
1829 4176 1895 4214 ex
1929 4177 2072 4231 apo-

429 4258 637 4314 stolica
666 4254 1015 4310 auctoritate
1046 4251 1448 4306 concedimus.

429 4374 562 4428 CAP.
600 4373 722 4425 1‘79.
755 4401 823 4410 —
856 4375 932 4424 De
960 4367 1161 4424 eodem.
1197 4367 1498 4438 Gregorius
1526 4367 1618 4421 III.
1653 4365 1958 4437 Boni/acie.

504 4471 582 4525 De
611 4467 702 4523 his
731 4483 862 4522 vero
892 4466 1144 4521 dicimus
1187 4465 1285 4536 qui
1337 4470 1584 4535 patrem,
1637 4468 1904 4528 matrem,
1957 4465 2040 4518 fra
2104 4440 2149 4504 D

430 4564 600 4628 trem,
629 4561 732 4612 aut
761 4571 1018 4610 sororem
1053 4554 1377 4610 occiderint
1411 4558 1472 4608 ut
1505 4557 1625 4608 toto
1648 4554 1778 4608 vita:
1794 4570 1912 4608 suae
1935 4558 2074 4608 tem-

432 4661 571 4718 pore
603 4662 814 4716 corpus
846 4661 960 4698 non
1011 4643 1341 4713 suscipiant
1393 4641 1784 4705 Dominicum,
1818 4641 1930 4695 nisi
1980 4642 2073 4696 sui

432 4734 716 4805 temporis
748 4735 901 4787 exitu
957 4750 1058 4802 pro
1115 4731 1346 4786 viatico.
1394 4729 1743 4784 Abstineant
1797 4729 1952 4784 enim
2013 4747 2074 4785 se

431 4829 487 4880 et
517 4840 550 4877 a
599 4821 794 4878 carnis
844 4821 1198 4876 comestione
1237 4824 1292 4873 et
1335 4823 1469 4889 potu
1515 4818 1628 4872 vin'
1685 4818 1867 4872 donec
1915 4819 2073 4872 advi-

431 4912 641 4968 xerint.
670 4911 943 4979 Jejunent
965 4909 1283 4963 secundam
1309 4915 1363 4960 et
1388 4912 1657 4978 quartam
1681 4912 1737 4961 et
1755 4912 1979 4961 sextam
2000 4908 2076 4962 fe-

433 5003 603 5064 riam,
639 4999 811 5054 utsic
846 4998 1074 5069 possint
1105 4996 1370 5050 deflendo
1412 4995 1634 5049 diluere
1685 4997 2071 5051 commissum

433 5090 647 5146 scelus.

431 5206 564 5261 CAP.
605 5206 722 5258 180.
757 5234 824 5242 --
860 5206 990 5256 Hem
1020 5202 1084 5254 de
1108 5200 1315 5262 eodem,
1349 5204 1398 5252 et
1438 5199 1502 5252 de
1547 5207 1896 5267 cognatorum
1947 5218 2072 5255 suo-

505 5295 628 5332 rum
697 5273 1159 5344 inter/ectoribus.
1195 5272 1446 5326 Nz'colaus
1479 5271 1670 5324 Carolo
1722 5274 1964 5343 episcopo
2027 5277 2076 5328 et

503 5351 626 5419 ejus
659 5347 1047 5418 suﬂraganeis.

506 5443 580 5491 De
617 5434 924 5508 parricidis
955 5437 1012 5486 et
1045 5430 1358 5486 fratricirlis
1416 5428 1787 5500 prmcipimus
1850 5436 1913 5485 ut
1971 5449 2073 5503 per

433 5524 610 5582 unius
643 5525 778 5582 anni
804 5522 1086 5580 circulum
1112 5526 1245 5577 ante
1266 5523 1417 5576 fores
1437 5517 1688 5575 basilicas
1714 5525 1948 5576 orantes
1972 5521 2078 5576 Do-

2184 3181 2291 3240 ter,
2342 3175 2750 3242 consobrinus,
2791 3181 2893 3228 aut
2950 3191 3152 3244 nepos,
3208 3174 3604 3240 trucidaverit,
3664 3190 3838 3229 vene-

2184 3265 2378 3318 randa:
2405 3263 2560 3334 leges
2594 3263 2893 3335 proprium
2929 3265 3106 3318 robur
3136 3263 3458 3318 obtineant.
3508 3263 3620 3318 Sed
3653 3264 3704 3319 si
3765 3265 3832 3318 ad

2183 3353 2506 3408 Ecclesiam
2579 3351 3028 3418 convolaverint,
3108 3353 3308 3406 mortis
3378 3352 3618 3422 quidem
3690 3351 3838 3423 legi-

2187 3442 2296 3496 bus
2327 3445 2627 3510 eruantur,
2664 3441 3013 3512 pmnitentise
3051 3455 3185 3495 vero
3218 3457 3393 3512 quam
3426 3441 3676 3496 antistes
3730 3441 3838 3495 loci

2184 3531 2271 3585 vel
2305 3532 2604 3602 presbyter
2625 3529 3102 3599 consideraverit,
3133 3530 3354 3600 absque
3377 3530 3556 3585 dubio
3589 3531 3839 3584 submit-

2186 3625 2408 3676 tantur.

2185 3752 2321 3810 CAP.
2359 3753 2479 3807 181.
2514 3783 2578 3792 —
2610 3752 2684 3806 De
2715 3751 3044 3806 mulieribus
3075 3766 3198 3823 quae
3227 3759 3426 3818 partus
3454 3768 3580 3808 suos
3601 3757 3830 3807 necant.

2647 3824 2732 3877 Ea:
2763 3839 2912 3877 conc.
2946 3825 3258 3894 Ancyrano,
3282 3824 3369 3878 30.

2257 3939 2334 3993 De
2367 3938 2713 3994 mulieribus
2745 3955 2872 4008 quas
2906 3938 3270 3994 fornicantur
3325 3943 3382 3994 et
3434 3941 3639 4009 partus
3697 3956 3833 3994 suos

2187 4032 2415 4096 necant,
2451 4026 2537 4082 vel
2569 4044 2696 4094 quae
2750 4033 2932 4097 agunt
2963 4042 3162 4082 secum
3220 4031 3284 4081 ut
3315 4032 3474 4082 utero
3524 4032 3832 4098 conceptos

2183 4115 2517 4180 excutiant,
2587 4115 2831 4186 antiqua
2887 4115 3125 4186 quidem
3200 4114 3458 4170 deﬁnitio
3517 4131 3708 4185 usque
3762 4116 3830 4170 ad

2182 4205 2401 4260 exitum
2433 4204 2562 4258 vitae
2595 4221 2690 4258 eas
2729 4205 2800 4258 ab
2854 4203 3112 4260 Ecclesia
3157 4208 3451 4270 removet;
3517 4204 3831 4258 humanius

2181 4299 2375 4348 autem
2404 4309 2556 4346 nunc
2579 4292 2930 4359 dilﬁnimus,
2957 4297 3022 4347 ut
3045 4293 3132 4348 eis
3153 4293 3350 4348 decem
3377 4308 3668 4346 annorum
3688 4297 3829 4348 tem-

2183 4399 2294 4453 pus
2327 4383 2651 4438 secundum
2707 4382 2972 4453 przeﬁxos
3023 4383 3245 4454 gradus
3303 4381 3660 4454 pmnitentize
3715 4381 3828 4437 lar-

2182 4487 2433 4543 giamur.

2182 4586 2315 4641 CAP.
2376 4587 2509 4640 182.
2573 4587 2642 4640 De
2698 4586 2886 4641 eadem
2929 4603 3027 4640 re.
3089 4586 3171 4639 Ex
3225 4583 3524 4641 lrlerdensi
3577 4587 3824 4652 concilio,

2899 4674 3020 4728 cap.
3051 4658 3105 4710 2.

2254 4770 2358 4838 Qui
2396 4771 2545 4827 male
2571 4777 2880 4842 conceptos
2926 4788 2993 4826 ex
3044 4771 3331 4827 adulterio
3385 4773 3534 4828 fetus
3592 4772 3680 4827 vel
3713 4773 3822 4828 edi-

2182 4866 2272 4916 tos
2297 4877 2500 4916 necare
2528 4861 2859 4917 studuerint
2893 4861 2978 4917 vel
3013 4862 3069 4915 in
3106 4867 3361 4916 matrum
3394 4861 3698 4916 ventribus
3730 4878 3824 4933 po-

2183 4951 2442 5005 tionibus
2502 4951 2800 5020 aliquibus
2862 4949 3211 5021 colligerint,
3294 4951 3350 5004 in
3408 4954 3660 5020 utroque
3693 4967 3820 5006 sexu

2183 5039 2464 5094 adulteris
2491 5045 2622 5109 post
2653 5045 2875 5109 septem
2908 5056 3193 5094 annorum
3229 5039 3524 5094 curricula
3565 5055 3824 5095 commu-

2185 5129 2280 5182 nio
2312 5129 2631 5194 tribuatur,
2665 5129 2744 5182 ita
2777 5133 2970 5184 tamen
2993 5134 3056 5183 ut
3083 5128 3242 5183 omni
3273 5135 3532 5200 tempore
3551 5129 3685 5183 vitae
3717 5145 3824 5182 suis

2191 5217 2502 5272 humilitati
2540 5222 2595 5272 et
2635 5217 2871 5272 ﬂetibus
2904 5217 3202 5272 insistant.
3237 5217 3295 5272 Si
3330 5233 3462 5272 vero
3493 5215 3688 5272 clerici
3714 5218 3827 5272 fue-

2188 5307 2324 5374 rint,
2358 5307 2616 5360 ofﬁcium
2649 5305 2732 5361 eis
2769 5306 3142 5361 ministrandi
3194 5323 3537 5378 recuperare
3595 5324 3710 5361 non
3764 5305 3826 5360 li-

2187 5400 2333 5450 ceat.

2185 5522 2321 5578 CAP.
2351 5521 2473 5576 183.
2505 5553 2571 5563 —
2615 5524 2755 5579 Item
2802 5521 2866 5577 de
2917 5520 3119 5578 eodem.
3150 5537 3386 5579 canones
3444 5523 3680 5580 Martini
3719 5523 3825 5594 epi-
