3972 6064
233 319 344 374 745

1045 321 1357 375 DECRBTI
1394 321 1579 373 PARS
1615 320 1713 373 XI.
1744 345 1812 356 --
1846 318 1946 372 DE
1982 320 2634 389 INCANTATORIBUS,
2676 320 2832 374 ETC.

3543 327 3649 383 746

303 442 455 525 scopi
478 442 548 497 ad
583 441 774 525 (uicos,
802 457 923 525 cap,
953 443 988 495 9
1016 442 1109 525 (ea:
1137 442 1237 497 lib.
1270 441 1462 525 synod.
1497 441 1699 496 Graaca.
1724 440 1881 495 Mart.
1915 440 1971 507 Α
1998 441 2382 511 interfecisse,
2416 446 2472 497 et
2512 446 2852 511 septennem
2905 443 3310 513 pcenitentiam
3341 449 3531 521 egisse
3562 453 3647 508 fa-

304 520 582 570 Bracaren
612 516 779 585 cpisc.
812 531 858 568 c.
894 516 953 568 in
982 516 1304 570 universum
1335 514 1448 583 77).

302 604 361 659 Si
395 620 512 675 qua
543 602 756 658 mulier
794 602 1079 657 fornicata
1130 602 1323 671 fuerit,
1356 607 1413 657 et
1460 601 1743 657 infantem
1776 600 1884 655 ha-

230 693 445 758 buerit,
479 696 535 746 et
566 690 734 745 illum
775 691 1072 760 occiderit,
1124 696 1181 745 et
1212 708 1340 762 quae
1388 690 1681 745 studuerit
1713 690 1880 745 abor-

228 786 356 836 tum
409 783 619 845 facere,
671 784 724 835 et
776 780 929 850 quod
979 784 1323 850 conceptum
1371 787 1461 834 est
1509 794 1736 839 necare.
1784 782 1884 832 aut

229 876 385 926 certe
417 876 483 924 ut
514 886 628 924 non
664 868 958 939 concipiat
988 867 1393 936 elaboraverit,
1420 868 1537 923 sive
1569 884 1635 923 ex
1663 867 1883 921 adulte-

228 959 337 1025 rio,
372 959 491 1013 sive
522 974 588 1011 ex
618 956 882 1029 legitimo
909 956 1315 1029 conjugio,has
1338 956 1484 1012 tales
1518 955 1791 1011 mulieres
1824 955 1881 1009 in

228 1052 416 1103 morte
448 1047 704 1117 recipere
734 1046 1208 1101 communionem
1241 1046 1465 1117 priores
1496 1062 1745 1101 canones
1780 1046 1877 1101 de-

226 1141 554 1192 creverunt.
590 1136 706 1190 Nos
745 1140 940 1190 tamen
975 1152 1077 1206 pro
1128 1135 1533 1191 misericordia
1583 1134 1701 1190 sive
1734 1134 1880 1190 tales

228 1224 526 1291 mulieres,
561 1224 683 1279 sive
709 1225 972 1279 conscias
1021 1223 1307 1279 scelerum
1358 1225 1645 1294 ipsarum,
1676 1224 1877 1279 decem

227 1314 402 1368 annis
432 1329 598 1383 agere
630 1312 1037 1385 pmnitentiam
1065 1314 1425 1383 judicamus.

224 1412 361 1466 CAP.
399 1412 516 1466 184.
549 1441 615 1449 -
647 1411 719 1464 De
747 1410 979 1481 quodam
1013 1410 1110 1481 qui
1136 1412 1367 1479 fratrem
1396 1427 1559 1464 suum
1578 1409 1872 1464 occiderat.

417 1483 672 1538 Nicolaus
705 1487 894 1537 Donno
925 1484 1198 1554 episcOpo,
1232 1490 1283 1537 et
1316 1484 1519 1537 Carolo
1546 1481 1679 1551 regi.

296 1572 541 1635 Quidam
576 1575 777 1626 vestrae
811 1572 1128 1626 diueceseos
1158 1571 1266 1640 vir,
1300 1575 1465 1644 Hugo
1490 1571 1745 1635 nomine,
1778 1584 1874 1624 ve-

221 1660 333 1726 nit,
365 1661 461 1730 qui
506 1658 832 1732 lacrymoso
882 1660 1061 1715 affatu
1097 1665 1294 1716 nostro
1350 1660 1644 1731 pontiﬁcio
1676 1658 1875 1714 retulit

219 1749 473 1821 qualiter
504 1749 893 1804 fratricidium
923 1750 1165 1820 antiquo
1186 1754 1350 1805 hoste
1373 1754 1613 1821 cogente
1638 1750 1870 1818 fecerat,

219 1843 279 1894 et
312 1836 564 1908 qualiter
593 1839 703 1892 sub
738 1838 1089 1909 pmnitentiay
1114 1840 1258 1909 jugo
1292 1856 1393 1909 pro
1426 1843 1587 1893 tanto
1622 1839 1872 1893 facinore

221 1945 256 1982 a
287 1932 479 1983 vestra
512 1928 699 1981 fuerat
728 1926 1085 1981 constitutus
1116 1927 1499 1982 beatitudine.
1532 1928 1649 1982 Nos
1672 1935 1867 1982 autem

220 2020 399 2070 tanta;
432 2015 797 2070 adversitatis
840 2016 1160 2086 piaculum,
1189 2022 1245 2070 et
1293 2016 1528 2070 fraterni
1563 2017 1870 2087 sanguinis

222 2104 528 2159 audientes
559 2105 924 2171 effusionem,
958 2122 1071 2159 non
1107 2122 1322 2176 paucas
1355 2106 1867 2177 fundenteslacry-

218 2210 349 2248 mas
378 2193 701 2249 contristati
732 2194 1195 2248 sumus.Tamen
1229 2194 1387 2265 quia,
1422 2198 1485 2248 ut
1512 2194 1866 2259 aiebat,tan-

216 2287 285 2337 ta:
322 2282 562 2338 macula:
594 2282 826 2354 culpam
860 2282 1250 2353 lacrymarum
1287 2284 1443 2337 fonte
1474 2282 1712 2337 abluere
1753 2283 1864 2337 fra-

212 2376 382 2427 terna
412 2373 649 2442 iubente
680 2371 869 2443 gratia
919 2371 1103 2436 malit,
1138 2372 1438 2427 sancimus
1489 2376 1549 2426 ut
1601 2373 1865 2443 proprias

211 2460 617 2532 possessiones
648 2477 774 2531 quae
808 2460 878 2513 ab
909 2476 975 2514 eo
1010 2477 1111 2531 pro
1145 2460 1252 2514 hoc
1282 2461 1433 2514 facto
1464 2459 1671 2514 ablatae
1703 2464 1863 2529 sunt,

206 2548 617 2604 incunctanter
654 2548 916 2619 recipiat,
950 2564 1022 2602 ne
1073 2549 1433 2619 paupertatis
1465 2549 1662 2618 inopia
1691 2565 1860 2603 cons-

206 2639 421 2693 trictus
453 2638 522 2693 ad
558 2638 757 2709 pejora
788 2638 1130 2693 deducatur.
1189 2637 1332 2691 Nam
1367 2642 1421 2692 et
1453 2637 1688 2709 propria
1719 2637 1859 2709 legi-

204 2726 472 2797 timaque
525 2743 669 2781 uxor
718 2725 878 2781 illius
928 2743 961 2781 a
1008 2743 1123 2797 qua
1173 2730 1478 2796 separatus
1526 2730 1637 2795 est,
1674 2732 1863 2781 vestra

207 2816 492 2871 sanctitas
528 2814 609 2869 illi
644 2820 706 2869 ut
737 2816 935 2870 statim
964 2815 1241 2870 reddatur
1272 2818 1517 2885 satagat,
1554 2832 1621 2869 ne
1654 2815 1710 2869 in
1748 2817 1860 2870 for-

210 2904 523 2961 nicationis
554 2905 914 2976 voraginem,
949 2905 1099 2975 quod
1135 2903 1458 2970 noluimus,
1494 2904 1748 2959 incidere
1777 2905 1860 2958 vi-

205 2996 434 3051 deatur.
471 2995 532 3050 In
568 2995 807 3066 reliquis
839 3010 970 3051 vero
1002 2996 1328 3050 secundum
1362 2994 1713 3065 poenitentia
1739 3012 1858 3050 mo-

207 3085 349 3139 dum
377 3101 551 3155 quam
584 3084 668 3139 illi
700 3084 1062 3139 instruxistis
1097 3100 1394 3155 peragere,
1428 3090 1680 3139 maneat.

1996 531 2249 592 tebatur,
2291 530 2457 585 valde
2505 530 2822 585 doluimus.
2878 530 3038 586 Unde
3069 534 3209 604 quia
3258 540 3549 594 mandasti
3583 546 3648 596 ut

1994 619 2216 675 viscera
2247 621 2480 691 pietatis
2504 621 2553 675 ei
2588 621 3000 690 praeberemus,
3031 623 3301 679 volumus
3330 634 3383 681 et
3416 628 3645 684 miseri-

1994 711 2246 766 corditer
2278 713 2651 781 mandamus,
2686 716 2749 765 ut
2779 713 2962 767 sacris
2996 713 3437 787 festivitatibus,
3469 718 3526 773 id
3561 725 3650 775 est

1995 800 2321 854 reverendae
2383 800 2736 867 Nativitatis,
2797 805 2853 855 et
2909 802 3095 856 sancti
3153 803 3410 874 Paschaa,
3472 810 3647 880 atque

1995 888 2363 944 Pentecostes
2394 894 2449 943 et
2479 888 2704 944 Natalis
2730 890 3131 961 apostolorum
3166 909 3400 949 sacrum
3433 912 3645 967 corpus

1992 982 2049 1032 et
2075 978 2421 1048 sanguinem
2472 977 2705 1032 Domini
2753 978 2938 1033 nostri
2988 980 3127 1035 Jesu
3160 980 3368 1038 Christi
3413 1000 3645 1041 sumere

1991 1067 2218 1132 debeat,
2250 1071 2307 1121 et
2334 1066 2542 1121 diebus
2574 1068 2701 1120 vitae
2755 1084 2872 1121 sua:
2905 1067 2963 1120 in
2992 1064 3374 1127 'monasterio
3415 1079 3645 1130 retrusa

1990 1154 2395 1209 monachicam
2428 1154 2609 1209 vitam
2642 1155 2988 1227 regulariter
3018 1157 3213 1212 ducat.

1987 1274 2119 1327 CAP.
2156 1271 2273 1327 187.
2298 1271 2555 1347 ν--Οιιοίί
2578 1270 2751 1347 juderc
2778 1270 2875 1341 qui
2910 1276 3134 1347 peccata
3163 1274 3445 1347 vindicare
3470 1282 3644 1347 potest

2056 1348 2108 1397 et
2140 1359 2247 1397 non
2279 1344 2436 1410 facit,
2484 1358 2607 1396 reus
2652 1344 2722 1397 sit
2750 1346 2976 1413 peccati.
3030 1345 3306 1401 Honorius
3352 1344 3641 1405 Analholio

2058 1416 2316 1483 magistro
2344 1414 2608 1467 militum.

2058 1511 2230 1565 Later
2260 1509 2636 1579 praisentium
2671 1525 2840 1581 prece
2861 1510 3030 1565 nobis
3054 1511 3233 1566 flebili
3255 1513 3633 1585 supplicavit,

1984 1615 2252 1653 asserens
2275 1616 2305 1652 a
2326 1599 2581 1668 quodam
2605 1597 2790 1653 milite
2818 1598 2994 1653 castri
3029 1599 3379 1656 Salernitani
3400 1618 3635 1673 germa-

1986 1704 2125 1741 num
2178 1703 2353 1742 suum
2404 1686 2585 1741 fuisse
2634 1690 3026 1757 peremptum,
3080 1688 3321 1760 insuper
3363 1696 3419 1745 et
3462 1691 3637 1746 rebus

1906 1811 1950 1875 B
1983 1774 2236 1847 propriis
2268 1780 2399 1846 post
2428 1776 2553 1845 ejus
2584 1775 2885 1829 interitum
2919 1776 3237 1847 spoliatum
3268 1796 3281 1834 :
3308 1783 3543 1850 propter
3568 1797 3637 1835 ea

1981 1882 2159 1935 quam
2193 1865 2441 1936 impium
2475 1880 2774 1935 quamque
2817 1869 3023 1920 contra
3070 1865 3268 1937 legum
3302 1872 3524 1924 statuta
3556 1869 3637 1923 sit

1981 1958 2216 2011 noxium
2250 1956 2397 2027 ipsis
2428 1972 2624 2011 rerum
2648 1956 3093 2011 doeumentisin
3114 1959 3417 2028 propatulo
3450 1960 3631 2014 omni-

1979 2046 2090 2100 bus
2121 2050 2350 2100 tenetur
2380 2050 2705 2116 expertum,
2738 2050 2803 2099 ut
2833 2046 3076 2117 sanguis
3117 2046 3460 2103 innocenter
3487 2050 3631 2103 effu-

1978 2152 2082 2190 sus
2113 2152 2145 2189 a
2172 2134 2575 2190 committente
2607 2134 2942 2190 nullatenus
2988 2135 3330 2191 ulciscatur.
3365 2137 3472 2203 Qui
3506 2138 3626 2193 haec

1976 2224 2273 2279 vindicare
2304 2228 2572 2295 possunt,
2598 2229 2655 2279 et
2687 2241 2788 2295 pro
2812 2225 3178 2280 conuiventia
3208 2225 3409 2280 ulcisci
3442 2226 3629 2299 negli-

1977 2318 2141 2386 gunt,
2176 2314 2296 2369 sint
2328 2314 2581 2384 profecto
2616 2313 2817 2368 scituri
2843 2314 2983 2385 quia
3013 2314 3063 2369 si
3094 2314 3401 2371 defensare
3429 2315 3629 2371 inson-

1976 2406 2094 2457 tem
2123 2402 2468 2472 sanguinem
2498 2400 2881 2472 neglexerint,
2900 2402 2959 2456 in
2985 2402 3183 2458 futuro
3210 2403 3633 2475 tremendoque

1976 2490 2244 2546 examine
2268 2490 2338 2545 de
2370 2490 2451 2545 eis
2486 2490 2568 2544 uti
2598 2491 2775 2561 hujus
2806 2491 3082 2546 facinoris
3113 2492 3495 2563 participibus
3518 2490 3632 2545 tale

1972 2580 2361 2650 commissum
2396 2579 2591 2634 scelus
2618 2580 2902 2650 exigetur.
2936 2580 3250 2651 Propterea
3280 2580 3468 2651 gloria
3497 2595 3626 2635 ves-

1970 2672 2061 2723 tra
2090 2669 2161 2723 ad
2212 2668 2631 2723 vindicandum
2685 2668 3210 2741 ulciscendumque
3260 2670 3491 2723 funesto
3525 2668 3629 2723 ho-

1972 2757 2197 2812 micidii
2230 2758 2475 2811 crimine
2505 2757 2818 2827 irretitum,
2854 2759 2923 2812 ab
2956 2758 3188 2829 agmine
3232 2757 3472 2812 militari
3506 2757 3629 2813 dis-

1962 2847 2198 2918 jungat,
2232 2852 2289 2901 et
2312 2847 2499 2917 judici
2533 2846 2841 2918 provincia
2883 2847 3236 2902 tradendum
3286 2863 3353 2902 ae
3384 2845 3627 2918 punien-

1971 2937 2111 2990 dum
2137 2936 2383 3006 justitias
2436 2935 2694 3006 impulsu
2749 2936 3003 2991 festinet.
3056 2936 3166 2991 Res
3207 2953 3339 2990 vero
3371 2936 3442 2990 ab
3472 2951 3538 2990 eo
3568 2934 3625 2990 vi

1970 3022 2296 3077 latrocinali
2324 3022 2549 3077 ablatas
2568 3022 2904 3093 supradicto
2924 3024 3211 3095 precatori
3230 3023 3278 3079 si
3309 3039 3626 3095 germanus

1972 3114 2100 3180 ejus
2159 3110 2466 3177 exstiterit,
2528 3112 2932 3166 indubitanter
2978 3112 3269 3181 restituat,
3330 3117 3623 3183 quatenus

205 3187 339 3242 CAP.
377 3187 496 3240 185.
531 3217 599 3226 —
630 3187 706 3272 Ile
752 3187 1078 3272 paenitentia
1120 3183 1542 3272 parricidarum
1588 3186 1859 3267 etinces-

2056 3200 2143 3255 bis
2174 3200 2523 3255 imminente
2554 3200 2869 3271 disciplina
2894 3201 2944 3255 is
2976 3202 3076 3272 qui
3100 3201 3293 3257 scelus
3323 3200 3624 3257 commisit

276 3266 575 3313 laesorum.
635 3258 888 3311 Nisolaus
919 3256 1201 3311 Salomoni
1258 3256 1661 3312 Constanliensi
1710 3258 1858 3327 epis-

278 3344 431 3399 copo.

272 3420 517 3474 Constat
567 3417 913 3490 parricidas,
966 3416 1324 3482 fratricidas,
1364 3422 1421 3472 et
1472 3416 1860 3481 incestuosos,

203 3507 273 3563 de
305 3507 524 3578 quibus
550 3506 812 3561 consulis
844 3510 1043 3561 utrum
1074 3506 1302 3577 possint
1323 3505 1594 3575 conjugio
1624 3504 1861 3576 copula-

202 3596 273 3663 ri,
310 3596 711 3667 paenitentiam
763 3610 956 3667 agere,
1004 3600 1059 3649 et
1092 3595 1219 3649 ideo
1274 3610 1389 3649 non
1440 3610 1610 3664 posse
1639 3593 1859 3647 carnali

202 3684 648 3755 cepulaejungi.
701 3684 856 3747 Quos
905 3687 1132 3755 oportet
1180 3681 1237 3736 in
1288 3682 1555 3737 castitate
1587 3681 1861 3736 omnibus

204 3772 418 3828 diebus
471 3773 599 3827 vitae
647 3788 767 3827 suae
816 3787 1159 3843 permanere
1213 3770 1428 3824 mentis
1473 3776 1529 3825 et
1579 3770 1858 3840 corporis,

207 3866 441 3917 servata
472 3862 756 3916 duntaxat
784 3865 1023 3932 propter
1051 3859 1513 3915 misericordiam
1541 3859 1715 3913 etiam
1750 3859 1859 3911 cir-

206 3968 275 4006 ca
307 3951 416 4006 hos
449 3950 600 4005 beati
633 3967 795 4022 papa
846 3949 1057 4005 Leonis
1102 3948 1386 4019 vigesima
1426 3953 1635 4019 quarta
1664 3949 1861 4003 decre-

206 4040 418 4095 talium
454 4038 669 4109 regula.

204 4133 341 4183 CAP.
376 4129 495 4183 186.
533 4158 601 4168 ——-
657 4129 731 4181 De
776 4126 1018 4198 quadam
1059 4141 1185 4198 quae
1229 4126 1372 4195 ﬁlios
1404 4142 1527 4181 suos
1557 4130 1858 4181 necaverat.

305 4200 615 4269 Stephanus
646 4201 719 4254 III
750 4201 1037 4254 Lamberto
1068 4200 1313 4269 episcopo
1347 4199 1770 4253 Cenomannico.

277 4290 452 4344 Lecta
484 4288 731 4359 epistola
756 4306 788 4342 a
818 4288 1127 4343 sanctitate
1158 4292 1256 4341 tua
1279 4287 1446 4341 nobis
1477 4287 1716 4353 directa,
1736 4304 1862 4355 quas

202 4377 359 4433 hanc
414 4376 713 4440 feminam,
766 4376 1003 4431 nomine
1052 4375 1489 4447 Hildegardam,
1523 4374 1675 4430 filios
1724 4392 1863 4430 suos

1970 3306 2204 3360 semper
2234 3294 2549 3360 exspectet,
2580 3294 2638 3345 et
2680 3289 3092 3346 incunctanter
3122 3291 3394 3361 excipiat,
3426 3298 3480 3345 et
3510 3289 3623 3343 mi-

1970 3378 2162 3434 litaris
2193 3378 2499 3449 integritas
2534 3379 2711 3433 unius
2742 3381 2813 3434 ob
2866 3396 3073 3435 noxam
3120 3378 3455 3436 homicidali
3488 3395 3625 3434 con-

1972 3468 2132 3540 tagio
2166 3484 2539 3538 nequaquam
2573 3468 2894 3538 subjaceat.

1972 3586 2102 3641 CAP.
2140 3586 2259 3638 188.
2293 3615 2361 3624 —
2411 3586 2483 3638 De
2530 3585 2617 3639 his
2664 3585 2759 3655 qui
2805 3586 2912 3639 sibi
2959 3590 3185 3641 mortem
3238 3589 3504 3657 inferunt.
3548 3586 3631 3641 Ex

2246 3658 2428 3726 primo
2456 3657 2690 3712 concilio
2720 3660 3074 3727 Bracarensi,
3107 3676 3225 3729 cap.
3258 3659 3348 3713 34.

2046 3754 2156 3823 (23,
2192 3770 2239 3824 q.
2273 3755 2327 3822 5,
2358 3770 2475 3824 cap.
2510 3753 2728 3809 Placuit
2760 3763 2817 3809 ut
2847 3757 2897 3809 si
2926 3757 3063 3826 qui).
3094 3756 3200 3820 Qui
3232 3772 3336 3828 per
3380 3756 3626 3820 ferrum,

1972 3851 2070 3897 aut
2094 3860 2194 3914 per
2218 3858 2528 3913 venenum,
2555 3848 2656 3898 aut
2678 3844 3623 3916 praecipitium,autsuspendium,

1970 3931 2059 3986 vel
2093 3931 2351 4003 quolibet
2380 3933 2551 3987 modo
2569 3932 2853 3988 violentiae
2886 3934 2995 3987 sibi
3016 3934 3162 4006 ipsis
3184 3934 3443 3989 inferunt
3471 3951 3625 3988 mor-

1972 4026 2114 4089 tem,
2149 4020 2309 4075 nulla
2343 4037 2444 4091 pro
2478 4020 2642 4076 eisin
2677 4021 2972 4077 oblatione
2997 4022 3475 4077 commemoratio
3501 4022 3623 4089 fiat,

1972 4126 2163 4180 neque
2194 4126 2327 4164 cum
2359 4109 2600 4180 psalmis
2624 4125 2824 4165 eorum
2855 4111 3134 4164 cadavera
3157 4110 3226 4164 ad
3259 4108 3624 4180 sepulturam

1972 4198 2358 4252 deducantur.
2392 4197 2554 4251 Multi
2604 4198 2760 4251 enim
2794 4198 2905 4252 sibi
2936 4198 3045 4252 hoc
3094 4214 3196 4268 per
3223 4197 3622 4268 ignorantiam

1975 4291 2285 4357 usurpant.
2318 4285 2600 4341 Similiter
2648 4291 2702 4340 et
2734 4286 2803 4339 de
2835 4286 2926 4340 bis
2957 4286 3080 4341 ﬁeri
3130 4285 3350 4356 placuit
3388 4286 3487 4357 qui
3519 4301 3624 4357 pro

1974 4375 2101 4429 suis
2132 4374 2454 4430 sceleribus
2488 4374 2834 4446 puniuntur.

1084 4685 1620 4778 DECRETI
1694 4685 2009 4779 PARS
2081 4684 2757 4779 UNDECIMA.

317 4897 405 4955 De
438 4893 953 4966 incantatoribus,
987 4892 1063 4952 de
1096 4890 1465 4966 auguribus,
1498 4892 1575 4951 de
1606 4891 1851 4963 divinis,
1888 4892 1964 4952 de
1993 4892 2320 4968 sortilegis,
2356 4892 2433 4953 de
2463 4892 2789 4971 sortiariis,
2826 4899 2887 4953 et
2916 4893 3101 4953 variis
3131 4892 3522 4955 illusionibus

1275 4971 1535 5047 diaboli,
1568 4979 1628 5031 et
1662 4973 1737 5032 de
1769 4972 2156 5051 singulorum
2187 4972 2567 5052 paenitentia.

1721 5146 1773 5152 -ι
1790 5146 2123 5154 μο-νθ--α

200 5285 331 5340 CAP.
382 5282 431 5333 1.
481 5310 549 5319 —
597 5280 672 5333 Ne
720 5280 841 5348 quis
884 5280 1114 5341 ariolos,
1170 5280 1489 5344 haruspices
1530 5280 1613 5328 vel
1664 5280 1861 5328 incan-

276 5358 485 5408 tatores
517 5352 779 5405 observet.
820 5348 1103 5403 Decretum
1125 5345 1377 5414 Gregorii
1383 5345 1660 5414 junioris.
1685 5352 1861 5416 (Greg.

275 5426 343 5480 II.
405 5440 451 5478 c.
521 5424 587 5475 12
661 5436 889 5476 suorum
964 5419 1323 5485 decretorum,
1402 5417 1461 5470 in
1535 5434 1682 5472 conc.
1765 5420 1860 5473 Ito-

276 5510 445 5551 mano
478 5497 537 5561 ι).

276 5510 445 5551 mano
478 5510 537 5551 Ι).

285 5637 401 5708 (26,
430 5652 483 5707 q.
514 5636 570 5701 5,
604 5648 653 5688 c.
704 5632 764 5686 Si
794 5632 916 5701 quis
966 5629 1251 5701 hariolos).
1303 5628 1360 5683 Si
1408 5629 1539 5699 quis
1589 5629 1864 5700 hariolos,

538 5759 811 5819 Panos.
854 5756 1058 5818 CLXI.

720 5278 841 5348 quis
884 5273 1114 5341 ariolos,
1142 5274 1489 5348 _harusp_ices
1517 5276 1613 5348 rel
1664 5274 1864 5328 incan-
1896 5278 1943 5342 D
1976 5275 2301 5345 aruspices,
2333 5273 2419 5327 vel
2466 5274 2859 5330 incantatores
2908 5274 3316 5343 observaverit,
3350 5276 3451 5327 aut
3482 5271 3627 5342 phy-

1976 5363 2236 5419 lacteriis
2269 5380 2413 5419 usus
2447 5364 2641 5429 fuerit,
2677 5363 2991 5417 anathema
3023 5362 3120 5416 sit.

2061 5474 2192 5525 CAP.
2225 5472 2279 5524 2.
2313 5501 2379 5510 ——
2410 5472 2484 5525 De
2511 5469 2702 5525 eadem
2731 5484 2809 5523 rc.
2844 5470 2925 5593 ἔξω
2958 5466 3339 5538 Ancyranensi
3364 5478 3540 5537 conc.,

2685 5557 2815 5593 (συ.
2890 5580 2901 5591 .

2685 5557 2815 5611 cap.
2850 5557 2901 5593 ὁ.

2049 5632 2161 5701 (26,
2194 5648 2245 5702 q.
2275 5632 2330 5699 5,
2380 5646 2426 5684 c.
2480 5631 2585 5697 Qui
2612 5627 3025 5696 divinationes).
3079 5628 3187 5692 Qui
3239 5624 3627 5697 divinationes

3227 5755 3304 5815 24
