3972 6064
364 292 470 344 747

1441 296 1510 348 D.
1549 291 1792 346 1V0le
1827 289 2329 346 CARNOTENSIS
2366 288 2687 344 EPISCOPI

3665 289 3779 346 748

359 415 659 484 expetunt,
691 417 749 468 et
781 429 999 470 morem
1049 413 1355 484 gentilium
1411 413 1878 484 subsequuntur,
1918 409 2006 464 vel
2037 410 2091 475 Α
2189 411 2382 484 avium
2435 411 2741 484 obseruant.
2793 409 3172 482 Hieronymus
3219 426 3382 482 super
3428 415 3563 469 Jesu
3602 413 3773 484 Nave,

357 501 418 556 in
451 501 658 556 domos
707 518 848 556 suas
890 500 1231 571 hujusmodi
1283 500 1553 555 homines
1602 500 2007 566 introducunt,

358 586 701 658 exquirendi
725 588 944 659 aliquid
969 594 1091 641 arte
1123 585 1371 657 magica,
1396 591 1496 640 aut
1524 585 1796 658 expiandi
1831 601 2010 641 causa

359 678 469 732 sub
503 675 702 747 regula
730 675 1115 747 quinquennii
1161 676 1399 744 jaceant
1430 675 1759 730 secundum
1793 675 2010 746 gradus

359 765 711 839 poenitentiae
744 765 1036 820 deflnitos.

361 855 494 911 CAP.
529 855 579 908 3.
611 883 674 892 ——
703 854 781 907 Ne
806 853 995 906 clerici
1025 854 1392 908 incantalores
1419 854 1548 907 sint.
1584 854 1665 908 Ea:
1688 851 2010 908 Laodicensi

589 940 738 978 conc.
770 940 890 994 cap.
923 925 992 978 36
1022 923 1094 994 (et
1123 925 1321 980 concil.
1361 927 1548 995 Agath.
1582 941 1627 979 c.
1661 925 1774 988 68).

431 1015 539 1082 (26,
573 1028 623 1084 q.
656 1013 711 1081 5,
743 1029 790 1066 c.
825 1012 938 1067 Non
969 1003 1218 1083 oportet).
1267 1012 1391 1068 Non
1446 1018 1677 1084 oportet
1707 1013 1890 1068 sacris
1922 1011 2008 1066 of-

357 1101 506 1156 ficiis
537 1099 764 1156 deditos
805 1101 895 1156 vel
928 1101 1191 1166 clericos,
1225 1118 1428 1173 magos
1479 1107 1578 1158 aut
1609 1101 2008 1157 incantatores

353 1188 620 1254 existere,
671 1194 772 1244 aut
824 1191 1008 1246 facere
1068 1191 1444 1263 phylacteria,
1499 1207 1620 1263 quze
1672 1191 2004 1246 animarum

353 1293 597 1332 suarum
629 1277 863 1333 vincula
892 1279 1373 1349 comprobantur.

351 1365 486 1421 CAP.
521 1367 574 1420 4.
608 1397 674 1407 -
706 1366 847 1434 Quid
875 1367 1152 1436 agendum
1182 1370 1256 1422 sit
1306 1367 1370 1422 de
1421 1369 1712 1434 sortilegis.
1745 1370 1830 1422 E1:
1857 1369 2006 1435 Aga-

457 1437 642 1492 thensi
669 1453 820 1494 conc.
851 1455 970 1509 cap.
1007 1439 1077 1492 39
1104 1439 1246 1510 (cap.
1280 1440 1367 1506 42,
1401 1449 1451 1494 et
1486 1441 1667 1495 Vener.
1701 1457 1750 1495 c.
1788 1440 1897 1509 16).

417 1527 533 1594 (26,
563 1543 616 1598 q.
647 1529 704 1594 5,
734 1543 783 1581 c.
815 1527 1141 1598 Aliquanti).
1177 1526 1477 1598 Aliquanti
1503 1527 1699 1582 clerici
1731 1526 1850 1581 sive
1875 1526 2008 1581 laici

2191 482 2430 536 Homilia
2457 482 2490 533 7
2521 481 2654 552 (95).

2188 569 2298 639 Illi,
2332 570 2429 641 qui
2463 587 2597 624 cum
2629 569 2942 625 Christiani
2977 570 3117 636 sint,
3148 569 3549 628 solemnitates
3579 575 3773 645 genti-

2117 657 2263 712 lium
2279 657 2915 728 celebrant,anatbema
2936 660 2994 713 in
3018 658 3334 724 Ecclesium
3358 658 3772 719 introducunt.

2120 749 2186 802 Et
2219 747 2319 818 qui
2350 748 2419 802 de
2453 753 2745 802 astrorum
2771 748 3043 803 cursibus
3073 748 3225 802 vitas
3255 747 3564 804 hominum
3595 754 3652 804 et
3673 767 3774 822 ge-

2118 840 2210 891 sta
2241 835 2590 907 perquirunt
2613 853 2625 896 :
2660 836 2760 906 qui
2792 835 3021 891 volatus
3042 837 3260 905 avium,
3284 841 3340 892 et
3361 842 3566 893 caetera
3588 838 3773 908 huju-

2119 925 2330 990 smodi,
2363 941 2488 996 quae
2520 925 2579 979 in
2626 924 2835 980 smculo
2869 926 3033 997 prius
3081 926 3545 981 observabuntur
3573 926 3776 998 inqui—

2116 1018 2279 1078 Junt,
2317 1014 2387 1067 de
2420 1014 2654 1068 Jericho
2687 1015 3002 1068 anathema
3033 1015 3298 1069 inferunt
3330 1015 3388 1068 in
3423 1015 3774 1083 Ecclesiam,

2118 1107 2174 1157 et
2204 1102 2475 1174 polluunt
2505 1108 2694 1159 castra
2725 1103 3038 1174 Domini,et
3054 1102 3206 1158 vinei
3230 1103 3453 1159 faciunt
3485 1105 3773 1177 populum

2117 1191 2239 1246 Dei.

2116 1282 2249 1336 CAP.
2287 1282 2369 1335 10.
2403 1311 2472 1320 ——
2519 1281 2639 1336 Non
2688 1281 3019 1336 credendum
3067 1283 3156 1336 his
3183 1284 3279 1352 qui
3324 1297 3435 1336 non
3473 1283 3775 1339 secundum

2185 1354 2478 1428 Qominum
2504 1353 2778 1428 divinant.
2811 1355 3032 1428 August.
3067 1355 3167 1408 lib.
3205 1353 3580 1428 Questionum
3608 1372 3776 1428 super

2189 1425 2687 1490 Deuteronomium,
2713 1441 2831 1495 cap.
2869 1425 2932 1479 19
2961 1423 3045 1495 (in
3073 1441 3176 1479 xm
3208 1425 3409 1493 Deut.).

2189 1513 2437 1584 Intelligi
2483 1513 2666 1568 voluit
2717 1513 3002 1568 Dominus
3050 1513 3224 1569 etiam
3256 1512 3355 1568 illa
3397 1529 3525 1583 qua:
3554 1531 3588 1568 a
3619 1513 3770 1568 divi-

349 1617 592 1672 student
622 1616 980 1687 auguriis,et
1012 1615 1117 1670 sub
1141 1616 1378 1670 nomine
1410 1617 1556 1670 fictas
1581 1615 1882 1687 religionis
1906 1633 1970 1688 pe

2180 1601 2396 1657 intibus
2428 1619 2543 1656 non
2576 1603 2901 1658 secundum
2952 1603 3135 1658 Deum
3187 1602 3504 1672 dicuntur;
3537 1603 3584 1658 si
3616 1603 3771 1658 acci-

349 1719 468 1771 eas,
521 1721 666 1774 quas
715 1708 1058 1760 sanctorum
1110 1710 1298 1760 sortes
1346 1711 1573 1770 vocant,
1627 1705 2006 1760 divinationis

2117 1691 2309 1744 derint
2359 1707 2486 1761 quae
2531 1690 2832 1756 dicuntur,
2867 1707 2982 1746 non
3027 1691 3367 1762 accipienda
3413 1690 3498 1747 sic
3532 1696 3593 1746 ut
3625 1691 3772 1747 fiant

351 1793 662 1848 scientiam
693 1794 1062 1864 profitentur,
1095 1797 1197 1848 aut
1226 1809 1710 1864 quarumcunque
1744 1793 1966 1864 scriptu

2180 1797 2236 1833 lae
2270 1780 2689 1851 praecipiuntur
2717 1780 2788 1834 ab
2819 1779 2925 1846 eis,
2954 1785 3057 1834 aut
3086 1779 3356 1835 colantur
3400 1797 3528 1851 quas
3557 1779 3768 1836 colun-

351 1897 548 1935 rarum
581 1880 945 1951 inspectione
977 1881 1174 1935 futura
1205 1880 1574 1951 promittunt.
1601 1885 1717 1935 Iloc
1750 1881 2000 1952 quicun-

351 1986 464 2040 que
495 1967 743 2023 clericus
773 1973 874 2024 aut
904 1966 1091 2025 laicus
1122 1970 1388 2024 detectus
1412 1969 1585 2024 fuerit
1615 1969 1703 2024 vel
1735 1969 2002 2025 consule-

349 2073 411 2113 re
439 2057 527 2112 vel
559 2057 784 2128 docere,
818 2058 889 2112 ab
920 2058 1166 2113 ecclesia
1197 2059 1483 2112 habeatur
1521 2065 1855 2114 extraneus.

347 2147 482 2202 ΟΑΡ.
513 2147 567 2200 5.
602 2177 668 2187 -
700 2147 772 2199 De
801 2146 1124 2213 paenitentia
1149 2146 1475 2202 clericorum
1495 2149 1590 2218 qui
1610 2164 1848 2217 augures
1878 2163 2002 2201 con-

418 2217 714 2273 suluerint.
754 2218 834 2270 Ex
865 2219 1120 2274 Toletano
1168 2219 1396 2274 concilio
1445 2217 1564 2290 cap.
1597 2219 1668 2273 30
1698 2219 1866 2290 (conc.
1902 2224 2002 2275 To-

418 2288 553 2356 leta,
587 2305 662 2353 1v,
689 2305 735 2343 c.
769 2290 882 2356 28).

541 2329 735 2358 ’IV,VO
769 2329 882 2356 ~\',.

417 2377 524 2446 (26,
559 2394 610 2447 q.
643 2377 698 2431 5.
731 2393 777 2432 c.
808 2378 875 2433 Si
902 2378 1026 2448 quis
1056 2377 1381 2448 cpiscopus).
1409 2378 1467 2434 Si
1503 2378 1637 2448 quis
1662 2379 1996 2450 episcopus,

342 2470 444 2520 aut
477 2465 796 2536 presbyter,
833 2469 934 2520 aut
964 2465 1266 2536 diaconus,
1299 2466 1385 2522 vel
1421 2467 1669 2537 quilibet
1700 2484 1768 2522 ex
1797 2467 1998 2522 ordine

341 2553 686 2610 clericorum
707 2554 1008 2624 aruspices
1021 2560 1122 2609 aut
1139 2554 1420 2620 hariolos,
1451 2560 1551 2609 aut
1569 2559 1721 2610 certe
1746 2572 1999 2627 augures

338 2641 426 2697 vel
461 2641 789 2714 sortilegos,
821 2641 908 2697 vel
944 2659 1045 2698 eos
1076 2643 1173 2713 qui
1207 2645 1556 2714 profitentur
1587 2649 1768 2698 artem
1805 2644 1996 2714 magi-

340 2747 490 2798 cam,
524 2736 623 2786 aut
670 2730 901 2802 aliquos
945 2748 1146 2787 eorum
1201 2731 1419 2788 similia
1470 2731 1796 2803 [sublimia,
1836 2733 1999 2788 habet

339 2820 509 2875 codex
536 2821 710 2888 conc]
740 2824 1074 2874 exercentes
1093 2818 1462 2874 consuluisse
1487 2819 1658 2874 fuerit
1679 2819 1998 2890 deprehen-

343 2926 469 2979 sus,
503 2909 574 2963 ab
606 2908 824 2962 honore
855 2907 1161 2978 dignitatis
1194 2925 1310 2962 suae
1344 2909 1671 2980 depositus,
1697 2913 1996 2964 monaste-

345 2997 417 3052 rii
470 3014 668 3051 curam
719 2997 986 3065 excipiat,
1041 2996 1240 3068 ibique
1299 3002 1591 3068 perpetua:
1643 2997 1994 3068 pmnitcntiae

343 3086 578 3140 deditus
607 3083 797 3141 scelus
829 3084 1073 3139 admissi
1105 3084 1394 3156 sacrilegii
1428 3084 1637 3141 solvat.

343 3183 473 3239 CAP.
504 3183 556 3237 6.
608 3212 678 3223 —-
729 3183 799 3236 Dc
846 3181 1146 3254 Pythonico
1176 3183 1414 3254 spiritu.
1466 3183 1783 3254 Ambrosius
1831 3199 1994 3254 super

461 3254 755 3325 Epistulam
780 3253 1024 3324 primam
1053 3253 1122 3306 ad
1154 3253 1471 3308 Corinthios
1503 3253 1594 3323 (ad
1625 3270 1743 3323 cap.
1779 3255 1865 3324 ιι).

406 3343 658 3414 Spiritus
702 3342 906 3396 mundi
957 3341 1050 3396 hic
1081 3345 1188 3410 est,
1232 3357 1334 3412 per
1382 3358 1555 3413 quem
1589 3342 1992 3414 corripiuntur

328 3431 739 3504 [arripiuntur]
770 3429 1067 3501 phanatici
1095 3429 1191 3501 qui
1219 3430 1346 3485 sine
1381 3431 1492 3485 Deo
1523 3436 1680 3487 sunt.
1707 3432 1806 3486 Est
1829 3432 1986 3487 enim

325 3522 480 3576 inter
511 3519 843 3574 mundanus
875 3518 1122 3590 spiritus
1155 3519 1385 3590 potior;
1421 3521 1576 3574 unde
1607 3522 1754 3574 solet
1788 3521 1988 3591 conje-

330 3607 480 3663 turis
511 3623 636 3678 qua:
664 3606 866 3660 mundi
885 3612 1022 3661 sunt
1040 3606 1321 3671 divinare,
1341 3624 1515 3678 quem
1541 3607 1859 3678 Pythonem
1883 3626 1984 3680 ap-

325 3695 567 3768 pellant.
600 3695 704 3749 Hic
734 3699 824 3750 est
854 3695 952 3766 qui
981 3712 1078 3766 per
1096 3695 1435 3750 verisimilia
1467 3695 1710 3764 fallitur,
1735 3703 1792 3751 et
1814 3698 1981 3768 fallit,

323 3785 419 3840 hic
450 3788 538 3840 est
560 3784 659 3855 qui
681 3800 783 3856 per
799 3783 1081 3856 Sibyllam
1105 3785 1340 3840 locutus
1365 3789 1452 3840 est
1479 3802 1718 3840 sensum
1744 3791 1978 3842 nostro-

322 3892 455 3931 rum
483 3879 745 3942 secutus,
769 3873 966 3929 locum
1003 3873 1202 3929 volens
1236 3874 1389 3928 inter
1409 3874 1674 3930 cmlestes
1708 3876 1939 3931 habere.

320 3977 454 4031 CAP.
488 3975 542 4029 7.
579 4004 644 4014 -—
676 3974 750 4028 De
779 3971 1035 4027 Kalendis
1065 3972 1145 4026 vel
1176 3972 1431 4041 auguriis
1462 3988 1566 4026 non
1591 3975 1972 4029 observandis.

497 4045 794 4100 Zacharias
825 4043 1111 4113 Boni/ccio
1143 4045 1388 4113 episcopo
1417 4043 1610 4114 (episc.
1646 4045 1797 4113 ult).

390 4135 470 4190 De
501 4132 779 4189 Kalendis
805 4130 1126 4198 Januariis,
1152 4130 1240 4184 vel
1269 4129 1494 4185 caeteris
1517 4132 1805 4200 auguriis,
1831 4134 1974 4206 phy-

320 4223 597 4290 lacteriis,
614 4228 671 4278 et
701 4220 1224 4286 incantationibus,
1243 4219 1328 4274 vel
1353 4219 1483 4274 aliis
1507 4220 1754 4276 diversis
1777 4223 1972 4278 obser-

315 4311 673 4376 vationibus,
707 4327 832 4380 quae
863 4309 1063 4380 gentili
1091 4324 1250 4363 more
1280 4308 1572 4362 observari
1597 4310 1793 4365 dixisti
1815 4315 1968 4382 apud

317 4401 562 4454 Beatum
595 4399 825 4453 Petrum
861 4396 1216 4466 apostolum,
1247 4395 1332 4450 vel
1368 4397 1424 4449 in
1459 4399 1600 4452 urbe
1635 4399 1838 4463 Roma,
1864 4401 1972 4457 hoc

2113 1872 2210 1923 tur
2239 1870 2311 1923 ab
2343 1869 2450 1924 eis.

2111 1966 2246 2021 CAP.
2283 1967 2368 2021 11.
2402 1997 2470 2006 —
2501 1968 2574 2022 De
2602 1965 2937 2036 depositione
2965 1965 3154 2021 clerici
3184 1964 3462 2021 maledici.
3497 1967 3582 2020 Es:
3610 1981 3765 2022 conc.

2617 2055 2694 2103 ιν,
2729 2038 2984 2108 Carthag.
3019 2054 3134 2108 cap.
3171 2037 3262 2093 57.

2182 2127 2349 2196 (Disl.
2383 2127 2470 2192 46,
2502 2143 2550 2181 c.
2586 2125 2829 2180 Clericus
2874 2126 3225 2194 maledicus).
3271 2125 3530 2181 Clericus
3580 2125 3764 2181 male-

2110 2215 2300 2282 dicus,
2337 2216 2708 2286 maximeque
2740 2215 2795 2268 in
2831 2213 3236 2270 sacerdotibus
3284 2219 3528 2285 cogatur
3554 2215 3625 2269 ad
3661 2231 3766 2286 po-

2110 2303 2446 2358 stulandum
2504 2304 2755 2358 veniam.
2807 2303 2863 2358 Si
2918 2301 3191 2370 noluerit,
3243 2303 3621 2375 degradetur,
3665 2320 3764 2358 ne-

2109 2409 2223 2464 que
2255 2409 2516 2464 unquam
2559 2392 2626 2447 ad
2677 2392 2937 2448 officium
2987 2392 3210 2462 absque
3241 2391 3644 2446 satisfactione
3678 2407 3768 2447 re-

2106 2485 2367 2538 vocetur.

2105 2570 2240 2626 CAP.
2277 2571 2362 2624 12.
2382 2571 2539 2624 ——-De
2565 2569 2922 2623 damnatione
2949 2569 3067 2639 ejus
3097 2570 3194 2639 qui
3222 2566 3464 2638 aliquem
3493 2568 3768 2639 maleﬁcio

2248 2643 2606 2710 interfecerit,
2635 2643 2717 2694 Ea:
2747 2641 3085 2696 Eliberitano
3124 2639 3379 2704 concilio,
3409 2656 3530 2711 cap.
3562 2640 3616 2694 6.

2176 2731 2234 2785 Si
2269 2731 2401 2802 quis
2421 2730 2706 2784 maleficio
2726 2728 3034 2784 interficiat
3057 2728 3338 2799 aliquem,
3362 2744 3428 2783 eo
3453 2729 3608 2800 quod
3637 2728 3766 2783 sine

2105 2817 2436 2872 idololatria
2477 2816 2753 2889 perficere
2786 2835 2900 2872 non
2952 2817 3140 2888 potuit
3169 2816 3382 2884 scelus,
3417 2832 3522 2871 nec
3552 2815 3613 2871 in
3648 2817 3765 2872 fine

2103 2907 2536 2977 percipiendam
2583 2922 2712 2960 esse
2741 2905 3218 2977 [impertiendum
3267 2904 3352 2958 illi
3402 2904 3563 2975 orig.]
3597 2921 3762 2960 com-

2103 2995 2464 3051 munionem.

2104 3092 2238 3147 CAP.
2275 3093 2360 3145 13.
2394 3121 2461 3131 —
2490 3091 2644 3160 Quod
2673 3092 3083 3146 constitutiones
3107 3090 3395 3145 hominum
3419 3092 3622 3158 partim
3646 3091 3761 3145 sint

2173 3165 2585 3232 superstitiosa,
2640 3165 2849 3232 partim
2905 3178 3036 3217 non.
3094 3164 3318 3232 August.
3378 3163 3454 3216 De
3509 3162 3762 3217 doctrina

2173 3235 2492 3289 Christiana
2523 3235 2621 3288 lib.
2654 3251 2692 3288 ιι
2726 3237 2864 3304 (cap.
2901 3235 2990 3302 19,
3020 3235 3134 3303 20).

2169 3323 2313 3377 Illud
2348 3323 2499 3392 quod
2535 3322 2965 3376 estsecundum
2983 3321 3388 3379 institutiones
3411 3319 3752 3388 hominum,

2097 3412 2311 3482 partim
2335 3410 2816 3482 superstitiosum
2849 3414 2957 3476 est,
2983 3409 3197 3481 partim
3223 3425 3336 3464 non
3361 3412 3452 3464 est
3471 3408 3756 3479 supersti-

2095 3501 2334 3554 tiosum.
2359 3498 2848 3569 Superstitiosum
2865 3503 2973 3564 est,
2999 3496 3286 3568 quidquid
3303 3497 3643 3551 institutum
3663 3500 3755 3552 est

2095 3589 2168 3642 ab
2199 3589 2539 3643 hominibus
2567 3588 2636 3642 ad
2683 3586 2950 3642 facienda
2981 3591 3038 3641 et
3088 3585 3330 3641 colenda
3363 3583 3538 3651 idola,
3573 3583 3754 3656 perti-

2093 3694 2239 3733 nens
2269 3676 2352 3732 vel
2380 3679 2447 3730 ad
2481 3676 2808 3740 colendam,
2836 3675 2988 3729 sicut
3019 3679 3226 3738 Deum,
3247 3679 3580 3728 creaturam
3615 3689 3750 3744 par-

2090 3769 2282 3820 temve
2302 3765 2480 3819 ullam
2505 3763 2901 3830 creaturaewel
2924 3764 2994 3817 ad
3020 3761 3484 3818 consultationes
3506 3765 3565 3816 et
3583 3765 3755 3831 pacta

2091 3855 2356 3923 quaedam
2401 3852 2901 3924 significationum
2952 3869 3084 3907 cum
3135 3849 3502 3906 daemonibus
3536 3848 3752 3920 placita

2089 3950 2262 4015 atque
2278 3942 2778 4012 foederata,qualia
2800 3947 2942 3997 sunt
2965 3941 3272 3996 molimina
3294 3940 3748 4011 magniﬁcarum

2086 4033 2324 4097 artium,
2359 4049 2485 4102 quae
2537 4031 2774 4102 quidem
2823 4045 3280 4086 commemorare
3329 4029 3530 4099 potius
3563 4042 3743 4098 quam

2085 4125 2291 4176 docere
2316 4119 2506 4175 solent
2533 4126 2730 4192 poeta.
2756 4120 2835 4174 Ex
2867 4136 2981 4190 quo
3005 4133 3216 4190 genere
3249 4123 3410 4184 sunt,
3445 4117 3544 4171 sed
3575 4115 3749 4186 quasi

2085 4210 2388 4264 licentiore
2419 4210 2694 4274 vanitate,
2713 4208 3052 4279 aruspicum
3079 4213 3135 4262 et
3157 4222 3452 4277 augurum
3479 4204 3632 4259 libri.
3656 4203 3743 4258 Ad

2081 4298 2191 4353 hoc
2224 4315 2407 4370 genus
2439 4299 2615 4352 etiam
2665 4297 2960 4367 pertinent
3007 4311 3209 4349 omnes
3257 4293 3526 4364 ligatum:
3568 4298 3744 4363 atque

2081 4387 2360 4452 remedia,
2397 4403 2523 4456 quin
2573 4385 2935 4439 medicorum
2987 4399 3221 4455 quoque
3251 4381 3567 4454 disciplina
3602 4397 3740 4435 con-
3847 4386 3852 4389 ’

315 4493 373 4544 et
405 4485 572 4542 nobis
603 4491 660 4541 et
688 4485 961 4541 omnibus
990 4485 1340 4540 Christianis
1371 4485 1716 4542 detestabile
1744 4494 1802 4543 et
1841 4506 1969 4561 per-

2180 4476 2465 4538 nnat,sive
2488 4475 2545 4527 in
2572 4470 3276 4542 przeeantationibus,sive
3296 4470 3352 4524 in
3378 4468 3736 4540 quibusdam

316 4576 607 4630 niciosum
639 4590 768 4630 esse
791 4573 1156 4644 judicamus.

313 4666 448 4719 CAP.
476 4665 530 4719 8.
565 4694 631 4703 —
663 4664 736 4718 De
760 4662 1024 4736 male/icis
1066 4661 1420 4736 (damnandis.
1477 4664 1579 4719 Leo
1613 4665 1676 4718 IV
1703 4667 1972 4736 episcopis

975 4734 1302 4787 Britannias.

382 4825 576 4876 Sortes
608 4821 820 4892 quibus
852 4837 952 4876 vos
973 4826 1184 4875 cuncta
1215 4820 1273 4874 in
1304 4821 1516 4876 vestris
1539 4822 1968 4881 discriminatis

311 4911 646 4983 provinciis,
675 4909 824 4965 nihil
857 4909 1015 4963 aliud
1054 4926 1228 4980 quam
1263 4911 1417 4980 quod
1452 4911 1550 4965 alii
1577 4917 1774 4969 Patres
1797 4915 1963 4970 dam-

308 5005 614 5066 naverunt,
647 4998 1037 5053 divinationes
1070 5003 1125 5052 et
1152 4997 1506 5052 maleﬁcium
1541 5015 1669 5056 esse
1701 5004 1963 5058 decerni-

308 5106 460 5144 mus.
482 5095 666 5154 Quam
699 5089 770 5143 ob
803 5104 925 5140 rem
957 5085 1380 5140 volumusillas
1410 5089 1649 5142 omnino
1673 5091 1961 5158 damnari,

304 5185 362 5233 et
394 5177 547 5233 ultra
579 5178 732 5232 inter
761 5174 1124 5231 Christianos
1159 5173 1434 5228 nolumus
1468 5179 1780 5248 nominari,
1814 5186 1870 5235 et
1901 5188 1964 5236 ut

305 5266 730 5322 abscinduntur
759 5266 869 5320 sub
913 5262 1306 5319 anathematis
1338 5262 1655 5320 interdictu
1687 5269 1959 5336 prohibe-

311 5371 467 5412 mus.

374 5447 507 5500 CAP.
539 5446 593 5498 9.
629 5475 696 5485 —-
726 5445 798 5500 De
826 5443 915 5498 his
943 5441 1039 5514 qui
1088 5457 1284 5496 cursus
1338 5444 1625 5496 astrorum
1670 5452 1722 5499 et
1753 5446 1960 5504 volatus

372 5602 484 5674 (95)
521 5603 582 5658 ld
615 5602 790 5660 habet
820 5603 1117 5674 Origenes,
1151 5602 1468 5674 interprete
1503 5601 1658 5659 Hier.
1689 5605 1845 5662 circa
1877 5609 2032 5664 med.

2081 4564 2234 4619 notis
2267 4579 2414 4634 quas
2467 4561 2831 4616 characteres
2881 4565 3110 4628 vocant,
3145 4559 3264 4614 sive
3296 4558 3354 4611 in
3405 4557 3742 4628 quibusque

2082 4653 2256 4706 rebus
2278 4651 2710 4721 suspendendis
2735 4655 2908 4720 atque
2927 4645 3300 4720 ligandis,vel
3322 4645 3496 4701 etiam
3520 4644 3740 4700 saltan-

2079 4741 2170 4794 dis
2190 4740 2624 4809 quodammodo
2648 4755 2762 4793 non
2788 4739 2857 4792 ad
2887 4736 3367 4809 temperationem
3395 4751 3730 4805 corporum,

2079 4829 2178 4884 sed
2205 4829 2277 4883 ad
2303 4829 2589 4898 quasdam
2608 4826 3068 4898 significatiouee
3092 4829 3192 4880 aut
3216 4823 3477 4879 occultas
3495 4828 3600 4878 aut
3617 4840 3734 4878 ma-

2079 4917 2344 4987 nifestas,
2380 4933 2557 4988 quam
2591 4914 2974 4970 eminentiore
3007 4913 3284 4981 (mitiore,
3309 4913 3473 4983 orig.]
3499 4911 3733 4967 nomine

2077 5005 2381 5077 physicam
2415 5012 2640 5070 vocant,
2678 5009 2740 5058 ut
2772 5004 2937 5074 quasi
2967 5021 3080 5058 non
3112 5002 3490 5073 snpertitiosc
3521 5005 3737 5072 [super-

2076 5095 2334 5159 stitione,
2375 5092 2528 5165 l'irt.]
2569 5091 2893 5162 implicare,
2927 5093 3025 5146 sed
3082 5097 3289 5145 natura
3339 5091 3621 5161 prodesse
3653 5089 3732 5141 vi-

2075 5183 2325 5238 deantur
2357 5181 2509 5236 sicut
2541 5187 2680 5235 sunt
2725 5182 2959 5235 inaures
3009 5180 3066 5233 in
3101 5195 3330 5233 summo
3363 5176 3734 5248 singularum

2072 5273 2328 5336 aurium,
2362 5275 2462 5324 aut
2493 5270 2564 5324 de
2594 5268 2994 5323 struthionum
3028 5267 3258 5323 ossibus
3291 5266 3514 5320 ansulae
3545 5265 3607 5320 in
3641 5265 3732 5319 di-

2069 5361 2226 5432 gitis,
2263 5365 2526 5414 autcum
2559 5359 2666 5414 tibi
2719 5358 2933 5413 dicitur
2976 5355 3348 5429 singultienti
3401 5360 3464 5410 ut
3497 5356 3735 5410 dextera

2069 5465 2245 5504 manu
2282 5447 2551 5519 pollicem
2590 5448 2924 5518 [sinistrum
2974 5445 3268 5518 pollicem,
3300 5445 3470 5515 orig.]
3503 5449 3732 5500 teneas.
