  <div class='ocr_page' id='page_1' title='image "/cluster/home/n/w/nwhite01/storage/ocr_20150623/161/hvd.32044054760194/420.png"; bbox 0 0 4002 6054; ppageno 0'>
   <div class='ocr_carea' id='block_1_1' title="bbox 209 322 323 377">
    <p class='ocr_par' dir='ltr' id='par_1_1' title="bbox 209 322 323 377">
     <span class='ocr_line' id='line_1_1' title="bbox 209 322 323 377; baseline 0.018 -2"><span class='ocrx_word' id='word_1_1' title='bbox 209 322 323 377; x_wconf 74' lang='grc'><strong>749</strong></span> 
     </span>
    </p>
   </div>
   <div class='ocr_carea' id='block_1_2' title="bbox 1024 323 2815 394">
    <p class='ocr_par' dir='ltr' id='par_1_2' title="bbox 1024 323 2815 394">
     <span class='ocr_line' id='line_1_2' title="bbox 1024 323 2815 394; baseline 0.001 -16"><span class='ocrx_word' id='word_1_2' title='bbox 1024 326 1335 381; x_wconf 76' lang='lat' dir='ltr'><strong>DECRETI</strong></span> <span class='ocrx_word' id='word_1_3' title='bbox 1374 329 1560 382; x_wconf 78' lang='lat' dir='ltr'><strong>PARS</strong></span> <span class='ocrx_word' id='word_1_4' title='bbox 1596 329 1694 381; x_wconf 85' lang='lat' dir='ltr'><strong>XI.</strong></span> <span class='ocrx_word' id='word_1_5' title='bbox 1737 353 1805 364; x_wconf 92' lang='lat'><strong>-—</strong></span> <span class='ocrx_word' id='word_1_6' title='bbox 1841 326 1938 379; x_wconf 79' lang='lat' dir='ltr'><strong>DE</strong></span> <span class='ocrx_word' id='word_1_7' title='bbox 1975 323 2620 394; x_wconf 77' lang='lat' dir='ltr'><strong>INCANTATORIBUS,</strong></span> <span class='ocrx_word' id='word_1_8' title='bbox 2660 326 2815 381; x_wconf 81' lang='lat' dir='ltr'><strong>ETC.</strong></span> 
     </span>
    </p>
   </div>
   <div class='ocr_carea' id='block_1_3' title="bbox 3515 332 3622 389">
    <p class='ocr_par' dir='ltr' id='par_1_3' title="bbox 3515 332 3622 389">
     <span class='ocr_line' id='line_1_3' title="bbox 3515 332 3622 389; baseline 0.037 -4"><span class='ocrx_word' id='word_1_9' title='bbox 3515 332 3622 389; x_wconf 87' lang='lat'><strong>750</strong></span> 
     </span>
    </p>
   </div>
   <div class='ocr_carea' id='block_1_4' title="bbox 210 444 3620 518">
    <p class='ocr_par' dir='ltr' id='par_1_4' title="bbox 210 444 3620 518">
     <span class='ocr_line' id='line_1_4' title="bbox 210 444 3620 518; baseline 0.003 -16"><span class='ocrx_word' id='word_1_10' title='bbox 210 446 315 502; x_wconf 87' lang='lat' dir='ltr'><strong>His</strong></span> <span class='ocrx_word' id='word_1_11' title='bbox 336 447 743 518; x_wconf 82' lang='lat' dir='ltr'><strong>adjunguntur</strong></span> <span class='ocrx_word' id='word_1_12' title='bbox 773 445 959 501; x_wconf 80' lang='lat' dir='ltr'><strong>millia</strong></span> <span class='ocrx_word' id='word_1_13' title='bbox 989 446 1472 506; x_wconf 88' lang='lat' dir='ltr'><strong>inanissimarum</strong></span> <span class='ocrx_word' id='word_1_14' title='bbox 1506 448 1859 505; x_wconf 87' lang='lat' dir='ltr'><strong>observatio-</strong></span> <span class='ocrx_word' id='word_1_15' title='bbox 1887 450 1941 515; x_wconf 79' lang='grc' dir='ltr'><strong>Α</strong></span> <span class='ocrx_word' id='word_1_16' title='bbox 1972 449 2099 501; x_wconf 61' lang='lat' dir='ltr'><strong>Car.</strong></span> <span class='ocrx_word' id='word_1_17' title='bbox 2134 444 2222 501; x_wconf 77' lang='lat' dir='ltr'><strong>l4.</strong></span> <span class='ocrx_word' id='word_1_18' title='bbox 2256 477 2322 487; x_wconf 92' lang='lat'><strong>—</strong></span> <span class='ocrx_word' id='word_1_19' title='bbox 2362 448 2564 502; x_wconf 82' lang='lat' dir='ltr'><strong>Rerum</strong></span> <span class='ocrx_word' id='word_1_20' title='bbox 2594 448 3012 504; x_wconf 83' lang='lat' dir='ltr'><strong>inhonestarum</strong></span> <span class='ocrx_word' id='word_1_21' title='bbox 3048 449 3264 504; x_wconf 85' lang='lat' dir='ltr'><strong>nullam</strong></span> <span class='ocrx_word' id='word_1_22' title='bbox 3293 467 3403 508; x_wconf 77' lang='lat' dir='ltr'><strong>esse</strong></span> <span class='ocrx_word' id='word_1_23' title='bbox 3448 459 3620 511; x_wconf 86' lang='lat' dir='ltr'><strong>socie-</strong></span> 
     </span>
    </p>
   </div>
   <div class='ocr_carea' id='block_1_5' title="bbox 213 534 1865 607">
    <p class='ocr_par' dir='ltr' id='par_1_5' title="bbox 213 534 1865 607">
     <span class='ocr_line' id='line_1_5' title="bbox 213 534 1865 607; baseline 0.001 -18"><span class='ocrx_word' id='word_1_24' title='bbox 213 551 355 589; x_wconf 90' lang='lat' dir='ltr'><strong>num</strong></span> <span class='ocrx_word' id='word_1_25' title='bbox 385 554 398 602; x_wconf 88' lang='lat'><strong>;</strong></span> <span class='ocrx_word' id='word_1_26' title='bbox 434 534 483 589; x_wconf 92' lang='lat' dir='ltr'><strong>si</strong></span> <span class='ocrx_word' id='word_1_27' title='bbox 518 535 848 589; x_wconf 83' lang='lat' dir='ltr'><strong>membrum</strong></span> <span class='ocrx_word' id='word_1_28' title='bbox 882 535 1119 606; x_wconf 84' lang='lat' dir='ltr'><strong>aliquod</strong></span> <span class='ocrx_word' id='word_1_29' title='bbox 1137 535 1361 591; x_wconf 88' lang='lat' dir='ltr'><strong>salierit</strong></span> <span class='ocrx_word' id='word_1_30' title='bbox 1392 537 1438 592; x_wconf 90' lang='lat' dir='ltr'><strong>si</strong></span> <span class='ocrx_word' id='word_1_31' title='bbox 1464 537 1718 607; x_wconf 80' lang='lat' dir='ltr'><strong>junctim</strong></span> <span class='ocrx_word' id='word_1_32' title='bbox 1746 554 1865 591; x_wconf 90' lang='lat' dir='ltr'><strong>am-</strong></span> 
     </span>
    </p>
   </div>
   <div class='ocr_carea' id='block_1_6' title="bbox 213 623 1866 697">
    <p class='ocr_par' dir='ltr' id='par_1_6' title="bbox 213 623 1866 697">
     <span class='ocr_line' id='line_1_6' title="bbox 213 623 1866 697; baseline -0.001 -18"><span class='ocrx_word' id='word_1_33' title='bbox 213 623 560 679; x_wconf 82' lang='lat' dir='ltr'><strong>bulantibus</strong></span> <span class='ocrx_word' id='word_1_34' title='bbox 591 624 795 679; x_wconf 84' lang='lat' dir='ltr'><strong>amicis</strong></span> <span class='ocrx_word' id='word_1_35' title='bbox 826 624 998 695; x_wconf 82' lang='lat' dir='ltr'><strong>lapis,</strong></span> <span class='ocrx_word' id='word_1_36' title='bbox 1023 626 1305 680; x_wconf 89' lang='lat' dir='ltr'><strong>autcauis</strong></span> <span class='ocrx_word' id='word_1_37' title='bbox 1338 631 1439 681; x_wconf 92' lang='lat' dir='ltr'><strong>aut</strong></span> <span class='ocrx_word' id='word_1_38' title='bbox 1470 643 1614 697; x_wconf 92' lang='lat' dir='ltr'><strong>puer</strong></span> <span class='ocrx_word' id='word_1_39' title='bbox 1638 626 1866 680; x_wconf 87' lang='lat' dir='ltr'><strong>medius</strong></span> 
     </span>
    </p>
   </div>
   <div class='ocr_carea' id='block_1_7' title="bbox 214 711 1867 783">
    <p class='ocr_par' dir='ltr' id='par_1_7' title="bbox 214 711 1867 783">
     <span class='ocr_line' id='line_1_7' title="bbox 214 711 1867 783; baseline 0.001 -18"><span class='ocrx_word' id='word_1_40' title='bbox 214 711 610 767; x_wconf 70' lang='lat' dir='ltr'><strong>intervenerit.</strong></span> <span class='ocrx_word' id='word_1_41' title='bbox 645 717 776 767; x_wconf 89' lang='lat' dir='ltr'><strong>Post</strong></span> <span class='ocrx_word' id='word_1_42' title='bbox 800 729 1005 783; x_wconf 85' lang='lat' dir='ltr'><strong>pauca.</strong></span> <span class='ocrx_word' id='word_1_43' title='bbox 1030 714 1177 768; x_wconf 79' lang='lat' dir='ltr'><strong>Hinc</strong></span> <span class='ocrx_word' id='word_1_44' title='bbox 1211 713 1385 769; x_wconf 90' lang='lat' dir='ltr'><strong>etiam</strong></span> <span class='ocrx_word' id='word_1_45' title='bbox 1416 718 1555 769; x_wconf 90' lang='lat' dir='ltr'><strong>sunt</strong></span> <span class='ocrx_word' id='word_1_46' title='bbox 1587 714 1720 767; x_wconf 91' lang='lat' dir='ltr'><strong>illa:</strong></span> <span class='ocrx_word' id='word_1_47' title='bbox 1776 714 1867 767; x_wconf 83' lang='lat' dir='ltr'><strong>Li-</strong></span> 
     </span>
    </p>
   </div>
   <div class='ocr_carea' id='block_1_8' title="bbox 213 800 1867 868">
    <p class='ocr_par' dir='ltr' id='par_1_8' title="bbox 213 800 1867 868">
     <span class='ocr_line' id='line_1_8' title="bbox 213 800 1867 868; baseline 0.002 -14"><span class='ocrx_word' id='word_1_48' title='bbox 213 818 346 855; x_wconf 92' lang='lat' dir='ltr'><strong>men</strong></span> <span class='ocrx_word' id='word_1_49' title='bbox 373 800 615 868; x_wconf 87' lang='lat' dir='ltr'><strong>calcare,</strong></span> <span class='ocrx_word' id='word_1_50' title='bbox 640 818 773 856; x_wconf 90' lang='lat' dir='ltr'><strong>cum</strong></span> <span class='ocrx_word' id='word_1_51' title='bbox 794 808 930 856; x_wconf 87' lang='lat' dir='ltr'><strong>ante</strong></span> <span class='ocrx_word' id='word_1_52' title='bbox 953 803 1195 857; x_wconf 91' lang='lat' dir='ltr'><strong>domum</strong></span> <span class='ocrx_word' id='word_1_53' title='bbox 1230 820 1399 857; x_wconf 90' lang='lat' dir='ltr'><strong>suam</strong></span> <span class='ocrx_word' id='word_1_54' title='bbox 1423 806 1654 867; x_wconf 72' lang='lat' dir='ltr'><strong>transnt,</strong></span> <span class='ocrx_word' id='word_1_55' title='bbox 1678 803 1867 857; x_wconf 89' lang='lat' dir='ltr'><strong>redire</strong></span> 
     </span>
    </p>
   </div>
   <div class='ocr_carea' id='block_1_9' title="bbox 214 890 1864 960">
    <p class='ocr_par' dir='ltr' id='par_1_9' title="bbox 214 890 1864 960">
     <span class='ocr_line' id='line_1_9' title="bbox 214 890 1864 960; baseline 0.002 -17"><span class='ocrx_word' id='word_1_56' title='bbox 214 891 284 943; x_wconf 89' lang='lat' dir='ltr'><strong>ad</strong></span> <span class='ocrx_word' id='word_1_57' title='bbox 323 890 561 957; x_wconf 91' lang='lat' dir='ltr'><strong>lectum,</strong></span> <span class='ocrx_word' id='word_1_58' title='bbox 596 890 643 945; x_wconf 92' lang='lat' dir='ltr'><strong>si</strong></span> <span class='ocrx_word' id='word_1_59' title='bbox 676 892 811 960; x_wconf 88' lang='lat' dir='ltr'><strong>quis</strong></span> <span class='ocrx_word' id='word_1_60' title='bbox 862 892 1001 945; x_wconf 90' lang='lat' dir='ltr'><strong>dum</strong></span> <span class='ocrx_word' id='word_1_61' title='bbox 1053 910 1114 946; x_wconf 91' lang='lat' dir='ltr'><strong>se</strong></span> <span class='ocrx_word' id='word_1_62' title='bbox 1163 891 1371 947; x_wconf 90' lang='lat' dir='ltr'><strong>calciat</strong></span> <span class='ocrx_word' id='word_1_63' title='bbox 1420 895 1864 947; x_wconf 87' lang='lat' dir='ltr'><strong>sternutaverit:</strong></span> 
     </span>
    </p>
   </div>
   <div class='ocr_carea' id='block_1_10' title="bbox 216 980 1869 1050">
    <p class='ocr_par' dir='ltr' id='par_1_10' title="bbox 216 980 1869 1050">
     <span class='ocr_line' id='line_1_10' title="bbox 216 980 1869 1050; baseline 0 -16"><span class='ocrx_word' id='word_1_64' title='bbox 216 980 404 1034; x_wconf 90' lang='lat' dir='ltr'><strong>redire</strong></span> <span class='ocrx_word' id='word_1_65' title='bbox 433 980 695 1043; x_wconf 89' lang='lat' dir='ltr'><strong>domum,</strong></span> <span class='ocrx_word' id='word_1_66' title='bbox 728 980 777 1033; x_wconf 89' lang='lat' dir='ltr'><strong>si</strong></span> <span class='ocrx_word' id='word_1_67' title='bbox 812 982 1134 1050; x_wconf 87' lang='lat' dir='ltr'><strong>procedens</strong></span> <span class='ocrx_word' id='word_1_68' title='bbox 1156 980 1498 1047; x_wconf 70' lang='lat' dir='ltr'><strong>offenderit;</strong></span> <span class='ocrx_word' id='word_1_69' title='bbox 1524 998 1657 1035; x_wconf 89' lang='lat' dir='ltr'><strong>cum</strong></span> <span class='ocrx_word' id='word_1_70' title='bbox 1693 980 1869 1034; x_wconf 85' lang='lat' dir='ltr'><strong>vestis</strong></span> 
     </span>
    </p>
   </div>
   <div class='ocr_carea' id='block_1_11' title="bbox 217 1068 1867 1141">
    <p class='ocr_par' dir='ltr' id='par_1_11' title="bbox 217 1068 1867 1141">
     <span class='ocr_line' id='line_1_11' title="bbox 217 1068 1867 1141; baseline 0 -18"><span class='ocrx_word' id='word_1_71' title='bbox 217 1086 249 1123; x_wconf 87' lang='lat' dir='ltr'><strong>a</strong></span> <span class='ocrx_word' id='word_1_72' title='bbox 280 1068 569 1123; x_wconf 88' lang='lat' dir='ltr'><strong>soricibus</strong></span> <span class='ocrx_word' id='word_1_73' title='bbox 603 1068 830 1123; x_wconf 84' lang='lat' dir='ltr'><strong>roditur</strong></span> <span class='ocrx_word' id='word_1_74' title='bbox 861 1068 992 1138; x_wconf 88' lang='lat' dir='ltr'><strong>plus</strong></span> <span class='ocrx_word' id='word_1_75' title='bbox 1020 1071 1226 1124; x_wconf 89' lang='lat' dir='ltr'><strong>timere</strong></span> <span class='ocrx_word' id='word_1_76' title='bbox 1260 1070 1656 1141; x_wconf 88' lang='lat' dir='ltr'><strong>suspicionem</strong></span> <span class='ocrx_word' id='word_1_77' title='bbox 1685 1070 1867 1124; x_wconf 87' lang='lat' dir='ltr'><strong>futuri</strong></span> 
     </span>
    </p>
   </div>
   <div class='ocr_carea' id='block_1_12' title="bbox 213 1159 1864 1229">
    <p class='ocr_par' dir='ltr' id='par_1_12' title="bbox 213 1159 1864 1229">
     <span class='ocr_line' id='line_1_12' title="bbox 213 1159 1864 1229; baseline 0.001 -17"><span class='ocrx_word' id='word_1_78' title='bbox 213 1159 351 1212; x_wconf 92' lang='lat' dir='ltr'><strong>mali</strong></span> <span class='ocrx_word' id='word_1_79' title='bbox 385 1175 562 1228; x_wconf 86' lang='lat' dir='ltr'><strong>quam</strong></span> <span class='ocrx_word' id='word_1_80' title='bbox 597 1176 855 1229; x_wconf 66' lang='lat' dir='ltr'><strong>praesens</strong></span> <span class='ocrx_word' id='word_1_81' title='bbox 888 1160 1171 1214; x_wconf 90' lang='lat' dir='ltr'><strong>damnum</strong></span> <span class='ocrx_word' id='word_1_82' title='bbox 1205 1161 1417 1215; x_wconf 84' lang='lat' dir='ltr'><strong>dolere.</strong></span> <span class='ocrx_word' id='word_1_83' title='bbox 1452 1163 1606 1224; x_wconf 86' lang='lat' dir='ltr'><strong>Item,</strong></span> <span class='ocrx_word' id='word_1_84' title='bbox 1642 1160 1864 1227; x_wconf 80' lang='lat' dir='ltr'><strong>ibidem,</strong></span> 
     </span>
    </p>
   </div>
   <div class='ocr_carea' id='block_1_13' title="bbox 207 1248 1867 1319">
    <p class='ocr_par' dir='ltr' id='par_1_13' title="bbox 207 1248 1867 1319">
     <span class='ocr_line' id='line_1_13' title="bbox 207 1248 1867 1319; baseline 0.001 -17"><span class='ocrx_word' id='word_1_85' title='bbox 207 1264 327 1317; x_wconf 87' lang='lat' dir='ltr'><strong>cap.</strong></span> <span class='ocrx_word' id='word_1_86' title='bbox 361 1248 453 1317; x_wconf 86' lang='lat'><strong>21,</strong></span> <span class='ocrx_word' id='word_1_87' title='bbox 487 1249 561 1301; x_wconf 95' lang='lat' dir='ltr'><strong>al.</strong></span> <span class='ocrx_word' id='word_1_88' title='bbox 596 1252 797 1318; x_wconf 81' lang='lat' dir='ltr'><strong>Neque</strong></span> <span class='ocrx_word' id='word_1_89' title='bbox 821 1248 901 1301; x_wconf 91' lang='lat' dir='ltr'><strong>illi</strong></span> <span class='ocrx_word' id='word_1_90' title='bbox 937 1250 1007 1303; x_wconf 89' lang='lat' dir='ltr'><strong>ab</strong></span> <span class='ocrx_word' id='word_1_91' title='bbox 1043 1248 1150 1303; x_wconf 91' lang='lat' dir='ltr'><strong>hoc</strong></span> <span class='ocrx_word' id='word_1_92' title='bbox 1186 1265 1396 1319; x_wconf 87' lang='lat' dir='ltr'><strong>genere</strong></span> <span class='ocrx_word' id='word_1_93' title='bbox 1421 1249 1867 1319; x_wconf 79' lang='lat' dir='ltr'><strong>perniciosaesu-</strong></span> 
     </span>
    </p>
   </div>
   <div class='ocr_carea' id='block_1_14' title="bbox 212 1337 1866 1408">
    <p class='ocr_par' dir='ltr' id='par_1_14' title="bbox 212 1337 1866 1408">
     <span class='ocr_line' id='line_1_14' title="bbox 212 1337 1866 1408; baseline 0.001 -17"><span class='ocrx_word' id='word_1_94' title='bbox 212 1337 572 1407; x_wconf 89' lang='lat' dir='ltr'><strong>perstitionis</strong></span> <span class='ocrx_word' id='word_1_95' title='bbox 606 1338 953 1408; x_wconf 85' lang='lat' dir='ltr'><strong>segregandi</strong></span> <span class='ocrx_word' id='word_1_96' title='bbox 988 1343 1147 1403; x_wconf 90' lang='lat' dir='ltr'><strong>sunt,</strong></span> <span class='ocrx_word' id='word_1_97' title='bbox 1174 1338 1275 1407; x_wconf 89' lang='lat' dir='ltr'><strong>qui</strong></span> <span class='ocrx_word' id='word_1_98' title='bbox 1316 1337 1675 1391; x_wconf 89' lang='lat' dir='ltr'><strong>Genethliaci</strong></span> <span class='ocrx_word' id='word_1_99' title='bbox 1732 1354 1866 1408; x_wconf 91' lang='lat' dir='ltr'><strong>pro-</strong></span> 
     </span>
    </p>
   </div>
   <div class='ocr_carea' id='block_1_15' title="bbox 213 1424 1864 1497">
    <p class='ocr_par' dir='ltr' id='par_1_15' title="bbox 213 1424 1864 1497">
     <span class='ocr_line' id='line_1_15' title="bbox 213 1424 1864 1497; baseline 0.002 -20"><span class='ocrx_word' id='word_1_100' title='bbox 213 1430 343 1495; x_wconf 81' lang='lat' dir='ltr'><strong>pter</strong></span> <span class='ocrx_word' id='word_1_101' title='bbox 370 1424 788 1497; x_wconf 48' lang='lat' dir='ltr'><strong>nataliumiad.</strong></span> <span class='ocrx_word' id='word_1_102' title='bbox 817 1425 1197 1495; x_wconf 85' lang='lat' dir='ltr'><strong>naturalium]</strong></span> <span class='ocrx_word' id='word_1_103' title='bbox 1220 1426 1720 1481; x_wconf 88' lang='lat' dir='ltr'><strong>considerationes</strong></span> <span class='ocrx_word' id='word_1_104' title='bbox 1744 1427 1864 1480; x_wconf 90' lang='lat' dir='ltr'><strong>die-</strong></span> 
     </span>
    </p>
   </div>
   <div class='ocr_carea' id='block_1_16' title="bbox 213 1514 1861 1585">
    <p class='ocr_par' dir='ltr' id='par_1_16' title="bbox 213 1514 1861 1585">
     <span class='ocr_line' id='line_1_16' title="bbox 213 1514 1861 1585; baseline 0 -17"><span class='ocrx_word' id='word_1_105' title='bbox 213 1531 367 1578; x_wconf 91' lang='lat' dir='ltr'><strong>rum,</strong></span> <span class='ocrx_word' id='word_1_106' title='bbox 417 1531 572 1568; x_wconf 92' lang='lat' dir='ltr'><strong>nunc</strong></span> <span class='ocrx_word' id='word_1_107' title='bbox 626 1520 821 1569; x_wconf 87' lang='lat' dir='ltr'><strong>autem</strong></span> <span class='ocrx_word' id='word_1_108' title='bbox 875 1514 1044 1585; x_wconf 86' lang='lat' dir='ltr'><strong>vulgo</strong></span> <span class='ocrx_word' id='word_1_109' title='bbox 1104 1514 1506 1569; x_wconf 88' lang='lat' dir='ltr'><strong>mathematici</strong></span> <span class='ocrx_word' id='word_1_110' title='bbox 1560 1520 1861 1569; x_wconf 88' lang='lat' dir='ltr'><strong>vocantur.</strong></span> 
     </span>
    </p>
   </div>
   <div class='ocr_carea' id='block_1_17' title="bbox 207 1602 1861 1674">
    <p class='ocr_par' dir='ltr' id='par_1_17' title="bbox 207 1602 1861 1674">
     <span class='ocr_line' id='line_1_17' title="bbox 207 1602 1861 1674; baseline -0.001 -17"><span class='ocrx_word' id='word_1_111' title='bbox 207 1603 356 1657; x_wconf 86' lang='lat' dir='ltr'><strong>Nam</strong></span> <span class='ocrx_word' id='word_1_112' title='bbox 388 1608 444 1657; x_wconf 91' lang='lat' dir='ltr'><strong>et</strong></span> <span class='ocrx_word' id='word_1_113' title='bbox 475 1602 611 1674; x_wconf 89' lang='lat' dir='ltr'><strong>ipsi,</strong></span> <span class='ocrx_word' id='word_1_114' title='bbox 637 1603 909 1673; x_wconf 88' lang='lat' dir='ltr'><strong>quamvis</strong></span> <span class='ocrx_word' id='word_1_115' title='bbox 932 1620 1127 1657; x_wconf 88' lang='lat' dir='ltr'><strong>veram</strong></span> <span class='ocrx_word' id='word_1_116' title='bbox 1149 1604 1456 1658; x_wconf 90' lang='lat' dir='ltr'><strong>stellarum</strong></span> <span class='ocrx_word' id='word_1_117' title='bbox 1484 1603 1861 1673; x_wconf 87' lang='lat' dir='ltr'><strong>positionem,</strong></span> 
     </span>
    </p>
   </div>
   <div class='ocr_carea' id='block_1_18' title="bbox 213 1692 1863 1763">
    <p class='ocr_par' dir='ltr' id='par_1_18' title="bbox 213 1692 1863 1763">
     <span class='ocr_line' id='line_1_18' title="bbox 213 1692 1863 1763; baseline 0.001 -19"><span class='ocrx_word' id='word_1_118' title='bbox 213 1709 345 1745; x_wconf 75' lang='lat' dir='ltr'><strong>cuiu</strong></span> <span class='ocrx_word' id='word_1_119' title='bbox 381 1692 636 1762; x_wconf 90' lang='lat' dir='ltr'><strong>quisque</strong></span> <span class='ocrx_word' id='word_1_120' title='bbox 667 1693 952 1760; x_wconf 87' lang='lat' dir='ltr'><strong>nascitur,</strong></span> <span class='ocrx_word' id='word_1_121' title='bbox 1003 1696 1414 1747; x_wconf 87' lang='lat' dir='ltr'><strong>consectentur</strong></span> <span class='ocrx_word' id='word_1_122' title='bbox 1441 1698 1497 1747; x_wconf 88' lang='lat' dir='ltr'><strong>et</strong></span> <span class='ocrx_word' id='word_1_123' title='bbox 1548 1692 1863 1763; x_wconf 88' lang='lat' dir='ltr'><strong>aliquando</strong></span> 
     </span>
    </p>
   </div>
   <div class='ocr_carea' id='block_1_19' title="bbox 211 1780 1861 1851">
    <p class='ocr_par' dir='ltr' id='par_1_19' title="bbox 211 1780 1861 1851">
     <span class='ocr_line' id='line_1_19' title="bbox 211 1780 1861 1851; baseline -0.001 -16"><span class='ocrx_word' id='word_1_124' title='bbox 211 1782 391 1835; x_wconf 85' lang='lat' dir='ltr'><strong>etiam</strong></span> <span class='ocrx_word' id='word_1_125' title='bbox 427 1780 833 1851; x_wconf 85' lang='lat' dir='ltr'><strong>pervestigent,</strong></span> <span class='ocrx_word' id='word_1_126' title='bbox 868 1786 1065 1836; x_wconf 89' lang='lat' dir='ltr'><strong>tamen</strong></span> <span class='ocrx_word' id='word_1_127' title='bbox 1099 1782 1255 1851; x_wconf 79' lang='lat' dir='ltr'><strong>quod</strong></span> <span class='ocrx_word' id='word_1_128' title='bbox 1282 1781 1414 1835; x_wconf 52' lang='lat' dir='ltr'><strong>inde</strong></span> <span class='ocrx_word' id='word_1_129' title='bbox 1459 1787 1745 1836; x_wconf 88' lang='lat' dir='ltr'><strong>conantur</strong></span> <span class='ocrx_word' id='word_1_130' title='bbox 1774 1780 1861 1835; x_wconf 90' lang='lat' dir='ltr'><strong>vel</strong></span> 
     </span>
    </p>
   </div>
   <div class='ocr_carea' id='block_1_20' title="bbox 217 1869 1862 1941">
    <p class='ocr_par' dir='ltr' id='par_1_20' title="bbox 217 1869 1862 1941">
     <span class='ocr_line' id='line_1_20' title="bbox 217 1869 1862 1941; baseline -0.001 -17"><span class='ocrx_word' id='word_1_131' title='bbox 217 1869 479 1924; x_wconf 88' lang='lat' dir='ltr'><strong>actiones</strong></span> <span class='ocrx_word' id='word_1_132' title='bbox 513 1875 769 1934; x_wconf 85' lang='lat' dir='ltr'><strong>nostras,</strong></span> <span class='ocrx_word' id='word_1_133' title='bbox 801 1869 887 1924; x_wconf 90' lang='lat' dir='ltr'><strong>vel</strong></span> <span class='ocrx_word' id='word_1_134' title='bbox 919 1869 1216 1925; x_wconf 85' lang='lat' dir='ltr'><strong>actionum</strong></span> <span class='ocrx_word' id='word_1_135' title='bbox 1271 1875 1475 1925; x_wconf 81' lang='lat' dir='ltr'><strong>eventa</strong></span> <span class='ocrx_word' id='word_1_136' title='bbox 1534 1869 1862 1941; x_wconf 70' lang='lat' dir='ltr'><strong>praedicere,</strong></span> 
     </span>
    </p>
   </div>
   <div class='ocr_carea' id='block_1_21' title="bbox 219 1957 1867 2029">
    <p class='ocr_par' dir='ltr' id='par_1_21' title="bbox 219 1957 1867 2029">
     <span class='ocr_line' id='line_1_21' title="bbox 219 1957 1867 2029; baseline 0.001 -17"><span class='ocrx_word' id='word_1_137' title='bbox 219 1957 401 2012; x_wconf 90' lang='lat' dir='ltr'><strong>nimis</strong></span> <span class='ocrx_word' id='word_1_138' title='bbox 432 1963 650 2013; x_wconf 89' lang='lat' dir='ltr'><strong>errant.</strong></span> <span class='ocrx_word' id='word_1_139' title='bbox 674 1960 810 2013; x_wconf 83' lang='lat' dir='ltr'><strong>Item</strong></span> <span class='ocrx_word' id='word_1_140' title='bbox 838 1958 905 2013; x_wconf 87' lang='lat' dir='ltr'><strong>de</strong></span> <span class='ocrx_word' id='word_1_141' title='bbox 932 1960 1152 2023; x_wconf 88' lang='lat' dir='ltr'><strong>eodem,</strong></span> <span class='ocrx_word' id='word_1_142' title='bbox 1184 1958 1405 2027; x_wconf 77' lang='lat' dir='ltr'><strong>ibidem,</strong></span> <span class='ocrx_word' id='word_1_143' title='bbox 1446 1974 1568 2029; x_wconf 85' lang='lat' dir='ltr'><strong>cap.</strong></span> <span class='ocrx_word' id='word_1_144' title='bbox 1604 1959 1693 2012; x_wconf 83' lang='lat'><strong>23.</strong></span> <span class='ocrx_word' id='word_1_145' title='bbox 1750 1959 1867 2013; x_wconf 89' lang='lat' dir='ltr'><strong>Hoc</strong></span> 
     </span>
    </p>
   </div>
   <div class='ocr_carea' id='block_1_22' title="bbox 218 2046 1866 2116">
    <p class='ocr_par' dir='ltr' id='par_1_22' title="bbox 218 2046 1866 2116">
     <span class='ocr_line' id='line_1_22' title="bbox 218 2046 1866 2116; baseline 0.001 -17"><span class='ocrx_word' id='word_1_146' title='bbox 218 2061 406 2116; x_wconf 83' lang='lat' dir='ltr'><strong>genus</strong></span> <span class='ocrx_word' id='word_1_147' title='bbox 432 2046 831 2100; x_wconf 83' lang='lat' dir='ltr'><strong>fornicationis</strong></span> <span class='ocrx_word' id='word_1_148' title='bbox 853 2047 1083 2113; x_wconf 62' lang='lat' dir='ltr'><strong>animai,</strong></span> <span class='ocrx_word' id='word_1_149' title='bbox 1111 2046 1426 2101; x_wconf 84' lang='lat' dir='ltr'><strong>salubriter</strong></span> <span class='ocrx_word' id='word_1_150' title='bbox 1446 2046 1643 2100; x_wconf 88' lang='lat' dir='ltr'><strong>divina</strong></span> <span class='ocrx_word' id='word_1_151' title='bbox 1668 2051 1866 2101; x_wconf 89' lang='lat' dir='ltr'><strong>aucto-</strong></span> 
     </span>
    </p>
   </div>
   <div class='ocr_carea' id='block_1_23' title="bbox 219 2134 1866 2206">
    <p class='ocr_par' dir='ltr' id='par_1_23' title="bbox 219 2134 1866 2206">
     <span class='ocr_line' id='line_1_23' title="bbox 219 2134 1866 2206; baseline 0 -17"><span class='ocrx_word' id='word_1_152' title='bbox 219 2135 364 2189; x_wconf 87' lang='lat' dir='ltr'><strong>ritas</strong></span> <span class='ocrx_word' id='word_1_153' title='bbox 398 2152 512 2189; x_wconf 69' lang='lat' dir='ltr'><strong>n&#39;on</strong></span> <span class='ocrx_word' id='word_1_154' title='bbox 542 2134 745 2202; x_wconf 88' lang='lat' dir='ltr'><strong>tacuit,</strong></span> <span class='ocrx_word' id='word_1_155' title='bbox 780 2151 967 2206; x_wconf 87' lang='lat' dir='ltr'><strong>neque</strong></span> <span class='ocrx_word' id='word_1_156' title='bbox 989 2135 1060 2188; x_wconf 91' lang='lat' dir='ltr'><strong>ab</strong></span> <span class='ocrx_word' id='word_1_157' title='bbox 1081 2151 1148 2188; x_wconf 90' lang='lat' dir='ltr'><strong>ea</strong></span> <span class='ocrx_word' id='word_1_158' title='bbox 1180 2135 1261 2189; x_wconf 89' lang='lat' dir='ltr'><strong>sic</strong></span> <span class='ocrx_word' id='word_1_159' title='bbox 1295 2135 1579 2189; x_wconf 84' lang='lat' dir='ltr'><strong>deterruit</strong></span> <span class='ocrx_word' id='word_1_160' title='bbox 1606 2135 1866 2189; x_wconf 87' lang='lat' dir='ltr'><strong>animam</strong></span> 
     </span>
    </p>
   </div>
   <div class='ocr_carea' id='block_1_24' title="bbox 218 2222 1869 2295">
    <p class='ocr_par' dir='ltr' id='par_1_24' title="bbox 218 2222 1869 2295">
     <span class='ocr_line' id='line_1_24' title="bbox 218 2222 1869 2295; baseline -0.001 -16"><span class='ocrx_word' id='word_1_161' title='bbox 218 2230 283 2279; x_wconf 82' lang='lat' dir='ltr'><strong>ut</strong></span> <span class='ocrx_word' id='word_1_162' title='bbox 312 2230 620 2295; x_wconf 86' lang='lat' dir='ltr'><strong>propterea</strong></span> <span class='ocrx_word' id='word_1_163' title='bbox 648 2223 786 2278; x_wconf 83' lang='lat' dir='ltr'><strong>talia</strong></span> <span class='ocrx_word' id='word_1_164' title='bbox 818 2229 1057 2294; x_wconf 76' lang='lat' dir='ltr'><strong>negaret</strong></span> <span class='ocrx_word' id='word_1_165' title='bbox 1080 2239 1208 2277; x_wconf 86' lang='lat' dir='ltr'><strong>esse</strong></span> <span class='ocrx_word' id='word_1_166' title='bbox 1228 2223 1527 2287; x_wconf 85' lang='lat' dir='ltr'><strong>sectanda,</strong></span> <span class='ocrx_word' id='word_1_167' title='bbox 1551 2223 1688 2293; x_wconf 90' lang='lat' dir='ltr'><strong>quia</strong></span> <span class='ocrx_word' id='word_1_168' title='bbox 1722 2222 1869 2277; x_wconf 90' lang='lat' dir='ltr'><strong>falsa</strong></span> 
     </span>
    </p>
   </div>
   <div class='ocr_carea' id='block_1_25' title="bbox 214 2311 1867 2383">
    <p class='ocr_par' dir='ltr' id='par_1_25' title="bbox 214 2311 1867 2383">
     <span class='ocr_line' id='line_1_25' title="bbox 214 2311 1867 2383; baseline -0.001 -16"><span class='ocrx_word' id='word_1_169' title='bbox 214 2314 550 2368; x_wconf 90' lang='lat' dir='ltr'><strong>dicuntura</strong></span> <span class='ocrx_word' id='word_1_170' title='bbox 585 2312 1013 2383; x_wconf 77' lang='lat' dir='ltr'><strong>professoribus</strong></span> <span class='ocrx_word' id='word_1_171' title='bbox 1042 2328 1264 2378; x_wconf 89' lang='lat' dir='ltr'><strong>eorum,</strong></span> <span class='ocrx_word' id='word_1_172' title='bbox 1289 2311 1385 2366; x_wconf 76' lang='lat' dir='ltr'><strong>Sed</strong></span> <span class='ocrx_word' id='word_1_173' title='bbox 1421 2312 1596 2367; x_wconf 88' lang='lat' dir='ltr'><strong>etiam</strong></span> <span class='ocrx_word' id='word_1_174' title='bbox 1632 2312 1680 2365; x_wconf 91' lang='lat' dir='ltr'><strong>si</strong></span> <span class='ocrx_word' id='word_1_175' title='bbox 1705 2312 1867 2365; x_wconf 82' lang='lat' dir='ltr'><strong>dixe-</strong></span> 
     </span>
    </p>
   </div>
   <div class='ocr_carea' id='block_1_26' title="bbox 215 2400 1868 2471">
    <p class='ocr_par' dir='ltr' id='par_1_26' title="bbox 215 2400 1868 2471">
     <span class='ocr_line' id='line_1_26' title="bbox 215 2400 1868 2471; baseline 0 -16"><span class='ocrx_word' id='word_1_176' title='bbox 215 2403 335 2456; x_wconf 86' lang='lat' dir='ltr'><strong>rint</strong></span> <span class='ocrx_word' id='word_1_177' title='bbox 365 2402 549 2463; x_wconf 90' lang='lat' dir='ltr'><strong>vobis,</strong></span> <span class='ocrx_word' id='word_1_178' title='bbox 578 2402 791 2471; x_wconf 88' lang='lat' dir='ltr'><strong>inquit,</strong></span> <span class='ocrx_word' id='word_1_179' title='bbox 826 2408 883 2456; x_wconf 90' lang='lat' dir='ltr'><strong>et</strong></span> <span class='ocrx_word' id='word_1_180' title='bbox 914 2401 994 2455; x_wconf 91' lang='lat' dir='ltr'><strong>ita</strong></span> <span class='ocrx_word' id='word_1_181' title='bbox 1040 2401 1313 2467; x_wconf 85' lang='lat' dir='ltr'><strong>evenerit,</strong></span> <span class='ocrx_word' id='word_1_182' title='bbox 1366 2416 1436 2454; x_wconf 89' lang='lat' dir='ltr'><strong>ne</strong></span> <span class='ocrx_word' id='word_1_183' title='bbox 1486 2400 1737 2455; x_wconf 89' lang='lat' dir='ltr'><strong>credatis</strong></span> <span class='ocrx_word' id='word_1_184' title='bbox 1784 2400 1868 2455; x_wconf 92' lang='lat' dir='ltr'><strong>eis</strong></span> 
     </span>
    </p>
   </div>
   <div class='ocr_carea' id='block_1_27' title="bbox 215 2489 1868 2561">
    <p class='ocr_par' dir='ltr' id='par_1_27' title="bbox 215 2489 1868 2561">
     <span class='ocr_line' id='line_1_27' title="bbox 215 2489 1868 2561; baseline -0.001 -17"><span class='ocrx_word' id='word_1_185' title='bbox 215 2491 395 2555; x_wconf 83' lang='lat' dir='ltr'><strong>(Deut.</strong></span> <span class='ocrx_word' id='word_1_186' title='bbox 429 2493 575 2560; x_wconf 70' lang='grc' dir='ltr'><strong>χιιι).</strong></span> <span class='ocrx_word' id='word_1_187' title='bbox 608 2490 734 2544; x_wconf 88' lang='lat' dir='ltr'><strong>Non</strong></span> <span class='ocrx_word' id='word_1_188' title='bbox 766 2490 917 2544; x_wconf 89' lang='lat' dir='ltr'><strong>enim</strong></span> <span class='ocrx_word' id='word_1_189' title='bbox 941 2490 1079 2561; x_wconf 87' lang='lat' dir='ltr'><strong>quia</strong></span> <span class='ocrx_word' id='word_1_190' title='bbox 1110 2490 1302 2559; x_wconf 91' lang='lat' dir='ltr'><strong>imago</strong></span> <span class='ocrx_word' id='word_1_191' title='bbox 1336 2490 1628 2543; x_wconf 86' lang='lat' dir='ltr'><strong>Samuelis</strong></span> <span class='ocrx_word' id='word_1_192' title='bbox 1652 2489 1868 2543; x_wconf 89' lang='lat' dir='ltr'><strong>mortui</strong></span> 
     </span>
    </p>
   </div>
   <div class='ocr_carea' id='block_1_28' title="bbox 217 2578 1895 2649">
    <p class='ocr_par' dir='ltr' id='par_1_28' title="bbox 217 2578 1895 2649">
     <span class='ocr_line' id='line_1_28' title="bbox 217 2578 1895 2649; baseline -0.001 -16"><span class='ocrx_word' id='word_1_193' title='bbox 217 2578 379 2633; x_wconf 89' lang='lat' dir='ltr'><strong>Sauli</strong></span> <span class='ocrx_word' id='word_1_194' title='bbox 410 2596 545 2634; x_wconf 85' lang='lat' dir='ltr'><strong>vera</strong></span> <span class='ocrx_word' id='word_1_195' title='bbox 602 2579 1080 2649; x_wconf 61' lang='lat' dir='ltr'><strong>praenuntiavit“</strong></span> <span class='ocrx_word' id='word_1_196' title='bbox 1125 2580 1248 2648; x_wconf 85' lang='lat' dir='ltr'><strong>Reg.</strong></span> <span class='ocrx_word' id='word_1_197' title='bbox 1296 2584 1515 2645; x_wconf 79' lang='lat' dir='ltr'><strong>xxvm),</strong></span> <span class='ocrx_word' id='word_1_198' title='bbox 1566 2582 1895 2647; x_wconf 71' lang='lat' dir='ltr'><strong>pr0pterea&#39;</strong></span> 
     </span>
    </p>
   </div>
   <div class='ocr_carea' id='block_1_29' title="bbox 216 2666 1868 2739">
    <p class='ocr_par' dir='ltr' id='par_1_29' title="bbox 216 2666 1868 2739">
     <span class='ocr_line' id='line_1_29' title="bbox 216 2666 1868 2739; baseline -0.002 -17"><span class='ocrx_word' id='word_1_199' title='bbox 216 2667 361 2722; x_wconf 87' lang='lat' dir='ltr'><strong>talia</strong></span> <span class='ocrx_word' id='word_1_200' title='bbox 392 2667 698 2739; x_wconf 79' lang='lat' dir='ltr'><strong>sacrilegia</strong></span> <span class='ocrx_word' id='word_1_201' title='bbox 722 2668 939 2739; x_wconf 82' lang='lat' dir='ltr'><strong>quibus</strong></span> <span class='ocrx_word' id='word_1_202' title='bbox 971 2666 1070 2721; x_wconf 91' lang='lat' dir='ltr'><strong>illa</strong></span> <span class='ocrx_word' id='word_1_203' title='bbox 1118 2667 1309 2737; x_wconf 86' lang='lat' dir='ltr'><strong>imago</strong></span> <span class='ocrx_word' id='word_1_204' title='bbox 1358 2672 1705 2735; x_wconf 75' lang='lat' dir='ltr'><strong>praesentata</strong></span> <span class='ocrx_word' id='word_1_205' title='bbox 1761 2670 1868 2735; x_wconf 88' lang='lat' dir='ltr'><strong>est,</strong></span> 
     </span>
    </p>
   </div>
   <div class='ocr_carea' id='block_1_30' title="bbox 220 2756 1870 2826">
    <p class='ocr_par' dir='ltr' id='par_1_30' title="bbox 220 2756 1870 2826">
     <span class='ocr_line' id='line_1_30' title="bbox 220 2756 1870 2826; baseline -0.001 -15"><span class='ocrx_word' id='word_1_206' title='bbox 220 2758 421 2812; x_wconf 88' lang='lat' dir='ltr'><strong>minus</strong></span> <span class='ocrx_word' id='word_1_207' title='bbox 453 2758 805 2812; x_wconf 84' lang='lat' dir='ltr'><strong>exsecranda</strong></span> <span class='ocrx_word' id='word_1_208' title='bbox 827 2762 985 2823; x_wconf 89' lang='lat' dir='ltr'><strong>sunt,</strong></span> <span class='ocrx_word' id='word_1_209' title='bbox 1021 2760 1121 2810; x_wconf 91' lang='lat' dir='ltr'><strong>aut</strong></span> <span class='ocrx_word' id='word_1_210' title='bbox 1154 2757 1291 2826; x_wconf 90' lang='lat' dir='ltr'><strong>quia</strong></span> <span class='ocrx_word' id='word_1_211' title='bbox 1338 2756 1393 2810; x_wconf 94' lang='lat' dir='ltr'><strong>in</strong></span> <span class='ocrx_word' id='word_1_212' title='bbox 1454 2756 1691 2809; x_wconf 80' lang='lat' dir='ltr'><strong>Actibus</strong></span> <span class='ocrx_word' id='word_1_213' title='bbox 1739 2772 1870 2825; x_wconf 92' lang='lat' dir='ltr'><strong>apo-</strong></span> 
     </span>
    </p>
   </div>
   <div class='ocr_carea' id='block_1_31' title="bbox 219 2844 1868 2913">
    <p class='ocr_par' dir='ltr' id='par_1_31' title="bbox 219 2844 1868 2913">
     <span class='ocr_line' id='line_1_31' title="bbox 219 2844 1868 2913; baseline -0.002 -12"><span class='ocrx_word' id='word_1_214' title='bbox 219 2846 508 2901; x_wconf 90' lang='lat' dir='ltr'><strong>stolorum</strong></span> <span class='ocrx_word' id='word_1_215' title='bbox 541 2848 762 2902; x_wconf 83' lang='lat' dir='ltr'><strong>femina</strong></span> <span class='ocrx_word' id='word_1_216' title='bbox 794 2845 1161 2913; x_wconf 87' lang='lat' dir='ltr'><strong>ventriloqua</strong></span> <span class='ocrx_word' id='word_1_217' title='bbox 1201 2860 1397 2898; x_wconf 91' lang='lat' dir='ltr'><strong>verum</strong></span> <span class='ocrx_word' id='word_1_218' title='bbox 1464 2844 1868 2898; x_wconf 85' lang='lat' dir='ltr'><strong>testimonium</strong></span> 
     </span>
    </p>
   </div>
   <div class='ocr_carea' id='block_1_32' title="bbox 220 2932 1869 3007">
    <p class='ocr_par' dir='ltr' id='par_1_32' title="bbox 220 2932 1869 3007">
     <span class='ocr_line' id='line_1_32' title="bbox 220 2932 1869 3007; baseline -0.002 -17"><span class='ocrx_word' id='word_1_219' title='bbox 220 2936 522 3007; x_wconf 88' lang='lat' dir='ltr'><strong>perhibuit</strong></span> <span class='ocrx_word' id='word_1_220' title='bbox 552 2934 834 3005; x_wconf 88' lang='lat' dir='ltr'><strong>apostolis</strong></span> <span class='ocrx_word' id='word_1_221' title='bbox 858 2933 1111 3002; x_wconf 77' lang='lat' dir='ltr'><strong>Domini,</strong></span> <span class='ocrx_word' id='word_1_222' title='bbox 1153 2933 1281 2988; x_wconf 91' lang='lat' dir='ltr'><strong>ideo</strong></span> <span class='ocrx_word' id='word_1_223' title='bbox 1321 2934 1622 3004; x_wconf 89' lang='lat' dir='ltr'><strong>apostolus</strong></span> <span class='ocrx_word' id='word_1_224' title='bbox 1657 2932 1869 2988; x_wconf 84' lang='lat' dir='ltr'><strong>Paulus</strong></span> 
     </span>
    </p>
   </div>
   <div class='ocr_carea' id='block_1_33' title="bbox 223 3020 1869 3094">
    <p class='ocr_par' dir='ltr' id='par_1_33' title="bbox 223 3020 1869 3094">
     <span class='ocr_line' id='line_1_33' title="bbox 223 3020 1869 3094; baseline -0.001 -16"><span class='ocrx_word' id='word_1_225' title='bbox 223 3023 480 3094; x_wconf 89' lang='lat' dir='ltr'><strong>pepercit</strong></span> <span class='ocrx_word' id='word_1_226' title='bbox 511 3024 745 3094; x_wconf 81' lang='lat' dir='ltr'><strong>spiritui</strong></span> <span class='ocrx_word' id='word_1_227' title='bbox 778 3023 883 3087; x_wconf 91' lang='lat' dir='ltr'><strong>illi,</strong></span> <span class='ocrx_word' id='word_1_228' title='bbox 918 3039 984 3076; x_wconf 90' lang='lat' dir='ltr'><strong>ac</strong></span> <span class='ocrx_word' id='word_1_229' title='bbox 1019 3039 1130 3076; x_wconf 89' lang='lat' dir='ltr'><strong>non</strong></span> <span class='ocrx_word' id='word_1_230' title='bbox 1166 3022 1354 3092; x_wconf 87' lang='lat' dir='ltr'><strong>potius</strong></span> <span class='ocrx_word' id='word_1_231' title='bbox 1400 3022 1676 3076; x_wconf 84' lang='lat' dir='ltr'><strong>feminam</strong></span> <span class='ocrx_word' id='word_1_232' title='bbox 1710 3020 1869 3077; x_wconf 91' lang='lat' dir='ltr'><strong>illius</strong></span> 
     </span>
    </p>
   </div>
   <div class='ocr_carea' id='block_1_34' title="bbox 220 3111 1871 3183">
    <p class='ocr_par' dir='ltr' id='par_1_34' title="bbox 220 3111 1871 3183">
     <span class='ocr_line' id='line_1_34' title="bbox 220 3111 1871 3183; baseline 0 -18"><span class='ocrx_word' id='word_1_233' title='bbox 220 3112 493 3167; x_wconf 67' lang='lat' dir='ltr'><strong>daemonii</strong></span> <span class='ocrx_word' id='word_1_234' title='bbox 554 3112 919 3183; x_wconf 86' lang='lat' dir='ltr'><strong>correptione</strong></span> <span class='ocrx_word' id='word_1_235' title='bbox 969 3116 1141 3181; x_wconf 85' lang='lat' dir='ltr'><strong>atque</strong></span> <span class='ocrx_word' id='word_1_236' title='bbox 1185 3111 1515 3165; x_wconf 84' lang='lat' dir='ltr'><strong>exclusione</strong></span> <span class='ocrx_word' id='word_1_237' title='bbox 1565 3111 1871 3165; x_wconf 78' lang='lat' dir='ltr'><strong>mandavit</strong></span> 
     </span>
    </p>
   </div>
   <div class='ocr_carea' id='block_1_35' title="bbox 2045 518 3618 598">
    <p class='ocr_par' dir='ltr' id='par_1_35' title="bbox 2045 518 3618 598">
     <span class='ocr_line' id='line_1_35' title="bbox 2045 518 3618 598; baseline 0.007 -28"><span class='ocrx_word' id='word_1_238' title='bbox 2045 521 2232 571; x_wconf 86' lang='lat' dir='ltr'><strong>talem.</strong></span> <span class='ocrx_word' id='word_1_239' title='bbox 2268 518 2681 574; x_wconf 84' lang='lat' dir='ltr'><strong>Pandectarum</strong></span> <span class='ocrx_word' id='word_1_240' title='bbox 2714 521 2854 575; x_wconf 82' lang='lat' dir='ltr'><strong>libro</strong></span> <span class='ocrx_word' id='word_1_241' title='bbox 2885 537 3021 587; x_wconf 86' lang='lat' dir='ltr'><strong>xvu,</strong></span> <span class='ocrx_word' id='word_1_242' title='bbox 3071 522 3239 576; x_wconf 81' lang='lat' dir='ltr'><strong>titulo</strong></span> <span class='ocrx_word' id='word_1_243' title='bbox 3266 540 3305 576; x_wconf 89' lang='grc' dir='ltr'><strong>ιι</strong></span> <span class='ocrx_word' id='word_1_244' title='bbox 3338 524 3474 594; x_wconf 86' lang='lat' dir='ltr'><strong>(lege</strong></span> <span class='ocrx_word' id='word_1_245' title='bbox 3502 528 3618 598; x_wconf 87' lang='lat'><strong>57).</strong></span> 
     </span>
    </p>
   </div>
   <div class='ocr_carea' id='block_1_36' title="bbox 2044 605 3627 676">
    <p class='ocr_par' dir='ltr' id='par_1_36' title="bbox 2044 605 3627 676">
     <span class='ocr_line' id='line_1_36' title="bbox 2044 605 3627 676; baseline 0.01 -20"><span class='ocrx_word' id='word_1_246' title='bbox 2044 605 2099 658; x_wconf 71' lang='lat' dir='ltr'><strong>si</strong></span> <span class='ocrx_word' id='word_1_247' title='bbox 2126 605 2395 661; x_wconf 83' lang='lat' dir='ltr'><strong>maleﬁcii</strong></span> <span class='ocrx_word' id='word_1_248' title='bbox 2420 608 2669 662; x_wconf 87' lang='lat' dir='ltr'><strong>societas</strong></span> <span class='ocrx_word' id='word_1_249' title='bbox 2698 609 2849 663; x_wconf 87' lang='lat' dir='ltr'><strong>coita</strong></span> <span class='ocrx_word' id='word_1_250' title='bbox 2872 610 2969 676; x_wconf 88' lang='lat' dir='ltr'><strong>sit,</strong></span> <span class='ocrx_word' id='word_1_251' title='bbox 2995 615 3227 664; x_wconf 80' lang='lat' dir='ltr'><strong>constat</strong></span> <span class='ocrx_word' id='word_1_252' title='bbox 3250 611 3473 668; x_wconf 91' lang='lat' dir='ltr'><strong>nullam</strong></span> <span class='ocrx_word' id='word_1_253' title='bbox 3497 632 3627 671; x_wconf 87' lang='lat' dir='ltr'><strong>esse</strong></span> 
     </span>
    </p>
   </div>
   <div class='ocr_carea' id='block_1_37' title="bbox 1975 693 3625 758">
    <p class='ocr_par' dir='ltr' id='par_1_37' title="bbox 1975 693 3625 758">
     <span class='ocr_line' id='line_1_37' title="bbox 1975 693 3625 758; baseline 0.007 -12"><span class='ocrx_word' id='word_1_254' title='bbox 1975 693 2337 748; x_wconf 86' lang='lat' dir='ltr'><strong>societatem.</strong></span> <span class='ocrx_word' id='word_1_255' title='bbox 2370 695 2731 751; x_wconf 85' lang='lat' dir='ltr'><strong>Generaliter</strong></span> <span class='ocrx_word' id='word_1_256' title='bbox 2753 698 2908 751; x_wconf 87' lang='lat' dir='ltr'><strong>enim</strong></span> <span class='ocrx_word' id='word_1_257' title='bbox 2942 698 3195 753; x_wconf 89' lang='lat' dir='ltr'><strong>traditur</strong></span> <span class='ocrx_word' id='word_1_258' title='bbox 3223 715 3420 756; x_wconf 88' lang='lat' dir='ltr'><strong>rerum</strong></span> <span class='ocrx_word' id='word_1_259' title='bbox 3454 702 3625 758; x_wconf 90' lang='lat' dir='ltr'><strong>inho-</strong></span> 
     </span>
    </p>
   </div>
   <div class='ocr_carea' id='block_1_38' title="bbox 1977 783 3086 840">
    <p class='ocr_par' dir='ltr' id='par_1_38' title="bbox 1977 783 3086 840">
     <span class='ocr_line' id='line_1_38' title="bbox 1977 783 3086 840; baseline 0.003 -3"><span class='ocrx_word' id='word_1_260' title='bbox 1977 786 2274 837; x_wconf 88' lang='lat' dir='ltr'><strong>nestarum</strong></span> <span class='ocrx_word' id='word_1_261' title='bbox 2311 783 2532 838; x_wconf 87' lang='lat' dir='ltr'><strong>nullam</strong></span> <span class='ocrx_word' id='word_1_262' title='bbox 2567 800 2695 839; x_wconf 90' lang='lat' dir='ltr'><strong>esse</strong></span> <span class='ocrx_word' id='word_1_263' title='bbox 2727 786 3086 840; x_wconf 87' lang='lat' dir='ltr'><strong>societatem.</strong></span> 
     </span>
    </p>
   </div>
   <div class='ocr_carea' id='block_1_39' title="bbox 1976 882 3621 958">
    <p class='ocr_par' dir='ltr' id='par_1_39' title="bbox 1976 882 3621 958">
     <span class='ocr_line' id='line_1_39' title="bbox 1976 882 3621 958; baseline 0.006 -23"><span class='ocrx_word' id='word_1_264' title='bbox 1976 884 2106 958; x_wconf 59' lang='lat' dir='ltr'><strong>Car.</strong></span> <span class='ocrx_word' id='word_1_265' title='bbox 2146 883 2229 935; x_wconf 80' lang='lat'><strong>15.</strong></span> <span class='ocrx_word' id='word_1_266' title='bbox 2250 957 2253 958; x_wconf 13' lang='grc' dir='ltr'><em>ν</em></span> <span class='ocrx_word' id='word_1_267' title='bbox 2274 912 2345 958; x_wconf 83' lang='lat'><strong>_-—</strong></span> <span class='ocrx_word' id='word_1_268' title='bbox 2378 882 2451 934; x_wconf 87' lang='lat' dir='ltr'><strong>De</strong></span> <span class='ocrx_word' id='word_1_269' title='bbox 2480 882 3003 958; x_wconf 31' lang='lat' dir='ltr'><strong>non_ob_servan~dis</strong></span> <span class='ocrx_word' id='word_1_270' title='bbox 3032 882 3231 958; x_wconf 78' lang='lat' dir='ltr'><strong>diebus</strong></span> <span class='ocrx_word' id='word_1_271' title='bbox 3278 890 3621 958; x_wconf 84' lang='lat' dir='ltr'><strong>Egyptiacis.</strong></span> 
     </span>
    </p>
   </div>
   <div class='ocr_carea' id='block_1_40' title="bbox 2048 953 3491 1028">
    <p class='ocr_par' dir='ltr' id='par_1_40' title="bbox 2048 953 3491 1028">
     <span class='ocr_line' id='line_1_40' title="bbox 2048 953 3491 1028; baseline 0.007 -23"><span class='ocrx_word' id='word_1_272' title='bbox 2048 954 2387 1019; x_wconf 81' lang='lat' dir='ltr'><strong>Augustinus</strong></span> <span class='ocrx_word' id='word_1_273' title='bbox 2417 970 2580 1023; x_wconf 78' lang='lat' dir='ltr'><strong>super</strong></span> <span class='ocrx_word' id='word_1_274' title='bbox 2605 954 2772 1023; x_wconf 80' lang='lat' dir='ltr'><strong>Epist.</strong></span> <span class='ocrx_word' id='word_1_275' title='bbox 2798 954 2866 1007; x_wconf 80' lang='lat' dir='ltr'><strong>ad</strong></span> <span class='ocrx_word' id='word_1_276' title='bbox 2891 953 3110 1009; x_wconf 81' lang='lat' dir='ltr'><strong>Galatas</strong></span> <span class='ocrx_word' id='word_1_277' title='bbox 3141 956 3233 1022; x_wconf 90' lang='lat' dir='ltr'><strong>(ad</strong></span> <span class='ocrx_word' id='word_1_278' title='bbox 3262 953 3382 1028; x_wconf 50' lang='lat' dir='ltr'><strong>cap:</strong></span> <span class='ocrx_word' id='word_1_279' title='bbox 3400 953 3491 1027; x_wconf 58' lang='grc'><strong>⁷4).</strong></span> 
     </span>
    </p>
   </div>
   <div class='ocr_carea' id='block_1_41' title="bbox 2050 1040 3628 1119">
    <p class='ocr_par' dir='ltr' id='par_1_41' title="bbox 2050 1040 3628 1119">
     <span class='ocr_line' id='line_1_41' title="bbox 2050 1040 3628 1119; baseline 0.006 -25"><span class='ocrx_word' id='word_1_280' title='bbox 2050 1040 2347 1111; x_wconf 85' lang='lat' dir='ltr'><strong>Intelligat</strong></span> <span class='ocrx_word' id='word_1_281' title='bbox 2371 1040 2549 1095; x_wconf 88' lang='lat' dir='ltr'><strong>lector</strong></span> <span class='ocrx_word' id='word_1_282' title='bbox 2567 1042 2635 1095; x_wconf 89' lang='lat' dir='ltr'><strong>ad</strong></span> <span class='ocrx_word' id='word_1_283' title='bbox 2661 1046 2889 1096; x_wconf 90' lang='lat' dir='ltr'><strong>tantum</strong></span> <span class='ocrx_word' id='word_1_284' title='bbox 2918 1043 3239 1113; x_wconf 89' lang='lat' dir='ltr'><strong>periculum</strong></span> <span class='ocrx_word' id='word_1_285' title='bbox 3264 1046 3476 1101; x_wconf 77' lang='lat' dir='ltr'><strong>animae</strong></span> <span class='ocrx_word' id='word_1_286' title='bbox 3499 1066 3628 1119; x_wconf 89' lang='lat' dir='ltr'><strong>per-</strong></span> 
     </span>
    </p>
   </div>
   <div class='ocr_carea' id='block_1_42' title="bbox 1976 1128 3627 1202">
    <p class='ocr_par' dir='ltr' id='par_1_42' title="bbox 1976 1128 3627 1202">
     <span class='ocr_line' id='line_1_42' title="bbox 1976 1128 3627 1202; baseline 0.007 -21"><span class='ocrx_word' id='word_1_287' title='bbox 1976 1128 2160 1183; x_wconf 89' lang='lat' dir='ltr'><strong>tinere</strong></span> <span class='ocrx_word' id='word_1_288' title='bbox 2205 1128 2644 1199; x_wconf 86' lang='lat' dir='ltr'><strong>superstitiosas</strong></span> <span class='ocrx_word' id='word_1_289' title='bbox 2676 1134 3007 1200; x_wconf 87' lang='lat' dir='ltr'><strong>temporum</strong></span> <span class='ocrx_word' id='word_1_290' title='bbox 3051 1133 3511 1202; x_wconf 85' lang='lat' dir='ltr'><strong>observationes,</strong></span> <span class='ocrx_word' id='word_1_291' title='bbox 3562 1143 3627 1192; x_wconf 91' lang='lat' dir='ltr'><strong>ut</strong></span> 
     </span>
    </p>
   </div>
   <div class='ocr_carea' id='block_1_43' title="bbox 1977 1217 3625 1290">
    <p class='ocr_par' dir='ltr' id='par_1_43' title="bbox 1977 1217 3625 1290">
     <span class='ocr_line' id='line_1_43' title="bbox 1977 1217 3625 1290; baseline 0.005 -20"><span class='ocrx_word' id='word_1_292' title='bbox 1977 1217 2132 1271; x_wconf 91' lang='lat' dir='ltr'><strong>dicat</strong></span> <span class='ocrx_word' id='word_1_293' title='bbox 2164 1217 2479 1288; x_wconf 83' lang='lat' dir='ltr'><strong>Apostolus</strong></span> <span class='ocrx_word' id='word_1_294' title='bbox 2506 1235 2517 1273; x_wconf 92' lang='lat'>:</span> <span class='ocrx_word' id='word_1_295' title='bbox 2566 1219 2745 1273; x_wconf 76' lang='lat' dir='ltr'><strong>Timeo</strong></span> <span class='ocrx_word' id='word_1_296' title='bbox 2774 1234 2889 1289; x_wconf 86' lang='lat' dir='ltr'><strong>vos,</strong></span> <span class='ocrx_word' id='word_1_297' title='bbox 2922 1236 2992 1273; x_wconf 88' lang='lat' dir='ltr'><strong>ne</strong></span> <span class='ocrx_word' id='word_1_298' title='bbox 3022 1222 3163 1290; x_wconf 80' lang='lat' dir='ltr'><strong>forte</strong></span> <span class='ocrx_word' id='word_1_299' title='bbox 3191 1224 3311 1277; x_wconf 83' lang='lat' dir='ltr'><strong>sine</strong></span> <span class='ocrx_word' id='word_1_300' title='bbox 3338 1238 3507 1278; x_wconf 88' lang='lat' dir='ltr'><strong>causa</strong></span> <span class='ocrx_word' id='word_1_301' title='bbox 3540 1226 3625 1279; x_wconf 88' lang='lat' dir='ltr'><strong>la-</strong></span> 
     </span>
    </p>
   </div>
   <div class='ocr_carea' id='block_1_44' title="bbox 1977 1306 3621 1377">
    <p class='ocr_par' dir='ltr' id='par_1_44' title="bbox 1977 1306 3621 1377">
     <span class='ocr_line' id='line_1_44' title="bbox 1977 1306 3621 1377; baseline 0.006 -18"><span class='ocrx_word' id='word_1_302' title='bbox 1977 1306 2287 1361; x_wconf 84' lang='lat' dir='ltr'><strong>boraverim</strong></span> <span class='ocrx_word' id='word_1_303' title='bbox 2316 1306 2377 1360; x_wconf 87' lang='lat' dir='ltr'><strong>in</strong></span> <span class='ocrx_word' id='word_1_304' title='bbox 2408 1308 2554 1361; x_wconf 78' lang='lat' dir='ltr'><strong>vobis</strong></span> <span class='ocrx_word' id='word_1_305' title='bbox 2585 1307 2744 1377; x_wconf 84' lang='lat' dir='ltr'><strong>(Gal.</strong></span> <span class='ocrx_word' id='word_1_306' title='bbox 2779 1324 2832 1362; x_wconf 85' lang='lat' dir='ltr'><strong>v1</strong></span> <span class='ocrx_word' id='word_1_307' title='bbox 2864 1309 2898 1375; x_wconf 92' lang='lat'><strong>).</strong></span> <span class='ocrx_word' id='word_1_308' title='bbox 2935 1310 3095 1373; x_wconf 90' lang='lat' dir='ltr'><strong>Quod</strong></span> <span class='ocrx_word' id='word_1_309' title='bbox 3121 1326 3252 1365; x_wconf 91' lang='lat' dir='ltr'><strong>cum</strong></span> <span class='ocrx_word' id='word_1_310' title='bbox 3285 1315 3450 1367; x_wconf 88' lang='lat' dir='ltr'><strong>tanta</strong></span> <span class='ocrx_word' id='word_1_311' title='bbox 3471 1313 3621 1369; x_wconf 87' lang='lat' dir='ltr'><strong>cele-</strong></span> 
     </span>
    </p>
   </div>
   <div class='ocr_carea' id='block_1_45' title="bbox 1974 1395 3615 1467">
    <p class='ocr_par' dir='ltr' id='par_1_45' title="bbox 1974 1395 3615 1467">
     <span class='ocr_line' id='line_1_45' title="bbox 1974 1395 3615 1467; baseline 0.007 -20"><span class='ocrx_word' id='word_1_312' title='bbox 1974 1395 2190 1448; x_wconf 88' lang='lat' dir='ltr'><strong>britate</strong></span> <span class='ocrx_word' id='word_1_313' title='bbox 2223 1400 2400 1465; x_wconf 91' lang='lat' dir='ltr'><strong>atque</strong></span> <span class='ocrx_word' id='word_1_314' title='bbox 2434 1396 2781 1451; x_wconf 87' lang='lat' dir='ltr'><strong>auctoritate</strong></span> <span class='ocrx_word' id='word_1_315' title='bbox 2840 1412 2942 1467; x_wconf 91' lang='lat' dir='ltr'><strong>per</strong></span> <span class='ocrx_word' id='word_1_316' title='bbox 2973 1398 3171 1453; x_wconf 87' lang='lat' dir='ltr'><strong>orbem</strong></span> <span class='ocrx_word' id='word_1_317' title='bbox 3230 1404 3521 1456; x_wconf 88' lang='lat' dir='ltr'><strong>terrarum</strong></span> <span class='ocrx_word' id='word_1_318' title='bbox 3556 1403 3615 1459; x_wconf 89' lang='lat' dir='ltr'><strong>in</strong></span> 
     </span>
    </p>
   </div>
   <div class='ocr_carea' id='block_1_46' title="bbox 1973 1483 3625 1555">
    <p class='ocr_par' dir='ltr' id='par_1_46' title="bbox 1973 1483 3625 1555">
     <span class='ocr_line' id='line_1_46' title="bbox 1973 1483 3625 1555; baseline 0.005 -18"><span class='ocrx_word' id='word_1_319' title='bbox 1973 1483 2248 1537; x_wconf 83' lang='lat' dir='ltr'><strong>Ecclesiis</strong></span> <span class='ocrx_word' id='word_1_320' title='bbox 2282 1484 2528 1555; x_wconf 86' lang='lat' dir='ltr'><strong>legatur,</strong></span> <span class='ocrx_word' id='word_1_321' title='bbox 2564 1484 2732 1555; x_wconf 90' lang='lat' dir='ltr'><strong>plena</strong></span> <span class='ocrx_word' id='word_1_322' title='bbox 2773 1490 2913 1540; x_wconf 90' lang='lat' dir='ltr'><strong>sunt</strong></span> <span class='ocrx_word' id='word_1_323' title='bbox 2961 1488 3363 1545; x_wconf 90' lang='lat' dir='ltr'><strong>conventicula</strong></span> <span class='ocrx_word' id='word_1_324' title='bbox 3422 1496 3625 1546; x_wconf 91' lang='lat' dir='ltr'><strong>nostra</strong></span> 
     </span>
    </p>
   </div>
   <div class='ocr_carea' id='block_1_47' title="bbox 1973 1571 3626 1647">
    <p class='ocr_par' dir='ltr' id='par_1_47' title="bbox 1973 1571 3626 1647">
     <span class='ocr_line' id='line_1_47' title="bbox 1973 1571 3626 1647; baseline 0.006 -23"><span class='ocrx_word' id='word_1_325' title='bbox 1973 1571 2314 1625; x_wconf 90' lang='lat' dir='ltr'><strong>hominibus</strong></span> <span class='ocrx_word' id='word_1_326' title='bbox 2329 1573 2423 1642; x_wconf 92' lang='lat' dir='ltr'><strong>qui</strong></span> <span class='ocrx_word' id='word_1_327' title='bbox 2449 1577 2563 1627; x_wconf 84' lang='lat' dir='ltr'><strong>tem</strong></span> <span class='ocrx_word' id='word_1_328' title='bbox 2578 1590 2714 1643; x_wconf 88' lang='lat' dir='ltr'><strong>pora</strong></span> <span class='ocrx_word' id='word_1_329' title='bbox 2736 1589 2929 1628; x_wconf 88' lang='lat' dir='ltr'><strong>rerum</strong></span> <span class='ocrx_word' id='word_1_330' title='bbox 2954 1576 3313 1647; x_wconf 89' lang='lat' dir='ltr'><strong>agendarum</strong></span> <span class='ocrx_word' id='word_1_331' title='bbox 3344 1596 3377 1632; x_wconf 93' lang='lat' dir='ltr'><strong>a</strong></span> <span class='ocrx_word' id='word_1_332' title='bbox 3400 1579 3626 1634; x_wconf 80' lang='lat' dir='ltr'><strong>matbe-</strong></span> 
     </span>
    </p>
   </div>
   <div class='ocr_carea' id='block_1_48' title="bbox 1974 1661 3626 1736">
    <p class='ocr_par' dir='ltr' id='par_1_48' title="bbox 1974 1661 3626 1736">
     <span class='ocr_line' id='line_1_48' title="bbox 1974 1661 3626 1736; baseline 0.006 -23"><span class='ocrx_word' id='word_1_333' title='bbox 1974 1661 2205 1715; x_wconf 87' lang='lat' dir='ltr'><strong>maticis</strong></span> <span class='ocrx_word' id='word_1_334' title='bbox 2238 1661 2554 1731; x_wconf 89' lang='lat' dir='ltr'><strong>accipiunt.</strong></span> <span class='ocrx_word' id='word_1_335' title='bbox 2587 1662 2718 1716; x_wconf 89' lang='lat' dir='ltr'><strong>Jam</strong></span> <span class='ocrx_word' id='word_1_336' title='bbox 2756 1678 2889 1717; x_wconf 91' lang='lat' dir='ltr'><strong>vero</strong></span> <span class='ocrx_word' id='word_1_337' title='bbox 2917 1679 2987 1718; x_wconf 91' lang='lat' dir='ltr'><strong>ne</strong></span> <span class='ocrx_word' id='word_1_338' title='bbox 3018 1663 3238 1734; x_wconf 89' lang='lat' dir='ltr'><strong>aliquid</strong></span> <span class='ocrx_word' id='word_1_339' title='bbox 3292 1666 3626 1736; x_wconf 90' lang='lat' dir='ltr'><strong>inchoetur,</strong></span> 
     </span>
    </p>
   </div>
   <div class='ocr_carea' id='block_1_49' title="bbox 1974 1749 3617 1826">
    <p class='ocr_par' dir='ltr' id='par_1_49' title="bbox 1974 1749 3617 1826">
     <span class='ocr_line' id='line_1_49' title="bbox 1974 1749 3617 1826; baseline 0.007 -25"><span class='ocrx_word' id='word_1_340' title='bbox 1974 1749 2949 1819; x_wconf 52' lang='lat' dir='ltr'><strong>autaedificiorummuthujusmodi</strong></span> <span class='ocrx_word' id='word_1_341' title='bbox 2964 1753 3617 1826; x_wconf 87' lang='lat' dir='ltr'><strong>quorumlibetoperum</strong></span> 
     </span>
    </p>
   </div>
   <div class='ocr_carea' id='block_1_50' title="bbox 1972 1838 3622 1913">
    <p class='ocr_par' dir='ltr' id='par_1_50' title="bbox 1972 1838 3622 1913">
     <span class='ocr_line' id='line_1_50' title="bbox 1972 1838 3622 1913; baseline 0.005 -22"><span class='ocrx_word' id='word_1_342' title='bbox 1972 1838 2179 1891; x_wconf 87' lang='lat' dir='ltr'><strong>diebus</strong></span> <span class='ocrx_word' id='word_1_343' title='bbox 2207 1854 2353 1908; x_wconf 89' lang='lat' dir='ltr'><strong>quos</strong></span> <span class='ocrx_word' id='word_1_344' title='bbox 2384 1839 2754 1909; x_wconf 63' lang='lat' dir='ltr'><strong>{Egyptiacos</strong></span> <span class='ocrx_word' id='word_1_345' title='bbox 2811 1844 3039 1907; x_wconf 89' lang='lat' dir='ltr'><strong>vocant,</strong></span> <span class='ocrx_word' id='word_1_346' title='bbox 3090 1858 3242 1913; x_wconf 69' lang='lat' dir='ltr'><strong>saepe</strong></span> <span class='ocrx_word' id='word_1_347' title='bbox 3291 1844 3467 1899; x_wconf 90' lang='lat' dir='ltr'><strong>etiam</strong></span> <span class='ocrx_word' id='word_1_348' title='bbox 3514 1862 3622 1901; x_wconf 90' lang='lat' dir='ltr'><strong>nos</strong></span> 
     </span>
    </p>
   </div>
   <div class='ocr_carea' id='block_1_51' title="bbox 1980 1926 2685 1981">
    <p class='ocr_par' dir='ltr' id='par_1_51' title="bbox 1980 1926 2685 1981">
     <span class='ocr_line' id='line_1_51' title="bbox 1980 1926 2685 1981; baseline 0.001 -2"><span class='ocrx_word' id='word_1_349' title='bbox 1980 1943 2214 1981; x_wconf 90' lang='lat' dir='ltr'><strong>monere</strong></span> <span class='ocrx_word' id='word_1_350' title='bbox 2248 1944 2359 1981; x_wconf 91' lang='lat' dir='ltr'><strong>non</strong></span> <span class='ocrx_word' id='word_1_351' title='bbox 2393 1926 2685 1981; x_wconf 88' lang='lat' dir='ltr'><strong>dubitant.</strong></span> 
     </span>
    </p>
   </div>
   <div class='ocr_carea' id='block_1_52' title="bbox 1978 2015 3618 2076">
    <p class='ocr_par' dir='ltr' id='par_1_52' title="bbox 1978 2015 3618 2076">
     <span class='ocr_line' id='line_1_52' title="bbox 1978 2015 3618 2076; baseline 0.003 -6"><span class='ocrx_word' id='word_1_352' title='bbox 1978 2015 2111 2070; x_wconf 79' lang='lat' dir='ltr'><strong>CAP.</strong></span> <span class='ocrx_word' id='word_1_353' title='bbox 2169 2016 2255 2071; x_wconf 84' lang='lat'><strong>16.</strong></span> <span class='ocrx_word' id='word_1_354' title='bbox 2288 2047 2355 2054; x_wconf 92' lang='lat'><strong>—</strong></span> <span class='ocrx_word' id='word_1_355' title='bbox 2388 2017 2458 2071; x_wconf 81' lang='lat' dir='ltr'><strong>De</strong></span> <span class='ocrx_word' id='word_1_356' title='bbox 2485 2031 2595 2070; x_wconf 83' lang='lat' dir='ltr'><strong>non</strong></span> <span class='ocrx_word' id='word_1_357' title='bbox 2624 2016 2978 2072; x_wconf 80' lang='lat' dir='ltr'><strong>observandis</strong></span> <span class='ocrx_word' id='word_1_358' title='bbox 3004 2018 3272 2073; x_wconf 80' lang='lat' dir='ltr'><strong>Kalendis</strong></span> <span class='ocrx_word' id='word_1_359' title='bbox 3308 2021 3618 2076; x_wconf 78' lang='lat' dir='ltr'><strong>Ianuariis.</strong></span> 
     </span>
    </p>
   </div>
   <div class='ocr_carea' id='block_1_53' title="bbox 2047 2088 3617 2165">
    <p class='ocr_par' dir='ltr' id='par_1_53' title="bbox 2047 2088 3617 2165">
     <span class='ocr_line' id='line_1_53' title="bbox 2047 2088 3617 2165; baseline 0.004 -25"><span class='ocrx_word' id='word_1_360' title='bbox 2047 2089 2130 2165; x_wconf 68' lang='lat' dir='ltr'><strong>Ea:</strong></span> <span class='ocrx_word' id='word_1_361' title='bbox 2166 2102 2427 2165; x_wconf 48' lang='lat' dir='ltr'><strong>sermone</strong></span> <span class='ocrx_word' id='word_1_362' title='bbox 2462 2088 2767 2165; x_wconf 50' lang='lat' dir='ltr'><strong>Augustae</strong></span> <span class='ocrx_word' id='word_1_363' title='bbox 2808 2090 2929 2144; x_wconf 88' lang='lat' dir='ltr'><strong>Kal.</strong></span> <span class='ocrx_word' id='word_1_364' title='bbox 2977 2092 3101 2146; x_wconf 84' lang='lat' dir='ltr'><strong>Jan.</strong></span> <span class='ocrx_word' id='word_1_365' title='bbox 3134 2092 3233 2162; x_wconf 86' lang='lat' dir='ltr'><strong>qui</strong></span> <span class='ocrx_word' id='word_1_366' title='bbox 3259 2093 3340 2146; x_wconf 84' lang='lat' dir='ltr'><strong>sic</strong></span> <span class='ocrx_word' id='word_1_367' title='bbox 3377 2093 3617 2165; x_wconf 80' lang='lat' dir='ltr'><strong>incipit:</strong></span> 
     </span>
    </p>
   </div>
   <div class='ocr_carea' id='block_1_54' title="bbox 2050 2159 2775 2230">
    <p class='ocr_par' dir='ltr' id='par_1_54' title="bbox 2050 2159 2775 2230">
     <span class='ocr_line' id='line_1_54' title="bbox 2050 2159 2775 2230; baseline 0.004 -19"><span class='ocrx_word' id='word_1_368' title='bbox 2050 2161 2181 2213; x_wconf 75' lang='lat' dir='ltr'><strong>Dies</strong></span> <span class='ocrx_word' id='word_1_369' title='bbox 2213 2159 2607 2214; x_wconf 86' lang='lat' dir='ltr'><strong>Kalendarum</strong></span> <span class='ocrx_word' id='word_1_370' title='bbox 2643 2161 2775 2230; x_wconf 81' lang='lat'>(96).</span> 
     </span>
    </p>
   </div>
   <div class='ocr_carea' id='block_1_55' title="bbox 2047 2248 3625 2323">
    <p class='ocr_par' dir='ltr' id='par_1_55' title="bbox 2047 2248 3625 2323">
     <span class='ocr_line' id='line_1_55' title="bbox 2047 2248 3625 2323; baseline 0.003 -22"><span class='ocrx_word' id='word_1_371' title='bbox 2047 2251 2195 2301; x_wconf 92' lang='lat' dir='ltr'><strong>Sunt</strong></span> <span class='ocrx_word' id='word_1_372' title='bbox 2223 2248 2319 2316; x_wconf 85' lang='lat' dir='ltr'><strong>qui</strong></span> <span class='ocrx_word' id='word_1_373' title='bbox 2362 2248 2636 2304; x_wconf 87' lang='lat' dir='ltr'><strong>Kalendis</strong></span> <span class='ocrx_word' id='word_1_374' title='bbox 2684 2250 2983 2306; x_wconf 86' lang='lat' dir='ltr'><strong>Januariis</strong></span> <span class='ocrx_word' id='word_1_375' title='bbox 3029 2251 3110 2307; x_wconf 88' lang='lat' dir='ltr'><strong>ita</strong></span> <span class='ocrx_word' id='word_1_376' title='bbox 3139 2251 3387 2323; x_wconf 84' lang='lat' dir='ltr'><strong>auguria</strong></span> <span class='ocrx_word' id='word_1_377' title='bbox 3417 2252 3625 2308; x_wconf 84' lang='lat' dir='ltr'><strong>obser-</strong></span> 
     </span>
    </p>
   </div>
   <div class='ocr_carea' id='block_1_56' title="bbox 1977 2336 3621 2413">
    <p class='ocr_par' dir='ltr' id='par_1_56' title="bbox 1977 2336 3621 2413">
     <span class='ocr_line' id='line_1_56' title="bbox 1977 2336 3621 2413; baseline 0.005 -25"><span class='ocrx_word' id='word_1_378' title='bbox 1977 2343 2114 2390; x_wconf 82' lang='lat' dir='ltr'><strong>vant</strong></span> <span class='ocrx_word' id='word_1_379' title='bbox 2144 2342 2205 2389; x_wconf 90' lang='lat' dir='ltr'><strong>ut</strong></span> <span class='ocrx_word' id='word_1_380' title='bbox 2236 2336 2429 2392; x_wconf 84' lang='lat' dir='ltr'><strong>focum</strong></span> <span class='ocrx_word' id='word_1_381' title='bbox 2470 2338 2539 2391; x_wconf 87' lang='lat' dir='ltr'><strong>de</strong></span> <span class='ocrx_word' id='word_1_382' title='bbox 2575 2338 2746 2392; x_wconf 89' lang='lat' dir='ltr'><strong>domo</strong></span> <span class='ocrx_word' id='word_1_383' title='bbox 2776 2356 2881 2394; x_wconf 89' lang='lat' dir='ltr'><strong>sua</strong></span> <span class='ocrx_word' id='word_1_384' title='bbox 2909 2338 2996 2394; x_wconf 89' lang='lat' dir='ltr'><strong>vel</strong></span> <span class='ocrx_word' id='word_1_385' title='bbox 3037 2339 3192 2395; x_wconf 92' lang='lat' dir='ltr'><strong>aliud</strong></span> <span class='ocrx_word' id='word_1_386' title='bbox 3225 2340 3621 2413; x_wconf 90' lang='lat' dir='ltr'><strong>quodcunque</strong></span> 
     </span>
    </p>
   </div>
   <div class='ocr_carea' id='block_1_57' title="bbox 1978 2424 3629 2498">
    <p class='ocr_par' dir='ltr' id='par_1_57' title="bbox 1978 2424 3629 2498">
     <span class='ocr_line' id='line_1_57' title="bbox 1978 2424 3629 2498; baseline 0.002 -19"><span class='ocrx_word' id='word_1_387' title='bbox 1978 2424 2325 2479; x_wconf 83' lang='lat' dir='ltr'><strong>beneficium</strong></span> <span class='ocrx_word' id='word_1_388' title='bbox 2349 2424 2676 2498; x_wconf 87' lang='lat' dir='ltr'><strong>cuicunque</strong></span> <span class='ocrx_word' id='word_1_389' title='bbox 2691 2428 2905 2498; x_wconf 86' lang='lat' dir='ltr'><strong>petenti</strong></span> <span class='ocrx_word' id='word_1_390' title='bbox 2927 2445 3039 2483; x_wconf 92' lang='lat' dir='ltr'><strong>non</strong></span> <span class='ocrx_word' id='word_1_391' title='bbox 3056 2430 3317 2484; x_wconf 88' lang='lat' dir='ltr'><strong>tribuant</strong></span> <span class='ocrx_word' id='word_1_392' title='bbox 3341 2446 3355 2495; x_wconf 88' lang='lat'><strong>;</strong></span> <span class='ocrx_word' id='word_1_393' title='bbox 3379 2429 3629 2485; x_wconf 85' lang='lat' dir='ltr'><strong>diaboli-</strong></span> 
     </span>
    </p>
   </div>
   <div class='ocr_carea' id='block_1_58' title="bbox 1979 2516 3626 2588">
    <p class='ocr_par' dir='ltr' id='par_1_58' title="bbox 1979 2516 3626 2588">
     <span class='ocr_line' id='line_1_58' title="bbox 1979 2516 3626 2588; baseline 0.003 -21"><span class='ocrx_word' id='word_1_394' title='bbox 1979 2530 2077 2568; x_wconf 88' lang='lat' dir='ltr'><strong>cas</strong></span> <span class='ocrx_word' id='word_1_395' title='bbox 2121 2518 2349 2568; x_wconf 84' lang='lat' dir='ltr'><strong>strenas</strong></span> <span class='ocrx_word' id='word_1_396' title='bbox 2380 2519 2435 2568; x_wconf 90' lang='lat' dir='ltr'><strong>et</strong></span> <span class='ocrx_word' id='word_1_397' title='bbox 2475 2517 2545 2569; x_wconf 88' lang='lat' dir='ltr'><strong>ab</strong></span> <span class='ocrx_word' id='word_1_398' title='bbox 2578 2516 2709 2569; x_wconf 90' lang='lat' dir='ltr'><strong>aliis</strong></span> <span class='ocrx_word' id='word_1_399' title='bbox 2741 2517 3041 2587; x_wconf 86' lang='lat' dir='ltr'><strong>accipiunt</strong></span> <span class='ocrx_word' id='word_1_400' title='bbox 3090 2522 3145 2571; x_wconf 93' lang='lat' dir='ltr'><strong>et</strong></span> <span class='ocrx_word' id='word_1_401' title='bbox 3176 2517 3293 2588; x_wconf 89' lang='lat' dir='ltr'><strong>ipsi</strong></span> <span class='ocrx_word' id='word_1_402' title='bbox 3324 2517 3456 2575; x_wconf 90' lang='lat' dir='ltr'><strong>aliis</strong></span> <span class='ocrx_word' id='word_1_403' title='bbox 3501 2522 3626 2572; x_wconf 88' lang='lat' dir='ltr'><strong>tra-</strong></span> 
     </span>
    </p>
   </div>
   <div class='ocr_carea' id='block_1_59' title="bbox 1978 2603 2147 2656">
    <p class='ocr_par' dir='ltr' id='par_1_59' title="bbox 1978 2603 2147 2656">
     <span class='ocr_line' id='line_1_59' title="bbox 1978 2603 2147 2656; baseline 0 -1"><span class='ocrx_word' id='word_1_404' title='bbox 1978 2603 2147 2656; x_wconf 72' lang='lat' dir='ltr'><strong>dunL</strong></span> 
     </span>
    </p>
   </div>
   <div class='ocr_carea' id='block_1_60' title="bbox 1979 2690 3626 2764">
    <p class='ocr_par' dir='ltr' id='par_1_60' title="bbox 1979 2690 3626 2764">
     <span class='ocr_line' id='line_1_60' title="bbox 1979 2690 3626 2764; baseline 0.002 -19"><span class='ocrx_word' id='word_1_405' title='bbox 1979 2691 2111 2745; x_wconf 78' lang='lat' dir='ltr'><strong>CAP.</strong></span> <span class='ocrx_word' id='word_1_406' title='bbox 2148 2690 2232 2764; x_wconf 58' lang='grc' dir='ltr'><strong>17ἶ</strong></span> <span class='ocrx_word' id='word_1_407' title='bbox 2310 2762 2319 2764; x_wconf 75' lang='lat'><strong><em>_</em></strong></span> <span class='ocrx_word' id='word_1_408' title='bbox 2348 2692 2504 2763; x_wconf 84' lang='lat' dir='ltr'><strong>Quod</strong></span> <span class='ocrx_word' id='word_1_409' title='bbox 2535 2694 2642 2746; x_wconf 79' lang='lat' dir='ltr'><strong>viri</strong></span> <span class='ocrx_word' id='word_1_410' title='bbox 2664 2693 2747 2746; x_wconf 85' lang='lat' dir='ltr'><strong>vel</strong></span> <span class='ocrx_word' id='word_1_411' title='bbox 2766 2694 2986 2763; x_wconf 75' lang='lat' dir='ltr'><strong>feminae</strong></span> <span class='ocrx_word' id='word_1_412' title='bbox 3008 2695 3151 2758; x_wconf 83' lang='lat' dir='ltr'><strong>ﬁlios</strong></span> <span class='ocrx_word' id='word_1_413' title='bbox 3173 2695 3255 2749; x_wconf 81' lang='lat' dir='ltr'><strong>vel</strong></span> <span class='ocrx_word' id='word_1_414' title='bbox 3277 2694 3428 2764; x_wconf 86' lang='lat' dir='ltr'><strong>ﬁlias</strong></span> <span class='ocrx_word' id='word_1_415' title='bbox 3450 2709 3626 2749; x_wconf 84' lang='lat' dir='ltr'><strong>susce-</strong></span> 
     </span>
    </p>
   </div>
   <div class='ocr_carea' id='block_1_61' title="bbox 2049 2762 3623 2837">
    <p class='ocr_par' dir='ltr' id='par_1_61' title="bbox 2049 2762 3623 2837">
     <span class='ocr_line' id='line_1_61' title="bbox 2049 2762 3623 2837; baseline 0.004 -24"><span class='ocrx_word' id='word_1_416' title='bbox 2049 2767 2179 2837; x_wconf 68' lang='lat' dir='ltr'><strong>ptus</strong></span> <span class='ocrx_word' id='word_1_417' title='bbox 2213 2762 2274 2837; x_wconf 70' lang='lat' dir='ltr'><strong>in</strong></span> <span class='ocrx_word' id='word_1_418' title='bbox 2303 2762 2567 2833; x_wconf 83' lang='lat' dir='ltr'><strong>baptismo</strong></span> <span class='ocrx_word' id='word_1_419' title='bbox 2598 2762 2784 2837; x_wconf 73' lang='lat' dir='ltr'><strong>(locere</strong></span> <span class='ocrx_word' id='word_1_420' title='bbox 2811 2765 3052 2837; x_wconf 64' lang='lat' dir='ltr'><strong>debeant.</strong></span> <span class='ocrx_word' id='word_1_421' title='bbox 3087 2768 3169 2820; x_wconf 75' lang='lat' dir='ltr'><strong>Ex</strong></span> <span class='ocrx_word' id='word_1_422' title='bbox 3196 2762 3360 2821; x_wconf 70' lang='lat' dir='ltr'><strong>sef-m.</strong></span> <span class='ocrx_word' id='word_1_423' title='bbox 3389 2768 3623 2837; x_wconf 80' lang='lat' dir='ltr'><strong>August.</strong></span> 
     </span>
    </p>
   </div>
   <div class='ocr_carea' id='block_1_62' title="bbox 2050 2833 3626 2976">
    <p class='ocr_par' dir='ltr' id='par_1_62' title="bbox 2050 2833 3626 2976">
     <span class='ocr_line' id='line_1_62' title="bbox 2050 2833 3626 2976; baseline 0.004 -91"><span class='ocrx_word' id='word_1_424' title='bbox 2050 2833 2357 2976; x_wconf 45' lang='lat' dir='ltr'><strong>gomizggp.</strong></span> <span class='ocrx_word' id='word_1_425' title='bbox 2383 2838 2503 2905; x_wconf 79' lang='lat' dir='ltr'><strong>post</strong></span> <span class='ocrx_word' id='word_1_426' title='bbox 2526 2834 2759 2900; x_wconf 79' lang='lat' dir='ltr'><strong>Pascha,</strong></span> <span class='ocrx_word' id='word_1_427' title='bbox 2790 2835 2887 2905; x_wconf 83' lang='lat' dir='ltr'><strong>qui</strong></span> <span class='ocrx_word' id='word_1_428' title='bbox 2906 2836 2987 2891; x_wconf 87' lang='lat' dir='ltr'><strong>sic</strong></span> <span class='ocrx_word' id='word_1_429' title='bbox 3018 2836 3261 2892; x_wconf 79' lang='lat' dir='ltr'><strong>incidit:</strong></span> <span class='ocrx_word' id='word_1_430' title='bbox 3294 2833 3626 2892; x_wconf 69' lang='lat' dir='ltr'><strong>Hodiernus</strong></span> 
     </span>
     <span class='ocr_line' id='line_1_63' title="bbox 2094 2922 2343 2959; baseline 0.004 -2"><span class='ocrx_word' id='word_1_431' title='bbox 2094 2922 2175 2959; x_wconf 74' lang='lat' dir='ltr'><strong>tes</strong></span> <span class='ocrx_word' id='word_1_432' title='bbox 2332 2946 2343 2958; x_wconf 92' lang='lat'><strong>.</strong></span> 
     </span>
    </p>
   </div>
   <div class='ocr_carea' id='block_1_63' title="bbox 2094 2922 2343 2959">
    <p class='ocr_par' dir='ltr' id='par_1_63' title="bbox 2094 2922 2343 2959">
     <span class='ocr_line' id='line_1_64' title="bbox 2094 2922 2343 2959; baseline 0.004 -2"><span class='ocrx_word' id='word_1_433' title='bbox 2094 2922 2175 2959; x_wconf 79' lang='lat' dir='ltr'><strong>tes</strong></span> <span class='ocrx_word' id='word_1_434' title='bbox 2210 2922 2343 2959; x_wconf 71' lang='lat' dir='ltr'><strong>(Ui).</strong></span> 
     </span>
    </p>
   </div>
   <div class='ocr_carea' id='block_1_64' title="bbox 2050 2992 3625 3067">
    <p class='ocr_par' dir='ltr' id='par_1_64' title="bbox 2050 2992 3625 3067">
     <span class='ocr_line' id='line_1_65' title="bbox 2050 2992 3625 3067; baseline 0.004 -23"><span class='ocrx_word' id='word_1_435' title='bbox 2050 2992 2166 3047; x_wconf 91' lang='lat' dir='ltr'><strong>Vos</strong></span> <span class='ocrx_word' id='word_1_436' title='bbox 2190 2998 2324 3047; x_wconf 87' lang='lat' dir='ltr'><strong>ante</strong></span> <span class='ocrx_word' id='word_1_437' title='bbox 2346 2993 2545 3047; x_wconf 89' lang='lat' dir='ltr'><strong>omnia</strong></span> <span class='ocrx_word' id='word_1_438' title='bbox 2562 2999 2677 3047; x_wconf 91' lang='lat' dir='ltr'><strong>tam</strong></span> <span class='ocrx_word' id='word_1_439' title='bbox 2701 2994 2853 3048; x_wconf 84' lang='lat' dir='ltr'><strong>viros</strong></span> <span class='ocrx_word' id='word_1_440' title='bbox 2878 3011 3052 3065; x_wconf 89' lang='lat' dir='ltr'><strong>quam</strong></span> <span class='ocrx_word' id='word_1_441' title='bbox 3079 2995 3327 3051; x_wconf 88' lang='lat' dir='ltr'><strong>feminas</strong></span> <span class='ocrx_word' id='word_1_442' title='bbox 3347 2995 3447 3067; x_wconf 92' lang='lat' dir='ltr'><strong>qui</strong></span> <span class='ocrx_word' id='word_1_443' title='bbox 3472 2994 3625 3050; x_wconf 83' lang='lat' dir='ltr'><strong>ﬁlios</strong></span> 
     </span>
    </p>
   </div>
   <div class='ocr_carea' id='block_1_65' title="bbox 1978 3080 3627 3155">
    <p class='ocr_par' dir='ltr' id='par_1_65' title="bbox 1978 3080 3627 3155">
     <span class='ocr_line' id='line_1_66' title="bbox 1978 3080 3627 3155; baseline 0.003 -22"><span class='ocrx_word' id='word_1_444' title='bbox 1978 3080 2037 3134; x_wconf 92' lang='lat' dir='ltr'><strong>in</strong></span> <span class='ocrx_word' id='word_1_445' title='bbox 2072 3082 2360 3152; x_wconf 88' lang='lat' dir='ltr'><strong>baptismo</strong></span> <span class='ocrx_word' id='word_1_446' title='bbox 2384 3081 2748 3151; x_wconf 84' lang='lat' dir='ltr'><strong>suscepistis,</strong></span> <span class='ocrx_word' id='word_1_447' title='bbox 2781 3099 3011 3152; x_wconf 89' lang='lat' dir='ltr'><strong>moneo,</strong></span> <span class='ocrx_word' id='word_1_448' title='bbox 3038 3089 3103 3138; x_wconf 93' lang='lat' dir='ltr'><strong>ut</strong></span> <span class='ocrx_word' id='word_1_449' title='bbox 3132 3100 3231 3139; x_wconf 92' lang='lat' dir='ltr'><strong>vos</strong></span> <span class='ocrx_word' id='word_1_450' title='bbox 3254 3082 3627 3155; x_wconf 81' lang='lat' dir='ltr'><strong>cognoscatis</strong></span> 
     </span>
    </p>
   </div>
   <div class='ocr_carea' id='block_1_66' title="bbox 220 3169 3630 3270">
    <p class='ocr_par' dir='ltr' id='par_1_66' title="bbox 220 3169 3630 3270">
     <span class='ocr_line' id='line_1_67' title="bbox 220 3169 3630 3270; baseline -0.001 -15"><span class='ocrx_word' id='word_1_451' title='bbox 220 3203 358 3267; x_wconf 81' lang='lat' dir='ltr'><strong>(Act.</strong></span> <span class='ocrx_word' id='word_1_452' title='bbox 383 3209 515 3266; x_wconf 74' lang='lat' dir='ltr'><strong>xxx).</strong></span> <span class='ocrx_word' id='word_1_453' title='bbox 550 3169 767 3255; x_wconf 71' lang='lat' dir='ltr'><strong>Omnes</strong></span> <span class='ocrx_word' id='word_1_454' title='bbox 791 3200 973 3270; x_wconf 87' lang='lat' dir='ltr'><strong>igitur</strong></span> <span class='ocrx_word' id='word_1_455' title='bbox 1002 3169 1156 3254; x_wconf 74' lang='lat' dir='ltr'><strong>artes</strong></span> <span class='ocrx_word' id='word_1_456' title='bbox 1190 3198 1529 3269; x_wconf 79' lang='lat' dir='ltr'><strong>hujusmodi</strong></span> <span class='ocrx_word' id='word_1_457' title='bbox 1558 3200 1647 3254; x_wconf 89' lang='lat' dir='ltr'><strong>vel</strong></span> <span class='ocrx_word' id='word_1_458' title='bbox 1690 3216 1870 3269; x_wconf 87' lang='lat' dir='ltr'><strong>nuga-</strong></span> <span class='ocrx_word' id='word_1_459' title='bbox 1902 3182 1943 3248; x_wconf 90' lang='lat' dir='ltr'><strong>C</strong></span> <span class='ocrx_word' id='word_1_460' title='bbox 1983 3169 2358 3270; x_wconf 40' lang='grc' dir='ltr'><strong>δᾲίῗιῖυείδοτθθ</strong></span> <span class='ocrx_word' id='word_1_461' title='bbox 2391 3170 2541 3270; x_wconf 52' lang='grc'><strong>³9³9</strong></span> <span class='ocrx_word' id='word_1_462' title='bbox 2582 3171 2757 3270; x_wconf 52' lang='lat' dir='ltr'><strong>Deum</strong></span> <span class='ocrx_word' id='word_1_463' title='bbox 2790 3188 2890 3270; x_wconf 40' lang='lat' dir='ltr'><strong>pro</strong></span> <span class='ocrx_word' id='word_1_464' title='bbox 2914 3171 3499 3270; x_wconf 50' lang='grc' dir='ltr'><strong>ίηίδίῖξδῖίῖίεεθίῐυοε</strong></span> <span class='ocrx_word' id='word_1_465' title='bbox 3520 3171 3630 3227; x_wconf 53' lang='lat' dir='ltr'><strong>Vm</strong></span> 
     </span>
    </p>
   </div>
   <div class='ocr_carea' id='block_1_67' title="bbox 220 3288 1873 3359">
    <p class='ocr_par' dir='ltr' id='par_1_67' title="bbox 220 3288 1873 3359">
     <span class='ocr_line' id='line_1_68' title="bbox 220 3288 1873 3359; baseline -0.002 -14"><span class='ocrx_word' id='word_1_466' title='bbox 220 3291 404 3353; x_wconf 74' lang='lat' dir='ltr'><strong>toriaa,</strong></span> <span class='ocrx_word' id='word_1_467' title='bbox 438 3289 520 3344; x_wconf 90' lang='lat' dir='ltr'><strong>vel</strong></span> <span class='ocrx_word' id='word_1_468' title='bbox 551 3290 733 3344; x_wconf 66' lang='lat' dir='ltr'><strong>noxize</strong></span> <span class='ocrx_word' id='word_1_469' title='bbox 768 3288 1205 3359; x_wconf 88' lang='lat' dir='ltr'><strong>superstitionis</strong></span> <span class='ocrx_word' id='word_1_470' title='bbox 1225 3304 1292 3343; x_wconf 84' lang='lat' dir='ltr'><strong>ex</strong></span> <span class='ocrx_word' id='word_1_471' title='bbox 1316 3289 1568 3358; x_wconf 88' lang='lat' dir='ltr'><strong>quadam</strong></span> <span class='ocrx_word' id='word_1_472' title='bbox 1596 3289 1873 3358; x_wconf 82' lang='lat' dir='ltr'><strong>pestifera</strong></span> 
     </span>
    </p>
   </div>
   <div class='ocr_carea' id='block_1_68' title="bbox 220 3377 1872 3447">
    <p class='ocr_par' dir='ltr' id='par_1_68' title="bbox 220 3377 1872 3447">
     <span class='ocr_line' id='line_1_69' title="bbox 220 3377 1872 3447; baseline -0.003 -13"><span class='ocrx_word' id='word_1_473' title='bbox 220 3380 499 3434; x_wconf 84' lang='lat' dir='ltr'><strong>societate</strong></span> <span class='ocrx_word' id='word_1_474' title='bbox 529 3379 837 3434; x_wconf 87' lang='lat' dir='ltr'><strong>hominum</strong></span> <span class='ocrx_word' id='word_1_475' title='bbox 870 3383 927 3432; x_wconf 88' lang='lat' dir='ltr'><strong>et</strong></span> <span class='ocrx_word' id='word_1_476' title='bbox 959 3379 1312 3441; x_wconf 67' lang='lat' dir='ltr'><strong>daemonum,</strong></span> <span class='ocrx_word' id='word_1_477' title='bbox 1348 3377 1513 3438; x_wconf 85' lang='lat' dir='ltr'><strong>quasi</strong></span> <span class='ocrx_word' id='word_1_478' title='bbox 1543 3382 1709 3447; x_wconf 84' lang='lat' dir='ltr'><strong>pacta</strong></span> <span class='ocrx_word' id='word_1_479' title='bbox 1741 3378 1872 3430; x_wconf 82' lang='lat' dir='ltr'><strong>inli-</strong></span> 
     </span>
    </p>
   </div>
   <div class='ocr_carea' id='block_1_69' title="bbox 221 3466 1873 3534">
    <p class='ocr_par' dir='ltr' id='par_1_69' title="bbox 221 3466 1873 3534">
     <span class='ocr_line' id='line_1_70' title="bbox 221 3466 1873 3534; baseline -0.002 -12"><span class='ocrx_word' id='word_1_480' title='bbox 221 3468 371 3523; x_wconf 89' lang='lat' dir='ltr'><strong>delis</strong></span> <span class='ocrx_word' id='word_1_481' title='bbox 403 3474 460 3522; x_wconf 85' lang='lat' dir='ltr'><strong>et</strong></span> <span class='ocrx_word' id='word_1_482' title='bbox 506 3468 717 3522; x_wconf 64' lang='lat' dir='ltr'><strong>dolosae</strong></span> <span class='ocrx_word' id='word_1_483' title='bbox 764 3466 1032 3520; x_wconf 65' lang='lat' dir='ltr'><strong>amicitia:</strong></span> <span class='ocrx_word' id='word_1_484' title='bbox 1080 3466 1421 3531; x_wconf 88' lang='lat' dir='ltr'><strong>constituta,</strong></span> <span class='ocrx_word' id='word_1_485' title='bbox 1449 3466 1683 3534; x_wconf 88' lang='lat' dir='ltr'><strong>penitus</strong></span> <span class='ocrx_word' id='word_1_486' title='bbox 1732 3469 1873 3519; x_wconf 90' lang='lat' dir='ltr'><strong>sunt</strong></span> 
     </span>
    </p>
   </div>
   <div class='ocr_carea' id='block_1_70' title="bbox 221 3553 1868 3627">
    <p class='ocr_par' dir='ltr' id='par_1_70' title="bbox 221 3553 1868 3627">
     <span class='ocr_line' id='line_1_71' title="bbox 221 3553 1868 3627; baseline -0.003 -16"><span class='ocrx_word' id='word_1_487' title='bbox 221 3557 588 3627; x_wconf 85' lang='lat' dir='ltr'><strong>repudianda</strong></span> <span class='ocrx_word' id='word_1_488' title='bbox 626 3561 682 3611; x_wconf 91' lang='lat' dir='ltr'><strong>et</strong></span> <span class='ocrx_word' id='word_1_489' title='bbox 729 3555 1005 3625; x_wconf 88' lang='lat' dir='ltr'><strong>fugienda</strong></span> <span class='ocrx_word' id='word_1_490' title='bbox 1046 3553 1397 3608; x_wconf 88' lang='lat' dir='ltr'><strong>Christiano.</strong></span> <span class='ocrx_word' id='word_1_491' title='bbox 1432 3555 1585 3619; x_wconf 83' lang='lat' dir='ltr'><strong>Item,</strong></span> <span class='ocrx_word' id='word_1_492' title='bbox 1646 3554 1868 3617; x_wconf 65' lang='lat' dir='ltr'><strong>ibirlem,</strong></span> 
     </span>
    </p>
   </div>
   <div class='ocr_carea' id='block_1_71' title="bbox 222 3640 1870 3714">
    <p class='ocr_par' dir='ltr' id='par_1_71' title="bbox 222 3640 1870 3714">
     <span class='ocr_line' id='line_1_72' title="bbox 222 3640 1870 3714; baseline -0.002 -17"><span class='ocrx_word' id='word_1_493' title='bbox 222 3662 353 3714; x_wconf 82' lang='lat' dir='ltr'><strong>cap.</strong></span> <span class='ocrx_word' id='word_1_494' title='bbox 392 3645 475 3696; x_wconf 78' lang='grc'><strong>40.</strong></span> <span class='ocrx_word' id='word_1_495' title='bbox 512 3644 796 3697; x_wconf 73' lang='lat' dir='ltr'><strong>Doctrinaa</strong></span> <span class='ocrx_word' id='word_1_496' title='bbox 828 3658 1032 3697; x_wconf 89' lang='lat' dir='ltr'><strong>omnes</strong></span> <span class='ocrx_word' id='word_1_497' title='bbox 1066 3641 1375 3712; x_wconf 88' lang='lat' dir='ltr'><strong>gentilium</strong></span> <span class='ocrx_word' id='word_1_498' title='bbox 1411 3658 1521 3695; x_wconf 91' lang='lat' dir='ltr'><strong>non</strong></span> <span class='ocrx_word' id='word_1_499' title='bbox 1567 3640 1757 3694; x_wconf 85' lang='lat' dir='ltr'><strong>solum</strong></span> <span class='ocrx_word' id='word_1_500' title='bbox 1792 3644 1870 3695; x_wconf 88' lang='lat' dir='ltr'><strong>si-</strong></span> 
     </span>
    </p>
   </div>
   <div class='ocr_carea' id='block_1_72' title="bbox 227 3730 1871 3802">
    <p class='ocr_par' dir='ltr' id='par_1_72' title="bbox 227 3730 1871 3802">
     <span class='ocr_line' id='line_1_73' title="bbox 227 3730 1871 3802; baseline -0.001 -17"><span class='ocrx_word' id='word_1_501' title='bbox 227 3750 323 3785; x_wconf 86' lang='lat' dir='ltr'><strong>mu</strong></span> <span class='ocrx_word' id='word_1_502' title='bbox 337 3732 519 3785; x_wconf 88' lang='lat' dir='ltr'><strong>lataet</strong></span> <span class='ocrx_word' id='word_1_503' title='bbox 534 3732 945 3802; x_wconf 88' lang='lat' dir='ltr'><strong>superstitiosa</strong></span> <span class='ocrx_word' id='word_1_504' title='bbox 960 3732 1168 3801; x_wconf 82' lang='lat' dir='ltr'><strong>ligmen</strong></span> <span class='ocrx_word' id='word_1_505' title='bbox 1181 3735 1255 3793; x_wconf 85' lang='lat' dir='ltr'><strong>ta,</strong></span> <span class='ocrx_word' id='word_1_506' title='bbox 1274 3745 1592 3799; x_wconf 82' lang='lat' dir='ltr'><strong>gravesque</strong></span> <span class='ocrx_word' id='word_1_507' title='bbox 1608 3730 1871 3783; x_wconf 87' lang='lat' dir='ltr'><strong>sarcinas</strong></span> 
     </span>
    </p>
   </div>
   <div class='ocr_carea' id='block_1_73' title="bbox 226 3817 1870 3890">
    <p class='ocr_par' dir='ltr' id='par_1_73' title="bbox 226 3817 1870 3890">
     <span class='ocr_line' id='line_1_74' title="bbox 226 3817 1870 3890; baseline -0.002 -15"><span class='ocrx_word' id='word_1_508' title='bbox 226 3820 815 3890; x_wconf 83' lang='lat' dir='ltr'><strong>supervacuilaboris</strong></span> <span class='ocrx_word' id='word_1_509' title='bbox 855 3819 1091 3879; x_wconf 83' lang='lat' dir='ltr'><strong>habent.</strong></span> <span class='ocrx_word' id='word_1_510' title='bbox 1141 3835 1266 3889; x_wconf 62' lang='lat' dir='ltr'><strong>qua:</strong></span> <span class='ocrx_word' id='word_1_511' title='bbox 1315 3817 1725 3887; x_wconf 82' lang='lat' dir='ltr'><strong>unusquisque</strong></span> <span class='ocrx_word' id='word_1_512' title='bbox 1770 3834 1870 3871; x_wconf 85' lang='lat' dir='ltr'><strong>no-</strong></span> 
     </span>
    </p>
   </div>
   <div class='ocr_carea' id='block_1_74' title="bbox 225 3906 1871 3977">
    <p class='ocr_par' dir='ltr' id='par_1_74' title="bbox 225 3906 1871 3977">
     <span class='ocr_line' id='line_1_75' title="bbox 225 3906 1871 3977; baseline -0.002 -14"><span class='ocrx_word' id='word_1_513' title='bbox 225 3916 417 3963; x_wconf 86' lang='lat' dir='ltr'><strong>strum</strong></span> <span class='ocrx_word' id='word_1_514' title='bbox 450 3910 596 3963; x_wconf 91' lang='lat' dir='ltr'><strong>duce</strong></span> <span class='ocrx_word' id='word_1_515' title='bbox 625 3909 856 3963; x_wconf 87' lang='lat' dir='ltr'><strong>Christo</strong></span> <span class='ocrx_word' id='word_1_516' title='bbox 888 3909 956 3961; x_wconf 91' lang='lat' dir='ltr'><strong>de</strong></span> <span class='ocrx_word' id='word_1_517' title='bbox 989 3908 1259 3961; x_wconf 89' lang='lat' dir='ltr'><strong>societate</strong></span> <span class='ocrx_word' id='word_1_518' title='bbox 1291 3906 1598 3977; x_wconf 89' lang='lat' dir='ltr'><strong>gentilium</strong></span> <span class='ocrx_word' id='word_1_519' title='bbox 1652 3906 1871 3971; x_wconf 88' lang='lat' dir='ltr'><strong>exiens,</strong></span> 
     </span>
    </p>
   </div>
   <div class='ocr_carea' id='block_1_75' title="bbox 228 3994 1874 4067">
    <p class='ocr_par' dir='ltr' id='par_1_75' title="bbox 228 3994 1874 4067">
     <span class='ocr_line' id='line_1_76' title="bbox 228 3994 1874 4067; baseline -0.002 -15"><span class='ocrx_word' id='word_1_520' title='bbox 228 4000 403 4053; x_wconf 88' lang='lat' dir='ltr'><strong>debet</strong></span> <span class='ocrx_word' id='word_1_521' title='bbox 424 3998 749 4051; x_wconf 88' lang='lat' dir='ltr'><strong>abominari</strong></span> <span class='ocrx_word' id='word_1_522' title='bbox 786 4007 957 4067; x_wconf 83' lang='lat' dir='ltr'><strong>atque</strong></span> <span class='ocrx_word' id='word_1_523' title='bbox 978 3997 1255 4059; x_wconf 81' lang='lat' dir='ltr'><strong>devitarc,</strong></span> <span class='ocrx_word' id='word_1_524' title='bbox 1279 3996 1378 4049; x_wconf 91' lang='lat' dir='ltr'><strong>sed</strong></span> <span class='ocrx_word' id='word_1_525' title='bbox 1404 3995 1579 4048; x_wconf 90' lang='lat' dir='ltr'><strong>etiam</strong></span> <span class='ocrx_word' id='word_1_526' title='bbox 1604 3994 1874 4048; x_wconf 86' lang='lat' dir='ltr'><strong>liberales</strong></span> 
     </span>
    </p>
   </div>
   <div class='ocr_carea' id='block_1_76' title="bbox 228 4084 1875 4156">
    <p class='ocr_par' dir='ltr' id='par_1_76' title="bbox 228 4084 1875 4156">
     <span class='ocr_line' id='line_1_77' title="bbox 228 4084 1875 4156; baseline -0.004 -15"><span class='ocrx_word' id='word_1_527' title='bbox 228 4086 576 4156; x_wconf 89' lang='lat' dir='ltr'><strong>disciplinas</strong></span> <span class='ocrx_word' id='word_1_528' title='bbox 610 4086 741 4139; x_wconf 91' lang='lat' dir='ltr'><strong>usui</strong></span> <span class='ocrx_word' id='word_1_529' title='bbox 772 4086 1035 4139; x_wconf 87' lang='lat' dir='ltr'><strong>veritatis</strong></span> <span class='ocrx_word' id='word_1_530' title='bbox 1067 4085 1340 4155; x_wconf 65' lang='lat' dir='ltr'><strong>aptiores,</strong></span> <span class='ocrx_word' id='word_1_531' title='bbox 1373 4089 1430 4138; x_wconf 91' lang='lat' dir='ltr'><strong>et</strong></span> <span class='ocrx_word' id='word_1_532' title='bbox 1461 4084 1724 4153; x_wconf 73' lang='lat' dir='ltr'><strong>quaedam</strong></span> <span class='ocrx_word' id='word_1_533' title='bbox 1754 4099 1875 4136; x_wconf 91' lang='lat' dir='ltr'><strong>mo-</strong></span> 
     </span>
    </p>
   </div>
   <div class='ocr_carea' id='block_1_77' title="bbox 230 4172 1875 4245">
    <p class='ocr_par' dir='ltr' id='par_1_77' title="bbox 230 4172 1875 4245">
     <span class='ocr_line' id='line_1_78' title="bbox 230 4172 1875 4245; baseline -0.003 -16"><span class='ocrx_word' id='word_1_534' title='bbox 230 4194 361 4229; x_wconf 88' lang='lat' dir='ltr'><strong>rum</strong></span> <span class='ocrx_word' id='word_1_535' title='bbox 397 4178 682 4245; x_wconf 67' lang='lat' dir='ltr'><strong>praecepta</strong></span> <span class='ocrx_word' id='word_1_536' title='bbox 704 4173 1026 4227; x_wconf 88' lang='lat' dir='ltr'><strong>utilissima</strong></span> <span class='ocrx_word' id='word_1_537' title='bbox 1047 4172 1367 4228; x_wconf 86' lang='lat' dir='ltr'><strong>continent.</strong></span> <span class='ocrx_word' id='word_1_538' title='bbox 1392 4172 1577 4241; x_wconf 87' lang='lat' dir='ltr'><strong>deque</strong></span> <span class='ocrx_word' id='word_1_539' title='bbox 1601 4188 1715 4225; x_wconf 93' lang='lat' dir='ltr'><strong>uno</strong></span> <span class='ocrx_word' id='word_1_540' title='bbox 1749 4172 1875 4241; x_wconf 90' lang='lat' dir='ltr'><strong>ipso</strong></span> 
     </span>
    </p>
   </div>
   <div class='ocr_carea' id='block_1_78' title="bbox 230 4260 1875 4329">
    <p class='ocr_par' dir='ltr' id='par_1_78' title="bbox 230 4260 1875 4329">
     <span class='ocr_line' id='line_1_79' title="bbox 230 4260 1875 4329; baseline -0.004 -11"><span class='ocrx_word' id='word_1_541' title='bbox 230 4265 349 4319; x_wconf 90' lang='lat' dir='ltr'><strong>Deo</strong></span> <span class='ocrx_word' id='word_1_542' title='bbox 373 4262 613 4318; x_wconf 85' lang='lat' dir='ltr'><strong>colendo</strong></span> <span class='ocrx_word' id='word_1_543' title='bbox 646 4261 931 4315; x_wconf 90' lang='lat' dir='ltr'><strong>nonnulla</strong></span> <span class='ocrx_word' id='word_1_544' title='bbox 963 4276 1095 4313; x_wconf 88' lang='lat' dir='ltr'><strong>vera</strong></span> <span class='ocrx_word' id='word_1_545' title='bbox 1123 4260 1504 4313; x_wconf 90' lang='lat' dir='ltr'><strong>inveniuntur</strong></span> <span class='ocrx_word' id='word_1_546' title='bbox 1549 4260 1703 4329; x_wconf 82' lang='lat' dir='ltr'><strong>apud</strong></span> <span class='ocrx_word' id='word_1_547' title='bbox 1754 4276 1875 4327; x_wconf 89' lang='lat' dir='ltr'><strong>eos,</strong></span> 
     </span>
    </p>
   </div>
   <div class='ocr_carea' id='block_1_79' title="bbox 233 4348 1875 4423">
    <p class='ocr_par' dir='ltr' id='par_1_79' title="bbox 233 4348 1875 4423">
     <span class='ocr_line' id='line_1_80' title="bbox 233 4348 1875 4423; baseline -0.002 -19"><span class='ocrx_word' id='word_1_548' title='bbox 233 4354 387 4423; x_wconf 89' lang='lat' dir='ltr'><strong>quod</strong></span> <span class='ocrx_word' id='word_1_549' title='bbox 420 4367 644 4413; x_wconf 91' lang='lat' dir='ltr'><strong>eorum,</strong></span> <span class='ocrx_word' id='word_1_550' title='bbox 678 4355 959 4419; x_wconf 84' lang='lat' dir='ltr'><strong>tanquam</strong></span> <span class='ocrx_word' id='word_1_551' title='bbox 993 4364 1203 4402; x_wconf 89' lang='lat' dir='ltr'><strong>aurum</strong></span> <span class='ocrx_word' id='word_1_552' title='bbox 1236 4353 1292 4401; x_wconf 87' lang='lat' dir='ltr'><strong>et</strong></span> <span class='ocrx_word' id='word_1_553' title='bbox 1339 4352 1670 4417; x_wconf 83' lang='lat' dir='ltr'><strong>argentum,</strong></span> <span class='ocrx_word' id='word_1_554' title='bbox 1720 4348 1875 4417; x_wconf 91' lang='lat' dir='ltr'><strong>quod</strong></span> 
     </span>
    </p>
   </div>
   <div class='ocr_carea' id='block_1_80' title="bbox 233 4435 1877 4509">
    <p class='ocr_par' dir='ltr' id='par_1_80' title="bbox 233 4435 1877 4509">
     <span class='ocr_line' id='line_1_81' title="bbox 233 4435 1877 4509; baseline -0.005 -14"><span class='ocrx_word' id='word_1_555' title='bbox 233 4457 349 4495; x_wconf 92' lang='lat' dir='ltr'><strong>non</strong></span> <span class='ocrx_word' id='word_1_556' title='bbox 382 4439 492 4509; x_wconf 88' lang='lat' dir='ltr'><strong>ipsi</strong></span> <span class='ocrx_word' id='word_1_557' title='bbox 524 4438 927 4503; x_wconf 89' lang='lat' dir='ltr'><strong>instituerunt,</strong></span> <span class='ocrx_word' id='word_1_558' title='bbox 964 4438 1064 4490; x_wconf 90' lang='lat' dir='ltr'><strong>sed</strong></span> <span class='ocrx_word' id='word_1_559' title='bbox 1090 4437 1160 4490; x_wconf 89' lang='lat' dir='ltr'><strong>de</strong></span> <span class='ocrx_word' id='word_1_560' title='bbox 1182 4437 1537 4505; x_wconf 85' lang='lat' dir='ltr'><strong>quibusdam</strong></span> <span class='ocrx_word' id='word_1_561' title='bbox 1562 4435 1729 4505; x_wconf 89' lang='lat' dir='ltr'><strong>quasi</strong></span> <span class='ocrx_word' id='word_1_562' title='bbox 1756 4451 1877 4488; x_wconf 92' lang='lat' dir='ltr'><strong>me-</strong></span> 
     </span>
    </p>
   </div>
   <div class='ocr_carea' id='block_1_81' title="bbox 1981 3258 3629 3331">
    <p class='ocr_par' dir='ltr' id='par_1_81' title="bbox 1981 3258 3629 3331">
     <span class='ocr_line' id='line_1_82' title="bbox 1981 3258 3629 3331; baseline 0.003 -20"><span class='ocrx_word' id='word_1_563' title='bbox 1981 3259 2121 3312; x_wconf 80' lang='lat' dir='ltr'><strong>estis</strong></span> <span class='ocrx_word' id='word_1_564' title='bbox 2168 3260 2238 3311; x_wconf 91' lang='lat' dir='ltr'><strong>de</strong></span> <span class='ocrx_word' id='word_1_565' title='bbox 2288 3274 2452 3313; x_wconf 91' lang='lat' dir='ltr'><strong>sacro</strong></span> <span class='ocrx_word' id='word_1_566' title='bbox 2493 3258 2649 3312; x_wconf 89' lang='lat' dir='ltr'><strong>fonte</strong></span> <span class='ocrx_word' id='word_1_567' title='bbox 2690 3260 3008 3329; x_wconf 80' lang='lat' dir='ltr'><strong>suscipere.</strong></span> <span class='ocrx_word' id='word_1_568' title='bbox 3063 3261 3197 3315; x_wconf 88' lang='lat' dir='ltr'><strong>Ideo</strong></span> <span class='ocrx_word' id='word_1_569' title='bbox 3248 3276 3480 3331; x_wconf 89' lang='lat' dir='ltr'><strong>semper</strong></span> <span class='ocrx_word' id='word_1_570' title='bbox 3530 3276 3629 3316; x_wconf 89' lang='lat' dir='ltr'><strong>eos</strong></span> 
     </span>
    </p>
   </div>
   <div class='ocr_carea' id='block_1_82' title="bbox 1982 3347 3631 3418">
    <p class='ocr_par' dir='ltr' id='par_1_82' title="bbox 1982 3347 3631 3418">
     <span class='ocr_line' id='line_1_83' title="bbox 1982 3347 3631 3418; baseline 0.002 -19"><span class='ocrx_word' id='word_1_571' title='bbox 1982 3348 2291 3401; x_wconf 89' lang='lat' dir='ltr'><strong>admonere</strong></span> <span class='ocrx_word' id='word_1_572' title='bbox 2322 3352 2385 3400; x_wconf 91' lang='lat' dir='ltr'><strong>ut</strong></span> <span class='ocrx_word' id='word_1_573' title='bbox 2414 3347 2741 3401; x_wconf 85' lang='lat' dir='ltr'><strong>castitatem</strong></span> <span class='ocrx_word' id='word_1_574' title='bbox 2793 3348 3056 3418; x_wconf 87' lang='lat' dir='ltr'><strong>diligant,</strong></span> <span class='ocrx_word' id='word_1_575' title='bbox 3096 3348 3395 3417; x_wconf 87' lang='lat' dir='ltr'><strong>justitiam</strong></span> <span class='ocrx_word' id='word_1_576' title='bbox 3430 3353 3631 3402; x_wconf 91' lang='lat' dir='ltr'><strong>custo-</strong></span> 
     </span>
    </p>
   </div>
   <div class='ocr_carea' id='block_1_83' title="bbox 1981 3435 3631 3501">
    <p class='ocr_par' dir='ltr' id='par_1_83' title="bbox 1981 3435 3631 3501">
     <span class='ocr_line' id='line_1_84' title="bbox 1981 3435 3631 3501; baseline 0.003 -14"><span class='ocrx_word' id='word_1_577' title='bbox 1981 3435 2164 3499; x_wconf 88' lang='lat' dir='ltr'><strong>diant,</strong></span> <span class='ocrx_word' id='word_1_578' title='bbox 2218 3435 2562 3488; x_wconf 90' lang='lat' dir='ltr'><strong>charitatem</strong></span> <span class='ocrx_word' id='word_1_579' title='bbox 2614 3440 2864 3501; x_wconf 87' lang='lat' dir='ltr'><strong>teneant,</strong></span> <span class='ocrx_word' id='word_1_580' title='bbox 2912 3437 3020 3491; x_wconf 91' lang='lat' dir='ltr'><strong>hoc</strong></span> <span class='ocrx_word' id='word_1_581' title='bbox 3084 3436 3359 3491; x_wconf 90' lang='lat' dir='ltr'><strong>omnibus</strong></span> <span class='ocrx_word' id='word_1_582' title='bbox 3412 3438 3631 3492; x_wconf 89' lang='lat' dir='ltr'><strong>faciant</strong></span> 
     </span>
    </p>
   </div>
   <div class='ocr_carea' id='block_1_84' title="bbox 1982 3522 3626 3593">
    <p class='ocr_par' dir='ltr' id='par_1_84' title="bbox 1982 3522 3626 3593">
     <span class='ocr_line' id='line_1_85' title="bbox 1982 3522 3626 3593; baseline 0.004 -18"><span class='ocrx_word' id='word_1_583' title='bbox 1982 3524 2134 3593; x_wconf 87' lang='lat' dir='ltr'><strong>quod</strong></span> <span class='ocrx_word' id='word_1_584' title='bbox 2186 3523 2296 3575; x_wconf 90' lang='lat' dir='ltr'><strong>sibi</strong></span> <span class='ocrx_word' id='word_1_585' title='bbox 2330 3523 2450 3577; x_wconf 82' lang='lat' dir='ltr'><strong>ﬁeri</strong></span> <span class='ocrx_word' id='word_1_586' title='bbox 2482 3522 2704 3587; x_wconf 86' lang='lat' dir='ltr'><strong>volunt,</strong></span> <span class='ocrx_word' id='word_1_587' title='bbox 2747 3525 2991 3591; x_wconf 83' lang='lat' dir='ltr'><strong>auguria</strong></span> <span class='ocrx_word' id='word_1_588' title='bbox 3023 3541 3136 3579; x_wconf 92' lang='lat' dir='ltr'><strong>non</strong></span> <span class='ocrx_word' id='word_1_589' title='bbox 3171 3524 3501 3593; x_wconf 89' lang='lat' dir='ltr'><strong>observent,</strong></span> <span class='ocrx_word' id='word_1_590' title='bbox 3552 3526 3626 3581; x_wconf 88' lang='lat' dir='ltr'><strong>ad</strong></span> 
     </span>
    </p>
   </div>
   <div class='ocr_carea' id='block_1_85' title="bbox 1980 3612 3627 3684">
    <p class='ocr_par' dir='ltr' id='par_1_85' title="bbox 1980 3612 3627 3684">
     <span class='ocr_line' id='line_1_86' title="bbox 1980 3612 3627 3684; baseline 0.002 -18"><span class='ocrx_word' id='word_1_591' title='bbox 1980 3613 2218 3666; x_wconf 89' lang='lat' dir='ltr'><strong>arbores</strong></span> <span class='ocrx_word' id='word_1_592' title='bbox 2250 3616 2304 3665; x_wconf 90' lang='lat' dir='ltr'><strong>et</strong></span> <span class='ocrx_word' id='word_1_593' title='bbox 2334 3612 2403 3665; x_wconf 89' lang='lat' dir='ltr'><strong>ad</strong></span> <span class='ocrx_word' id='word_1_594' title='bbox 2431 3612 2619 3666; x_wconf 87' lang='lat' dir='ltr'><strong>fontes</strong></span> <span class='ocrx_word' id='word_1_595' title='bbox 2640 3617 2771 3666; x_wconf 90' lang='lat' dir='ltr'><strong>vota</strong></span> <span class='ocrx_word' id='word_1_596' title='bbox 2804 3629 2917 3666; x_wconf 90' lang='lat' dir='ltr'><strong>non</strong></span> <span class='ocrx_word' id='word_1_597' title='bbox 2950 3614 3217 3683; x_wconf 89' lang='lat' dir='ltr'><strong>reddant,</strong></span> <span class='ocrx_word' id='word_1_598' title='bbox 3240 3618 3627 3684; x_wconf 71' lang='lat' dir='ltr'><strong>praecantato-</strong></span> 
     </span>
    </p>
   </div>
   <div class='ocr_carea' id='block_1_86' title="bbox 1982 3700 3627 3773">
    <p class='ocr_par' dir='ltr' id='par_1_86' title="bbox 1982 3700 3627 3773">
     <span class='ocr_line' id='line_1_87' title="bbox 1982 3700 3627 3773; baseline 0.002 -19"><span class='ocrx_word' id='word_1_599' title='bbox 1982 3717 2073 3754; x_wconf 90' lang='lat' dir='ltr'><strong>res</strong></span> <span class='ocrx_word' id='word_1_600' title='bbox 2102 3705 2159 3753; x_wconf 89' lang='lat' dir='ltr'><strong>et</strong></span> <span class='ocrx_word' id='word_1_601' title='bbox 2188 3700 2470 3768; x_wconf 84' lang='lat' dir='ltr'><strong>caragios,</strong></span> <span class='ocrx_word' id='word_1_602' title='bbox 2512 3706 2568 3753; x_wconf 91' lang='lat' dir='ltr'><strong>et</strong></span> <span class='ocrx_word' id='word_1_603' title='bbox 2598 3700 2877 3771; x_wconf 88' lang='lat' dir='ltr'><strong>sacrilega</strong></span> <span class='ocrx_word' id='word_1_604' title='bbox 2913 3700 3290 3773; x_wconf 87' lang='lat' dir='ltr'><strong>phylacteria,</strong></span> <span class='ocrx_word' id='word_1_605' title='bbox 3320 3703 3478 3758; x_wconf 89' lang='lat' dir='ltr'><strong>velut</strong></span> <span class='ocrx_word' id='word_1_606' title='bbox 3508 3704 3627 3759; x_wconf 83' lang='lat' dir='ltr'><strong>dia-</strong></span> 
     </span>
    </p>
   </div>
   <div class='ocr_carea' id='block_1_87' title="bbox 1981 3788 3625 3861">
    <p class='ocr_par' dir='ltr' id='par_1_87' title="bbox 1981 3788 3625 3861">
     <span class='ocr_line' id='line_1_88' title="bbox 1981 3788 3625 3861; baseline 0.004 -19"><span class='ocrx_word' id='word_1_607' title='bbox 1981 3788 2096 3842; x_wconf 91' lang='lat' dir='ltr'><strong>boli</strong></span> <span class='ocrx_word' id='word_1_608' title='bbox 2148 3805 2385 3854; x_wconf 90' lang='lat' dir='ltr'><strong>venena,</strong></span> <span class='ocrx_word' id='word_1_609' title='bbox 2438 3788 2751 3859; x_wconf 88' lang='lat' dir='ltr'><strong>refugiant,</strong></span> <span class='ocrx_word' id='word_1_610' title='bbox 2804 3806 2910 3844; x_wconf 90' lang='lat' dir='ltr'><strong>nec</strong></span> <span class='ocrx_word' id='word_1_611' title='bbox 2962 3792 3182 3845; x_wconf 87' lang='lat' dir='ltr'><strong>furtum</strong></span> <span class='ocrx_word' id='word_1_612' title='bbox 3230 3791 3468 3861; x_wconf 85' lang='lat' dir='ltr'><strong>faciant,</strong></span> <span class='ocrx_word' id='word_1_613' title='bbox 3519 3808 3625 3848; x_wconf 90' lang='lat' dir='ltr'><strong>nec</strong></span> 
     </span>
    </p>
   </div>
   <div class='ocr_carea' id='block_1_88' title="bbox 1986 3877 3622 3951">
    <p class='ocr_par' dir='ltr' id='par_1_88' title="bbox 1986 3877 3622 3951">
     <span class='ocr_line' id='line_1_89' title="bbox 1986 3877 3622 3951; baseline 0.004 -22"><span class='ocrx_word' id='word_1_614' title='bbox 1986 3877 2195 3931; x_wconf 91' lang='lat' dir='ltr'><strong>falsum</strong></span> <span class='ocrx_word' id='word_1_615' title='bbox 2228 3878 2625 3931; x_wconf 88' lang='lat' dir='ltr'><strong>testimonium</strong></span> <span class='ocrx_word' id='word_1_616' title='bbox 2650 3878 2865 3932; x_wconf 91' lang='lat' dir='ltr'><strong>dicant.</strong></span> <span class='ocrx_word' id='word_1_617' title='bbox 2898 3881 3043 3933; x_wconf 86' lang='lat' dir='ltr'><strong>Ante</strong></span> <span class='ocrx_word' id='word_1_618' title='bbox 3066 3879 3263 3935; x_wconf 89' lang='lat' dir='ltr'><strong>omnia</strong></span> <span class='ocrx_word' id='word_1_619' title='bbox 3282 3881 3622 3951; x_wconf 82' lang='lat' dir='ltr'><strong>Symbolum</strong></span> 
     </span>
    </p>
   </div>
   <div class='ocr_carea' id='block_1_89' title="bbox 1983 3966 3624 4038">
    <p class='ocr_par' dir='ltr' id='par_1_89' title="bbox 1983 3966 3624 4038">
     <span class='ocr_line' id='line_1_90' title="bbox 1983 3966 3624 4038; baseline 0.002 -19"><span class='ocrx_word' id='word_1_620' title='bbox 1983 3971 2040 4019; x_wconf 89' lang='lat' dir='ltr'><strong>et</strong></span> <span class='ocrx_word' id='word_1_621' title='bbox 2072 3966 2401 4021; x_wconf 86' lang='lat' dir='ltr'><strong>Orationem</strong></span> <span class='ocrx_word' id='word_1_622' title='bbox 2426 3966 2781 4021; x_wconf 90' lang='lat' dir='ltr'><strong>Dominicam</strong></span> <span class='ocrx_word' id='word_1_623' title='bbox 2815 3972 2871 4021; x_wconf 91' lang='lat' dir='ltr'><strong>et</strong></span> <span class='ocrx_word' id='word_1_624' title='bbox 2902 3984 3002 4022; x_wconf 91' lang='lat' dir='ltr'><strong>vos</strong></span> <span class='ocrx_word' id='word_1_625' title='bbox 3034 3968 3145 4038; x_wconf 91' lang='lat' dir='ltr'><strong>ipsi</strong></span> <span class='ocrx_word' id='word_1_626' title='bbox 3168 3973 3379 4037; x_wconf 89' lang='lat' dir='ltr'><strong>tenete,</strong></span> <span class='ocrx_word' id='word_1_627' title='bbox 3411 3972 3470 4023; x_wconf 87' lang='lat' dir='ltr'><strong>et</strong></span> <span class='ocrx_word' id='word_1_628' title='bbox 3502 3968 3624 4023; x_wconf 90' lang='lat' dir='ltr'><strong>illis</strong></span> 
     </span>
    </p>
   </div>
   <div class='ocr_carea' id='block_1_90' title="bbox 1985 4054 2810 4125">
    <p class='ocr_par' dir='ltr' id='par_1_90' title="bbox 1985 4054 2810 4125">
     <span class='ocr_line' id='line_1_91' title="bbox 1985 4054 2810 4125; baseline -0.001 -17"><span class='ocrx_word' id='word_1_629' title='bbox 1985 4071 2132 4125; x_wconf 91' lang='lat' dir='ltr'><strong>quos</strong></span> <span class='ocrx_word' id='word_1_630' title='bbox 2162 4054 2469 4124; x_wconf 85' lang='lat' dir='ltr'><strong>excepistis</strong></span> <span class='ocrx_word' id='word_1_631' title='bbox 2501 4055 2810 4109; x_wconf 88' lang='lat' dir='ltr'><strong>ostendite.</strong></span> 
     </span>
    </p>
   </div>
   <div class='ocr_carea' id='block_1_91' title="bbox 1984 4150 3629 4218">
    <p class='ocr_par' dir='ltr' id='par_1_91' title="bbox 1984 4150 3629 4218">
     <span class='ocr_line' id='line_1_92' title="bbox 1984 4150 3629 4218; baseline 0.001 -14"><span class='ocrx_word' id='word_1_632' title='bbox 1984 4150 2119 4204; x_wconf 80' lang='lat' dir='ltr'><strong>CAP.</strong></span> <span class='ocrx_word' id='word_1_633' title='bbox 2174 4151 2257 4205; x_wconf 94' lang='lat'><strong>18.</strong></span> <span class='ocrx_word' id='word_1_634' title='bbox 2290 4181 2360 4190; x_wconf 95' lang='lat'><strong>—</strong></span> <span class='ocrx_word' id='word_1_635' title='bbox 2408 4151 2549 4218; x_wconf 81' lang='lat' dir='ltr'><strong>Quid</strong></span> <span class='ocrx_word' id='word_1_636' title='bbox 2578 4150 2691 4205; x_wconf 85' lang='lat' dir='ltr'><strong>sit:</strong></span> <span class='ocrx_word' id='word_1_637' title='bbox 2740 4150 2870 4205; x_wconf 84' lang='lat' dir='ltr'><strong>Dies</strong></span> <span class='ocrx_word' id='word_1_638' title='bbox 2919 4151 3242 4206; x_wconf 85' lang='lat' dir='ltr'><strong>observatis</strong></span> <span class='ocrx_word' id='word_1_639' title='bbox 3284 4155 3342 4205; x_wconf 90' lang='lat' dir='ltr'><strong>et</strong></span> <span class='ocrx_word' id='word_1_640' title='bbox 3394 4165 3629 4205; x_wconf 90' lang='lat' dir='ltr'><strong>menses</strong></span> 
     </span>
    </p>
   </div>
   <div class='ocr_carea' id='block_1_92' title="bbox 2057 4220 3629 4360">
    <p class='ocr_par' dir='ltr' id='par_1_92' title="bbox 2057 4220 3629 4360">
     <span class='ocr_line' id='line_1_93' title="bbox 2057 4220 3629 4360; baseline -0.001 -85"><span class='ocrx_word' id='word_1_641' title='bbox 2057 4220 2197 4360; x_wconf 47' lang='lat' dir='ltr'><strong>(ch173.</strong></span> <span class='ocrx_word' id='word_1_642' title='bbox 2256 4224 2353 4292; x_wconf 75' lang='lat' dir='ltr'><strong>v1),</strong></span> <span class='ocrx_word' id='word_1_643' title='bbox 2411 4226 2509 4277; x_wconf 88' lang='lat' dir='ltr'><strong>etc.</strong></span> <span class='ocrx_word' id='word_1_644' title='bbox 2552 4222 2781 4291; x_wconf 79' lang='lat' dir='ltr'><strong>August.</strong></span> <span class='ocrx_word' id='word_1_645' title='bbox 2835 4222 2904 4275; x_wconf 85' lang='lat' dir='ltr'><strong>ad</strong></span> <span class='ocrx_word' id='word_1_646' title='bbox 2959 4221 3294 4277; x_wconf 86' lang='lat' dir='ltr'><strong>Januarium</strong></span> <span class='ocrx_word' id='word_1_647' title='bbox 3334 4222 3440 4292; x_wconf 85' lang='lat' dir='ltr'><strong>(ep.</strong></span> <span class='ocrx_word' id='word_1_648' title='bbox 3505 4223 3629 4291; x_wconf 79' lang='lat'><strong>119,</strong></span> 
     </span>
    </p>
   </div>
   <div class='ocr_carea' id='block_1_93' title="bbox 2060 4378 3633 4451">
    <p class='ocr_par' dir='ltr' id='par_1_93' title="bbox 2060 4378 3633 4451">
     <span class='ocr_line' id='line_1_94' title="bbox 2060 4378 3633 4451; baseline 0.001 -18"><span class='ocrx_word' id='word_1_649' title='bbox 2060 4381 2166 4434; x_wconf 85' lang='lat' dir='ltr'><strong>Eos</strong></span> <span class='ocrx_word' id='word_1_650' title='bbox 2189 4378 2383 4451; x_wconf 89' lang='lat' dir='ltr'><strong>culpat</strong></span> <span class='ocrx_word' id='word_1_651' title='bbox 2403 4379 2734 4451; x_wconf 86' lang='lat' dir='ltr'><strong>Apostolus,</strong></span> <span class='ocrx_word' id='word_1_652' title='bbox 2757 4379 2857 4449; x_wconf 88' lang='lat' dir='ltr'><strong>qui</strong></span> <span class='ocrx_word' id='word_1_653' title='bbox 2881 4380 3116 4435; x_wconf 88' lang='lat' dir='ltr'><strong>dicunt:</strong></span> <span class='ocrx_word' id='word_1_654' title='bbox 3140 4380 3263 4434; x_wconf 90' lang='lat' dir='ltr'><strong>Non</strong></span> <span class='ocrx_word' id='word_1_655' title='bbox 3293 4379 3633 4451; x_wconf 84' lang='lat' dir='ltr'><strong>proficiscar</strong></span> 
     </span>
    </p>
   </div>
   <div class='ocr_carea' id='block_1_94' title="bbox 1988 4466 3631 4539">
    <p class='ocr_par' dir='ltr' id='par_1_94' title="bbox 1988 4466 3631 4539">
     <span class='ocr_line' id='line_1_95' title="bbox 1988 4466 3631 4539; baseline 0.001 -19"><span class='ocrx_word' id='word_1_656' title='bbox 1988 4466 2181 4536; x_wconf 89' lang='lat' dir='ltr'><strong>hodie,</strong></span> <span class='ocrx_word' id='word_1_657' title='bbox 2235 4468 2372 4538; x_wconf 87' lang='lat' dir='ltr'><strong>quia</strong></span> <span class='ocrx_word' id='word_1_658' title='bbox 2420 4469 2544 4523; x_wconf 87' lang='lat' dir='ltr'><strong>dies</strong></span> <span class='ocrx_word' id='word_1_659' title='bbox 2575 4473 2849 4538; x_wconf 89' lang='lat' dir='ltr'><strong>posterus</strong></span> <span class='ocrx_word' id='word_1_660' title='bbox 2898 4472 2986 4523; x_wconf 88' lang='lat' dir='ltr'><strong>est</strong></span> <span class='ocrx_word' id='word_1_661' title='bbox 3015 4467 3114 4539; x_wconf 79' lang='grc' dir='ltr'><strong>[αἱ.</strong></span> <span class='ocrx_word' id='word_1_662' title='bbox 3150 4472 3449 4539; x_wconf 84' lang='lat' dir='ltr'><strong>posterum</strong></span> <span class='ocrx_word' id='word_1_663' title='bbox 3499 4469 3631 4538; x_wconf 86' lang='lat' dir='ltr'><strong>est],</strong></span> 
     </span>
    </p>
   </div>
   <div class='ocr_carea' id='block_1_95' title="bbox 234 4523 3629 4626">
    <p class='ocr_par' dir='ltr' id='par_1_95' title="bbox 234 4523 3629 4626">
     <span class='ocr_line' id='line_1_96' title="bbox 234 4523 3629 4626; baseline 0.001 -18"><span class='ocrx_word' id='word_1_664' title='bbox 234 4528 392 4582; x_wconf 54' lang='lat' dir='ltr'><strong>“me</strong></span> <span class='ocrx_word' id='word_1_665' title='bbox 423 4528 635 4626; x_wconf 57' lang='grc' dir='ltr'><strong>δίΫίθδῗ</strong></span> <span class='ocrx_word' id='word_1_666' title='bbox 667 4524 1043 4597; x_wconf 57' lang='grc' dir='ltr'><strong>Ρτονίάθηῖίθθ</strong></span> <span class='ocrx_word' id='word_1_667' title='bbox 1075 4541 1204 4626; x_wconf 56' lang='grc' dir='ltr'><strong>Ψξίθ</strong></span> <span class='ocrx_word' id='word_1_668' title='bbox 1254 4524 1481 4624; x_wconf 35' lang='lat' dir='ltr'><strong>&quot;mil&quot;?</strong></span> <span class='ocrx_word' id='word_1_669' title='bbox 1522 4523 1717 4626; x_wconf 49' lang='lat' dir='ltr'><strong>inme.&quot;</strong></span> <span class='ocrx_word' id='word_1_670' title='bbox 1750 4528 1877 4626; x_wconf 50' lang='grc' dir='ltr'><strong>,θεῖ’</strong></span> <span class='ocrx_word' id='word_1_671' title='bbox 1912 4546 1957 4609; x_wconf 88' lang='lat' dir='ltr'>D</span> <span class='ocrx_word' id='word_1_672' title='bbox 1990 4560 2091 4611; x_wconf 88' lang='lat' dir='ltr'><strong>aut</strong></span> <span class='ocrx_word' id='word_1_673' title='bbox 2120 4523 2428 4625; x_wconf 44' lang='lat' dir='ltr'><strong>quia‘luna</strong></span> <span class='ocrx_word' id='word_1_674' title='bbox 2472 4523 2770 4610; x_wconf 47' lang='lat' dir='ltr'><strong>sic‘fertur</strong></span> <span class='ocrx_word' id='word_1_675' title='bbox 2802 4573 2816 4621; x_wconf 83' lang='lat'><strong>;</strong></span> <span class='ocrx_word' id='word_1_676' title='bbox 2849 4555 2935 4610; x_wconf 90' lang='lat' dir='ltr'><strong>vel</strong></span> <span class='ocrx_word' id='word_1_677' title='bbox 2963 4573 2975 4610; x_wconf 92' lang='lat'>:</span> <span class='ocrx_word' id='word_1_678' title='bbox 3011 4523 3444 4611; x_wconf 10' lang='lat' dir='ltr'><strong>ﬁroﬁ‘ciscariut</strong></span> <span class='ocrx_word' id='word_1_679' title='bbox 3491 4523 3629 4626; x_wconf 47' lang='lat' dir='ltr'><strong>pro:</strong></span> 
     </span>
    </p>
   </div>
   <div class='ocr_carea' id='block_1_96' title="bbox 235 4612 1881 4685">
    <p class='ocr_par' dir='ltr' id='par_1_96' title="bbox 235 4612 1881 4685">
     <span class='ocr_line' id='line_1_97' title="bbox 235 4612 1881 4685; baseline -0.002 -16"><span class='ocrx_word' id='word_1_680' title='bbox 235 4620 539 4680; x_wconf 81' lang='lat' dir='ltr'><strong>emerunt,</strong></span> <span class='ocrx_word' id='word_1_681' title='bbox 574 4620 631 4669; x_wconf 91' lang='lat' dir='ltr'><strong>et</strong></span> <span class='ocrx_word' id='word_1_682' title='bbox 660 4631 776 4685; x_wconf 92' lang='lat' dir='ltr'><strong>quo</strong></span> <span class='ocrx_word' id='word_1_683' title='bbox 801 4628 1069 4685; x_wconf 83' lang='lat' dir='ltr'><strong>perverse</strong></span> <span class='ocrx_word' id='word_1_684' title='bbox 1102 4616 1275 4681; x_wconf 88' lang='lat' dir='ltr'><strong>atque</strong></span> <span class='ocrx_word' id='word_1_685' title='bbox 1307 4612 1587 4680; x_wconf 85' lang='lat' dir='ltr'><strong>injuriose</strong></span> <span class='ocrx_word' id='word_1_686' title='bbox 1619 4612 1689 4665; x_wconf 90' lang='lat' dir='ltr'><strong>ad</strong></span> <span class='ocrx_word' id='word_1_687' title='bbox 1713 4612 1881 4666; x_wconf 87' lang='lat' dir='ltr'><strong>obse-</strong></span> 
     </span>
    </p>
   </div>
   <div class='ocr_carea' id='block_1_97' title="bbox 242 4699 1891 4773">
    <p class='ocr_par' dir='ltr' id='par_1_97' title="bbox 242 4699 1891 4773">
     <span class='ocr_line' id='line_1_98' title="bbox 242 4699 1891 4773; baseline -0.004 -15"><span class='ocrx_word' id='word_1_688' title='bbox 242 4706 385 4773; x_wconf 88' lang='lat' dir='ltr'><strong>quia</strong></span> <span class='ocrx_word' id='word_1_689' title='bbox 416 4704 746 4757; x_wconf 65' lang='lat' dir='ltr'><strong>daemonum</strong></span> <span class='ocrx_word' id='word_1_690' title='bbox 782 4702 1151 4763; x_wconf 87' lang='lat' dir='ltr'><strong>abutuntur;</strong></span> <span class='ocrx_word' id='word_1_691' title='bbox 1193 4716 1321 4752; x_wconf 90' lang='lat' dir='ltr'><strong>cum</strong></span> <span class='ocrx_word' id='word_1_692' title='bbox 1349 4700 1420 4752; x_wconf 91' lang='lat' dir='ltr'><strong>ab</strong></span> <span class='ocrx_word' id='word_1_693' title='bbox 1440 4716 1641 4751; x_wconf 89' lang='lat' dir='ltr'><strong>eorum</strong></span> <span class='ocrx_word' id='word_1_694' title='bbox 1676 4699 1891 4752; x_wconf 87' lang='lat' dir='ltr'><strong>misera</strong></span> 
     </span>
    </p>
   </div>
   <div class='ocr_carea' id='block_1_98' title="bbox 238 4788 1893 4857">
    <p class='ocr_par' dir='ltr' id='par_1_98' title="bbox 238 4788 1893 4857">
     <span class='ocr_line' id='line_1_99' title="bbox 238 4788 1893 4857; baseline -0.004 -11"><span class='ocrx_word' id='word_1_695' title='bbox 238 4792 519 4846; x_wconf 82' lang='lat' dir='ltr'><strong>societate</strong></span> <span class='ocrx_word' id='word_1_696' title='bbox 552 4806 679 4845; x_wconf 89' lang='lat' dir='ltr'><strong>sese</strong></span> <span class='ocrx_word' id='word_1_697' title='bbox 712 4790 908 4843; x_wconf 88' lang='lat' dir='ltr'><strong>animo</strong></span> <span class='ocrx_word' id='word_1_698' title='bbox 942 4793 1197 4857; x_wconf 86' lang='lat' dir='ltr'><strong>separat,</strong></span> <span class='ocrx_word' id='word_1_699' title='bbox 1231 4788 1404 4841; x_wconf 86' lang='lat' dir='ltr'><strong>debet</strong></span> <span class='ocrx_word' id='word_1_700' title='bbox 1435 4788 1504 4839; x_wconf 87' lang='lat' dir='ltr'><strong>ab</strong></span> <span class='ocrx_word' id='word_1_701' title='bbox 1538 4788 1620 4840; x_wconf 87' lang='lat' dir='ltr'><strong>eis</strong></span> <span class='ocrx_word' id='word_1_702' title='bbox 1666 4788 1893 4839; x_wconf 87' lang='lat' dir='ltr'><strong>auferre</strong></span> 
     </span>
    </p>
   </div>
   <div class='ocr_carea' id='block_1_99' title="bbox 237 4872 1890 4945">
    <p class='ocr_par' dir='ltr' id='par_1_99' title="bbox 237 4872 1890 4945">
     <span class='ocr_line' id='line_1_100' title="bbox 237 4872 1890 4945; baseline -0.005 -13"><span class='ocrx_word' id='word_1_703' title='bbox 237 4880 607 4933; x_wconf 86' lang='lat' dir='ltr'><strong>Christianus</strong></span> <span class='ocrx_word' id='word_1_704' title='bbox 642 4880 707 4932; x_wconf 90' lang='lat' dir='ltr'><strong>ad</strong></span> <span class='ocrx_word' id='word_1_705' title='bbox 747 4894 920 4931; x_wconf 83' lang='lat' dir='ltr'><strong>usum</strong></span> <span class='ocrx_word' id='word_1_706' title='bbox 940 4878 1173 4945; x_wconf 88' lang='lat' dir='ltr'><strong>justum</strong></span> <span class='ocrx_word' id='word_1_707' title='bbox 1200 4874 1547 4943; x_wconf 65' lang='lat' dir='ltr'><strong>praedicandi</strong></span> <span class='ocrx_word' id='word_1_708' title='bbox 1576 4872 1890 4943; x_wconf 82' lang='lat' dir='ltr'><strong>Evangelii_</strong></span> 
     </span>
    </p>
   </div>
   <div class='ocr_carea' id='block_1_100' title="bbox 239 4961 1891 5037">
    <p class='ocr_par' dir='ltr' id='par_1_100' title="bbox 239 4961 1891 5037">
     <span class='ocr_line' id='line_1_101' title="bbox 239 4961 1891 5037; baseline -0.001 -21"><span class='ocrx_word' id='word_1_709' title='bbox 239 4966 470 5022; x_wconf 85' lang='lat' dir='ltr'><strong>Vestem</strong></span> <span class='ocrx_word' id='word_1_710' title='bbox 506 4983 739 5037; x_wconf 89' lang='lat' dir='ltr'><strong>quoque</strong></span> <span class='ocrx_word' id='word_1_711' title='bbox 773 4964 1030 5031; x_wconf 92' lang='lat' dir='ltr'><strong>illorum,</strong></span> <span class='ocrx_word' id='word_1_712' title='bbox 1064 4963 1121 5015; x_wconf 91' lang='lat' dir='ltr'><strong>id</strong></span> <span class='ocrx_word' id='word_1_713' title='bbox 1170 4969 1259 5016; x_wconf 89' lang='lat' dir='ltr'><strong>est</strong></span> <span class='ocrx_word' id='word_1_714' title='bbox 1302 4961 1606 5015; x_wconf 85' lang='lat' dir='ltr'><strong>hominum</strong></span> <span class='ocrx_word' id='word_1_715' title='bbox 1656 4961 1891 5031; x_wconf 82' lang='lat' dir='ltr'><strong>quidem</strong></span> 
     </span>
    </p>
   </div>
   <div class='ocr_carea' id='block_1_101' title="bbox 238 5048 1894 5122">
    <p class='ocr_par' dir='ltr' id='par_1_101' title="bbox 238 5048 1894 5122">
     <span class='ocr_line' id='line_1_102' title="bbox 238 5048 1894 5122; baseline -0.003 -15"><span class='ocrx_word' id='word_1_716' title='bbox 238 5055 536 5122; x_wconf 89' lang='lat' dir='ltr'><strong>instituta,</strong></span> <span class='ocrx_word' id='word_1_717' title='bbox 561 5055 658 5108; x_wconf 89' lang='lat' dir='ltr'><strong>sed</strong></span> <span class='ocrx_word' id='word_1_718' title='bbox 692 5058 889 5107; x_wconf 87' lang='lat' dir='ltr'><strong>tamen</strong></span> <span class='ocrx_word' id='word_1_719' title='bbox 923 5051 1370 5107; x_wconf 85' lang='lat' dir='ltr'><strong>accommodata</strong></span> <span class='ocrx_word' id='word_1_720' title='bbox 1401 5050 1673 5103; x_wconf 68' lang='lat' dir='ltr'><strong>humana:</strong></span> <span class='ocrx_word' id='word_1_721' title='bbox 1704 5048 1894 5103; x_wconf 89' lang='lat' dir='ltr'><strong>socie-</strong></span> 
     </span>
    </p>
   </div>
   <div class='ocr_carea' id='block_1_102' title="bbox 240 5136 1895 5212">
    <p class='ocr_par' dir='ltr' id='par_1_102' title="bbox 240 5136 1895 5212">
     <span class='ocr_line' id='line_1_103' title="bbox 240 5136 1895 5212; baseline -0.004 -17"><span class='ocrx_word' id='word_1_722' title='bbox 240 5142 373 5209; x_wconf 89' lang='lat' dir='ltr'><strong>tati,</strong></span> <span class='ocrx_word' id='word_1_723' title='bbox 407 5158 524 5212; x_wconf 87' lang='lat' dir='ltr'><strong>qua</strong></span> <span class='ocrx_word' id='word_1_724' title='bbox 555 5143 611 5195; x_wconf 91' lang='lat' dir='ltr'><strong>in</strong></span> <span class='ocrx_word' id='word_1_725' title='bbox 646 5142 754 5195; x_wconf 88' lang='lat' dir='ltr'><strong>hac</strong></span> <span class='ocrx_word' id='word_1_726' title='bbox 786 5142 907 5194; x_wconf 90' lang='lat' dir='ltr'><strong>vita</strong></span> <span class='ocrx_word' id='word_1_727' title='bbox 958 5156 1154 5194; x_wconf 85' lang='lat' dir='ltr'><strong>carere</strong></span> <span class='ocrx_word' id='word_1_728' title='bbox 1201 5156 1316 5193; x_wconf 91' lang='lat' dir='ltr'><strong>non</strong></span> <span class='ocrx_word' id='word_1_729' title='bbox 1372 5153 1710 5208; x_wconf 91' lang='lat' dir='ltr'><strong>possumus,</strong></span> <span class='ocrx_word' id='word_1_730' title='bbox 1746 5136 1895 5190; x_wconf 91' lang='lat' dir='ltr'><strong>acci-</strong></span> 
     </span>
    </p>
   </div>
   <div class='ocr_carea' id='block_1_103' title="bbox 243 5225 1900 5302">
    <p class='ocr_par' dir='ltr' id='par_1_103' title="bbox 243 5225 1900 5302">
     <span class='ocr_line' id='line_1_104' title="bbox 243 5225 1900 5302; baseline -0.004 -17"><span class='ocrx_word' id='word_1_731' title='bbox 243 5235 584 5302; x_wconf 89' lang='lat' dir='ltr'><strong>pereatque</strong></span> <span class='ocrx_word' id='word_1_732' title='bbox 646 5230 865 5285; x_wconf 89' lang='lat' dir='ltr'><strong>habere</strong></span> <span class='ocrx_word' id='word_1_733' title='bbox 915 5227 1146 5282; x_wconf 88' lang='lat' dir='ltr'><strong>licuerit</strong></span> <span class='ocrx_word' id='word_1_734' title='bbox 1190 5227 1248 5279; x_wconf 91' lang='lat' dir='ltr'><strong>in</strong></span> <span class='ocrx_word' id='word_1_735' title='bbox 1289 5242 1464 5280; x_wconf 90' lang='lat' dir='ltr'><strong>usum</strong></span> <span class='ocrx_word' id='word_1_736' title='bbox 1514 5225 1900 5279; x_wconf 86' lang='lat' dir='ltr'><strong>convertenda</strong></span> 
     </span>
    </p>
   </div>
   <div class='ocr_carea' id='block_1_104' title="bbox 246 5319 674 5373">
    <p class='ocr_par' dir='ltr' id='par_1_104' title="bbox 246 5319 674 5373">
     <span class='ocr_line' id='line_1_105' title="bbox 246 5319 674 5373; baseline -0.005 0"><span class='ocrx_word' id='word_1_737' title='bbox 246 5319 674 5373; x_wconf 86' lang='lat' dir='ltr'><strong>Christianum.</strong></span> 
     </span>
    </p>
   </div>
   <div class='ocr_carea' id='block_1_105' title="bbox 326 5470 1901 5545">
    <p class='ocr_par' dir='ltr' id='par_1_105' title="bbox 326 5470 1901 5545">
     <span class='ocr_line' id='line_1_106' title="bbox 326 5470 1901 5545; baseline -0.003 -17"><span class='ocrx_word' id='word_1_738' title='bbox 326 5476 443 5545; x_wconf 86' lang='lat'>(96)</span> <span class='ocrx_word' id='word_1_739' title='bbox 468 5476 708 5530; x_wconf 84' lang='lat' dir='ltr'><strong>Exstant</strong></span> <span class='ocrx_word' id='word_1_740' title='bbox 730 5474 918 5545; x_wconf 81' lang='lat' dir='ltr'><strong>hujus</strong></span> <span class='ocrx_word' id='word_1_741' title='bbox 944 5470 1238 5545; x_wconf 83' lang='lat' dir='ltr'><strong>sermonis</strong></span> <span class='ocrx_word' id='word_1_742' title='bbox 1260 5477 1316 5545; x_wconf 87' lang='lat' dir='ltr'><strong>et</strong></span> <span class='ocrx_word' id='word_1_743' title='bbox 1347 5472 1460 5545; x_wconf 81' lang='lat' dir='ltr'><strong>alia</strong></span> <span class='ocrx_word' id='word_1_744' title='bbox 1477 5472 1743 5545; x_wconf 70' lang='lat' dir='ltr'><strong>quaedam</strong></span> <span class='ocrx_word' id='word_1_745' title='bbox 1786 5472 1901 5525; x_wconf 88' lang='lat' dir='ltr'><strong>fra-</strong></span> 
     </span>
    </p>
   </div>
   <div class='ocr_carea' id='block_1_106' title="bbox 258 5542 1899 5617">
    <p class='ocr_par' dir='ltr' id='par_1_106' title="bbox 258 5542 1899 5617">
     <span class='ocr_line' id='line_1_107' title="bbox 258 5542 1899 5617; baseline -0.004 -16"><span class='ocrx_word' id='word_1_746' title='bbox 258 5542 501 5617; x_wconf 84' lang='lat' dir='ltr'><strong>gmenta</strong></span> <span class='ocrx_word' id='word_1_747' title='bbox 526 5548 584 5599; x_wconf 92' lang='lat' dir='ltr'><strong>in</strong></span> <span class='ocrx_word' id='word_1_748' title='bbox 609 5542 1121 5617; x_wconf 79' lang='lat' dir='ltr'><strong>MilleloquioAug.</strong></span> <span class='ocrx_word' id='word_1_749' title='bbox 1141 5544 1208 5596; x_wconf 90' lang='lat' dir='ltr'><strong>ad</strong></span> <span class='ocrx_word' id='word_1_750' title='bbox 1232 5542 1467 5617; x_wconf 82' lang='lat' dir='ltr'><strong>titulum</strong></span> <span class='ocrx_word' id='word_1_751' title='bbox 1484 5542 1899 5617; x_wconf 69' lang='lat' dir='ltr'><strong>Kalendarum.</strong></span> 
     </span>
    </p>
   </div>
   <div class='ocr_carea' id='block_1_107' title="bbox 333 5612 1904 5688">
    <p class='ocr_par' dir='ltr' id='par_1_107' title="bbox 333 5612 1904 5688">
     <span class='ocr_line' id='line_1_108' title="bbox 333 5612 1904 5688; baseline -0.004 -17"><span class='ocrx_word' id='word_1_752' title='bbox 333 5618 447 5688; x_wconf 83' lang='lat'><strong>(97)</strong></span> <span class='ocrx_word' id='word_1_753' title='bbox 470 5618 826 5673; x_wconf 83' lang='lat' dir='ltr'><strong>Recensetur</strong></span> <span class='ocrx_word' id='word_1_754' title='bbox 841 5612 898 5671; x_wconf 75' lang='lat' dir='ltr'><strong>et</strong></span> <span class='ocrx_word' id='word_1_755' title='bbox 915 5614 1007 5669; x_wconf 89' lang='lat' dir='ltr'><strong>hic</strong></span> <span class='ocrx_word' id='word_1_756' title='bbox 1022 5628 1215 5670; x_wconf 83' lang='lat' dir='ltr'><strong>sermo</strong></span> <span class='ocrx_word' id='word_1_757' title='bbox 1232 5614 1304 5668; x_wconf 87' lang='lat' dir='ltr'><strong>ad</strong></span> <span class='ocrx_word' id='word_1_758' title='bbox 1328 5614 1547 5670; x_wconf 87' lang='lat' dir='ltr'><strong>calcem</strong></span> <span class='ocrx_word' id='word_1_759' title='bbox 1561 5612 1904 5682; x_wconf 88' lang='lat' dir='ltr'><strong>Milleloquii</strong></span> 
     </span>
    </p>
   </div>
   <div class='ocr_carea' id='block_1_108' title="bbox 2000 4643 3632 4714">
    <p class='ocr_par' dir='ltr' id='par_1_108' title="bbox 2000 4643 3632 4714">
     <span class='ocr_line' id='line_1_109' title="bbox 2000 4643 3632 4714; baseline 0.001 -17"><span class='ocrx_word' id='word_1_760' title='bbox 2000 4659 2169 4713; x_wconf 88' lang='lat' dir='ltr'><strong>spera</strong></span> <span class='ocrx_word' id='word_1_761' title='bbox 2218 4644 2444 4705; x_wconf 88' lang='lat' dir='ltr'><strong>cedant,</strong></span> <span class='ocrx_word' id='word_1_762' title='bbox 2479 4643 2616 4712; x_wconf 90' lang='lat' dir='ltr'><strong>quia</strong></span> <span class='ocrx_word' id='word_1_763' title='bbox 2646 4644 2727 4699; x_wconf 88' lang='lat' dir='ltr'><strong>ita</strong></span> <span class='ocrx_word' id='word_1_764' title='bbox 2774 4660 2834 4697; x_wconf 89' lang='lat' dir='ltr'><strong>se</strong></span> <span class='ocrx_word' id='word_1_765' title='bbox 2867 4643 3041 4697; x_wconf 87' lang='lat' dir='ltr'><strong>habet</strong></span> <span class='ocrx_word' id='word_1_766' title='bbox 3080 4643 3290 4714; x_wconf 91' lang='lat' dir='ltr'><strong>positio</strong></span> <span class='ocrx_word' id='word_1_767' title='bbox 3336 4643 3632 4699; x_wconf 88' lang='lat' dir='ltr'><strong>siderum:</strong></span> 
     </span>
    </p>
   </div>
   <div class='ocr_carea' id='block_1_109' title="bbox 2000 4730 3636 4802">
    <p class='ocr_par' dir='ltr' id='par_1_109' title="bbox 2000 4730 3636 4802">
     <span class='ocr_line' id='line_1_110' title="bbox 2000 4730 3636 4802; baseline 0.001 -19"><span class='ocrx_word' id='word_1_768' title='bbox 2000 4736 2124 4784; x_wconf 91' lang='lat' dir='ltr'><strong>Non</strong></span> <span class='ocrx_word' id='word_1_769' title='bbox 2144 4747 2310 4801; x_wconf 87' lang='lat' dir='ltr'><strong>agam</strong></span> <span class='ocrx_word' id='word_1_770' title='bbox 2337 4730 2513 4784; x_wconf 92' lang='lat' dir='ltr'><strong>hocin</strong></span> <span class='ocrx_word' id='word_1_771' title='bbox 2534 4746 2733 4784; x_wconf 83' lang='lat' dir='ltr'><strong>mense</strong></span> <span class='ocrx_word' id='word_1_772' title='bbox 2747 4730 3179 4800; x_wconf 89' lang='lat' dir='ltr'><strong>commercium,</strong></span> <span class='ocrx_word' id='word_1_773' title='bbox 3197 4731 3334 4802; x_wconf 91' lang='lat' dir='ltr'><strong>quia</strong></span> <span class='ocrx_word' id='word_1_774' title='bbox 3351 4731 3451 4785; x_wconf 87' lang='lat' dir='ltr'><strong>illa</strong></span> <span class='ocrx_word' id='word_1_775' title='bbox 3467 4730 3636 4785; x_wconf 87' lang='lat' dir='ltr'><strong>stella</strong></span> 
     </span>
    </p>
   </div>
   <div class='ocr_carea' id='block_1_110' title="bbox 2003 4817 3638 4890">
    <p class='ocr_par' dir='ltr' id='par_1_110' title="bbox 2003 4817 3638 4890">
     <span class='ocr_line' id='line_1_111' title="bbox 2003 4817 3638 4890; baseline 0.001 -19"><span class='ocrx_word' id='word_1_776' title='bbox 2003 4818 2147 4871; x_wconf 89' lang='lat' dir='ltr'><strong>mihi</strong></span> <span class='ocrx_word' id='word_1_777' title='bbox 2178 4819 2295 4889; x_wconf 88' lang='lat' dir='ltr'><strong>agit</strong></span> <span class='ocrx_word' id='word_1_778' title='bbox 2324 4834 2582 4873; x_wconf 88' lang='lat' dir='ltr'><strong>mensem</strong></span> <span class='ocrx_word' id='word_1_779' title='bbox 2614 4837 2625 4883; x_wconf 90' lang='lat'>;</span> <span class='ocrx_word' id='word_1_780' title='bbox 2658 4817 2778 4872; x_wconf 89' lang='lat' dir='ltr'><strong>vel:</strong></span> <span class='ocrx_word' id='word_1_781' title='bbox 2807 4818 3167 4890; x_wconf 82' lang='lat' dir='ltr'><strong>Agam,quia</strong></span> <span class='ocrx_word' id='word_1_782' title='bbox 3194 4819 3451 4889; x_wconf 85' lang='lat' dir='ltr'><strong>suscepit</strong></span> <span class='ocrx_word' id='word_1_783' title='bbox 3472 4834 3638 4873; x_wconf 82' lang='lat' dir='ltr'><strong>men-</strong></span> 
     </span>
    </p>
   </div>
   <div class='ocr_carea' id='block_1_111' title="bbox 2002 4905 3637 4976">
    <p class='ocr_par' dir='ltr' id='par_1_111' title="bbox 2002 4905 3637 4976">
     <span class='ocr_line' id='line_1_112' title="bbox 2002 4905 3637 4976; baseline 0.001 -17"><span class='ocrx_word' id='word_1_784' title='bbox 2002 4923 2163 4960; x_wconf 90' lang='lat' dir='ltr'><strong>sem:</strong></span> <span class='ocrx_word' id='word_1_785' title='bbox 2196 4906 2319 4959; x_wconf 88' lang='lat' dir='ltr'><strong>Non</strong></span> <span class='ocrx_word' id='word_1_786' title='bbox 2353 4905 2624 4975; x_wconf 87' lang='lat' dir='ltr'><strong>plantabo</strong></span> <span class='ocrx_word' id='word_1_787' title='bbox 2658 4908 2881 4959; x_wconf 77' lang='lat' dir='ltr'><strong>vineam</strong></span> <span class='ocrx_word' id='word_1_788' title='bbox 2916 4906 2969 4958; x_wconf 91' lang='lat' dir='ltr'><strong>in</strong></span> <span class='ocrx_word' id='word_1_789' title='bbox 2995 4906 3103 4960; x_wconf 90' lang='lat' dir='ltr'><strong>hoc</strong></span> <span class='ocrx_word' id='word_1_790' title='bbox 3135 4922 3308 4976; x_wconf 88' lang='lat' dir='ltr'><strong>anno,</strong></span> <span class='ocrx_word' id='word_1_791' title='bbox 3342 4906 3479 4976; x_wconf 91' lang='lat' dir='ltr'><strong>quia</strong></span> <span class='ocrx_word' id='word_1_792' title='bbox 3513 4908 3637 4961; x_wconf 86' lang='lat' dir='ltr'><strong>bis-</strong></span> 
     </span>
    </p>
   </div>
   <div class='ocr_carea' id='block_1_112' title="bbox 2002 4995 3643 5066">
    <p class='ocr_par' dir='ltr' id='par_1_112' title="bbox 2002 4995 3643 5066">
     <span class='ocr_line' id='line_1_113' title="bbox 2002 4995 3643 5066; baseline -0.002 -15"><span class='ocrx_word' id='word_1_793' title='bbox 2002 5001 2204 5051; x_wconf 80' lang='lat' dir='ltr'><strong>sextus</strong></span> <span class='ocrx_word' id='word_1_794' title='bbox 2227 5000 2333 5049; x_wconf 90' lang='lat' dir='ltr'><strong>est.</strong></span> <span class='ocrx_word' id='word_1_795' title='bbox 2369 4996 2491 5051; x_wconf 87' lang='lat' dir='ltr'><strong>Non</strong></span> <span class='ocrx_word' id='word_1_796' title='bbox 2516 5000 2709 5049; x_wconf 90' lang='lat' dir='ltr'><strong>autem</strong></span> <span class='ocrx_word' id='word_1_797' title='bbox 2732 4995 3047 5066; x_wconf 88' lang='lat' dir='ltr'><strong>quisquam</strong></span> <span class='ocrx_word' id='word_1_798' title='bbox 3071 4996 3305 5066; x_wconf 88' lang='lat' dir='ltr'><strong>sapiens</strong></span> <span class='ocrx_word' id='word_1_799' title='bbox 3326 4996 3643 5050; x_wconf 87' lang='lat' dir='ltr'><strong>arbitratur</strong></span> 
     </span>
    </p>
   </div>
   <div class='ocr_carea' id='block_1_113' title="bbox 2003 5083 3640 5153">
    <p class='ocr_par' dir='ltr' id='par_1_113' title="bbox 2003 5083 3640 5153">
     <span class='ocr_line' id='line_1_114' title="bbox 2003 5083 3640 5153; baseline -0.003 -14"><span class='ocrx_word' id='word_1_800' title='bbox 2003 5085 2407 5139; x_wconf 88' lang='lat' dir='ltr'><strong>observatores</strong></span> <span class='ocrx_word' id='word_1_801' title='bbox 2420 5087 2745 5153; x_wconf 89' lang='lat' dir='ltr'><strong>temporum</strong></span> <span class='ocrx_word' id='word_1_802' title='bbox 2761 5083 3293 5153; x_wconf 88' lang='lat' dir='ltr'><strong>reprehendendos,</strong></span> <span class='ocrx_word' id='word_1_803' title='bbox 3308 5084 3405 5152; x_wconf 90' lang='lat' dir='ltr'><strong>qui</strong></span> <span class='ocrx_word' id='word_1_804' title='bbox 3419 5084 3640 5138; x_wconf 91' lang='lat' dir='ltr'><strong>dicunt:</strong></span> 
     </span>
    </p>
   </div>
   <div class='ocr_carea' id='block_1_114' title="bbox 2008 5170 3643 5241">
    <p class='ocr_par' dir='ltr' id='par_1_114' title="bbox 2008 5170 3643 5241">
     <span class='ocr_line' id='line_1_115' title="bbox 2008 5170 3643 5241; baseline -0.002 -12"><span class='ocrx_word' id='word_1_805' title='bbox 2008 5172 2129 5229; x_wconf 86' lang='lat' dir='ltr'><strong>Non</strong></span> <span class='ocrx_word' id='word_1_806' title='bbox 2163 5170 2497 5241; x_wconf 82' lang='lat' dir='ltr'><strong>proﬁciscar</strong></span> <span class='ocrx_word' id='word_1_807' title='bbox 2528 5171 2724 5239; x_wconf 86' lang='lat' dir='ltr'><strong>hodie,</strong></span> <span class='ocrx_word' id='word_1_808' title='bbox 2767 5171 2905 5240; x_wconf 90' lang='lat' dir='ltr'><strong>quia</strong></span> <span class='ocrx_word' id='word_1_809' title='bbox 2936 5175 3253 5241; x_wconf 90' lang='lat' dir='ltr'><strong>tempestas</strong></span> <span class='ocrx_word' id='word_1_810' title='bbox 3283 5175 3481 5225; x_wconf 81' lang='lat' dir='ltr'><strong>exorta</strong></span> <span class='ocrx_word' id='word_1_811' title='bbox 3514 5174 3643 5225; x_wconf 86' lang='lat' dir='ltr'><strong>est:</strong></span> 
     </span>
    </p>
   </div>
   <div class='ocr_carea' id='block_1_115' title="bbox 2006 5256 3642 5329">
    <p class='ocr_par' dir='ltr' id='par_1_115' title="bbox 2006 5256 3642 5329">
     <span class='ocr_line' id='line_1_116' title="bbox 2006 5256 3642 5329; baseline -0.004 -14"><span class='ocrx_word' id='word_1_812' title='bbox 2006 5264 2143 5315; x_wconf 87' lang='lat' dir='ltr'><strong>aut:</strong></span> <span class='ocrx_word' id='word_1_813' title='bbox 2192 5259 2317 5313; x_wconf 91' lang='lat' dir='ltr'><strong>Non</strong></span> <span class='ocrx_word' id='word_1_814' title='bbox 2350 5258 2644 5329; x_wconf 88' lang='lat' dir='ltr'><strong>navigem,</strong></span> <span class='ocrx_word' id='word_1_815' title='bbox 2695 5258 2833 5327; x_wconf 90' lang='lat' dir='ltr'><strong>quia</strong></span> <span class='ocrx_word' id='word_1_816' title='bbox 2866 5257 3133 5328; x_wconf 66' lang='lat' dir='ltr'><strong>hybernaa</strong></span> <span class='ocrx_word' id='word_1_817' title='bbox 3169 5260 3307 5311; x_wconf 89' lang='lat' dir='ltr'><strong>sunt</strong></span> <span class='ocrx_word' id='word_1_818' title='bbox 3337 5256 3593 5325; x_wconf 68' lang='lat' dir='ltr'><strong>reliquiae</strong></span> <span class='ocrx_word' id='word_1_819' title='bbox 3628 5273 3642 5323; x_wconf 89' lang='lat'><strong>;</strong></span> 
     </span>
    </p>
   </div>
   <div class='ocr_carea' id='block_1_116' title="bbox 2005 5342 3648 5418">
    <p class='ocr_par' dir='ltr' id='par_1_116' title="bbox 2005 5342 3648 5418">
     <span class='ocr_line' id='line_1_117' title="bbox 2005 5342 3648 5418; baseline -0.002 -17"><span class='ocrx_word' id='word_1_820' title='bbox 2005 5353 2139 5401; x_wconf 85' lang='lat' dir='ltr'><strong>aut;</strong></span> <span class='ocrx_word' id='word_1_821' title='bbox 2169 5352 2424 5418; x_wconf 91' lang='lat' dir='ltr'><strong>Tempus</strong></span> <span class='ocrx_word' id='word_1_822' title='bbox 2446 5346 2798 5411; x_wconf 86' lang='lat' dir='ltr'><strong>seminandi,</strong></span> <span class='ocrx_word' id='word_1_823' title='bbox 2817 5345 2953 5414; x_wconf 90' lang='lat' dir='ltr'><strong>quia</strong></span> <span class='ocrx_word' id='word_1_824' title='bbox 2981 5344 3270 5399; x_wconf 90' lang='lat' dir='ltr'><strong>imbribus</strong></span> <span class='ocrx_word' id='word_1_825' title='bbox 3295 5342 3648 5398; x_wconf 87' lang='lat' dir='ltr'><strong>autumnali-</strong></span> 
     </span>
    </p>
   </div>
   <div class='ocr_carea' id='block_1_117' title="bbox 2010 5482 3647 5542">
    <p class='ocr_par' dir='ltr' id='par_1_117' title="bbox 2010 5482 3647 5542">
     <span class='ocr_line' id='line_1_118' title="bbox 2010 5482 3647 5542; baseline -0.001 0"><span class='ocrx_word' id='word_1_826' title='bbox 2010 5488 2167 5542; x_wconf 87' lang='lat' dir='ltr'><strong>inter</strong></span> <span class='ocrx_word' id='word_1_827' title='bbox 2196 5486 2508 5542; x_wconf 86' lang='lat' dir='ltr'><strong>Paschales</strong></span> <span class='ocrx_word' id='word_1_828' title='bbox 2529 5502 2693 5539; x_wconf 88' lang='lat' dir='ltr'><strong>num.</strong></span> <span class='ocrx_word' id='word_1_829' title='bbox 2726 5485 2812 5537; x_wconf 68' lang='grc'><strong>34.</strong></span> <span class='ocrx_word' id='word_1_830' title='bbox 2834 5487 3109 5537; x_wconf 76' lang='lat' dir='ltr'><strong>Caeterum</strong></span> <span class='ocrx_word' id='word_1_831' title='bbox 3128 5482 3329 5538; x_wconf 85' lang='lat' dir='ltr'><strong>eadem</strong></span> <span class='ocrx_word' id='word_1_832' title='bbox 3352 5482 3647 5541; x_wconf 88' lang='lat' dir='ltr'><strong>habentur</strong></span> 
     </span>
    </p>
   </div>
   <div class='ocr_carea' id='block_1_118' title="bbox 2012 5554 3298 5625">
    <p class='ocr_par' dir='ltr' id='par_1_118' title="bbox 2012 5554 3298 5625">
     <span class='ocr_line' id='line_1_119' title="bbox 2012 5554 3298 5625; baseline -0.005 -12"><span class='ocrx_word' id='word_1_833' title='bbox 2012 5561 2185 5614; x_wconf 87' lang='lat' dir='ltr'><strong>etiam</strong></span> <span class='ocrx_word' id='word_1_834' title='bbox 2214 5575 2388 5613; x_wconf 88' lang='lat' dir='ltr'><strong>serm.</strong></span> <span class='ocrx_word' id='word_1_835' title='bbox 2428 5560 2504 5612; x_wconf 87' lang='lat' dir='ltr'><strong>De</strong></span> <span class='ocrx_word' id='word_1_836' title='bbox 2528 5562 2789 5625; x_wconf 91' lang='lat' dir='ltr'><strong>tempore</strong></span> <span class='ocrx_word' id='word_1_837' title='bbox 2816 5556 3052 5622; x_wconf 72' lang='lat'><strong>163,215</strong></span> <span class='ocrx_word' id='word_1_838' title='bbox 3089 5558 3145 5609; x_wconf 89' lang='lat' dir='ltr'><strong>et</strong></span> <span class='ocrx_word' id='word_1_839' title='bbox 3170 5554 3298 5608; x_wconf 83' lang='grc'><strong>241.</strong></span> 
     </span>
    </p>
   </div>
  </div>
