3972 6064
368 348 469 402 751
1448 345 1517 396 D.
1557 340 1801 395 IVONIB
1836 336 2331 395 CARNOTENSIS
2367 339 2686 396 EPISGOPI

3671 337 3789 392 752

367 469 481 524 bus
509 471 665 523 terra
694 467 906 523 satiata
935 470 1057 533 est;
1089 464 1175 519 vel
1203 463 1251 519 si
1296 462 1555 533 quiforte
1578 460 1675 518 alii
1719 458 2016 516 naturales
2045 461 2100 526 Α
2130 458 2393 528 diacono,
2430 477 2556 534 quae
2579 477 2694 516 non
2719 460 2912 516 solum
2935 475 2997 516 se
3015 459 3280 532 suggerit
3299 459 3650 516 criminibus
3681 476 3794 532 ap-

368 559 608 614 eflectus
629 557 784 611 circa
814 560 1036 610 motum
1060 551 1210 607 aeris
1240 556 1297 605 et
1317 550 1580 604 humoris
1612 549 1683 604 ad
1708 548 2026 602 variandas
2136 548 2401 618 petitam,
2433 566 2636 604 verum
2695 549 2872 605 etiam
2921 550 2978 604 in
3031 549 3313 604 damnata
3364 553 3489 604 arte
3546 548 3795 622 magicas

364 651 698 718 temporum
721 643 1034 715 qualitates
1062 640 1121 694 in
1146 640 1403 694 siderum
1423 637 1868 694 ordinatissima
1889 651 2020 691 con-

366 734 637 791 versione
669 731 850 787 notati
883 734 1043 785 sunt.

366 851 498 905 CAP.
527 848 616 903 49.
648 877 715 886 -—
744 847 818 900 De
846 843 1052 908 eodem,
1084 841 1225 912 quod

438 935 566 976 vare
592 921 646 972 et
665 931 892 982 menses,
918 919 1027 969 etc.
1051 915 1275 982 August.
1312 915 1371 968 in
1396 913 1756 985 Enchyridio.
1782 927 1904 981 cap.
1923 912 2013 967 79.

435 1025 578 1089 Quis
606 1022 919 1080 aestimaret
947 1037 1126 1091 quam
1145 1035 1424 1092 magnum
1450 1025 1750 1091 peccatum
1783 1022 1862 1078 sit
1887 1022 2013 1077 dies

363 1114 694 1177 observare,
723 1115 780 1166 et
826 1126 1080 1178 menses,
1112 1113 1168 1164 et
1202 1125 1411 1177 annos,
1443 1114 1500 1163 et
1534 1113 1824 1182 tempora,
1855 1111 2012 1166 sicut

363 1203 672 1259 observant
718 1200 818 1272 qui
850 1199 1023 1255 certis
1069 1197 1298 1264 diebus,
1350 1197 1469 1252 sive
1514 1198 1840 1265 mensibus,
1887 1199 2008 1255 sive

1263 845 1548 912 peccatum
1579 842 1652 896 sit
1684 842 1801 898 dies
1835 838 2017 894 obser-

2133 638 2552 693 exsecralionis
2581 639 3005 694 conscientiam
3033 638 3348 694 miscuisse
3379 637 3514 710 (98).
3540 637 3610 692 Et
3633 638 3795 707 ideo,

2132 726 2323 792 frater,
2358 727 2512 782 inter
2532 727 2904 798 supradictas
2927 731 2985 782 te
3007 727 3376 781 decrevimus
3399 725 3795 798 cognitorem,

2127 819 2193 870 ut
2207 815 2254 870 si
2274 816 2619 887 praedictum
2639 816 2952 871 diaconum
2969 815 3320 887 protervitas
3335 815 3451 870 ista
3465 815 3794 883 convincit,

2124 908 2437 976 postquam
2455 904 2791 960 indecenter
2810 905 3091 975 probatus
3115 903 3290 960 fuerit
3309 904 3616 958 mulierem
3636 903 3789 958 inci-

2123 992 2314 1048 viliter
2343 995 2676 1065 appetisse:
2713 999 2812 1048 aut
2843 992 3114 1048 eumdem
3155 994 3227 1047 ad
3281 993 3604 1048 astruenda
3655 1009 3790 1065 qua:

2115 1083 2359 1152 jactavit
2391 1082 2708 1154 astringas,
2753 1087 2854 1138 aut
2903 1083 3075 1153 digna
3119 1081 3489 1154 correptione
3542 1097 3791 1153 compe-

2119 1182 2268 1226 scas.

363 1291 536 1347 annis
566 1289 768 1345 volunt
795 1287 883 1344 vel
917 1286 1124 1343 nolunt
1156 1286 1378 1358 aliquid
1429 1286 1726 1353 inchoare,
1758 1305 1824 1344 eo
1857 1290 2016 1360 quod
2128 1282 2260 1333 CAP-
2302 1278 2390 1331 26-
2429 1308 2498 1319 --
2550 1279 2610 1334 υἱ
2633 1276 2862 1360 vene/{qi
2905 1278 3089 1360 capilli
3109 1276 3465 1332 damnentur.
3513 1277 3794 1333 Pandecta

365 1379 694 1436 secundum
724 1394 905 1433 vanas
934 1376 1233 1431 doctrinas
1265 1375 1572 1430 hominum
1595 1376 1788 1432 fausta
1818 1377 1903 1432 vel
1927 1378 2017 1432 in-

359 1469 556 1525 fausta
579 1463 1322 1534 existimenttempora,nisi
1342 1463 1524 1533 hujus
1551 1466 2017 1535 magnitudinem

365 1573 435 1612 ex
467 1556 678 1612 timore
719 1553 980 1626 Apostoli
1031 1567 1438 1624 pensaremus,
1488 1551 1589 1622 qui
1623 1553 1845 1610 talibus
1897 1555 2014 1609 ait:

371 1647 552 1702 Timeo
581 1662 693 1714 vos,
726 1659 794 1700 ne
819 1645 932 1714 fort

367 1735 514 1806 (Gal.
551 1752 627 1790 ιν.
664 1735 678 1804 )

362 1841 498 1897 CAP.
530 1842 620 1896 20.
655 1871 722 1881 —
753 1840 829 1892 De
857 1836 1210 1892 damnatione
1239 1837 1764 1892 Mathematicorum.
1783 1839 2014 1909 Angust.

726 1909 824 1965 lib.
861 1909 1280 1978 Confessionum
1319 1925 1375 1962 ιν
1399 1912 1546 1978 (cap.
1579 1909 1652 1979 3).

443 2019 548 2085 (26,
581 2033 636 2087 q.
676 2019 731 2081 2,
771 2031 818 2070 c.
869 2015 998 2069 Illas
1044 2014 1426 2084 planetarios.)
1474 2012 1611 2068 Illos
1659 2014 2015 2084 planetarios

367 2122 516 2176 quos
567 2103 1012 2158 Mathematicos
1056 2107 1284 2168 vocant,
1318 2100 1490 2172 plane
1539 2102 1846 2158 consulere
1899 2121 2014 2158 non

365 2193 747 2258 desistebam,
762 2191 911 2261 quod
938 2190 1107 2262 quasi
1123 2190 1351 2244 nullum
1368 2189 1452 2244 eis
1466 2195 1622 2245 esset
1635 2191 2012 2255 sacriﬁcium,

363 2289 423 2339 et
454 2281 626 2337 nullae
661 2295 862 2353 preces
891 2279 962 2334 ad
995 2278 1254 2350 aliquem
1286 2279 1562 2350 spiritum
1597 2280 1669 2333 ob
1702 2279 2014 2336 divinatio-

363 2386 494 2425 nem
542 2367 952 2440 dirigerentur,
987 2367 1138 2437 quod
1175 2370 1367 2422 tamen
1419 2367 1753 2422 Christiana
1784 2373 1841 2422 et
1882 2385 2016 2424 vera

364 2459 552 2530 pietas
601 2459 1026 2527 consequenter
1071 2453 1309 2526 expellit
1349 2455 1521 2526 [rep.,
1575 2456 1712 2526 orig]
1745 2460 1802 2511 et
1849 2457 2015 2512 dam-

365 2551 486 2602 nat.

363 2635 494 2690 ΟΑΡ.
525 2634 615 2690 2|.
677 2663 746 2675 -—-
771 2631 927 2701 Quod
957 2647 1068 2687 non
1096 2633 1167 2687 sit
1208 2632 1548 2688 credendum
1579 2633 1838 2689 sortibus.
1891 2635 2014 2688 Hie-

655 2721 942 2776 romymus
970 2719 1132 2775 super
1173 2704 1366 2758 Jonam
1394 2704 1485 2773 (ad
1515 2721 1635 2775 cap.
1669 2707 1729 2775 1).

438 2814 548 2880 (2.3,
595 2829 652 2884 q.
696 2814 752 2878 2,
805 2827 852 2864 c.
888 2810 999 2864 Non
1030 2809 1262 2877 statim.)
1313 2813 1436 2865 Non
1485 2811 1684 2865 statim
1730 2810 2014 2866 debemus

365 2901 478 2958 sub
528 2897 792 2970 exemplo
840 2898 1006 2953 Jona:
1035 2899 1297 2952 sortibus
1338 2897 1595 2966 credere,
1629 2897 1716 2954 vel
1750 2898 1894 2953 illud
1945 2900 2014 2954 de

363 2988 608 3045 Actibus
640 2987 1041 3056 apostolorum
1067 2985 1203 3040 huic
1234 2985 1568 3041 testimonio
1601 2987 2014 3057 copulare,ubi

367 3081 528 3132 sorte
555 3075 614 3130 in
658 3073 1053 3146 apostolatum
1086 3073 1338 3130 Mathias
1383 3073 1638 3145 eligitur,
1667 3091 1798 3129 cum
1835 3076 2013 3146 privi-

366 3165 521 3238 legia
550 3163 921 3236 singulorum
946 3179 1062 3217 non
1095 3161 1523 3235 possintlegem
1545 3163 1731 3219 facere
1749 3180 2012 3218 commu-
2046 3192 2092 3256 ο

366 3359 499 3415 CAP.
531 3359 621 3414 22.
650 3388 718 3399 —
773 3358 883 3426 Qui
911 3360 1025 3430 sint
1051 3357 1318 3430 sortilegi.
1349 3357 1594 3430 Isidorus
1635 3359 2013 3430 Etymologia-

850 3445 978 3484 rum
1010 3429 1109 3483 lib.
1141 3445 1270 3495 vni,
1317 3445 1437 3500 cap.
1471 3429 1526 3484 9.

439 3517 710 3590 Sortilegi
739 3521 898 3582 sunt,
926 3516 1026 3588 qui
1048 3517 1157 3572 sub
1178 3519 1412 3573 nomine
1431 3518 1576 3572 ﬁctis
1602 3516 1901 3590 religionis
1915 3534 2016 3589 per

368 3608 654 3679 quasdam
671 3622 818 3677 quas
831 3609 1166 3661 sanctorum
1183 3616 1389 3661 vocant
1405 3611 1618 3677 sortes,
1637 3606 2013 3662 divinationis

368 3695 673 3752 scientiam
696 3694 1064 3766 proﬁtentur,
1085 3697 1186 3748 aut
1217 3711 1684 3766 quaruncunque
1701 3699 2016 3768 scriptura-

370 3801 502 3840 rum
525 3783 887 3855 inspectione
921 3783 1120 3838 futura
1150 3783 1523 3854 promittunt.

369 3901 504 3956 CAP.
560 3898 650 3953 23.
708 3927 774 3937 ——
825 3901 900 3952 De
945 3897 1144 3952 clerico
1191 3898 1252 3952 in
1317 3898 1604 3966 maleﬁciis
1658 3897 2009 3968 deprehenso.

442 3969 733 4038 Gregorius
759 3969 1041 4039 Januario
1061 3968 1352 4039 episcopo(
1360 3969 1640 4039 Episcopo
1662 3968 2013 4037 Caralitano,

441 4041 604 4109 arig.]
638 4038 922 4096 Sardiniae
945 4038 1076 4111 (lib.
1112 4055 1173 4094 ni
1204 4038 1584 4110 regist.’epist.
1607 4039 1721 4110 24).

441 4145 619 4202 Paulo
653 4161 786 4201 vero
827 4143 1104 4200 clericum
1139 4144 1238 4214 qui
1280 4159 1431 4216 saepe
1472 4144 1689 4199 dicitur
1726 4144 1785 4199 in
1834 4143 2015 4200 male-

367 4234 519 4290 ﬁciis
549 4233 971 4304 deprehensus,
997 4232 1098 4304 qui
1129 4234 1400 4303 despecto
1432 4231 1634 4287 habitu
1667 4249 1773 4288 suo
1807 4233 1878 4287 ad
1901 4231 2014 4287 lai-

371 4338 499 4376 cam
531 4337 802 4376 reversus
831 4320 1011 4374 vitam
1043 4321 1102 4374 in
1132 4319 1388 4375 Africam
1419 4320 1670 4390 fugerat.
1701 4321 1749 4375 si
1783 4319 1866 4374 ita
1904 4324 2013 4387 est,

371 4406 659 4478 corporali
680 4407 842 4478 prius
866 4407 1250 4478 praeveniente
1263 4406 1538 4475 vindicta,
1563 4407 2015 4478 prtevidimusin

371 4493 776 4567 paenitentiam
799 4494 948 4549 dari.

372 4600 504 4658 CAP.
536 4599 624 4654 24.
658 4628 728 4640 --
784 4603 868 4655 De
913 4599 1384 4656 vaticinatoribus.
1432 4600 1852 4671 Capitularium
1914 4601 2008 4656 lib.

1008 4671 1064 4740 7,
1087 4686 1194 4742 cap
1206 4711 1218 4727 .
1256 4671 1379 4727 222.

2045 4550 2092 4614 D

2625 1366 2756 1404 rum
2785 1349 2883 1403 lib.
2913 1365 2988 1417 ιν,
3019 1350 3111 1404 tit.
3159 1365 3278 1403 Xix.

2199 1437 2452 1493 Venetici
2483 1437 2672 1509 capite
2704 1438 3084 1504 damnentur,
3110 1437 3210 1508 qui
3263 1435 3490 1492 artibus
3535 1437 3787 1503 odiosis,

2125 1527 2388 1592 venenis,
2414 1529 2501 1581 vel
2521 1525 2782 1581 susurris
2798 1525 3131 1596 [susurriis]
3149 1525 3395 1596 magicis
3419 1525 3682 1581 homines
3695 1542 3792 1581 oc-

938 1659 966 1698 ϐ
994 1613 1114 1697 sine
1144 1657 1312 1696 causa
1344 1613 1712 1696 laboraverim
1738 1644 1796 1698 in
1825 1644 2017 1698 vobis?
2128 1614 2400 1683 ciderint,
2437 1614 2522 1670 vel
2555 1613 2711 1670 mala
2751 1613 3184 1670 medicamenta
3217 1613 3452 1686 publice
3497 1615 3780 1671 vendide-

2127 1703 2264 1758 rint.

2046 1825 2094 1890 B
2125 1813 2260 1865 CAP.
2312 1811 2402 1866 27.
2432 1841 2498 1850 —
2532 1809 3186 1890 Quomodojmpetendus
3205 1811 3277 1865 sit
3305 1809 3536 1865 clericus
3565 1809 3631 1865 de
3650 1827 3779 1865 ma-

2761 1882 3138 1950 leﬁciszlem.

2193 1969 2316 2024 Non
2351 1986 2556 2039 parum
2590 1969 2878 2024 miramur
2908 1971 3064 2040 quod
3116 1969 3497 2025 saecularibus
3546 1969 3784 2041 legibus

2124 2058 2435 2113 diaconum
2469 2063 2592 2113 tum
2629 2075 2729 2128 pro
2775 2059 3022 2113 crimine
3070 2057 3344 2114 maleﬁcii
3391 2057 3537 2113 velis
3587 2058 3780 2131 impe-

2125 2150 2265 2202 tere.
2299 2147 2462 2200 Unde
2495 2145 2815 2216 apostolica
2854 2146 3226 2218 prmcipimus
3270 2146 3643 2212 auctoritate,
3695 2150 3782 2215 ut,

2125 2239 2256 2305 post
2274 2234 2480 2306 positis
2497 2234 2782 2306 parilibus
2799 2235 3026 2306 legibus
3045 2251 3173 2306 qua:
3188 2235 3372 2290 servis
3392 2235 3588 2306 potius
3603 2251 3784 2306 quam

2124 2323 2538 2379 ecclesiasticis
2570 2323 2861 2378 debentur
2891 2324 3222 2393 ordinibus,
3247 2323 3590 2379 canonicam
3624 2325 3781 2380 abeo

2125 2412 2593 2483 puriﬁcationem
2628 2411 2898 2484 recipias.

2121 2518 2247 2574 CAP.
2307 2519 2396 2572 28.
2448 2549 2516 2559 —
2549 2520 2625 2573 De
2667 2518 3025 2574 damnatione
3065 2519 3348 2574 Paschalis
3376 2519 3771 2574 archidiaconi

2227 2606 2326 2660 pro
2348 2591 2820 2646 incantationibus
2846 2593 2984 2645 suis.
3018 2592 3101 2645 Ex
3134 2589 3276 2646 libro
3307 2592 3650 2661 Pontiﬁcali.

2197 2677 2500 2732 Paschalis
2533 2695 2648 2732 non
2683 2684 2816 2749 post
2846 2677 3352 2749 multumtempus
3371 2679 3444 2733 ab
3467 2678 3661 2733 ofﬁcio
3684 2695 3778 2732 ar-

2125 2766 2566 2821 chidiaconatus
2590 2771 2825 2838 propter
2845 2765 3074 2836 aliquas
3096 2765 3528 2822 incantationes
3541 2772 3597 2822 et
3611 2766 3782 2822 lucu-

2124 2852 2212 2909 los
2245 2871 2395 2925 quos
2427 2854 2670 2920 colebat,
2696 2853 2783 2909 vel
2805 2855 3008 2910 sordes
3030 2854 3210 2925 [forle,
3236 2855 3446 2924 sortes]
3468 2871 3620 2926 quas
3643 2871 3779 2910 cum

2125 2941 2256 2997 aliis
2275 2942 2704 3013 respectoribus
2724 2942 3033 3010 tractabat,
3056 2941 3155 2998 Dei
3169 2942 3438 3011 beatique
3457 2943 3605 2998 Petri
3630 2959 3774 3013 apo-

2128 3030 2348 3086 stoloru
2361 3048 2412 3084 m
2431 3031 2713 3102 principis
2735 3030 3272 3102 intervenientejud
3286 3031 3393 3086 icio
3408 3031 3671 3103 privatus
3691 3036 3782 3087 est

2125 3125 2182 3174 et
2201 3136 2235 3174 a
2265 3119 2467 3189 Sergio
2501 3119 2560 3173 in
2595 3119 2947 3174 monasterio
2973 3124 3259 3174 retrusus.
3284 3120 3420 3174 Post
3441 3119 3778 3190 quinquen-

2129 3207 2291 3262 nium
2316 3225 2428 3277 prae
2459 3209 2652 3263 cordis
2683 3206 2899 3263 duritia
2923 3208 3299 3279 impmnitens
3321 3207 3638 3264 defunctus
3665 3214 3776 3264 est.

2123 3319 2253 3370 CAP.
2304 3314 2394 3369 29.
2454 3344 2523 3354 —
2571 3315 2644 3368 De
2682 3315 2962 3382 sortilegis
3018 3323 3070 3369 et
3118 3313 3527 3370 consultoribus
3575 3314 3779 3370 da'mo-

2192 3386 2721 3528 Ziitgi.cAgg)ttstin.us
2763 3385 2832 3440 ad
2883 3386 3246 3456 inquistiones
3279 3387 3546 3442 Januarii
3590 3387 3776 3457 (epist.

2306 3499 2317 3510 .
2345 3473 2391 3510 6.
2425 3473 2538 3510 ZUl.

2193 3545 2305 3614 (26,
2339 3561 2395 3616 q.
2427 3546 2483 3612 2,
2516 3561 2566 3600 c.
2591 3545 2659 3600 Hi
2687 3544 2828 3614 qui.)
2849 3544 2915 3599 Hi
2940 3543 3040 3616 qui
3067 3544 3137 3599 de
3158 3544 3392 3616 paginis
3413 3545 3780 3617 Evangelicis

2123 3638 2307 3688 sortes
2337 3633 2563 3704 legunt,
2596 3633 2703 3688 etsi
2735 3634 3059 3704 optandum
3108 3637 3196 3687 est
3240 3639 3304 3686 ut
3334 3634 3390 3687 id
3445 3633 3641 3705 potius
3691 3634 3774 3688 fa-

2122 3720 2469 3791 ciantquam
2487 3721 2632 3774 utad
2652 3720 2933 3774 daemonia
2945 3718 3780 3789 consulendaconcurrant,ta-

2122 3825 2257 3864 men
2289 3810 2406 3864 ista
2437 3809 2584 3863 mihi
2607 3808 2876 3880 displicet
2904 3808 3289 3878 consuetudo,
3324 3810 3393 3863 ad
3410 3809 3647 3880 negotia
3667 3825 3775 3864 sa-

2122 3897 2347 3952 cularia
2376 3902 2432 3951 et
2464 3898 2535 3952 ad
2558 3897 2684 3952 vitae
2710 3897 2889 3967 hujus
2931 3897 3251 3952 vanitatem
3293 3897 3494 3952 divina
3539 3896 3776 3954 oracula

2119 3985 2268 4041 velle
2299 3991 2634 4042 convertere
2662 3986 2798 4057 (99).

2123 4093 2252 4147 CAP.
2283 4091 2374 4145 30.
2409 4123 2474 4132 -
2509 4093 2572 4148 Ut
2599 4093 2840 4163 episcOpi
2867 4091 2935 4147 de
2963 4092 3218 4160 paraeciis
3247 4093 3366 4146 suis
3401 4093 3690 4162 sortilegos
3728 4096 3778 4148 et

2193 4163 2473 4232 maleﬁcos
2500 4163 2798 4233 expellant,
2821 4168 2876 4218 et
2906 4166 2969 4218 de
2997 4181 3148 4218 vana
3167 4163 3427 4218 illusione
3446 4163 3777 4219 daemonum.

2193 4235 2276 4288 Ex
2295 4250 2443 4289 conc.
2476 4235 2796 4304 Ancyrensi,
2815 4251 2940 4305 cap.
2977 4236 3001 4288 1
3041 4235 3120 4302 (in
3151 4235 3402 4305 fragm).

2196 4322 2308 4390 (26,
2340 4339 2396 4392 q.
2431 4323 2483 4387 5,
2521 4339 2570 4377 c.
2603 4323 2898 4393 Episcopi.)
2930 4322 3002 4377 Ut
3031 4323 3291 4394 epiSCOpi
3323 4338 3649 4393 eorumque
3669 4322 3777 4376 mi-

2124 4409 2295 4463 nistri
2311 4410 2588 4464 omnibus
2612 4410 2834 4464 viribus
2859 4409 3160 4465 elaborare
3183 4411 3477 4480 studeant,
3500 4418 3563 4464 ut
3586 4410 3778 4481 perni-

2126 4498 2344 4554 ciosam
2377 4503 2434 4554 et
2455 4515 2488 4553 a
2518 4499 2749 4555 diabolo
2775 4500 3074 4554 inventam
3107 4499 3448 4572 sortilegam
3475 4504 3533 4554 et
3551 4499 3773 4555 maleﬁ-

2125 4603 2252 4641 cam
2285 4591 2466 4642 artem
2501 4587 2737 4657 penitus
2767 4603 2836 4642 ex
2868 4587 3137 4659 parmciis
3169 4587 3628 4651 suiseradicent,
3651 4593 3709 4642 et
3728 4586 3776 4642 si

2121 4673 2375 4745 aliquem
2409 4675 2598 4730 virum
2632 4680 2732 4730 aut
2763 4676 3068 4731 mulierem
3094 4675 3508 4747 hujuscemodi
3538 4674 3777 4731 sceleris

442 4764 865 4821 Vaticinatores
887 4765 987 4836 qui
1009 4782 1071 4822 se
1102 4767 1301 4822 futura
1313 4767 1664 4822 denuntiant
1693 4767 2012 4836 scire,caesi

374 4854 447 4910 de
476 4852 710 4908 civitate
731 4853 1050 4923 jactentur.

372 4958 508 5014 CAP.
548 4958 655 5030 25.
705 4987 774 4998 --
811 4957 887 5030 De
918 4957 1287 5030 correctione
1319 4958 1436 5030 ejus
1488 4961 1587 5030 qui
1633 4959 1850 5028 magica
1890 4968 2015 5015 arte

440 5029 731 5110 mulierem
765 5027 1090 5084 criminatus
1111 5028 1205 5083 sit.
1252 5027 1509 5084 Gelasius'
1531 5027 1848 5087 Secundino
1885 5030 2016 5088 Visi-

443 5115 578 5156 nens
583 5115 620 5154 ι.

2119 4766 2466 4817 sectatorem
2499 4763 2804 4828 invenerit,
2835 4763 3092 4832 turpiter
3108 4763 3561 4819 debonestatum
3580 4763 3652 4818 de
3683 4779 3773 4834 pa-

2120 4849 2312 4906 rceciis
2343 4850 2468 4906 suis
2499 4850 2772 4920 eliciant;
2807 4851 2890 4906 ait
2921 4851 3074 4906 enim
3121 4849 3438 4922 Apostolus
3472 4867 3485 4904 :
3537 4851 3776 4908 Hareti-

2119 4954 2244 4993 cum
2267 4941 2390 5009 post
2428 4954 2599 4994 unam
2643 4946 2697 4994 et
2740 4939 3033 4994 secundam
3089 4939 3523 4994 admonitionem
3567 4938 3769 5008 devita,

2120 5029 2301 5082 sciens
2330 5027 2469 5097 quia
2495 5027 2787 5083 subversus
2803 5032 2885 5082 est
2913 5029 3010 5098 qui
3047 5027 3317 5095 eiusmodi
3357 5037 3436 5082 est
3484 5027 3624 5098 (Tit.
3664 5027 3770 5097 ιιι).

2122 5115 2393 5170 Subversi
2424 5119 2561 5169 sunt
2592 5119 2650 5169 et
2679 5114 2957 5171 adiabolo
2980 5114 3131 5187 capti
3153 5119 3430 5170 tenentur
3450 5115 3576 5185 qui,
3607 5115 3768 5169 dere-

2120 5202 2260 5258 licto
2290 5206 2554 5257 Creatore
2586 5219 2714 5269 suo,
2747 5220 2780 5257 a
2811 5203 3044 5259 diabolo
3076 5203 3355 5274 suffragia
3389 5207 3686 5273 quierunt,
3709 5205 3763 5257 et

2123 5289 2253 5342 ideo
2286 5304 2319 5341 a
2350 5287 2453 5342 tali
2476 5293 2636 5357 peste
2686 5290 2960 5343 mundari
3013 5290 3187 5344 debet
3234 5293 3441 5344 sancta
3487 5288 3764 5344 Ecclesia.

2124 5375 2274 5429 Illud
2289 5375 2462 5429 etiam
2489 5392 2600 5430 non
2629 5377 3042 5448 omittendum,
3059 5377 3213 5448 quod
3238 5377 3507 5448 quaedam
3527 5377 3768 5432 scelera-

2122 5468 2194 5518 tae
2224 5462 2501 5519 mulieres
2533 5469 2686 5520 retro
2698 5465 3118 5536 postSatanam
3141 5481 3434 5522 conversas
3455 5466 3502 5538 (ι
3527 5466 3665 5521 Tim.
3689 5465 3766 5534 v,)

443 5201 681 5252 Atroces
710 5196 957 5267 injurias
984 5195 1324 5251 indecorum
1357 5213 1594 5267 prorsus
1622 5198 2014 5255 ducimusmi-

373 5287 690 5341 nistrorum
722 5283 988 5340 Ecclesiae
1018 5283 1253 5339 vocibus
1274 5283 1540 5355 irrogari,
1565 5284 1708 5340 talia
1731 5287 2012 5342 laicorum

372 5390 506 5428 cum
531 5373 873 5445 plerumque
896 5373 1184 5443 refugiant
1207 5371 1486 5428 actiones.
1505 5373 1763 5444 Tempus
1795 5375 2013 5430 bonum

373 5459 668 5530 siquidem
685 5460 927 5516 honesta
947 5460 1165 5516 femina
1179 5458 1464 5514 didicerat
1487 5476 1521 5514 a
1536 5461 1815 5531 magistro
1835 5464 2014 5518 Paulo

448 5615 561 5687 (98)
592 5615 777 5673 Locus
808 5616 1183 5687 depravatus.
2229 5621 2345 5692 (99)
2375 5621 2535 5679 Idem
2567 5621 2955 5695 prohibitum,
2986 5623 3143 5681 infra
3173 5639 3303 5695 cap.
3323 5624 3417 5680 52.
