4002 6054
259 223 371 277 753

1072 223 1382 277 DECRBTI
1420 224 1609 277 PARS
1646 222 1744 276 XI.
1781 248 1846 259 —
1884 223 1980 274 DE
2018 222 2669 287 INCANTATORIBUS,
2709 226 2865 278 ETC.

3573 229 3679 284 754

256 349 594 403 daemonum
620 343 1911 415 illusionibus,etphantasmatibusseduotae,
1944 348 1997 412 Α
2028 344 2159 399 dem
2194 345 2399 401 illicita
2429 351 2786 417 perpetrare.
2819 347 2887 401 Et
2927 348 3216 404 miramur
3267 367 3371 405 cur
3418 351 3526 407 hoc
3567 354 3681 410 fra-

259 436 508 491 credunt
525 450 587 490 ss
604 439 661 489 et
681 434 1367 505 protitentur,nocturnis
1394 434 1551 489 horis
1573 450 1705 489 cum
1729 434 1915 489 Diana

259 540 626 595 paganorum
682 523 809 588 dea,
864 521 948 575 vel
999 537 1135 576 cum
1169 521 1491 577 Herodiade
1520 528 1577 577 et
1608 523 1915 578 innumera

259 612 647 669 multitudine
670 611 983 666 mulierum
1017 610 1280 680 equitare
1302 628 1478 682 super
1496 614 1786 682 quaedam
1813 613 1913 666 be-

257 703 405 758 stias
418 706 476 757 et
501 701 690 756 multa
711 705 999 755 terrarum
1024 700 1241 770 sptatia
1262 699 1626 771 intempestae
1641 701 1828 756 noctis
1844 701 1914 754 si-

254 790 439 846 lentio
464 790 844 862 pertransire,
878 789 1126 859 ejusque
1150 790 1523 857 jussionibus
1546 788 1704 844 velut
1726 789 1915 843 domi-

258 897 347 934 nae
398 879 658 944 obedire,
718 887 774 933 et
828 879 1003 932 certis
1037 878 1311 932 noctibus
1344 879 1414 932 ad
1448 880 1576 947 ejus
1610 878 1915 933 servitium

256 970 511 1039 evocari(
526 969 668 1036 100).
691 968 801 1021 Sed
826 966 1050 1021 utinam
1068 966 1154 1021 hae
1169 967 1310 1021 solae
1331 967 1387 1020 in
1410 967 1653 1037 perfidia
1669 984 1775 1021 sua
1795 983 1919 1037 per-

259 1057 555 1125 iissent,et
571 1073 682 1111 non
704 1056 921 1109 multos
936 1072 1133 1110 secum
1156 1056 1211 1109 in
1233 1054 1595 1110 infidelitatis
1612 1056 1911 1110 interitum

259 1145 704 1216 pertraxissent.
739 1144 883 1199 Nam
918 1145 1231 1199 innumera
1279 1144 1592 1200 multitudo
1624 1144 1732 1199 hac
1764 1143 1912 1198 falsa

260 1235 539 1305 Opinione
561 1235 800 1305 decepta
823 1233 942 1287 haec
971 1249 1108 1287 vera
1138 1249 1266 1288 esse
1286 1233 1555 1299 oredit,et
1572 1232 1860 1288 credendo
1883 1249 1916 1286 a

258 1326 416 1377 recta
434 1322 547 1377 fide
569 1322 843 1386 deviat,et
866 1322 924 1375 in
964 1338 1159 1377 errore
1192 1337 1551 1393 paganorum
1581 1320 1913 1386 revolvitur,

258 1427 395 1467 cum
429 1411 652 1481 aliquid
696 1410 1026 1465 divinitatis
1067 1415 1168 1464 aut
1199 1410 1462 1464 numinis
1519 1414 1674 1464 extra
1726 1424 1910 1463 unum

257 1500 444 1555 Deum
495 1500 836 1555 arbitratur.
886 1500 1252 1569 Quapropter
1299 1500 1633 1553 sacerdotes
1682 1514 1783 1568 per
1810 1502 1913 1553 Ec-

258 1587 471 1644 clesias
494 1588 606 1643 sibi
628 1588 980 1643 commissas
1003 1588 1217 1658 populo
1245 1588 1403 1641 omni
1450 1587 1731 1642 instantia
1762 1604 1910 1657 pra:-

257 1677 455 1732 dicare
486 1677 721 1743 debent,
760 1682 824 1731 ut
855 1678 1125 1733 noverint
1180 1676 1297 1730 haec
1352 1676 1707 1731 omnimodis
1764 1675 1910 1730 lalsa

258 1783 412 1835 esse,
445 1774 501 1821 et
532 1784 645 1821 non
677 1783 708 1820 a
741 1765 960 1830 divino,
995 1766 1094 1820 sed
1130 1766 1201 1819 ad
1236 1764 1493 1836 maligno
1524 1764 1735 1836 spiritu
1768 1764 1909 1819 talia

259 1854 676 1925 phantasmata
736 1855 1034 1909 mentibus
1098 1852 1359 1908 ﬁdelium
1415 1854 1515 1923 [al.
1555 1852 1903 1921 infidelium,

260 1943 422 2014 Vict]
453 1943 720 2014 irrogari.
754 1944 1058 2014 Siquidem
1088 1942 1213 2014 ipse
1232 1943 1503 2011 Satanas,
1541 1942 1640 2012 qui
1664 1942 1905 1996 transfi-

252 2036 427 2103 gurat
448 2048 510 2087 se
550 2032 608 2086 in
635 2030 911 2103 angelum
943 2030 1093 2086 lucis
1115 2034 1183 2099 (ll
1217 2030 1336 2086 Cor.
1369 2030 1448 2100 x1)
1479 2047 1613 2085 cum
1646 2035 1901 2085 mentem

258 2122 672 2192 cujuscunque
705 2120 1066 2175 mulierculae
1098 2122 1358 2191 ccsperit,
1390 2125 1446 2173 et
1476 2119 1628 2175 hanc
1658 2120 1766 2174 sibi
1803 2136 1903 2190 per

240 2208 654 2266 infidelitatem
688 2217 746 2265 et
785 2209 1253 2265 incredulitatem
1286 2208 1708 2279 subjugaverit,
1743 2207 1898 2263 illico

248 2298 634 2353 transformat
663 2316 725 2353 se
758 2298 815 2352 in
858 2298 1219 2353 diversarum
1254 2314 1638 2368 personarum
1669 2298 1895 2368 species

236 2392 417 2457 atque
469 2386 914 2452 similitudines,
965 2391 1022 2441 et
1071 2391 1322 2441 mentem
1374 2403 1549 2456 quam
1601 2386 1893 2457 captivam

238 2480 401 2530 tenet
431 2475 490 2531 in
515 2476 741 2531 somnis
776 2475 1080 2543 deludens,
1104 2476 1275 2529 modo
1306 2474 1457 2543 Irata,
1484 2475 1656 2529 modo
1679 2474 1890 2543 tristia,

242 2564 417 2619 modo
467 2565 758 2637 cognitas,
791 2565 961 2620 modo
994 2564 1325 2635 incognitas
1368 2580 1647 2635 personas
1696 2568 1893 2618 osten-

238 2653 408 2715 dens,
443 2670 545 2725 per
575 2653 741 2709 devia
800 2669 1045 2725 quaeque
1103 2652 1360 2707 deducit.
1422 2652 1491 2706 Et
1548 2668 1681 2706 cum
1728 2652 1889 2707 solus

237 2740 482 2811 spiritus
517 2743 620 2798 hoc
652 2743 893 2813 patitur,
916 2740 1173 2797 infidelis
1199 2758 1366 2796 mens
1388 2740 1509 2796 hac
1542 2757 1657 2795 non
1680 2740 1737 2794 in
1758 2741 1889 2795 ani-

243 2846 361 2897 mo,
388 2831 484 2886 sed
510 2830 569 2884 in
590 2847 831 2902 corpore
853 2830 1083 2885 evenire
1103 2830 1398 2899 opinatur.
1433 2829 1573 2896 Quis
1595 2829 1750 2884 enim
1772 2846 1885 2884 non

242 2919 301 2973 in
337 2920 562 2976 somnis
594 2924 648 2975 et
700 2920 1002 2974 nocturnis
1046 2918 1375 2974 visionibus
1427 2923 1587 2973 extra
1622 2918 1885 2989 seipsum

242 3007 530 3075 educitur,
559 3013 617 3062 et
641 3010 825 3062 multa
850 3008 1003 3062 videt
1023 3007 1383 3077 dormiendo,
1420 3024 1549 3078 quae
1581 3024 1885 3078 nunquam

232 3096 457 3151 viderat
496 3095 834 3168 vigilando?
875 3096 1015 3163 Quis
1037 3113 1169 3151 vero
1211 3101 1332 3152 tam
1380 3096 1600 3151 stultus
1632 3100 1689 3151 et
1716 3096 1892 3152 hebes
1923 3081 1965 3147 C

234 3184 336 3253 sit,
366 3183 464 3254 qui
503 3184 620 3239 haec
651 3185 846 3240 omnia
869 3202 993 3255 quae
1025 3184 1083 3239 in
1117 3184 1240 3239 solo
1272 3184 1479 3256 spiritu
1504 3185 1671 3252 fiunt,
1704 3186 1882 3240 etiam

232 3274 293 3328 in
328 3290 569 3345 corpore
620 3275 880 3329 accidere
920 3274 1251 3342 arbitretur,
1286 3292 1417 3329 cum
1460 3274 1719 3330 Ezechiel
1750 3291 1883 3345 pro-

233 3362 413 3434 pheta
441 3364 695 3418 visiones
716 3363 955 3418 Domini
976 3363 1031 3417 in
1053 3362 1265 3434 spiritu
1303 3380 1417 3419 non
1440 3362 1498 3417 in
1526 3379 1768 3434 corpore
1797 3363 1881 3416 vi-

233 3450 320 3506 dit
351 3452 563 3521 (Ezcch.
616 3452 723 3521 In),
757 3456 812 3507 et
840 3452 1098 3507 Joannes
1131 3452 1433 3523 apostolus
1495 3451 1879 3523 Apocalypsis

237 3544 610 3595 sacramenta
639 3541 697 3594 in
731 3540 965 3611 spiritu,
1000 3557 1114 3595 non
1149 3542 1207 3594 in
1248 3556 1489 3611 corpore
1511 3541 1660 3594 vidit
1692 3548 1748 3595 et
1774 3558 1877 3594 au-

236 3629 401 3695 divit,
426 3629 581 3684 sicut
608 3630 733 3700 ipse
769 3629 966 3684 statim
993 3628 1185 3701 inquit
1210 3645 1221 3683 :
1248 3630 1349 3683 Fui
1380 3632 1435 3683 in
1468 3631 1671 3697 spiritu
1704 3629 1879 3699 [sicut

235 3717 364 3788 ipse
389 3718 530 3773 dicit
562 3718 831 3786 :Statim,
864 3718 1093 3789 inquit:
1122 3718 1202 3771 fui
1227 3718 1284 3771 in
1323 3718 1557 3789 spiritu.
1591 3717 1753 3789 orig.]
1779 3735 1790 3771 :
1820 3717 1885 3771 Et

234 3805 452 3861 Paulus
496 3823 609 3861 non
652 3807 825 3861 audet
865 3822 924 3861 se
957 3807 1145 3861 dicere
1179 3811 1407 3876 raptum
1442 3805 1497 3859 in
1532 3805 1808 3875 corpore?
1841 3806 1883 3877 (ι

236 3894 359 3950 Cor.
392 3895 516 3966 x11).
550 3894 839 3950 Omnibus
886 3894 1082 3965 itaque
1135 3894 1367 3965 publice
1409 3894 1879 3949 annuntiandum

232 3986 344 4053 est,
369 3984 519 4054 quod
546 3983 645 4054 qui
669 3982 805 4038 talia
830 3987 884 4037 et
907 3982 1000 4036 his
1038 3982 1254 4036 similia
1301 3982 1504 4049 credit,
1538 3982 1711 4037 fidem
1747 3998 1881 4053 per»

232 4072 346 4141 dit,
377 4077 436 4126 et
466 4072 565 4142 qui
600 4071 774 4127 fidem
798 4075 1016 4125 rectam
1047 4070 1107 4124 in
1142 4070 1258 4126 Deo
1279 4088 1395 4125 non
1419 4070 1616 4139 habet,
1649 4069 1743 4123 hic
1764 4086 1881 4125 non

230 4169 316 4215 est
369 4162 518 4230 ejus,
544 4162 644 4216 sed
672 4160 836 4215 illius
875 4160 934 4214 in
979 4176 1156 4231 quem
1190 4160 1393 4229 credit,
1429 4160 1486 4214 id
1519 4164 1608 4215 est
1636 4158 1876 4215 diaboli.

228 4249 381 4305 Nam
418 4250 489 4303 de
520 4248 768 4304 Domino
816 4251 1015 4304 nostro
1068 4248 1354 4319 scriptum
1388 4251 1475 4303 est
1505 4264 1517 4302 :
1557 4248 1753 4303 Omnia
1776 4263 1882 4319 per

229 4338 417 4408 ipsum
445 4338 597 4406 facta
625 4342 774 4391 sunt.
808 4337 995 4407 (Joan.
1046 4339 1111 4404 ι).
1163 4336 1441 4407 Quisquis
1488 4351 1625 4406 ergo
1657 4335 1879 4405 aliquid

2020 434 2267 489 ternitas
2298 440 2398 489 tua
2430 435 2696 491 districta
2726 438 3040 493 emendare
3091 438 3312 493 ultione
3359 440 3674 497 distulerit.

2025 522 2329 592 Propterea
2361 525 2597 595 scriptis
2630 526 3021 595 praesentibus
3054 528 3438 583 adhortamur
3460 530 3565 585 hos
3592 530 3676 584 di-

2024 610 2226 681 ligenti
2259 612 2709 683 investigatione
2742 615 3022 684 perquiri,
3072 622 3129 669 et
3180 622 3243 670 ut
3282 618 3521 672 veritate
3572 635 3673 674 co-

2025 701 2187 771 gnita
2218 702 2395 756 talem
2428 702 2487 756 in
2520 703 2603 757 eis
2626 702 2852 759 faciatis
2875 720 3136 759 exercere
3164 706 3675 777 vindictam,qua-

2026 796 2196 844 tenus
2228 794 2284 845 et
2314 791 2469 845 Deus
2521 791 2740 861 placari
2791 793 2996 862 possit,
3051 799 3107 848 et
3137 793 3267 849 aliis
3297 811 3497 850 eorum
3532 795 3673 852 ultio

2026 879 2402 934 correctionis
2434 880 2766 951 exemplum
2799 880 2896 935 sit.

2024 1015 2156 1069 CAP.
2188 1011 2276 1065 32.
2305 1044 2374 1052 —
2410 1015 2480 1068 De
2508 1013 2815 1068 cultoribus
2848 1013 3119 1069 idolorum
3165 1020 3216 1069 et
3260 1032 3421 1085 pasna
3466 1033 3673 1073 eorum.

2098 1085 2179 1208 {9x
2199 1085 2384 1223 $031817!
2411 1086 2675 1156 (ejusdem
2708 1086 2745 1139 ι.
2780 1100 2862 1156 ep.
2894 1086 2963 1139 66
2988 1086 3058 1140 ad
3084 1088 3317 1143 Ianuar.
3360 1089 3523 1158 episc.
3580 1090 3677 1145 Ca-

2121 1172 2209 1209 ari
2243 1199 2254 1210 .
2290 1198 2302 1209 .

2121 1172 2254 1210 am.
2269 1172 2302 1210 ).

2090 1270 2201 1340 (26,
2232 1288 2289 1341 q.
2326 1272 2379 1335 5,
2414 1288 2461 1325 c.
2498 1272 2695 1327 Contra
2746 1272 3069 1340 idolorum.)
3120 1274 3330 1327 Contra
3378 1272 3671 1330 idolorum

2021 1358 2296 1428 cultores,
2329 1360 2412 1415 vel
2449 1363 2788 1432 aruspicum
2817 1364 2993 1432 atque
3025 1361 3437 1432 sortilegorum
3464 1363 3672 1418 frater-

2022 1448 2265 1503 nitatem
2290 1454 2452 1503 tuam
2477 1449 2882 1504 vehementius
2898 1450 3172 1519 pastorali
3198 1450 3505 1507 hortamur
3525 1452 3671 1507 invi-

2020 1537 2201 1609 gilare
2226 1538 2512 1605 custodia,
2534 1542 2709 1609 atque
2727 1538 2958 1609 publice
2984 1538 3043 1593 in
3072 1538 3285 1611 populo
3309 1545 3511 1595 contra
3552 1542 3659 1595 hu-

2012 1627 2116 1697 jus
2140 1628 2218 1681 rei
2240 1628 2397 1681 viros
2422 1644 2751 1683 sermonem
2792 1628 3002 1693 facere,
3039 1645 3255 1699 eosque
3282 1646 3315 1682 a
3354 1630 3501 1684 tanti
3532 1630 3661 1685 labe

1939 1716 1985 1780 B
2017 1715 2331 1787 sacrilegii,
2354 1720 2411 1769 et
2452 1716 2630 1770 divini
2676 1715 3000 1771 intentione
3020 1717 3251 1787 judicii,
3280 1723 3337 1773 et
3362 1720 3665 1789 praesentis

2018 1806 2146 1857 vitae
2182 1804 2438 1874 periculo
2463 1805 2561 1871 [al.
2587 1804 2823 1875 pabulo]
2847 1804 3251 1861 adhortatione
3273 1806 3538 1861 suasoria
3569 1824 3661 1863 re-

2014 1907 2242 1946 vocare.
2275 1892 2431 1955 Quos
2468 1897 2666 1946 tamen
2700 1894 2749 1947 si
2782 1894 3095 1949 emendare
3144 1912 3177 1949 a
3224 1893 3441 1949 talibus
3488 1900 3661 1966 atque

2014 1979 2305 2050 corrigere
2357 1979 2515 2035 nolle
2560 1980 2800 2052 reperis,
2866 1982 3108 2037 ferventi
3167 1983 3661 2053 comprehendere

2009 2068 2131 2122 zelo
2165 2073 2219 2122 te
2240 2067 2532 2137 volumus;
2556 2074 2612 2125 et
2643 2070 2903 2139 quidem,
2935 2071 2983 2126 si
3016 2070 3165 2126 servi
3199 2076 3358 2138 sunt,
3403 2072 3662 2127 verberi-

2008 2156 2122 2212 bus
2144 2158 2640 2228 cruciatibusque,
2686 2158 2898 2227 quibus
2922 2160 2991 2214 ad
3025 2160 3494 2215 emendationem
3528 2178 3660 2232 per-

2008 2245 2206 2300 venire
2236 2246 2486 2313 valeant,
2523 2248 2828 2318 castigare.
2855 2248 2915 2303 Si
2937 2265 3073 2304 vero
3104 2254 3243 2303 sunt
3274 2248 3440 2303 liberi
3469 2249 3657 2304 inclu-

2007 2334 2169 2389 sione
2195 2334 2375 2405 digna
2406 2335 2801 2406 distractaque
2852 2342 2993 2391 sunt
3032 2338 3371 2408 pmnitenlia
3412 2338 3658 2393 distrin-

2004 2424 2177 2492 gendi
2201 2423 2282 2491 [in
2308 2424 2713 2494 paenitentiam
2756 2424 3069 2496 dirigendi,
3107 2424 3293 2495 orig.],
3328 2430 3393 2479 ut
3424 2426 3523 2496 qui
3557 2444 3654 2482 sa-

2002 2510 2195 2566 lubria
2251 2516 2309 2566 et
2368 2530 2401 2566 a
2460 2514 2666 2567 mortis
2726 2515 2986 2584 periculo
3063 2516 3389 2570 revocantia
3447 2517 3652 2571 audire

2000 2601 2173 2655 verba
2220 2606 2629 2670 contemnunt,
2690 2603 2986 2657 cruciatus
3046 2603 3256 2658 saltem
3296 2620 3394 2658 eos
3444 2620 3651 2674 corpo-

2000 2690 2082 2744 ris
2113 2689 2183 2743 ad
2215 2690 2609 2744 desideratam
2643 2691 2860 2745 mentis
2887 2691 3075 2746 valeat
3105 2692 3381 2746 reducere
3428 2692 3652 2747 sanita-

1997 2782 2135 2832 tem.

1997 2893 2124 2948 CAP.
2157 2893 2319 2948 33.—
2351 2894 2423 2948 De
2451 2894 2642 2949 eadem
2670 2896 2838 2949 ralia:
2866 2894 3049 2950 eodem
3082 2895 3152 2949 ad
3182 2894 3527 2951 Hadrianum
3550 2913 3653 2951 no-

2362 2968 2569 3021 tarium
2598 2966 2660 3038 (l.
2698 2983 2756 3021 ιι
2788 2969 3006 3036 regish,
3040 2982 3128 3037 ep.
3171 2968 3282 3037 47).

2066 3080 2178 3149 (25,
2212 3096 2265 3149 q.
2297 3081 2350 3145 5,
2410 3097 2459 3135 c.
2512 3081 2771 3136 Pervenit
2801 3081 2870 3136 ad
2904 3082 3049 3153 nos.)
3082 3082 3352 3137 Pervenit
3418 3083 3487 3138 ad
3544 3100 3651 3140 nos

1996 3170 2147 3237 quod
2182 3169 2470 3238 quosdam
2504 3170 2905 3226 incantatores
2937 3175 3113 3242 atque
3134 3171 3445 3243 sortilegos
3465 3172 3644 3228 fueris

1992 3257 2314 3313 insecutus.
2342 3255 2408 3312 Et
2428 3258 2666 3314 omnino
2695 3259 2868 3314 nobis
2890 3259 3348 3315 sollicitudinem
3372 3259 3521 3315 hanc
3552 3278 3644 3316 ze-

1991 3344 2048 3400 lu
2060 3363 2233 3417 mque
2262 3351 2429 3401 tuum
2452 3353 2685 3418 gratum
2710 3348 2893 3404 fuisse
2911 3365 3249 3420 cognoscas;
3277 3350 3378 3404 sed
3400 3348 3645 3405 moleste

1990 3432 2260 3500 tulimus,
2302 3435 2455 3503 quod
2505 3440 2560 3489 te
2592 3435 2882 3504 dubitare,
2916 3452 2985 3490 ne
3017 3437 3089 3491 ab
3120 3435 3203 3490 eis
3235 3436 3404 3491 nobis
3436 3449 3641 3493 contra

1990 3522 2408 3593 experientiam
2469 3526 2635 3577 tuam
2686 3523 2911 3591 subripi
2958 3523 3266 3595 potuisset,
3298 3524 3637 3600 didicimus,

1989 3626 2118 3664 cum
2152 3615 2346 3665 certus
2377 3627 2506 3665 esse
2530 3628 2595 3665 ac
2621 3612 2769 3666 scire
2792 3612 3063 3667 debueris
3086 3612 3193 3667 hoc
3212 3612 3318 3668 tibi
3350 3614 3505 3684 apud
3529 3630 3637 3669 nos

1993 3699 2064 3753 ad
2098 3700 2668 3754 commendationem
2710 3701 2897 3771 magis
2921 3702 3222 3771 proﬁcere,
3257 3717 3373 3756 non
3406 3703 3477 3755 ad
3512 3701 3639 3756 cul-

1992 3804 2127 3857 pam
2157 3786 2470 3853 ascribi;et
2511 3788 2639 3843 ideo
2697 3788 2876 3843 studii
2951 3790 3039 3843 tui
3086 3789 3164 3843 sit
3212 3788 3459 3843 sollicite
3482 3806 3639 3860 quee-

1991 3891 2137 3941 rere,
2172 3882 2228 3930 et
2279 3892 2667 3947 quoscunque
2713 3876 3002 3932 inveneris
3053 3876 3395 3947 hujusmodi
3427 3877 3640 3932 Christi

1990 3964 2285 4028 inimicos,
2316 3964 2400 4019 ita
2433 3966 2700 4019 districta
2734 3964 2956 4020 ultione
3005 3965 3315 4036 corrigere,
3352 3970 3417 4020 ut
3445 3970 3501 4020 et
3532 3982 3637 4020 nos

1991 4054 2061 4107 de
2090 4052 2445 4123 experientia
2502 4058 2601 4107 tua
2655 4052 2872 4108 melius
2904 4053 3201 4123 possimus
3232 4053 3447 4107 habere
3470 4053 3638 4122 judi-

1990 4139 2169 4208 cium,
2202 4145 2257 4194 et
2291 4141 2401 4195 Deo
2432 4145 2488 4194 te
2521 4144 2723 4195 nostro
2756 4141 2933 4211 (quod
2979 4141 3233 4196 maxime
3282 4140 3639 4196 studendum

1990 4230 2098 4299 est)
2128 4228 2321 4283 valeas
2353 4229 2791 4284 commendare.

1988 4342 2121 4414 CAP.
2156 4343 2245 4397 34.
2277 4372 2347 4383 -ο
2377 4345 2451 4397 De
2480 4343 2595 4397 illis
2624 4343 2720 4412 qui
2749 4344 2924 4397 ritum
2943 4358 3303 4414 paganorum
3327 4343 3635 4403 observant.

232 4425 421 4480 credit
454 4441 627 4497 posse
657 4425 828 4495 fiieri,
861 4429 962 4480 aut
1007 4424 1265 4495 aliquam
1313 4427 1641 4479 creaturam
1673 4424 1732 4478 in
1765 4439 1880 4477 me-

2060 4413 2144 4505 ἔξω
2169 4415 2724 4505 conc.nBracarensi,
2779 4430 2902 4485 cap.
2964 4413 3119 4485 67(c.
3169 4416 3259 4484 71,
3291 4432 3416 4487 syn.
3466 4415 3637 4473 εἶν-κε.

236 4512 356 4568 lius
384 4517 485 4567 aut
514 4513 575 4568 in
618 4512 876 4568 deterius
935 4511 1259 4577 immutari,
1319 4516 1419 4566 aut
1472 4511 1881 4567 transformari

234 4600 297 4655 in
350 4600 523 4656 aliam
570 4600 846 4672 speciem,
876 4597 965 4654 vel
1010 4599 1068 4653 in
1121 4597 1596 4665 similitudinem,
1648 4598 1764 4653 nisi
1814 4599 1884 4653 ab

234 4689 368 4761 ipso
405 4692 669 4744 Creatore
699 4688 799 4760 qui
833 4686 1030 4742 omnia
1060 4687 1216 4753 fecit,
1250 4691 1306 4742 et
1339 4704 1442 4758 per
1471 4703 1647 4758 quem
1690 4687 1887 4742 omnia

234 4778 392 4831 facta
424 4782 582 4847 sunt,
633 4775 835 4848 procul
884 4775 1063 4830 dubio
1114 4774 1372 4830 inﬁdelis
1420 4779 1530 4841 est,
1575 4782 1629 4829 et
1658 4790 1885 4846 pagano

234 4865 511 4921 deterior.

230 4997 368 5052 CAP.
400 4997 489 5051 3t.
524 5026 591 5037 -—
622 4998 696 5051 De
726 4996 1032 5052 cultoribus
1062 4996 1347 5050 arborum.
1378 4994 1463 5048 Ea:
1488 4994 1717 5064 registro
1756 4993 1887 5048 Gre-

302 5070 453 5136 gorii
479 5068 541 5138 (l.
566 5085 669 5136 vu,
701 5068 824 5123 ind.
860 5069 910 5136 1,
942 5083 1027 5138 ep.
1060 5068 1151 5136 20,
1176 5066 1246 5121 ad
1265 5066 1731 5138 Agnellumepisc.
1768 5065 1888 5120 Ter-

305 5138 555 5210 ratinae).

309 5252 579 5310 Pervenit
610 5254 681 5309 ad
733 5269 843 5309 nos
902 5253 1189 5323 quosdam
1222 5252 1404 5322 (quod
1437 5250 1553 5306 dici
1585 5250 1750 5305 nefas
1778 5251 1890 5319 est)

236 5342 480 5400 arbores
509 5340 719 5409 colere,
744 5345 802 5397 et
822 5340 1010 5397 multa
1030 5340 1146 5396 alia
1169 5344 1371 5395 contra
1410 5338 1804 5395 Christianam
1826 5338 1891 5391 {i-

2060 4484 2288 4539 Martim'
2316 4484 2593 4555 Bracar.).

2067 4599 2179 4669 (26,
2238 4614 2295 4669 q.
2351 4600 2407 4667 5,
2472 4615 2522 4653 ο.
2582 4599 2698 4654 Non
2748 4598 2956 4669 liceat.)
2987 4598 3045 4653 Si
3100 4599 3231 4669 quis
3280 4615 3641 4671 paganorum

1995 4686 2477 4743 consuetudinem
2526 4701 2777 4757 sequens
2830 4686 3057 4743 divinos
3104 4692 3161 4742 et
3207 4688 3513 4760 sortilegos
3545 4689 3641 4744 in-

1996 4777 2237 4831 domum
2291 4790 2457 4829 suam
2509 4773 2923 4839 introduxerit,
2954 4774 3127 4845 quasi
3178 4779 3242 4830 ut
3288 4775 3507 4831 malum
3556 4778 3641 4832 fo-

1995 4880 2090 4918 ras
2122 4862 2338 4929 mittat,
2370 4864 2472 4916 aut
2514 4860 2805 4918 maleﬁcia
2835 4862 3114 4930 inveniat,
3162 4862 3425 4934 quinque
3454 4880 3641 4920 annos

1995 4951 2289 5021 pceniteat.

1996 5065 2127 5120 CAP.
2161 5064 2249 5118 35.
2280 5093 2350 5104 —
2377 5064 2450 5119 De
2497 5064 2614 5118 illis
2660 5064 2757 5135 qui
2803 5066 3062 5133 auguriis
3108 5067 3158 5118 et
3204 5064 3642 5121 incantatoribus

2066 5135 2436 5189 subserviunt.
2461 5139 2547 5190 Ex
2576 5151 2725 5190 conc.
2749 5152 2807 5191 vr
2831 5137 3275 5204 Carthaginensi,
3315 5152 3436 5207 cap.
3467 5137 3555 5191 89.

2069 5250 2181 5321 (26,
2212 5266 2268 5320 q.
2300 5252 2358 5317 5,
2390 5267 2439 5305 c.
2472 5252 2777 5322 Auguriis.)
2806 5252 3083 5323 Auguriis
3112 5250 3201 5307 vel
3234 5250 3645 5306 incantationi-

1997 5338 2111 5393 bus
2153 5338 2502 5395 servientem
2534 5356 2569 5394 a
2607 5343 2892 5395 conventu
2937 5338 3203 5394 Ecclesiae
3247 5337 3641 5408 separandum

339 5511 465 5585 100)
496 5512 655 5569 Idem
686 5511 862 5570 refert
890 5514 947 5568 et
976 5512 1224 5583 August.
1256 5506 1358 5562 lib.
1392 5505 1473 5562 De
1504 5507 1714 5579 spiritu
1746 5511 1804 5563 st
1832 5505 2049 5573 anima,
2082 5521 2207 5579 cap.
2242 5509 2327 5565 18.
