3972 6064
365 235 475 291 ’755

1446 238 1512 287 D.
1553 235 1793 288 IVONIS
1827 232 2323 287 CARNOTENSIS
2361 235 2684 290 EPISCOPI

3677 231 3838 320 756"

366 357 766 425 decerminus;
799 355 1073 412 similiter
1109 359 1165 411 et
1193 353 1457 411 Judaiois
1497 354 2017 428 superstitionibus
2044 357 2099 424 Α
2129 372 2232 427 pro
2264 357 2438 413 domo
2483 357 2768 423 facienda,
2799 359 2854 411 et
2879 357 2950 411 ad
2985 355 3260 427 conjugis,
3286 353 3589 412 socianda.
3623 357 3795 411 Scri-

368 447 456 502 vel
489 447 651 504 feriis
683 446 1088 502 inhaerentem.

369 554 503 610 CAP.
557 554 646 609 36.
704 585 774 595 -—
831 555 903 609 De
959 552 1143 608 eadem
1200 569 1279 606 re.
1340 553 1422 606 Ex
1476 554 1864 610 Panilentiali
1923 555 2018 609 Ro-

1104 639 1284 678 mana.

445 713 554 779 Qui
602 713 868 785 auguriis
917 711 1004 766 vel
1053 711 1512 768 divinationibus
1556 713 1900 781 inserviunt,
1935 713 2018 769 vel

296 847 300 850 .
376 803 473 875 qui
510 803 693 858 credit
724 809 783 856 ut
816 799 995 870 aliqui
1029 799 1337 855 hominum
1362 800 1851 858 sintimmissores
1871 807 2019 858 tem-

373 896 691 965 pestatum,
723 889 808 945 vel
843 889 1041 959 siqua
1099 888 1312 944 mulier
1367 890 1756 947 divinationes
1803 892 1890 947 vel
1934 892 2018 946 in-

378 980 740 1037 cantationes
769 977 1089 1034 diabolicae
1121 978 1340 1050 fecerit,
1373 984 1599 1052 septem
1631 998 1817 1037 annos
1850 981 2026 1053 poeni-

376 1073 518 1125 teat.

553 1156 690 1211 CAP.
726 1156 811 1209 37.
848 1186 916 1196 -—
947 1157 1021 1211 De
1053 1156 1170 1211 illis
1202 1159 1298 1228 qui
1326 1159 1846 1230 sorteslobservant.

444 1245 698 1318 Auguria
729 1244 817 1300 vel
847 1249 1054 1310 sortes,
1105 1263 1232 1316 qua
1279 1246 1559 1304 dicuntur
1605 1248 1749 1304 false
1791 1253 2026 1305 sancto-

377 1351 534 1401 rum,
563 1333 652 1390 vel
684 1333 1074 1389 divinationes
1103 1335 1204 1404 qui
1250 1335 1706 1404 observaverint,
1747 1337 1837 1393 vel
1883 1354 2026 1409 qua-

379 1438 754 1494 rumcunque
787 1423 1239 1494 scripturarum,
1290 1423 1378 1480 vel
1411 1430 1608 1482 votum
1650 1427 1912 1482 voverint
1939 1427 2026 1482 vel

386 1511 774 1584 persolverint
830 1511 900 1565 ad
961 1512 1228 1566 arborem
1285 1511 1377 1566 vel
1426 1513 1496 1567 ad
1529 1513 1804 1584 lapidem.
1837 1514 1924 1570 vel
1957 1515 2027 1570 ad

382 1599 709 1672 quamlibet
773 1614 920 1668 rem,
981 1604 1219 1671 excepto
1277 1601 1346 1656 ad
1426 1601 1766 1669 Ecclesiam,
1825 1619 2029 1658 omnes

387 1688 988 1744 cxcommunicentur.
1051 1689 1110 1744 Si
1161 1690 1232 1744 ad
1294 1691 1693 1762 pmnitentiam
1742 1692 2009 1748 venerint

385 1776 584 1833 clerici
615 1793 800 1834 annos
834 1785 974 1846 tres,
1002 1777 1136 1833 laici
1171 1795 1354 1835 unum
1387 1784 1442 1835 et
1489 1780 1802 1836 dimidium
1851 1780 2034 1853 pinni-

393 1869 576 1922 teant.

389 1967 524 2042 CAP.
555 1968 645 2042 36.
678 1997 746 2008 ——
775 1968 1196 2042 Deexcidendis
1213 1971 1508 2026 arboribus
1537 1987 1671 2041 quas
1717 1973 1912 2042 vulgus
1938 1988 2036 2026 co-

460 2040 669 2181 lit.20123x
695 2040 927 2096 concilio
977 2042 1332 2109 Nannetensi,
1364 2059 1481 2114 cap.
1513 2040 1556 2097 8’
1595 2043 1714 2114 (sub
1762 2040 2033 2114 Formosa,

460 2125 502 2165 ο.
637 2151 651 2166 .

454 2125 502 2165 0.
534 2125 651 2166 ZU).

450 2201 692 2254 Summo
712 2199 906 2254 studio
923 2201 1217 2256 decertare
1239 2201 1454 2257 debent
1471 2202 1729 2274 episcopi
1754 2207 1809 2258 et
1831 2219 2034 2258 eorum

380 2285 664 2353 ministri,
698 2292 764 2343 ut
803 2289 1036 2344 arbores
1084 2290 1450 2345 daemonibus
1481 2297 1831 2347 consecrata;
1884 2309 2034 2363 quas

375 2374 590 2446 vulgus
617 2375 773 2446 colit,
800 2377 932 2432 etin
967 2382 1130 2434 tanta
1160 2380 1531 2434 veneratione
1568 2380 1764 2448 habet,
1823 2389 1886 2436 ut
1931 2397 2037 2436 nec

380 2479 612 2518 ramum
647 2464 733 2520 vel
765 2465 1066 2520 surculum
1101 2466 1236 2522 inde
1258 2469 1471 2523 audeat
1488 2469 2036 2540 amputare,radici-

377 2555 484 2607 tus
519 2553 864 2608 excidantur
887 2560 1061 2626 atque
1085 2557 1780 2629 comburantur.Lapides
1802 2575 2034 2630 quoque

391 2657 539 2713 quos
562 2641 620 2696 in
649 2642 907 2698 ruinosis
931 2642 1073 2699 locis
1099 2647 1155 2698 et
1176 2643 1543 2700 silvestribus
1577 2647 1907 2703 daemonum
1942 2647 2031 2702 lu-

385 2729 824 2786 diﬁcationibus
873 2731 1099 2803 decepti
1143 2737 1515 2799 venerantur,
1550 2733 1648 2788 ubi
1681 2741 1738 2790 et
1768 2740 1898 2791 vota
1928 2753 2029 2790 vo-

381 2822 518 2873 vent
537 2823 597 2874 et
625 2819 916 2887 deferunt,
948 2821 1212 2876 funditus
1235 2822 1606 2889 effodiantur,
1642 2829 1818 2894 atque
1847 2825 1904 2878 in
1931 2824 2029 2879 tali

381 2905 508 2961 loco
539 2906 945 2978 projiciantur,
980 2908 1080 2962 ubi
1131 2926 1433 2981 nunquam
1469 2927 1502 2966 a
1533 2911 1855 2968 cultoribus
1905 2914 2029 2968 suis

382 2995 646 3050 venerari
678 2996 925 3066 possint.
951 2997 1018 3051 Et
1034 2998 1311 3053 omnibus
1334 3001 1717 3055 annuntietur
1737 3007 2026 3072 quantum

2127 449 2292 516 ptum
2324 450 2414 501 est
2439 447 2596 502 enim
2632 465 2643 502 :
2681 447 2879 502 Omnia
2904 461 3248 518 quaecunque
3280 445 3471 515 facitis
3515 443 3576 498 in
3617 443 3795 500 verba

2127 537 2224 589 aut
2253 536 2312 590 in
2343 552 2524 607 apere,
2558 538 2618 591 in
2647 536 2866 592 nomine
2913 535 3139 591 Domini
3175 535 3351 591 nostri
3394 536 3524 590 Jesu
3573 533 3798 590 Christi

2125 623 2308 694 facite,
2329 627 2540 694 gratias
2565 628 2781 695 agentes
2811 627 2916 680 Deo
2947 625 3086 695 (Col.
3123 626 3224 694 ιιι).
3271 623 3329 679 Si
3393 624 3530 695 quis
3583 627 3791 678 autem

2127 711 2349 780 fecerit,
2383 715 2749 770 severissime
2780 714 3148 786 corripiatur,
3183 719 3241 768 et
3273 712 3550 768 canonice
3601 713 3795 783 paeni-

2127 805 2268 856 teat.

2130 888 2265 962 CAP._
2313 891 2390 944 il.
2419 921 2488 932 ——
2519 893 2594 962 De
2617 891 2968 947 mulierculis
2998 907 3116 962 qua
3145 891 3389 962 infantes
3417 905 3542 945 suos
3570 907 3671 961 pro
3699 907 3799 946 sa-

2203 960 2384 1036 nitate
2416 965 2469 1036 in
2501 960 2750 1036 fornace,
2781 971 2877 1019 aut
2905 960 3070 1035 super
3099 960 3295 1019 tectum
3322 967 3554 1036 ponunt.
3574 960 3666 1018 Ex
3681 980 3801 1034 pae-

2204 1034 2308 1087 nit.
2344 1034 2509 1089 [tedae
2523 1037 2856 1107 presbyteri.

2208 1120 2418 1177 Mulier
2448 1123 2497 1178 si
2529 1140 2647 1194 qua
2701 1124 2887 1179 ﬁlium
2920 1140 3096 1180 suum
3146 1124 3311 1194 ponit
3351 1138 3532 1195 super
3564 1126 3796 1178 tectum

2137 1216 2238 1265 aut
2293 1209 2352 1266 in
2412 1213 2710 1268 fornacem
2768 1229 2872 1285 pro
2929 1213 3183 1268 sanitate
3241 1212 3518 1280 febrium,
3561 1228 3794 1268 annum

2137 1315 2321 1354 unum
2355 1301 2652 1372 poeniteat.

2137 1404 2270 1459 CAP.
2303 1405 2391 1459 42.
2425 1437 2490 1447 —
2524 1406 2674 1474 Quod
2721 1423 2836 1461 non
2893 1407 3058 1463 liceat
3111 1407 3336 1477 iniquas
3385 1406 3799 1464 observationes

2208 1492 2378 1551 agere
2407 1480 2798 1551 Kalendarum.
2854 1479 2939 1533 Ea:
2991 1479 3217 1534 decretis
3268 1480 3511 1535 Martini
3549 1478 3796 1551 episcopi

2208 1551 2277 1616 (c.
2308 1549 2378 1603 73
2406 1565 2529 1619 syn.
2568 1549 2790 1621 Graec).

2209 1638 2322 1707 (26,
2354 1638 2500 1709 q.7,
2534 1655 2585 1694 c.
2635 1639 2753 1694 Non
2812 1639 2934 1694 licet
2987 1639 3252 1710 iniquas.)
3297 1637 3424 1694 Non
3483 1638 3621 1694 licet
3676 1639 3795 1692 ini-

2016 1734 2028 1758 ’
2064 1727 2110 1792 B
2143 1742 2289 1796 quas
2338 1727 2778 1782 observationes
2833 1742 3000 1797 agere
3061 1727 3482 1796 Kalendarum,
3540 1733 3598 1782 et
3654 1727 3794 1782 otiis

2142 1830 2384 1881 vacare,
2464 1831 2653 1887 neque
2727 1816 2892 1870 lauro
2967 1821 3071 1871 aut
3143 1815 3435 1872 viriditate
3509 1815 3796 1871 arborum

2144 1904 2376 1977 cingere
2433 1906 2660 1962 domos.
2721 1904 2927 1961 Omnis
2984 1905 3106 1961 haec
3152 1905 3478 1960 observatio
3534 1921 3799 1977 pagano-

2142 2011 2274 2049 rum
2307 1999 2417 2050 est.

2142 2101 2273 2156 CAP.
2308 2101 2394 2156 43.
2427 2131 2495 2140 ——
2529 2106 2610 2157 De
2639 2101 2756 2156 illis
2777 2102 2876 2171 qui
2903 2099 3172 2156 Kalendas
3198 2100 3461 2172 Januarii
3489 2103 3604 2156 ritu
3631 2117 3804 2172 paga-

2213 2188 2414 2228 norum
2461 2173 2639 2228 colere
2673 2176 3040 2241 praesumunt.
3093 2173 3175 2228 Ex
3225 2171 3464 2228 decretis
3505 2171 3802 2230 Zachariz

2208 2259 2394 2315 papae,
2424 2260 2550 2313 cap.
2587 2245 2673 2300 11.

2215 2333 2326 2401 (26,
2361 2350 2417 2404 q.
2450 2335 2505 2400 7,
2540 2349 2588 2388 c.
2640 2331 2702 2388 Si
2743 2333 2863 2404 quis
2918 2331 3242 2402 Kalendas.)
3293 2331 3353 2386 Si
3412 2332 3548 2404 quis
3586 2331 3802 2387 Kalen-

2147 2422 2250 2476 das
2281 2421 2546 2476 Januarii
2597 2422 2709 2475 ritu
2771 2437 3136 2492 paganorum
3195 2420 3385 2476 colere
3442 2420 3529 2476 vel
3571 2420 3798 2492 aliquid

2144 2508 2281 2580 plus
2314 2509 2444 2564 novi
2475 2509 2666 2564 facere
2697 2514 2934 2581 propter
2963 2525 3175 2564 novum
3209 2525 3456 2577 annum,
3491 2513 3593 2564 aut
3624 2525 3794 2564 men-

2142 2615 2235 2652 ses
2270 2597 2549 2669 [mensas,
2584 2597 2752 2664 Crat.)
2787 2615 2922 2652 cum
2953 2596 3328 2670 lampadibus
3375 2596 3463 2652 vel
3515 2597 3706 2669 epulis
3734 2597 3798 2652 in

2141 2686 2418 2741 domibus
2467 2687 2592 2741 suis
2655 2703 3002 2758 praeparare,
3036 2691 3093 2742 et
3133 2703 3232 2758 per
3269 2687 3427 2742 vicos
3467 2691 3522 2741 et
3568 2687 3800 2758 plateas

2141 2780 2407 2831 cantores
2441 2780 2497 2831 et
2527 2775 2735 2830 choros
2786 2776 2998 2829 ducere
3051 2775 3515 2846 prarsumpserit,
3548 2775 3798 2829 anathe-

2141 2879 2237 2919 ma
2266 2864 2362 2918 sit.

2138 2953 2272 3008 CAP.
2308 2953 2395 3008 44.
2430 2984 2498 2993 —
2529 2954 2604 3009 De
2634 2953 2819 3009 eadem
2849 2969 2930 3008 re.
2967 2953 3058 3078 Ea;3
3074 2952 3309 3008 concilio
3335 2952 3797 3021 Rothomagensi,

2859 3041 2978 3078 can.
3065 3065 3078 3078 .

2859 3041 2978 3094 cap.
3024 3041 3078 3078 δ.

383 3081 690 3184 δοθὶυοεξίί
720 3082 1071 3151 ίάοιοιδῖτίδι
1119 3090 1179 3184 ei:
1208 3087 1789 3184 qlilhtfwf’criemlm:
1813 3095 1867 3145 et
1906 3091 2039 3146 00m
2070 3095 2112 3161 C
2222 3113 2278 3166 Si
2364 3114 2499 3184 quis
2561 3115 2620 3168 in
2678 3081 2960 3168 Kalendis
3015 3112 3280 3168 Januarii
3314 3113 3534 3183 aliquid
3595 3112 3802 3168 fecerit

385 3171 555 3241 quasi
587 3171 770 3226 Deum
804 3188 979 3227 suum
1014 3177 1206 3245 negat,
1262 3175 1690 3232 Christianitati
1740 3179 2031 3234 abrenun-

380 3260 492 3314 tlat
522 3263 580 3314 et
609 3259 789 3316 talem
810 3261 1364 3332 pcenitentiaminde
1383 3265 1669 3336 suscipiat
1691 3268 1857 3337 quasi
1883 3269 2034 3325 idola

379 3347 715 3405 adorasset.
767 3348 1172 3422 Omnibusque
1211 3351 1596 3409 interdicatur
1623 3360 1686 3408 ut
1718 3355 1915 3413 nullus
1936 3374 2033 3412 vo-

385 3439 512 3492 tum
568 3438 762 3509 faciat,
792 3443 892 3494 aut
933 3439 1236 3496 candelam
1267 3441 1355 3497 vel
1387 3442 1623 3514 aliquod
1658 3460 1872 3500 munus
1929 3462 2032 3518 pro

391 3525 581 3582 salute
608 3543 717 3582 sua
739 3531 1051 3599 rogaturus
1077 3528 1214 3584 alibi
1243 3531 1606 3595 deferat,nisi
1634 3534 1702 3587 ad
1727 3533 2032 3590 ecclesiam

393 3615 638 3669 Domino
670 3615 785 3670 Deo
810 3633 935 3672 suo.
964 3617 1256 3690 Scriptum
1290 3625 1380 3675 est
1404 3621 1588 3676 enim:
1615 3622 1798 3678 Vovete
1826 3628 1881 3678 et
1910 3625 2036 3678 red-

391 3700 503 3757 dite
532 3702 756 3759 Domino
790 3708 900 3759 Deo
931 3707 1520 3778 vestro(Psal.Lxxv.).
1547 3709 1827 3766 Novimus
1857 3713 2036 3783 siqui-

393 3788 526 3844 dem
557 3796 780 3861 quanta
819 3792 1102 3850 Dominus
1134 3796 1375 3867 antiquo
1400 3799 1615 3869 populo
1648 3815 1751 3871 per
1780 3801 2033 3872 prOphe-

389 3880 484 3932 tas
515 3893 650 3934 suos
681 3880 941 3936 minatus
971 3885 1079 3949 est,
1107 3884 1207 3953 qui
1240 3884 1300 3940 in
1333 3884 1484 3942 lucis
1517 3888 1946 3956 sacriﬁcabant,
1979 3895 2035 3946 et

387 3964 448 4020 in
481 3965 722 4023 eoclesis
752 3968 1160 4038 immolabant,
1194 3971 1243 4028 si
1286 3973 1418 4044 quis
1450 3974 1570 4030 hac
1625 3979 2034 4049 transgressus

385 4053 578 4124 fuerit,
610 4055 776 4125 ﬁdem
803 4058 1078 4128 perdidit,
1107 4066 1158 4113 et
1185 4063 1263 4114 est
1292 4059 1521 4131 inﬁdeli
1553 4062 1793 4118 deterior
1822 4066 1866 4134 (ι
1898 4067 2032 4123 Tim.

383 4145 462 4211 v).
496 4146 564 4197 Et
593 4143 811 4201 idcirco
842 4144 1179 4202 omnimodo
1209 4164 1244 4203 a
1274 4153 1476 4204 sancta
1509 4149 1781 4208 Ecclesia:
1801 4169 2036 4210 consor-

388 4230 471 4286 tio
512 4231 918 4305 abscindatur,
949 4239 1007 4290 et
1027 4234 1142 4291 nisi
1186 4235 1362 4309 digne
1401 4239 1758 4312 poenituerit,
1790 4257 1907 4298 non
1940 4259 2032 4299 re-

388 4318 442 4389 οἱ
450 4319 664 4389 piatur.

393 4413 528 4469 CAP.
559 4415 650 4472 39.
681 4447 750 4459 -
783 4420 854 4474 De
909 4420 1026 4475 illis
1074 4421 1170 4491 qui
1220 4421 1564 4480 daemonibus
1610 4426 1924 4483 immolant.
1954 4425 2036 4482 Ea:

957 4493 1147 4559 pcenit.
1194 4493 1468 4550 Theodori.

465 4573 614 4629 Nam
645 4575 716 4630 de
745 4575 843 4632 his
875 4577 975 4648 qui
1007 4579 1369 4636 daemonibus
1416 4582 1727 4639 immolant
1754 4584 2038 4641 Theodori

395 4660 656 4734 episcopi
688 4665 1135 4723 constitutiones
1182 4668 1488 4737 habemus,
1520 4671 1578 4726 in
1634 4673 1848 4743 quibus
1891 4672 2035 4728 scri-

394 4753 562 4819 ptum
611 4756 746 4808 est:
787 4752 894 4816 Qui
951 4755 1260 4812 immolant
1315 4758 1620 4816 daemoniis
1658 4760 1716 4815 in
1750 4760 2034 4830 minimis,

390 4853 544 4895 anno
576 4855 692 4895 uno
717 4841 1064 4911 pasniteant;
1107 4844 1204 4915 qui
1233 4862 1367 4902 vero
1416 4847 1476 4902 in
1519 4848 1770 4920 magnis,
1811 4849 2035 4922 decem,

389 4941 578 4982 annos
599 4927 936 4997 pcsniteant.

387 5028 525 5085 CAP.
565 5031 755 5108 40._—
782 5034 858 5088 De
878 5034 991 5108 illis
1020 5035 1117 5108 qui
1147 5037 1468 5094 traditiones
1503 5041 1798 5108 gentilium
1849 5042 2032 5097 obser-

457 5109 608 5184 vant.
641 5104 727 5184 Ege
751 5105 981 5184 concilio
1010 5104 1360 5184 Bracarensi,
1396 5104 1522 5180 cap:
1565 5111 1634 5164 20
1685 5111 1755 5183 (c.
1794 5113 1865 5167 72
1906 5127 2028 5184 syn.

461 5171 629 5228 Graec.
662 5176 862 5229 Marii.
896 5177 1122 5231 Bracar.
1154 5171 1364 5248 episc.)'.

456 5260 568 5333 (26,
600 5277 657 5333 q.
685 5262 740 5329 5,
775 5278 825 5317 ο.
884 5266 1004 5320 Νοη
1062 5265 1225 5320 liceat
1283 5265 1654 5338 Christianis.)
1705 5267 1828 5324 Non
1861 5265 2034 5325 liceat

390 5347 739 5407 Christianis
760 5353 960 5406 tenere
975 5352 1320 5409 traditiones
1341 5353 1648 5424 gentilium
1678 5357 1735 5409 et
1757 5356 2028 5410 observa-

393 5451 476 5502 re,
510 5436 598 5494 vel
642 5437 831 5494 colere
865 5438 1172 5508 elementa,
1206 5446 1307 5497 aut
1334 5441 1560 5512 lunam,
1593 5446 1694 5498 aut
1723 5441 2029 5499 stellarum

396 5537 659 5595 cursum,
691 5524 998 5583 etinanem
1019 5526 1322 5600 signorum
1340 5527 1631 5585 fallaciam
1664 5531 2031 5587 considerare

2063 4457 2111 4523 D

2143 3202 2296 3271 quod
2332 3219 2364 3255 a
2397 3202 2606 3273 pagnis
2636 3203 2937 3257 inventum
2991 3208 3101 3267 est,
3151 3205 3208 3256 et
3259 3202 3383 3256 dies
3414 3202 3706 3272 observat,
3739 3207 3802 3256 et

2146 3306 2402 3357 menses,
2432 3297 2488 3345 et
2519 3290 2743 3360 lunam,
2776 3297 2835 3346 et
2863 3307 3066 3346 eorum
3099 3289 3361 3344 eﬁ‘ectiva
3393 3291 3659 3360 potentia
3689 3290 3797 3344 ali-

2143 3379 2281 3448 quid
2314 3385 2511 3451 sperat
2539 3380 2596 3434 iu
2630 3380 2843 3435 melius
2873 3384 2975 3436 aut
3003 3379 3063 3436 in
3093 3380 3352 3435 deterius
3383 3379 3525 3434 verti
3561 3379 3800 3435 anathe-

2145 3485 2242 3522 ma
2273 3469 2369 3523 sit.

2144 3558 2271 3612 CAP.
2309 3558 2395 3611 45.
2431 3587 2499 3597 —
2526 3558 2599 3612 De
2632 3557 2880 3613 bubulcis
2910 3555 3000 3612 vel
3027 3556 3380 3611 venatoribus
3409 3557 3508 3628 qui
3544 3572 3675 3611 suas
3701 3558 3796 3611 in-

2295 3629 2644 3684 cantationes
2673 3645 2924 3685 exercuer
2940 3630 3045 3684 int.
3075 3629 3157 3683 Eo:
3185 3629 3391 3683 eodem.
3424 3644 3552 3698 cap.
3586 3629 3639 3682 4.

2216 3717 2714 3772 Perscrutandum
2751 3723 2842 3773 est
2872 3717 2922 3773 si
2957 3717 3173 3787 aliquis
3201 3715 3486 3771 subulcus
3554 3715 3642 3770 vel
3683 3716 3797 3771 bu-

2144 3805 2354 3860 bulcus
2376 3805 2498 3860 sive
2517 3811 2776 3871 venator,
2794 3806 2882 3861 vel
2905 3806 3093 3861 caeteri
3119 3804 3465 3874 hujusmodi
3481 3805 3641 3859 dicat
3673 3804 3797 3860 dia-

2144 3894 2333 3949 bolica
2351 3895 2612 3949 carmina
2639 3909 2817 3965 super
2839 3910 3074 3965 panem,
3105 3897 3209 3948 aut
3229 3908 3409 3964 super
3430 3892 3666 3957 herbas,
3693 3898 3798 3947 aut

2143 3996 2319 4052 super
2339 3982 2604 4052 quaedam
2624 3981 2845 4037 nefaria
2866 3981 3208 4053 ligamenta,
3242 3986 3300 4036 et
3323 3981 3444 4035 haec
3467 3985 3572 4036 aut
3603 3980 3662 4035 in
3696 3998 3795 4036 ar-

2144 4071 2283 4125 bore
2314 4071 2656 4135 abscondat,
2687 4069 2870 4126 autin
2895 4070 3065 4136 bivio,
3090 4073 3192 4125 aut
3217 4069 3277 4123 in
3309 4069 3482 4125 trivio
3525 4069 3799 4141 projiciat

2144 4163 2210 4213 ut
2237 4175 2346 4213 sua
2375 4157 2653 4213 animalia
2688 4158 2868 4213 libere
2903 4174 2938 4213 a
2982 4162 3145 4230 peste
3177 4161 3233 4212 et
3261 4155 3428 4212 clade
3458 4160 3515 4212 et
3545 4155 3796 4213 alterius

2144 4247 2370 4319 perdat,
2405 4262 2531 4318 quae
2564 4247 2760 4302 omnia
2792 4246 3126 4302 idolatriam
3159 4262 3289 4302 esse
3319 4244 3466 4300 nulli
3524 4244 3791 4300 ﬁdelium

2144 4334 2390 4390 dubium
2453 4339 2562 4402 est,
2606 4339 2665 4391 et
2706 4335 2836 4391 ideo
2899 4349 3278 4407 summopere
3332 4338 3475 4390 sunt
3527 4334 3799 4389 extermi-

2143 4425 2357 4481 nanda.

2146 4529 2281 4584 CAP.
2315 4531 2404 4584 46.
2438 4560 2507 4571 —
2535 4530 2693 4597 Quod
2707 4546 2819 4585 non
2843 4530 3004 4586 liceat
3033 4530 3300 4585 mulieres
3326 4529 3680 4585 Christianas
3697 4544 3794 4584 va-

2216 4603 2416 4657 nitates
2446 4604 2509 4656 in
2534 4605 2650 4657 suis
2681 4601 2945 4672 laniﬁciis
2975 4602 3378 4656 observare.Ex
3421 4616 3571 4672 conc.
3605 4601 3792 4668 Brac.,

2218 4689 2333 4742 cap.
2359 4675 2420 4727 11
2454 4675 2600 4744 (cap.
2631 4675 2702 4728 75
2721 4671 2875 4744 syno.
2911 4672 3084 4729 Graec.
3108 4673 3297 4729 Marti.
3330 4671 3539 4742 Brac.).

2214 4762 2327 4828 (26,
2357 4777 2415 4830 q.
2445 4762 2502 4829 5,
2534 4777 2584 4816 c.
2624 4762 2743 4816 Non
2791 4762 2957 4816 liceat
2997 4759 3387 4832 Christianis.)
3446 4758 3574 4815 Non
3624 4758 3794 4815 liceat

2144 4848 2421 4904 mulieres
2449 4848 2808 4904 Christianas
2826 4850 3140 4905 vanitatem
3157 4849 3216 4903 in
3238 4849 3362 4905 suis
3391 4847 3676 4904 laniﬁciis
3692 4849 3789 4904 ob-

2143 4952 2397 5004 servare,
2428 4938 2529 4992 sed
2562 4941 2745 4992 Deum
2777 4938 3048 4993 invocent
3077 4937 3431 5008 adjutorem,
3457 4937 3562 5007 qui
3584 4935 3672 4992 eis
3701 4953 3790 4992 sa-

2142 5025 2424 5096 pientiam
2454 5026 2687 5080 texendi
2718 5026 2972 5081 donavit.

2140 5133 2274 5185 CAP.
2306 5130 2394 5184 47.
2425 5160 2494 5171 —-
2525 5130 2673 5196 Quod
2701 5147 2816 5187 non
2847 5132 3013 5186 liceat
3032 5133 3091 5186 in
3113 5130 3412 5186 herbarum
3447 5131 3789 5186 collectioni-

2213 5200 2736 5342 busylszcantationes
2766 5202 3025 5258 adhibere
3047 5244 3060 5259 .
3095 5203 3179 5257 Ex
3198 5202 3406 5269 eodem,
3427 5217 3552 5273 cap.
3575 5203 3642 5256 21
3671 5201 3788 5272 (ib.,

2213 5287 2257 5325 c.

2210 5287 2257 5325 6.

2212 5359 2325 5428 (26,
2356 5375 2413 5429 q.
2446 5358 2502 5426 5,
2534 5375 2585 5414 ο.
2616 5360 2735 5416 Non
2765 5359 2929 5418 liceat
2960 5360 3343 5433 Christianis.)
3385 5365 3512 5417 Non
3567 5359 3702 5416 licet
3730 5359 3788 5415 in

2139 5443 2485 5502 collectione
2506 5446 2822 5504 herbarum
2859 5449 3302 5506 medicinalium
3335 5448 3568 5519 aliquas
3588 5448 3787 5504 obser-

2136 5531 2397 5590 vationes
2417 5533 2503 5590 vel
2520 5532 2950 5594 incantatione
2963 5538 3265 5596 attendere
3281 5536 3786 5610 [obsarvare],nisi
