4002 6054
263 246 380 299 757

1090 242 1400 295 DECRETI
1440 242 1622 294 PARS
1656 243 1754 294 XI.
1786 268 1854 278 --
1896 243 1992 294 DE
2032 243 2684 306 INCANTATORIBUS,
2724 243 2878 296 ETC.

3588 235 3695 288 758

268 372 508 425 tantum
539 382 675 422 cum
708 362 983 437 Symbolo
1003 363 1281 431 divino,et
1302 364 1577 420 Oratione
1598 362 1923 433 Dominica,
1958 371 2007 432 Α
2040 370 2227 422 torem
2261 365 2595 420 daemonum
2628 366 2951 437 [invocator
2982 365 3070 417 est
3106 358 3575 426 dmmonum],vel
3599 358 3693 412 di-

272 468 335 513 ut
367 457 523 513 Deus
552 459 611 510 et
641 454 929 510 Dominus
953 458 1151 507 noster
1179 453 1519 508 honoratur.

272 547 407 603 CAP.
445 546 537 601 48.
568 576 637 583 -
668 544 737 597 De
767 542 885 597 illis
916 542 1011 611 qui
1039 541 1108 595 ad
1136 543 1312 611 fontes
1340 540 1424 595 vel
1469 541 1539 595 ad
1585 543 1807 596 arbores
1836 544 1924 611 fa-

343 618 505 673 culas
541 614 909 670 acccnderint.
962 615 1049 667 Ea:
1094 613 1302 683 eodem,
1352 629 1473 683 cap.
1505 613 1574 665 22
1625 618 1791 679 (conc.
1825 616 1928 668 Are

346 690 445 743 lat.
483 706 545 753 ιι,
579 704 624 742 c.
659 687 771 755 23).

298 778 301 779 ⁷
344 777 405 831 Si
437 776 495 831 in
531 774 785 845 alicujus
807 772 1125 844 presbyteri
1153 773 1402 843 parmcia
1426 772 1694 827 infideles
1726 776 1827 825 aut
1848 773 1930 826 fa-

273 864 440 920 culas
472 863 868 927 accenderint,
900 866 1002 915 aut
1034 862 1291 926 arbores,
1318 864 1417 915 aut
1452 860 1770 931 fontes,aut
1791 878 1931 915 saxa

269 958 651 1019 venerantur,
686 952 733 1006 si
762 951 871 1005 hoc
904 966 1106 1005 eruere
1138 950 1522 1021 neglexerint,
1558 950 1929 1021 sacrilegium

277 1059 341 1099 se
375 1042 583 1098 fecisse
616 1045 933 1112 cognoscat
982 1043 1376 1109 praesumptor
1406 1044 1507 1094 aut
1556 1038 1819 1095 hortator
1850 1040 1929 1095 rei

276 1131 557 1203 ipsius.Si
587 1129 927 1185 admonitus
959 1128 1070 1183 hoc
1101 1128 1412 1183 emendare
1445 1116 1756 1197 neglexerit
1778 1146 1931 1183 com-

278 1221 563 1276 munione
592 1217 905 1290 [sacrilegii
949 1234 1012 1273 se
1062 1234 1190 1272 esse
1235 1233 1399 1271 reum
1450 1232 1618 1285 cogn.
1660 1218 1929 1272 dominus

278 1314 473 1364 autem
497 1307 586 1363 vel
604 1307 907 1363 ordinator
930 1307 1009 1362 rei
1037 1306 1308 1377 ipsius.Si
1336 1306 1674 1361 admonitus
1696 1308 1927 1361 emend.

277 1399 553 1465 noluerit,
587 1402 644 1453 et
674 1413 721 1451 c.
755 1396 945 1467 orig.],
981 1395 1262 1467 privetur.

277 1491 417 1543 CAP.
450 1487 538 1541 49.
569 1516 638 1528 -
673 1487 737 1542 Ut
765 1484 1157 1539 vaticinatores
1186 1483 1312 1538 cmsi
1340 1483 1658 1554 ejiciantur.
1690 1484 1773 1537 Es:
1801 1499 1930 1538 con-

718 1557 854 1611 cilio
884 1555 1220 1623 Arelatensi,
1252 1572 1372 1625 cap.
1410 1556 1493 1609 11.

352 1645 785 1701 Vaticinatores
813 1644 910 1714 qui
948 1659 1008 1699 se
1043 1644 1239 1698 futura
1282 1644 1428 1699 scire
1462 1644 1666 1698 dicunt
1694 1644 1827 1698 cmsi
1860 1644 1930 1698 de

281 1735 514 1791 civitate
542 1734 873 1806 ejiciantur.

282 1824 420 1879 CAP.
453 1824 543 1878 50.
600 1853 669 1863 —-
728 1827 871 1879 Item
930 1822 995 1877 de
1050 1822 1395 1875 mulierculis
1448 1822 1932 1877 incantatricibus.

822 1897 901 1948 Ea:
933 1895 1133 1947 Pwnit.
1171 1899 1399 1948 Roman.

362 1982 574 2038 Mulier
589 1984 637 2037 si
656 1982 1048 2038 divinationes
1072 1981 1596 2037 velincantationes
1618 1981 1935 2037 diabolicas

285 2072 506 2143 fecerit,
542 2088 761 2127 annum
797 2088 981 2125 unum
1018 2073 1316 2143 paeniteat,
1340 2072 1421 2125 vel
1460 2078 1575 2126 tres
1607 2072 1933 2143 quadrage-

283 2162 489 2228 simas,
524 2160 611 2215 vel
645 2160 1033 2232 quadraginta
1055 2161 1200 2229 dies,
1231 2161 1553 2215 secundum
1588 2160 1933 2232 qualitatem

285 2250 510 2306 delicti.

280 2342 413 2393 CAP.
443 2338 532 2392 5|.
567 2369 636 2378 ——
669 2340 741 2393 De
774 2338 887 2393 illis
924 2340 1019 2408 qui
1052 2337 1384 2392 mandarunt
1433 2342 1529 2393 aut
1581 2340 1791 2407 bibunt,
1842 2345 1938 2393 aut

352 2413 575 2480 portant
604 2426 771 2480 super
789 2426 845 2464 se
863 2409 1077 2480 aliquid
1108 2410 1177 2464 ad
1196 2412 1295 2464 Dei
1315 2409 1594 2479 judicium
1622 2411 1810 2465 subver
1826 2414 1936 2463 ten-

357 2482 507 2535 dum.
543 2483 642 2535 Ex.
674 2497 824 2537 conc.
860 2483 1225 2551 Triburiensi,
1257 2496 1378 2549 cap.
1414 2482 1464 2535 4.

356 2569 417 2624 Si
449 2569 583 2641 quis
618 2570 955 2638 manducet,
988 2575 1089 2625 aut
1122 2569 1292 2635 bibit,
1326 2573 1427 2623 aut
1459 2573 1648 2640 portat
1677 2586 1853 2640 super
1875 2585 1938 2624 se

290 2658 445 2713 unde
476 2658 773 2713 existimat
805 2658 900 2712 Dei
928 2658 1219 2728 judicium
1278 2664 1608 2728 pervertere
1657 2674 1849 2728 posse,
1882 2662 1939 2713 et

291 2747 923 2818 exindecomprobatus
949 2747 1353 2813 fuerit,eadem
1386 2748 1676 2801 sententia
1699 2747 1940 2802 feriatur

291 2851 410 2907 qua
443 2836 597 2907 magi
629 2841 685 2889 et
726 2834 937 2890 harioli
968 2842 1024 2890 et
1053 2836 1451 2890 incantatores
1484 2837 1794 2890 feriuntur.

292 2923 428 2979 CAP.
460 2925 625 2979 52.—
658 2926 728 2978 De
758 2924 875 2978 illis
897 2926 993 2994 qui
1026 2924 1083 2977 in
1109 2924 1325 2978 tabulis
1356 2926 1525 2978 autin
1555 2925 1833 2981 codicibus
1853 2928 1939 2996 fu-

502 3000 631 3049 tura
660 3000 971 3065 requirunt.
1004 2997 1085 3050 Ea:
1114 2996 1445 3051 Pcenilentia
1470 2996 1746 3051 Theodori.

2039 454 2205 509 vinos
2237 471 2386 525 quos
2412 453 2668 509 hariolos
2690 450 3102 523 appellant,vel
3131 448 3429 517 arus;iices
3463 448 3562 519 qui
3585 464 3687 503 au-

2039 546 2208 616 guria
2239 544 2548 615 colligunt,
2579 542 2962 610 consuluerit,
2988 540 3180 595 clerici
3202 539 3273 593 ab
3303 538 3461 593 omni
3493 537 3686 593 officio

2042 634 2275 699 remoti,
2311 639 2430 688 tres
2463 649 2688 698 annos;
2722 630 2877 695 laici,
2911 631 3058 684 duos
3108 645 3293 683 annos
3347 626 3682 697 pmniteant.

2041 741 2178 795 CAP.
2211 742 2382 795 56.—-
2406 741 2480 793 De
2504 739 2621 793 illis
2653 739 2746 807 qui
2774 747 3044 791 nocturna
3076 734 3349 803 sacriﬁcia
3378 732 3689 787 daemonum

2350 810 2771 866 celebraverint.
2802 810 2884 862 Ex
2914 810 3110 862 Paniit.
3147 809 3374 861 Roman.

2111 901 2457 971 Quicunque
2480 903 2766 953 nocturna
2780 896 3067 951 sacrificia
3089 897 3419 949 dmmonum
3432 892 3685 947 celebra-

2040 988 2341 1054 verint,vel
2372 985 3176 1042 incantationibusdarmones
3199 998 3549 1053 quacunque
3572 985 3693 1035 arte

2042 1081 2113 1134 ad
2142 1084 2273 1134 vota
2306 1094 2413 1132 sua
2445 1075 2971 1138 invitaverint,tres
2993 1090 3177 1128 annos
3207 1071 3545 1142 pmniteant.

2041 1190 2173 1242 CAP.
2210 1188 2303 1240 57.
2330 1216 2399 1226 —
2434 1187 2507 1239 De
2539 1184 2659 1238 illis
2707 1183 2804 1252 qui
2827 1183 2897 1235 ad
2941 1181 3183 1245 arbores,
3244 1175 3331 1232 vel
3388 1176 3458 1231 ad
3512 1178 3693 1252 [miles

2077 1258 2267 1328 aliqua
2300 1266 2420 1312 vota
2450 1248 2729 1311 noverint:
2757 1255 2838 1309 Ex
2865 1253 3101 1307 concilio
3129 1248 3646 1319 Agathensi,cap.5.

2117 1346 2608 1402 Perscrutandum
2643 1348 2754 1407 est,
2796 1342 2842 1396 si
2878 1340 3095 1411 aliquis
3134 1345 3266 1393 vota
3313 1337 3384 1391 ad
3428 1336 3688 1405 arbores,

2040 1436 2126 1491 vel
2159 1436 2229 1491 ad
2264 1435 2471 1501 fontes,
2508 1432 2595 1487 vel
2629 1433 2700 1486 ad
2732 1430 2954 1502 lapides
2985 1428 3264 1500 quosdam
3300 1427 3467 1497 quasi
3502 1425 3571 1479 ad
3606 1423 3690 1478 a1-

2040 1528 2188 1579 taria
2224 1524 2530 1592 faciat,aut
2563 1521 2641 1576 ibi
2674 1518 2978 1574 candelam
3010 1534 3112 1573 seu
3146 1515 3447 1587 quodlibet
3467 1529 3688 1568 munus

2039 1614 2279 1678 deferat,
2310 1611 2490 1667 veluti
2522 1610 2602 1666 ibi
2650 1609 2945 1681 quoddam
2996 1621 3216 1662 numen
3268 1604 3347 1661 sit
3396 1604 3551 1675 quod
3583 1602 3689 1657 bo-

2041 1719 2182 1757 num
2212 1706 2313 1756 aut
2340 1700 2562 1755 malum
2596 1698 2783 1769 possit
2815 1696 3046 1751 inferre.

2045 1812 2177 1863 CAP.
2210 1809 2297 1862 58.
2332 1837 2401 1849 --
2458 1808 2534 1862 De
2588 1806 2704 1861 illis
2750 1806 2845 1876 qui
2897 1801 3111 1876 quando
3171 1803 3303 1855 luna
3360 1799 3689 1876 obscuratur

2114 1881 2378 1935 clamores
2434 1894 2555 1934 suos
2607 1887 2656 1933 et
2710 1871 2991 1945 maleﬁcia
3046 1891 3151 1929 sua
3202 1872 3572 1928 exercuerim.
3605 1871 3688 1923 Ea:

2112 1967 2260 2007 conc.
2293 1951 2625 2017 Arelatensi,
2656 1964 2772 2019 cap.
2804 1949 2856 2001 5.

2116 2040 2460 2111 Quicunque
2491 2036 2858 2093 exercuerint
2889 2035 3009 2089 haec
3041 2032 3274 2104 quando
3303 2030 3444 2085 luna
3473 2029 3689 2085 obscu-

2044 2133 2225 2197 ratur,
2269 2133 2334 2183 ut
2380 2129 2481 2199 [et]
2536 2143 2671 2182 cum
2719 2124 3078 2191 clamoribus
3127 2120 3251 2176 suis
3300 2137 3333 2173 a
3383 2118 3689 2174 maleﬁciis

2045 2216 2373 2288 [maleficiis
2405 2216 2551 2289 suis]
2583 2219 2640 2270 et
2663 2212 2943 2282 sacrilego
2960 2228 3068 2265 usu
3101 2226 3162 2264 se
3194 2225 3364 2280 posse
3383 2206 3694 2262 defendere

2046 2308 2310 2373 credunt,
2344 2310 2400 2360 et
2430 2306 2767 2377 quicunque
2798 2303 3029 2357 divinos
3062 2295 3693 2371 praecantatores,phy-

2044 2394 2284 2450 lacteria
2316 2396 2491 2450 etiam
2515 2390 2914 2459 diabolica,vel
2948 2389 3311 2444 characteres
3344 2384 3687 2452 diabolicos,

2044 2483 2130 2538 vel
2160 2483 2483 2550 herbas,vel
2508 2481 2778 2537 succidos
2803 2479 2929 2535 suis
2948 2477 3033 2532 vel
3056 2476 3166 2532 sibi
3191 2474 3528 2546 impendere
3558 2477 3679 2526 ten-

2049 2576 2311 2641 taverint,
2343 2575 2430 2630 vel
2464 2574 2734 2645 quintam
2767 2572 2971 2627 feriam
3005 2569 3063 2622 in
3113 2568 3390 2621 honorem
3417 2563 3579 2618 Jovis
3601 2562 3692 2617 vel

2049 2665 2290 2719 Kalend.
2322 2663 2587 2719 Januarii
2622 2661 2943 2717 secundum
2989 2671 3275 2729 paganam
3317 2651 3696 2708 consuetudi-

2047 2768 2179 2807 nem
2211 2753 2499 2807 honorare
2532 2747 3029 2822 praesumpserint,
3065 2741 3387 2797 monachus
3410 2739 3692 2809 quinque,

2050 2841 2296 2896 clericus
2318 2845 2591 2911 quatuor,
2622 2837 2810 2892 laicus
2843 2836 2991 2890 duos
3025 2848 3209 2888 annos
3235 2830 3533 2901 poeniteat.

2048 2949 2183 3003 CAP.
2216 2950 2306 3002 59.
2340 2977 2407 2988 —-
2438 2950 2512 3002 De
2544 2949 2663 3001 illis
2701 2948 2797 3018 qui
2843 2945 3115 3018 vanitates
3162 2956 3291 2994 suas
3340 2955 3401 3018 in
3442 2934 3701 3018 leancubiis

2165 3022 2543 3075 exercuerint.
2580 3021 2665 3073 Ex:
2694 3010 2881 3072 eodem
2910 3014 3159 3081 concilio,
3186 3027 3309 3082 cap.
3346 3012 3379 3064 3
3410 3010 3579 3077 (102).

364 3085 422 3182 Ῑ,“
456 3083 673 3182 “Pu!”
704 3084 793 3139 vel
826 3084 1131 3182 °t’_di°i.b“§
1156 3086 1530 3182 “malum?
1548 3102 1662 3139 non
1694 3089 1834 3139 sunt
1857 3101 1937 3139 re”
1971 3101 2013 3166 C
2124 3111 2278 3165 Laici
2310 3111 2408 3182 qui
2443 3108 2719 3164 excubias
2744 3107 2964 3161 funeris
2993 3106 3468 3165 observant,cum
3498 3097 3700 3152 timore

291 3173 665 3244 quirenda,et
695 3178 757 3227 ut
780 3172 980 3227 nullus
1006 3172 1063 3226 in
1086 3174 1368 3228 Psalterio
1394 3174 1480 3229 vel
1513 3174 1569 3228 in
1604 3174 1938 3244 Evangelio,

286 3261 373 3316 vel
404 3262 463 3315 in
495 3260 628 3316 aliis
660 3262 833 3315 rebus
866 3262 1058 3316 sortiri
1083 3268 1529 3333 praesumatmec
1549 3262 1939 3318 divinationes

286 3350 515 3420 aliquas
548 3350 606 3404 in
640 3350 936 3420 aliquibus
968 3354 1142 3406 rebus
1174 3352 1502 3407 observare.
1539 3352 1701 3415 Quod
1729 3354 1777 3408 si
1801 3353 1943 3407 fece-

286 3439 381 3507 rit,
414 3438 806 3509 quadraginta
839 3440 963 3493 dies
999 3440 1301 3510 pmniteat.

290 3528 426 3584 CAP.
461 3528 550 3580 53.
580 3559 650 3567 —
672 3529 745 3582 De
772 3527 893 3582 illis
934 3529 1198 3597 maleﬁcis
1245 3531 1341 3598 qui
1369 3538 1601 3595 sperant
1648 3545 1704 3583 se
1732 3539 1943 3585 mentes

387 3600 679 3654 hominum
705 3615 864 3670 posse
893 3610 1222 3667 pervertere.
1258 3601 1342 3653 Ea:
1382 3602 1581 3654 Pamit.
1616 3602 1841 3655 Roman.

364 3687 613 3743 Malefici
640 3688 725 3743 vel
758 3689 1175 3752 incantatores,
1208 3688 1293 3742 vel
1327 3688 1687 3743 immissores
1717 3693 1943 3759 tempe-

292 3780 541 3846 statum,
572 3776 660 3831 vel
691 3777 792 3847 qui
826 3795 926 3848 pcr
958 3777 1387 3832 invocationem
1413 3778 1744 3832 daemonum
1779 3792 1942 3831 men-

292 3867 381 3920 tes
411 3864 720 3920 hominum
752 3865 1120 3937 perturbant,
1144 3865 1625 3921 iinatbeniatizati
1659 3866 1943 3935 abjiciau-

293 3958 412 4009 tur.
444 3954 513 4009 Et
544 3954 592 4009 si
627 3956 940 4011 emendare
971 3955 1285 4025 voluerint,
1334 3955 1529 4011 clerici
1564 3959 1679 4011 tres
1733 3972 1941 4026 annos,

293 4042 425 4099 laici
463 4061 644 4098 unum
676 4061 892 4099 annum
928 4044 1267 4115 pmniteant.

292 4131 430 4186 CAP.
463 4132 554 4187 54.
599 4162 665 4172 —
722 4134 798 4187 De
848 4132 1037 4187 eadem
1091 4148 1169 4187 re.
1231 4134 1310 4187 Ea:
1354 4134 1583 4189 concilio
1631 4132 1941 4203 Agathensi,

925 4220 1044 4273 cap.
1076 4204 1105 4256 4
1138 4204 1309 4275 (101).

366 4291 831 4363 Perquirendum
873 4296 962 4347 est
993 4291 1043 4346 si
1075 4291 1275 4363 aliqua
1308 4292 1524 4347 femina
1575 4292 1651 4347 sit
1683 4308 1806 4363 quae
1841 4308 1943 4362 per

293 4379 461 4450 quzed
472 4395 563 4434 am
579 4379 871 4435 maleficia
884 4384 938 4435 et
953 4379 1385 4435 incantationes
1400 4384 1623 4434 mentes
1638 4380 1939 4435 hominum

2050 3202 2106 3253 et
2137 3204 2388 3253 tremore
2412 3202 2467 3252 et
2498 3194 2947 3252 reverentiaboc
2979 3187 3434 3247 faciant.Nullus
3454 3186 3534 3241 ibi
3557 3203 3701 3257 prae-

2050 3294 2248 3342 sumat
2277 3285 2570 3342 diabolica
2593 3285 2857 3340 carmina
2886 3286 3262 3349 cantare,non
3290 3278 3423 3346 joca
3453 3275 3704 3330 etsalta-

2050 3377 2238 3431 tiones
2272 3376 2482 3439 facere,
2515 3392 2639 3441 qua:
2670 3372 2880 3444 pagani
2913 3368 3148 3425 diabolo
3179 3367 3425 3422 docente
3455 3364 3699 3418 adiuve-

2052 3471 2287 3520 nerunt.
2321 3463 2459 3528 Quis
2488 3462 2642 3517 enim
2676 3462 2898 3516 nesciat
2927 3456 3283 3513 diabolicum
3315 3468 3467 3519 esse,
3499 3457 3556 3506 et
3587 3466 3703 3505 non

2053 3556 2242 3613 solum
2276 3573 2310 3609 a
2342 3553 2619 3622 religione
2665 3550 2997 3606 Christiana
3043 3548 3324 3615 alienum,
3375 3544 3474 3598 sed
3526 3543 3702 3597 etiam

2052 3645 2322 3699 humanae
2364 3649 2585 3696 natura
2635 3655 2764 3694 esse
2816 3637 3205 3704 contrarium,
3241 3635 3321 3689 ibi
3371 3631 3576 3696 laetari,
3610 3631 3699 3684 in-

2053 3732 2290 3797 ebriari,
2321 3736 2554 3784 cantare
2586 3734 2642 3783 et
2671 3726 2974 3782 cachinnis
3008 3743 3109 3780 ora
3158 3721 3424 3788 dissolvi,
3456 3726 3513 3775 et
3542 3718 3705 3774 omni

2053 3824 2231 3893 pitate
2261 3827 2320 3875 et
2349 3821 2559 3875 affectu
2594 3817 2897 3872 charitatis
2931 3815 3253 3887 postposito
3286 3810 3455 3882 quasi
3497 3811 3567 3864 de
3589 3809 3702 3863 fra-

2049 3916 2217 3966 terna
2249 3916 2431 3964 morte
2455 3906 2877 3970 exsultare,ubi
2910 3904 3106 3959 luctus
3131 3907 3188 3957 et
3206 3901 3479 3972 planctus
3502 3897 3706 3951 flebili-

2050 4003 2161 4056 bus
2194 3999 2508 4072 [tidelibus,
2543 4000 2696 4066 Vict.]
2720 3996 2972 4051 vocibus
2997 3995 3275 4049 debuerat
3308 4003 3580 4043 resonare
3602 4003 3705 4055 pro

2050 4090 2367 4146 amissione
2392 4087 2548 4142 chari
2575 4085 2772 4140 fratris
2794 4085 3037 4138 ?Patres
3060 4082 3106 4135 si
3134 4079 3371 4150 quidem
3396 4073 3622 4128 Veteris
3641 4090 3705 4127 ac

2050 4180 2189 4234 Novi
2223 4175 2578 4234 Testamenti
2618 4180 2830 4228 mortes
2876 4180 3211 4226 sanclorum
3264 4167 3521 4220 virorum
3556 4162 3705 4232 legi-

2051 4284 2183 4321 mus
2216 4266 2418 4320 multis
2450 4266 2507 4317 in
2543 4262 2688 4317 locis
2711 4276 2843 4315 cum
2868 4260 3006 4313 ﬂetu
3041 4256 3417 4327 deplorasse;
3453 4252 3509 4307 in
3544 4250 3704 4305 nullo

2050 4360 2243 4407 autem
2282 4354 2406 4407 loco
2439 4354 2538 4423 qui
2575 4368 2607 4404 a
2647 4348 2863 4403 saeculo
2908 4348 3297 4408 recesserant,
3348 4339 3696 4395 exsultasse.

295 4482 360 4522 se
392 4467 705 4524 immutare
735 4484 909 4541 posse
939 4469 1113 4539 dicat,
1146 4469 1205 4523 id
1238 4472 1325 4523 est
1357 4472 1419 4522 ut
1451 4470 1520 4523 de
1542 4469 1672 4524 odio
1704 4468 1760 4523 in
1783 4484 1933 4522 amo-

2054 4444 2193 4497 Nam
2221 4448 2279 4498 et
2307 4443 2484 4497 Jacob
2508 4437 2902 4511 patriarcham
2939 4435 3097 4490 flevit
3126 4437 3247 4488 tota
3292 4436 3580 4503 [Egyptus
3612 4445 3705 4482 se-

298 4572 443 4623 rem,
480 4561 580 4612 aut
629 4558 699 4612 de
740 4573 937 4613 amore
986 4557 1045 4612 in
1078 4557 1277 4613 odium
1328 4562 1651 4624 convertat,
1702 4562 1765 4612 ut
1800 4560 1936 4624 [aut,

301 4645 459 4715 Vict.]
490 4646 642 4703 bona
670 4647 976 4702 hominum
1010 4652 1111 4702 aut
1143 4648 1382 4702 damnet
1410 4652 1511 4701 aut
1542 4647 1850 4718 subripiat.
1876 4646 1945 4699 Et

296 4735 345 4788 si
380 4733 579 4805 aliqua
610 4741 699 4791 est
723 4753 851 4805 quae
882 4753 939 4790 se
975 4736 1130 4790 dicat
1158 4752 1292 4789 cum
1328 4736 1657 4790 daamonum
1691 4734 1941 4789 turbain

295 4823 749 4879 similitudinem
768 4825 1080 4879 mulierum
1094 4824 1564 4880 transformatam
1575 4824 1747 4879 certis
1762 4821 1944 4878 nocti-

294 4911 405 4966 bus
436 4913 767 4983 [nocturnis
796 4913 973 4981 horis]
1009 4912 1270 4984 equitare
1314 4930 1493 4983 super
1530 4912 1812 4982 quasdam
1849 4912 1942 4966 be-

293 5001 461 5069 stias,
504 5005 563 5055 et
614 5004 671 5056 in
716 5019 917 5057 eorum
965 5002 1259 5058 consortio
1312 5003 1760 5057 adnumeratam
1792 5017 1943 5065 esse,

292 5089 415 5144 hac
446 5089 586 5145 talis
627 5092 986 5147 omnimodis
1032 5092 1224 5164 scOpis
1275 5096 1536 5147 correcta
1582 5108 1651 5146 ex
1699 5089 1947 5163 parmcia

293 5176 589 5248 ejiciatur.

298 5271 434 5340 CAP.
465 5269 634 5323 55.—
658 5270 729 5325 De
758 5270 874 5324 illis
904 5272 999 5339 qui
1027 5270 1099 5324 ad
1129 5286 1255 5324 suas
1279 5272 1547 5326 vanitates
1574 5269 1946 5340 perﬁciendas

381 5339 657 5395 daemones
688 5341 964 5397 invocant.
999 5342 1081 5395 Ex
1110 5343 1306 5396 Pcenit.
1342 5342 1502 5399 Beda?
1527 5343 1857 5412 presbyteri.

369 5427 717 5501 Quicunque
747 5445 851 5502 pro
872 5428 1209 5484 curiositate
1232 5428 1562 5485 futurorum
1593 5429 1681 5484 vel
1715 5430 1943 5483 invoca-

376 5550 526 5623 (101)
554 5553 899 5609 Annectitur
928 5550 999 5608 ad
1031 5550 1270 5606 calcem.

2052 4529 2698 4604 ptuaginta'diebusEt
2729 4525 2946 4595 Joseph
2980 4529 3035 4578 et
3055 4524 3258 4579 fratres
3290 4523 3417 4591 ejus
3452 4535 3582 4573 cum
3608 4535 3703 4589 pa-

2051 4628 2198 4677 trem
2215 4618 2605 4674 deferrentint
2628 4622 2844 4671 terram
2874 4614 3146 4667 Chanaan
3174 4611 3243 4665 ad
3270 4608 3701 4680 sepeliendum,

2052 4712 2411 4766 celebrantes
2442 4705 2750 4777 exsequias
2782 4704 2851 4758 ad
2889 4719 3082 4758 aream
3114 4699 3317 4755 Athael
3351 4699 3473 4767 [al.,
3508 4697 3701 4767 Atad],

2053 4820 2179 4873 quae
2211 4801 2323 4855 sita
2354 4804 2443 4852 est
2475 4804 2639 4852 trans
2668 4793 3256 4863 Jordanem,planctu
3295 4805 3504 4861 magno
3529 4793 3703 4857 atque

2052 4888 2376 4945 vehementi
2404 4886 2800 4957 impleverunt
2823 4890 3045 4955 septem
3071 4882 3215 4936 dies.
3248 4882 3473 4934 Tantus
3506 4881 3702 4930 autem

2052 4978 2157 5032 l'uit
2193 4975 2466 5047 planctus
2490 4984 2554 5029 ut
2574 4973 2891 5029 locusinde
2916 4988 3130 5025 nomen
3159 4967 3445 5039 acceperit
3467 4964 3702 5036 (Ceam).

2050 5068 2203 5122 Etde
2226 5069 2394 5121 beato
2413 5066 2711 5136 Stephano
2729 5064 2982 5135 legimus
3002 5062 3155 5132 quod
3174 5058 3530 5129 sepelierunt
3546 5069 3705 5115 eum,

2054 5156 2173 5211 sive
2203 5164 2535 5209 curaverunt
2564 5156 2675 5209 viri
2703 5151 2978 5217 timorati,
3028 5154 3079 5205 el
3125 5150 3377 5219 fecerunt
3417 5145 3705 5214 planctum

2052 5260 2319 5312 magnum
2351 5261 2512 5315 super
2540 5260 2661 5298 eum
2694 5243 2828 5312 (Act.
2872 5240 3015 5308 VIII).
3050 5239 3117 5291 Et
3167 5237 3297 5289 ideo
3340 5232 3474 5287 talis
3504 5231 3705 5297 inepta

2052 5332 2258 5387 laetitia
2289 5340 2341 5386 et
2373 5334 2644 5402 pestifera
2676 5329 2904 5383 cantica
2933 5342 2999 5379 ex
3017 5324 3360 5377 auctoritate
3387 5318 3485 5372 Dei
3522 5317 3702 5368 inter-

2054 5422 2302 5477 dicenda
2333 5420 2557 5475 sunt.Si
2592 5418 2723 5490 quis
2756 5422 2950 5471 autem
2983 5417 3219 5467 cantare
3251 5407 3700 5474 desiderat.Ky-

2130 5549 2277 5619 (102)
2312 5545 2649 5602 Annectitur
2679 5558 2840 5599 conc.
2878 5556 2961 5594 ru.
2996 5535 3313 5593 Arelatens.
