  <div class='ocr_page' id='page_1' title='image "/cluster/home/n/w/nwhite01/storage/ocr_20150623/161/hvd.32044054760194/425.png"; bbox 0 0 3972 6064; ppageno 0'>
   <div class='ocr_carea' id='block_1_1' title="bbox 336 228 448 284">
    <p class='ocr_par' dir='ltr' id='par_1_1' title="bbox 336 228 448 284">
     <span class='ocr_line' id='line_1_1' title="bbox 336 228 448 284; baseline 0 -1"><span class='ocrx_word' id='word_1_1' title='bbox 336 228 448 284; x_wconf 82' lang='grc'>759</span> 
     </span>
    </p>
   </div>
   <div class='ocr_carea' id='block_1_2' title="bbox 1415 209 2652 274">
    <p class='ocr_par' dir='ltr' id='par_1_2' title="bbox 1415 209 2652 274">
     <span class='ocr_line' id='line_1_2' title="bbox 1415 209 2652 274; baseline -0.009 0"><span class='ocrx_word' id='word_1_2' title='bbox 1415 224 1483 274; x_wconf 93' lang='lat' dir='ltr'>D.</span> <span class='ocrx_word' id='word_1_3' title='bbox 1524 216 1764 273; x_wconf 84' lang='lat' dir='ltr'>IVONIS</span> <span class='ocrx_word' id='word_1_4' title='bbox 1798 211 2296 268; x_wconf 75' lang='lat' dir='ltr'>CARNOTENSIS</span> <span class='ocrx_word' id='word_1_5' title='bbox 2333 209 2652 266; x_wconf 83' lang='lat' dir='ltr'>EPISCOPI</span> 
     </span>
    </p>
   </div>
   <div class='ocr_carea' id='block_1_3' title="bbox 3643 206 3763 260">
    <p class='ocr_par' dir='ltr' id='par_1_3' title="bbox 3643 206 3763 260">
     <span class='ocr_line' id='line_1_3' title="bbox 3643 206 3763 260; baseline 0.017 -2"><span class='ocrx_word' id='word_1_6' title='bbox 3643 206 3763 260; x_wconf 86' lang='lat'>760</span> 
     </span>
    </p>
   </div>
   <div class='ocr_carea' id='block_1_4' title="bbox 332 329 3750 417">
    <p class='ocr_par' dir='ltr' id='par_1_4' title="bbox 332 329 3750 417">
     <span class='ocr_line' id='line_1_4' title="bbox 332 329 3750 417; baseline -0.007 -8"><span class='ocrx_word' id='word_1_7' title='bbox 332 352 416 409; x_wconf 81' lang='lat' dir='ltr'>rie</span> <span class='ocrx_word' id='word_1_8' title='bbox 447 347 665 405; x_wconf 89' lang='lat' dir='ltr'>eleison</span> <span class='ocrx_word' id='word_1_9' title='bbox 689 350 904 417; x_wconf 79' lang='lat' dir='ltr'>cantet;</span> <span class='ocrx_word' id='word_1_10' title='bbox 923 345 1014 401; x_wconf 91' lang='lat' dir='ltr'>sin</span> <span class='ocrx_word' id='word_1_11' title='bbox 1038 345 1209 401; x_wconf 80' lang='lat' dir='ltr'>aliter</span> <span class='ocrx_word' id='word_1_12' title='bbox 1228 338 1744 415; x_wconf 84' lang='lat' dir='ltr'>[autem],omnino</span> <span class='ocrx_word' id='word_1_13' title='bbox 1766 340 1977 390; x_wconf 90' lang='lat' dir='ltr'>taceat.</span> <span class='ocrx_word' id='word_1_14' title='bbox 2009 340 2066 406; x_wconf 73' lang='grc' dir='ltr'><strong>Α</strong></span> <span class='ocrx_word' id='word_1_15' title='bbox 2093 348 2271 403; x_wconf 88' lang='lat' dir='ltr'>quam</span> <span class='ocrx_word' id='word_1_16' title='bbox 2304 331 2524 386; x_wconf 84' lang='lat' dir='ltr'>mederi</span> <span class='ocrx_word' id='word_1_17' title='bbox 2548 349 2560 400; x_wconf 88' lang='lat'><strong>;</strong></span> <span class='ocrx_word' id='word_1_18' title='bbox 2590 332 2689 387; x_wconf 90' lang='lat' dir='ltr'>sed</span> <span class='ocrx_word' id='word_1_19' title='bbox 2724 331 2844 386; x_wconf 65' lang='lat' dir='ltr'>hinc</span> <span class='ocrx_word' id='word_1_20' title='bbox 2871 346 3001 386; x_wconf 88' lang='lat' dir='ltr'>esse</span> <span class='ocrx_word' id='word_1_21' title='bbox 3031 329 3271 402; x_wconf 81' lang='lat' dir='ltr'>laqueos</span> <span class='ocrx_word' id='word_1_22' title='bbox 3288 334 3345 385; x_wconf 87' lang='lat' dir='ltr'>et</span> <span class='ocrx_word' id='word_1_23' title='bbox 3363 329 3614 417; x_wconf 89' lang='lat' dir='ltr'>insidias</span> <span class='ocrx_word' id='word_1_24' title='bbox 3639 346 3750 384; x_wconf 88' lang='lat' dir='ltr'>an-</span> 
     </span>
    </p>
   </div>
   <div class='ocr_carea' id='block_1_5' title="bbox 329 426 1980 502">
    <p class='ocr_par' dir='ltr' id='par_1_5' title="bbox 329 426 1980 502">
     <span class='ocr_line' id='line_1_5' title="bbox 329 426 1980 502; baseline -0.01 -7"><span class='ocrx_word' id='word_1_25' title='bbox 329 440 430 495; x_wconf 89' lang='lat' dir='ltr'>Sin</span> <span class='ocrx_word' id='word_1_26' title='bbox 461 442 659 495; x_wconf 90' lang='lat' dir='ltr'>autem</span> <span class='ocrx_word' id='word_1_27' title='bbox 691 443 882 494; x_wconf 91' lang='lat' dir='ltr'>tacere</span> <span class='ocrx_word' id='word_1_28' title='bbox 914 453 1030 492; x_wconf 91' lang='lat' dir='ltr'>non</span> <span class='ocrx_word' id='word_1_29' title='bbox 1063 434 1270 500; x_wconf 89' lang='lat' dir='ltr'>vult,in</span> <span class='ocrx_word' id='word_1_30' title='bbox 1300 431 1558 488; x_wconf 89' lang='lat' dir='ltr'>crastino</span> <span class='ocrx_word' id='word_1_31' title='bbox 1581 447 1616 486; x_wconf 81' lang='lat' dir='ltr'>a</span> <span class='ocrx_word' id='word_1_32' title='bbox 1645 426 1980 502; x_wconf 82' lang='lat' dir='ltr'>presbytero</span> 
     </span>
    </p>
   </div>
   <div class='ocr_carea' id='block_1_6' title="bbox 329 522 1525 591">
    <p class='ocr_par' dir='ltr' id='par_1_6' title="bbox 329 522 1525 591">
     <span class='ocr_line' id='line_1_6' title="bbox 329 522 1525 591; baseline -0.01 -6"><span class='ocrx_word' id='word_1_33' title='bbox 329 528 528 585; x_wconf 84' lang='lat' dir='ltr'>taliter</span> <span class='ocrx_word' id='word_1_34' title='bbox 556 532 912 591; x_wconf 74' lang='lat' dir='ltr'>coercentur,</span> <span class='ocrx_word' id='word_1_35' title='bbox 944 531 1010 580; x_wconf 91' lang='lat' dir='ltr'>ut</span> <span class='ocrx_word' id='word_1_36' title='bbox 1035 523 1227 579; x_wconf 69' lang='lat' dir='ltr'>ceteri</span> <span class='ocrx_word' id='word_1_37' title='bbox 1259 522 1525 578; x_wconf 83' lang='lat' dir='ltr'>timeant.</span> 
     </span>
    </p>
   </div>
   <div class='ocr_carea' id='block_1_7' title="bbox 338 622 1983 694">
    <p class='ocr_par' dir='ltr' id='par_1_7' title="bbox 338 622 1983 694">
     <span class='ocr_line' id='line_1_7' title="bbox 338 622 1983 694; baseline -0.009 -3"><span class='ocrx_word' id='word_1_38' title='bbox 338 635 474 694; x_wconf 91' lang='lat' dir='ltr'><strong>CAP.</strong></span> <span class='ocrx_word' id='word_1_39' title='bbox 506 637 693 692; x_wconf 92' lang='lat'>60.—</span> <span class='ocrx_word' id='word_1_40' title='bbox 752 637 824 690; x_wconf 86' lang='lat' dir='ltr'>De</span> <span class='ocrx_word' id='word_1_41' title='bbox 880 632 1067 688; x_wconf 88' lang='lat' dir='ltr'>eadem</span> <span class='ocrx_word' id='word_1_42' title='bbox 1124 647 1202 684; x_wconf 86' lang='lat' dir='ltr'>re.</span> <span class='ocrx_word' id='word_1_43' title='bbox 1263 631 1354 683; x_wconf 69' lang='lat' dir='ltr'>Ea:</span> <span class='ocrx_word' id='word_1_44' title='bbox 1410 629 1644 684; x_wconf 87' lang='lat' dir='ltr'>concilio</span> <span class='ocrx_word' id='word_1_45' title='bbox 1703 622 1983 690; x_wconf 77' lang='lat' dir='ltr'>Meldensi,</span> 
     </span>
    </p>
   </div>
   <div class='ocr_carea' id='block_1_8' title="bbox 607 699 1724 776">
    <p class='ocr_par' dir='ltr' id='par_1_8' title="bbox 607 699 1724 776">
     <span class='ocr_line' id='line_1_8' title="bbox 607 699 1724 776; baseline -0.009 -14"><span class='ocrx_word' id='word_1_46' title='bbox 607 724 726 775; x_wconf 85' lang='lat' dir='ltr'>cap.</span> <span class='ocrx_word' id='word_1_47' title='bbox 767 708 830 759; x_wconf 78' lang='grc'>10</span> <span class='ocrx_word' id='word_1_48' title='bbox 862 706 935 776; x_wconf 88' lang='lat' dir='ltr'>(et</span> <span class='ocrx_word' id='word_1_49' title='bbox 965 718 1113 758; x_wconf 86' lang='lat' dir='ltr'>conc.</span> <span class='ocrx_word' id='word_1_50' title='bbox 1149 702 1428 770; x_wconf 84' lang='lat' dir='ltr'>Eliberit.,</span> <span class='ocrx_word' id='word_1_51' title='bbox 1460 717 1578 771; x_wconf 84' lang='lat' dir='ltr'>cap.</span> <span class='ocrx_word' id='word_1_52' title='bbox 1613 699 1724 769; x_wconf 80' lang='lat'>35).</span> 
     </span>
    </p>
   </div>
   <div class='ocr_carea' id='block_1_9' title="bbox 412 781 1987 867">
    <p class='ocr_par' dir='ltr' id='par_1_9' title="bbox 412 781 1987 867">
     <span class='ocr_line' id='line_1_9' title="bbox 412 781 1987 867; baseline -0.011 -15"><span class='ocrx_word' id='word_1_53' title='bbox 412 796 637 852; x_wconf 78' lang='lat' dir='ltr'>Placuit</span> <span class='ocrx_word' id='word_1_54' title='bbox 668 794 1062 867; x_wconf 89' lang='lat' dir='ltr'>prohiberi,ne</span> <span class='ocrx_word' id='word_1_55' title='bbox 1096 790 1325 845; x_wconf 80' lang='lat' dir='ltr'>feminas</span> <span class='ocrx_word' id='word_1_56' title='bbox 1348 790 1405 844; x_wconf 90' lang='lat' dir='ltr'>in</span> <span class='ocrx_word' id='word_1_57' title='bbox 1441 787 1770 844; x_wconf 78' lang='lat' dir='ltr'>ccemeterio</span> <span class='ocrx_word' id='word_1_58' title='bbox 1801 781 1987 855; x_wconf 89' lang='lat' dir='ltr'>pervi-</span> 
     </span>
    </p>
   </div>
   <div class='ocr_carea' id='block_1_10' title="bbox 339 875 1990 957">
    <p class='ocr_par' dir='ltr' id='par_1_10' title="bbox 339 875 1990 957">
     <span class='ocr_line' id='line_1_10' title="bbox 339 875 1990 957; baseline -0.007 -17"><span class='ocrx_word' id='word_1_59' title='bbox 339 885 542 957; x_wconf 87' lang='lat' dir='ltr'>gilent,</span> <span class='ocrx_word' id='word_1_60' title='bbox 583 899 649 938; x_wconf 94' lang='lat' dir='ltr'>eo</span> <span class='ocrx_word' id='word_1_61' title='bbox 681 882 838 953; x_wconf 90' lang='lat' dir='ltr'>quod</span> <span class='ocrx_word' id='word_1_62' title='bbox 873 897 1026 952; x_wconf 67' lang='lat' dir='ltr'>saepe</span> <span class='ocrx_word' id='word_1_63' title='bbox 1057 880 1166 936; x_wconf 88' lang='lat' dir='ltr'>sub</span> <span class='ocrx_word' id='word_1_64' title='bbox 1195 880 1438 935; x_wconf 89' lang='lat' dir='ltr'>obtentu</span> <span class='ocrx_word' id='word_1_65' title='bbox 1470 878 1751 934; x_wconf 90' lang='lat' dir='ltr'>orationis</span> <span class='ocrx_word' id='word_1_66' title='bbox 1781 880 1838 931; x_wconf 90' lang='lat' dir='ltr'>et</span> <span class='ocrx_word' id='word_1_67' title='bbox 1859 875 1990 930; x_wconf 90' lang='lat' dir='ltr'>reli-</span> 
     </span>
    </p>
   </div>
   <div class='ocr_carea' id='block_1_11' title="bbox 335 969 1512 1046">
    <p class='ocr_par' dir='ltr' id='par_1_11' title="bbox 335 969 1512 1046">
     <span class='ocr_line' id='line_1_11' title="bbox 335 969 1512 1046; baseline -0.004 -19"><span class='ocrx_word' id='word_1_68' title='bbox 335 973 547 1046; x_wconf 88' lang='lat' dir='ltr'>gionis,</span> <span class='ocrx_word' id='word_1_69' title='bbox 578 971 826 1027; x_wconf 82' lang='lat' dir='ltr'>latenter</span> <span class='ocrx_word' id='word_1_70' title='bbox 853 971 1078 1026; x_wconf 89' lang='lat' dir='ltr'>scelera</span> <span class='ocrx_word' id='word_1_71' title='bbox 1113 969 1512 1024; x_wconf 79' lang='lat' dir='ltr'>committant.</span> 
     </span>
    </p>
   </div>
   <div class='ocr_carea' id='block_1_12' title="bbox 337 1075 1985 1147">
    <p class='ocr_par' dir='ltr' id='par_1_12' title="bbox 337 1075 1985 1147">
     <span class='ocr_line' id='line_1_12' title="bbox 337 1075 1985 1147; baseline -0.004 -15"><span class='ocrx_word' id='word_1_72' title='bbox 337 1081 467 1134; x_wconf 92' lang='lat' dir='ltr'><strong>CAP.</strong></span> <span class='ocrx_word' id='word_1_73' title='bbox 499 1078 588 1133; x_wconf 87' lang='grc'>61.</span> <span class='ocrx_word' id='word_1_74' title='bbox 623 1109 692 1118; x_wconf 90' lang='grc'><strong><em>-</em></strong></span> <span class='ocrx_word' id='word_1_75' title='bbox 723 1083 802 1133; x_wconf 93' lang='lat' dir='ltr'>De</span> <span class='ocrx_word' id='word_1_76' title='bbox 823 1078 1090 1132; x_wconf 88' lang='lat' dir='ltr'>conviviis</span> <span class='ocrx_word' id='word_1_77' title='bbox 1120 1091 1240 1147; x_wconf 60' lang='lat' dir='ltr'>qua</span> <span class='ocrx_word' id='word_1_78' title='bbox 1271 1075 1410 1144; x_wconf 82' lang='lat' dir='ltr'>ﬁunt</span> <span class='ocrx_word' id='word_1_79' title='bbox 1455 1076 1582 1147; x_wconf 19' lang='lat' dir='ltr'>ritu;</span> <span class='ocrx_word' id='word_1_80' title='bbox 1614 1087 1985 1147; x_wconf 79' lang='lat' dir='ltr'>paganorum.</span> 
     </span>
    </p>
   </div>
   <div class='ocr_carea' id='block_1_13' title="bbox 463 1145 1861 1219">
    <p class='ocr_par' dir='ltr' id='par_1_13' title="bbox 463 1145 1861 1219">
     <span class='ocr_line' id='line_1_13' title="bbox 463 1145 1861 1219; baseline -0.005 -15"><span class='ocrx_word' id='word_1_81' title='bbox 463 1150 548 1204; x_wconf 74' lang='lat' dir='ltr'><em>Ex</em></span> <span class='ocrx_word' id='word_1_82' title='bbox 573 1151 806 1205; x_wconf 88' lang='lat' dir='ltr'>concilio</span> <span class='ocrx_word' id='word_1_83' title='bbox 832 1150 1114 1219; x_wconf 81' lang='lat' dir='ltr'>Africano,</span> <span class='ocrx_word' id='word_1_84' title='bbox 1133 1145 1265 1218; x_wconf 72' lang='lat' dir='ltr'>cap.</span> <span class='ocrx_word' id='word_1_85' title='bbox 1297 1148 1366 1200; x_wconf 84' lang='lat'>27</span> <span class='ocrx_word' id='word_1_86' title='bbox 1397 1147 1519 1218; x_wconf 90' lang='lat' dir='ltr'>(sub</span> <span class='ocrx_word' id='word_1_87' title='bbox 1551 1145 1762 1200; x_wconf 68' lang='lat' dir='ltr'>Caelest.</span> <span class='ocrx_word' id='word_1_88' title='bbox 1795 1145 1861 1214; x_wconf 87' lang='grc'>1).</span> 
     </span>
    </p>
   </div>
   <div class='ocr_carea' id='block_1_14' title="bbox 408 1235 1990 1310">
    <p class='ocr_par' dir='ltr' id='par_1_14' title="bbox 408 1235 1990 1310">
     <span class='ocr_line' id='line_1_14' title="bbox 408 1235 1990 1310; baseline -0.003 -20"><span class='ocrx_word' id='word_1_89' title='bbox 408 1235 559 1292; x_wconf 87' lang='lat' dir='ltr'>Illud</span> <span class='ocrx_word' id='word_1_90' title='bbox 589 1238 766 1292; x_wconf 88' lang='lat' dir='ltr'>etiam</span> <span class='ocrx_word' id='word_1_91' title='bbox 800 1238 1141 1310; x_wconf 88' lang='lat' dir='ltr'>petendum,</span> <span class='ocrx_word' id='word_1_92' title='bbox 1180 1240 1265 1304; x_wconf 91' lang='lat' dir='ltr'>ut,</span> <span class='ocrx_word' id='word_1_93' title='bbox 1301 1235 1578 1305; x_wconf 85' lang='lat' dir='ltr'>quoniam</span> <span class='ocrx_word' id='word_1_94' title='bbox 1611 1238 1814 1289; x_wconf 89' lang='lat' dir='ltr'>contra</span> <span class='ocrx_word' id='word_1_95' title='bbox 1844 1249 1990 1304; x_wconf 70' lang='lat' dir='ltr'>prs:-</span> 
     </span>
    </p>
   </div>
   <div class='ocr_carea' id='block_1_15' title="bbox 337 1323 1988 1396">
    <p class='ocr_par' dir='ltr' id='par_1_15' title="bbox 337 1323 1988 1396">
     <span class='ocr_line' id='line_1_15' title="bbox 337 1323 1988 1396; baseline -0.003 -17"><span class='ocrx_word' id='word_1_96' title='bbox 337 1328 508 1396; x_wconf 88' lang='lat' dir='ltr'>cepta</span> <span class='ocrx_word' id='word_1_97' title='bbox 541 1326 738 1382; x_wconf 93' lang='lat' dir='ltr'>divina</span> <span class='ocrx_word' id='word_1_98' title='bbox 769 1326 1030 1382; x_wconf 90' lang='lat' dir='ltr'>convivia</span> <span class='ocrx_word' id='word_1_99' title='bbox 1082 1323 1283 1380; x_wconf 91' lang='lat' dir='ltr'>multis</span> <span class='ocrx_word' id='word_1_100' title='bbox 1324 1325 1381 1378; x_wconf 91' lang='lat' dir='ltr'>in</span> <span class='ocrx_word' id='word_1_101' title='bbox 1435 1324 1579 1378; x_wconf 93' lang='lat' dir='ltr'>locis</span> <span class='ocrx_word' id='word_1_102' title='bbox 1627 1325 1988 1390; x_wconf 81' lang='lat' dir='ltr'>exercentur,</span> 
     </span>
    </p>
   </div>
   <div class='ocr_carea' id='block_1_16' title="bbox 340 1412 1992 1488">
    <p class='ocr_par' dir='ltr' id='par_1_16' title="bbox 340 1412 1992 1488">
     <span class='ocr_line' id='line_1_16' title="bbox 340 1412 1992 1488; baseline -0.002 -20"><span class='ocrx_word' id='word_1_103' title='bbox 340 1430 467 1485; x_wconf 61' lang='lat' dir='ltr'>qua</span> <span class='ocrx_word' id='word_1_104' title='bbox 498 1415 568 1470; x_wconf 92' lang='lat' dir='ltr'>ab</span> <span class='ocrx_word' id='word_1_105' title='bbox 600 1432 793 1472; x_wconf 89' lang='lat' dir='ltr'>errore</span> <span class='ocrx_word' id='word_1_106' title='bbox 823 1415 1026 1488; x_wconf 85' lang='lat' dir='ltr'>gentili</span> <span class='ocrx_word' id='word_1_107' title='bbox 1076 1418 1325 1469; x_wconf 89' lang='lat' dir='ltr'>attracta</span> <span class='ocrx_word' id='word_1_108' title='bbox 1353 1417 1493 1468; x_wconf 89' lang='lat' dir='ltr'>sunt</span> <span class='ocrx_word' id='word_1_109' title='bbox 1534 1412 1638 1482; x_wconf 88' lang='lat' dir='ltr'>(ita</span> <span class='ocrx_word' id='word_1_110' title='bbox 1676 1415 1742 1466; x_wconf 89' lang='lat' dir='ltr'>ut</span> <span class='ocrx_word' id='word_1_111' title='bbox 1775 1425 1927 1464; x_wconf 90' lang='lat' dir='ltr'>nunc</span> <span class='ocrx_word' id='word_1_112' title='bbox 1959 1426 1992 1464; x_wconf 91' lang='lat' dir='ltr'>a</span> 
     </span>
    </p>
   </div>
   <div class='ocr_carea' id='block_1_17' title="bbox 340 1503 1992 1577">
    <p class='ocr_par' dir='ltr' id='par_1_17' title="bbox 340 1503 1992 1577">
     <span class='ocr_line' id='line_1_17' title="bbox 340 1503 1992 1577; baseline -0.002 -18"><span class='ocrx_word' id='word_1_113' title='bbox 340 1506 586 1577; x_wconf 85' lang='lat' dir='ltr'>paganis</span> <span class='ocrx_word' id='word_1_114' title='bbox 617 1505 930 1562; x_wconf 89' lang='lat' dir='ltr'>Christiani</span> <span class='ocrx_word' id='word_1_115' title='bbox 965 1507 1035 1560; x_wconf 91' lang='lat' dir='ltr'>ad</span> <span class='ocrx_word' id='word_1_116' title='bbox 1069 1504 1190 1559; x_wconf 72' lang='lat' dir='ltr'>haec</span> <span class='ocrx_word' id='word_1_117' title='bbox 1222 1503 1572 1559; x_wconf 87' lang='lat' dir='ltr'>celebranda</span> <span class='ocrx_word' id='word_1_118' title='bbox 1605 1505 1908 1572; x_wconf 86' lang='lat' dir='ltr'>cogantur,</span> <span class='ocrx_word' id='word_1_119' title='bbox 1924 1516 1992 1555; x_wconf 87' lang='lat' dir='ltr'>ex</span> 
     </span>
    </p>
   </div>
   <div class='ocr_carea' id='block_1_18' title="bbox 342 1593 1991 1667">
    <p class='ocr_par' dir='ltr' id='par_1_18' title="bbox 342 1593 1991 1667">
     <span class='ocr_line' id='line_1_18' title="bbox 342 1593 1991 1667; baseline -0.002 -19"><span class='ocrx_word' id='word_1_120' title='bbox 342 1610 524 1665; x_wconf 90' lang='lat' dir='ltr'>quare</span> <span class='ocrx_word' id='word_1_121' title='bbox 538 1595 904 1667; x_wconf 85' lang='lat' dir='ltr'>temporibus</span> <span class='ocrx_word' id='word_1_122' title='bbox 927 1593 1394 1650; x_wconf 89' lang='lat' dir='ltr'>Christianorum</span> <span class='ocrx_word' id='word_1_123' title='bbox 1421 1593 1842 1664; x_wconf 84' lang='lat' dir='ltr'>imperatorum</span> <span class='ocrx_word' id='word_1_124' title='bbox 1867 1607 1991 1661; x_wconf 88' lang='lat' dir='ltr'>per-</span> 
     </span>
    </p>
   </div>
   <div class='ocr_carea' id='block_1_19' title="bbox 341 1678 1990 1752">
    <p class='ocr_par' dir='ltr' id='par_1_19' title="bbox 341 1678 1990 1752">
     <span class='ocr_line' id='line_1_19' title="bbox 341 1678 1990 1752; baseline -0.004 -14"><span class='ocrx_word' id='word_1_125' title='bbox 341 1682 562 1738; x_wconf 89' lang='lat' dir='ltr'>secutio</span> <span class='ocrx_word' id='word_1_126' title='bbox 594 1683 777 1740; x_wconf 89' lang='lat' dir='ltr'>altera</span> <span class='ocrx_word' id='word_1_127' title='bbox 807 1684 929 1738; x_wconf 83' lang='lat' dir='ltr'>fieri</span> <span class='ocrx_word' id='word_1_128' title='bbox 965 1682 1190 1738; x_wconf 89' lang='lat' dir='ltr'>occulte</span> <span class='ocrx_word' id='word_1_129' title='bbox 1211 1681 1498 1752; x_wconf 91' lang='lat' dir='ltr'>videatur)</span> <span class='ocrx_word' id='word_1_130' title='bbox 1528 1680 1706 1735; x_wconf 87' lang='lat' dir='ltr'>vetari</span> <span class='ocrx_word' id='word_1_131' title='bbox 1738 1678 1874 1733; x_wconf 85' lang='lat' dir='ltr'>talia</span> <span class='ocrx_word' id='word_1_132' title='bbox 1890 1681 1990 1748; x_wconf 86' lang='lat' dir='ltr'>ju-</span> 
     </span>
    </p>
   </div>
   <div class='ocr_carea' id='block_1_20' title="bbox 341 1767 1988 1840">
    <p class='ocr_par' dir='ltr' id='par_1_20' title="bbox 341 1767 1988 1840">
     <span class='ocr_line' id='line_1_20' title="bbox 341 1767 1988 1840; baseline -0.002 -16"><span class='ocrx_word' id='word_1_133' title='bbox 341 1770 538 1836; x_wconf 87' lang='lat' dir='ltr'>beant,</span> <span class='ocrx_word' id='word_1_134' title='bbox 571 1774 628 1824; x_wconf 85' lang='lat' dir='ltr'>st</span> <span class='ocrx_word' id='word_1_135' title='bbox 658 1773 728 1826; x_wconf 92' lang='lat' dir='ltr'>de</span> <span class='ocrx_word' id='word_1_136' title='bbox 760 1770 1093 1826; x_wconf 88' lang='lat' dir='ltr'>civitalibus</span> <span class='ocrx_word' id='word_1_137' title='bbox 1115 1775 1170 1824; x_wconf 91' lang='lat' dir='ltr'>et</span> <span class='ocrx_word' id='word_1_138' title='bbox 1210 1769 1280 1824; x_wconf 89' lang='lat' dir='ltr'>de</span> <span class='ocrx_word' id='word_1_139' title='bbox 1303 1767 1777 1840; x_wconf 83' lang='lat' dir='ltr'>possessionibus</span> <span class='ocrx_word' id='word_1_140' title='bbox 1801 1767 1988 1837; x_wconf 91' lang='lat' dir='ltr'>impo-</span> 
     </span>
    </p>
   </div>
   <div class='ocr_carea' id='block_1_21' title="bbox 343 1855 1991 1933">
    <p class='ocr_par' dir='ltr' id='par_1_21' title="bbox 343 1855 1991 1933">
     <span class='ocr_line' id='line_1_21' title="bbox 343 1855 1991 1933; baseline -0.004 -17"><span class='ocrx_word' id='word_1_141' title='bbox 343 1861 457 1916; x_wconf 90' lang='lat' dir='ltr'>sita</span> <span class='ocrx_word' id='word_1_142' title='bbox 489 1879 660 1933; x_wconf 85' lang='lat' dir='ltr'>poena</span> <span class='ocrx_word' id='word_1_143' title='bbox 690 1859 1008 1932; x_wconf 88' lang='lat' dir='ltr'>prohiberi,</span> <span class='ocrx_word' id='word_1_144' title='bbox 1041 1858 1296 1914; x_wconf 87' lang='lat' dir='ltr'>maxime</span> <span class='ocrx_word' id='word_1_145' title='bbox 1317 1875 1452 1913; x_wconf 90' lang='lat' dir='ltr'>cum</span> <span class='ocrx_word' id='word_1_146' title='bbox 1484 1859 1661 1912; x_wconf 90' lang='lat' dir='ltr'>etiam</span> <span class='ocrx_word' id='word_1_147' title='bbox 1695 1856 1751 1911; x_wconf 91' lang='lat' dir='ltr'>in</span> <span class='ocrx_word' id='word_1_148' title='bbox 1785 1855 1991 1911; x_wconf 87' lang='lat' dir='ltr'>natali-</span> 
     </span>
    </p>
   </div>
   <div class='ocr_carea' id='block_1_22' title="bbox 342 1944 1990 2020">
    <p class='ocr_par' dir='ltr' id='par_1_22' title="bbox 342 1944 1990 2020">
     <span class='ocr_line' id='line_1_22' title="bbox 342 1944 1990 2020; baseline -0.003 -16"><span class='ocrx_word' id='word_1_149' title='bbox 342 1950 453 2004; x_wconf 88' lang='lat' dir='ltr'>bus</span> <span class='ocrx_word' id='word_1_150' title='bbox 475 1950 952 2006; x_wconf 87' lang='lat' dir='ltr'>beatissimorum</span> <span class='ocrx_word' id='word_1_151' title='bbox 977 1953 1302 2020; x_wconf 85' lang='lat' dir='ltr'>martyrum</span> <span class='ocrx_word' id='word_1_152' title='bbox 1331 1963 1432 2019; x_wconf 88' lang='lat' dir='ltr'>per</span> <span class='ocrx_word' id='word_1_153' title='bbox 1458 1944 1772 2002; x_wconf 83' lang='lat' dir='ltr'>nonnullas</span> <span class='ocrx_word' id='word_1_154' title='bbox 1795 1945 1990 2000; x_wconf 88' lang='lat' dir='ltr'>civita-</span> 
     </span>
    </p>
   </div>
   <div class='ocr_carea' id='block_1_23' title="bbox 339 2035 1987 2109">
    <p class='ocr_par' dir='ltr' id='par_1_23' title="bbox 339 2035 1987 2109">
     <span class='ocr_line' id='line_1_23' title="bbox 339 2035 1987 2109; baseline -0.003 -17"><span class='ocrx_word' id='word_1_155' title='bbox 339 2042 428 2093; x_wconf 89' lang='lat' dir='ltr'>tes</span> <span class='ocrx_word' id='word_1_156' title='bbox 459 2042 514 2092; x_wconf 91' lang='lat' dir='ltr'>et</span> <span class='ocrx_word' id='word_1_157' title='bbox 545 2041 601 2093; x_wconf 90' lang='lat' dir='ltr'>et</span> <span class='ocrx_word' id='word_1_158' title='bbox 632 2039 690 2093; x_wconf 92' lang='lat' dir='ltr'>in</span> <span class='ocrx_word' id='word_1_159' title='bbox 729 2037 877 2109; x_wconf 89' lang='lat' dir='ltr'>ipsis</span> <span class='ocrx_word' id='word_1_160' title='bbox 934 2037 1078 2093; x_wconf 89' lang='lat' dir='ltr'>locis</span> <span class='ocrx_word' id='word_1_161' title='bbox 1108 2035 1249 2092; x_wconf 90' lang='lat' dir='ltr'>talia</span> <span class='ocrx_word' id='word_1_162' title='bbox 1304 2037 1672 2091; x_wconf 88' lang='lat' dir='ltr'>committere</span> <span class='ocrx_word' id='word_1_163' title='bbox 1721 2051 1836 2089; x_wconf 90' lang='lat' dir='ltr'>non</span> <span class='ocrx_word' id='word_1_164' title='bbox 1896 2049 1987 2088; x_wconf 87' lang='lat' dir='ltr'>re-</span> 
     </span>
    </p>
   </div>
   <div class='ocr_carea' id='block_1_24' title="bbox 341 2122 1990 2196">
    <p class='ocr_par' dir='ltr' id='par_1_24' title="bbox 341 2122 1990 2196">
     <span class='ocr_line' id='line_1_24' title="bbox 341 2122 1990 2196; baseline -0.003 -16"><span class='ocrx_word' id='word_1_165' title='bbox 341 2125 677 2182; x_wconf 87' lang='lat' dir='ltr'>formident.</span> <span class='ocrx_word' id='word_1_166' title='bbox 711 2127 930 2190; x_wconf 89' lang='lat' dir='ltr'>Quibus</span> <span class='ocrx_word' id='word_1_167' title='bbox 960 2126 1168 2182; x_wconf 88' lang='lat' dir='ltr'>diebus</span> <span class='ocrx_word' id='word_1_168' title='bbox 1198 2126 1374 2180; x_wconf 87' lang='lat' dir='ltr'>etiam</span> <span class='ocrx_word' id='word_1_169' title='bbox 1407 2125 1586 2196; x_wconf 92' lang='lat' dir='ltr'>(quod</span> <span class='ocrx_word' id='word_1_170' title='bbox 1633 2122 1876 2194; x_wconf 90' lang='lat' dir='ltr'>pudoris</span> <span class='ocrx_word' id='word_1_171' title='bbox 1899 2125 1990 2176; x_wconf 88' lang='lat' dir='ltr'>est</span> 
     </span>
    </p>
   </div>
   <div class='ocr_carea' id='block_1_25' title="bbox 252 2213 1988 2285">
    <p class='ocr_par' dir='ltr' id='par_1_25' title="bbox 252 2213 1988 2285">
     <span class='ocr_line' id='line_1_25' title="bbox 252 2213 1988 2285; baseline -0.002 -16"><span class='ocrx_word' id='word_1_172' title='bbox 252 2219 256 2222; x_wconf 70' lang='grc'>’</span> <span class='ocrx_word' id='word_1_173' title='bbox 339 2215 551 2284; x_wconf 78' lang='lat' dir='ltr'>dicere)</span> <span class='ocrx_word' id='word_1_174' title='bbox 591 2215 935 2272; x_wconf 88' lang='lat' dir='ltr'>saltationes</span> <span class='ocrx_word' id='word_1_175' title='bbox 966 2214 1460 2270; x_wconf 89' lang='lat' dir='ltr'>sceleratissimas</span> <span class='ocrx_word' id='word_1_176' title='bbox 1492 2229 1595 2285; x_wconf 90' lang='lat' dir='ltr'>per</span> <span class='ocrx_word' id='word_1_177' title='bbox 1622 2213 1780 2268; x_wconf 92' lang='lat' dir='ltr'>vicos</span> <span class='ocrx_word' id='word_1_178' title='bbox 1810 2218 1988 2282; x_wconf 89' lang='lat' dir='ltr'>atque</span> 
     </span>
    </p>
   </div>
   <div class='ocr_carea' id='block_1_26' title="bbox 337 2301 1985 2375">
    <p class='ocr_par' dir='ltr' id='par_1_26' title="bbox 337 2301 1985 2375">
     <span class='ocr_line' id='line_1_26' title="bbox 337 2301 1985 2375; baseline -0.003 -16"><span class='ocrx_word' id='word_1_179' title='bbox 337 2303 562 2375; x_wconf 89' lang='lat' dir='ltr'>plateas</span> <span class='ocrx_word' id='word_1_180' title='bbox 593 2311 916 2374; x_wconf 82' lang='lat' dir='ltr'>exerceant,</span> <span class='ocrx_word' id='word_1_181' title='bbox 949 2310 1012 2359; x_wconf 90' lang='lat' dir='ltr'>ut</span> <span class='ocrx_word' id='word_1_182' title='bbox 1045 2302 1390 2358; x_wconf 90' lang='lat' dir='ltr'>matronalis</span> <span class='ocrx_word' id='word_1_183' title='bbox 1420 2302 1608 2358; x_wconf 88' lang='lat' dir='ltr'>honor</span> <span class='ocrx_word' id='word_1_184' title='bbox 1635 2307 1692 2356; x_wconf 90' lang='lat' dir='ltr'>et</span> <span class='ocrx_word' id='word_1_185' title='bbox 1714 2301 1985 2356; x_wconf 87' lang='lat' dir='ltr'>innume-</span> 
     </span>
    </p>
   </div>
   <div class='ocr_carea' id='block_1_27' title="bbox 339 2390 1986 2464">
    <p class='ocr_par' dir='ltr' id='par_1_27' title="bbox 339 2390 1986 2464">
     <span class='ocr_line' id='line_1_27' title="bbox 339 2390 1986 2464; baseline -0.002 -16"><span class='ocrx_word' id='word_1_186' title='bbox 339 2393 616 2449; x_wconf 89' lang='lat' dir='ltr'>rabilium</span> <span class='ocrx_word' id='word_1_187' title='bbox 650 2395 1006 2450; x_wconf 81' lang='lat' dir='ltr'>feminarum</span> <span class='ocrx_word' id='word_1_188' title='bbox 1039 2394 1228 2464; x_wconf 90' lang='lat' dir='ltr'>pudor</span> <span class='ocrx_word' id='word_1_189' title='bbox 1268 2394 1470 2449; x_wconf 85' lang='lat' dir='ltr'>devote</span> <span class='ocrx_word' id='word_1_190' title='bbox 1520 2391 1877 2446; x_wconf 86' lang='lat' dir='ltr'>venientium</span> <span class='ocrx_word' id='word_1_191' title='bbox 1913 2390 1986 2444; x_wconf 90' lang='lat' dir='ltr'>ad</span> 
     </span>
    </p>
   </div>
   <div class='ocr_carea' id='block_1_28' title="bbox 337 2481 1985 2553">
    <p class='ocr_par' dir='ltr' id='par_1_28' title="bbox 337 2481 1985 2553">
     <span class='ocr_line' id='line_1_28' title="bbox 337 2481 1985 2553; baseline -0.002 -16"><span class='ocrx_word' id='word_1_192' title='bbox 337 2481 804 2538; x_wconf 86' lang='lat' dir='ltr'>sacratissimum</span> <span class='ocrx_word' id='word_1_193' title='bbox 837 2482 1258 2553; x_wconf 88' lang='lat' dir='ltr'>diem,injuriis</span> <span class='ocrx_word' id='word_1_194' title='bbox 1281 2481 1715 2537; x_wconf 88' lang='lat' dir='ltr'>lascivientium</span> <span class='ocrx_word' id='word_1_195' title='bbox 1749 2484 1985 2550; x_wconf 87' lang='lat' dir='ltr'>appeta-</span> 
     </span>
    </p>
   </div>
   <div class='ocr_carea' id='block_1_29' title="bbox 339 2567 1992 2644">
    <p class='ocr_par' dir='ltr' id='par_1_29' title="bbox 339 2567 1992 2644">
     <span class='ocr_line' id='line_1_29' title="bbox 339 2567 1992 2644; baseline -0.002 -19"><span class='ocrx_word' id='word_1_196' title='bbox 339 2574 530 2639; x_wconf 88' lang='lat' dir='ltr'>tur;ut</span> <span class='ocrx_word' id='word_1_197' title='bbox 558 2572 736 2628; x_wconf 89' lang='lat' dir='ltr'>etiam</span> <span class='ocrx_word' id='word_1_198' title='bbox 768 2571 957 2644; x_wconf 89' lang='lat' dir='ltr'>ipsius</span> <span class='ocrx_word' id='word_1_199' title='bbox 979 2575 1195 2626; x_wconf 65' lang='lat' dir='ltr'>sanctae</span> <span class='ocrx_word' id='word_1_200' title='bbox 1227 2570 1529 2643; x_wconf 85' lang='lat' dir='ltr'>religionis</span> <span class='ocrx_word' id='word_1_201' title='bbox 1562 2585 1710 2641; x_wconf 89' lang='lat' dir='ltr'>pene</span> <span class='ocrx_word' id='word_1_202' title='bbox 1729 2567 1992 2640; x_wconf 87' lang='lat' dir='ltr'>fugiatur</span> 
     </span>
    </p>
   </div>
   <div class='ocr_carea' id='block_1_30' title="bbox 338 2679 632 2719">
    <p class='ocr_par' dir='ltr' id='par_1_30' title="bbox 338 2679 632 2719">
     <span class='ocr_line' id='line_1_30' title="bbox 338 2679 632 2719; baseline 0.003 -2"><span class='ocrx_word' id='word_1_203' title='bbox 338 2679 632 2719; x_wconf 87' lang='lat' dir='ltr'>accessus.</span> 
     </span>
    </p>
   </div>
   <div class='ocr_carea' id='block_1_31' title="bbox 340 2759 1991 2830">
    <p class='ocr_par' dir='ltr' id='par_1_31' title="bbox 340 2759 1991 2830">
     <span class='ocr_line' id='line_1_31' title="bbox 340 2759 1991 2830; baseline 0.001 -18"><span class='ocrx_word' id='word_1_204' title='bbox 340 2760 474 2814; x_wconf 87' lang='lat' dir='ltr'><strong>CAP.</strong></span> <span class='ocrx_word' id='word_1_205' title='bbox 505 2761 598 2815; x_wconf 88' lang='lat'>62.</span> <span class='ocrx_word' id='word_1_206' title='bbox 631 2790 698 2800; x_wconf 89' lang='lat'>——</span> <span class='ocrx_word' id='word_1_207' title='bbox 729 2761 802 2815; x_wconf 88' lang='lat' dir='ltr'>De</span> <span class='ocrx_word' id='word_1_208' title='bbox 833 2761 1021 2816; x_wconf 88' lang='lat' dir='ltr'>eadem</span> <span class='ocrx_word' id='word_1_209' title='bbox 1066 2775 1144 2816; x_wconf 88' lang='lat' dir='ltr'>re.</span> <span class='ocrx_word' id='word_1_210' title='bbox 1179 2761 1264 2815; x_wconf 74' lang='lat' dir='ltr'>Ex</span> <span class='ocrx_word' id='word_1_211' title='bbox 1308 2759 1539 2816; x_wconf 78' lang='lat' dir='ltr'>decretis</span> <span class='ocrx_word' id='word_1_212' title='bbox 1587 2761 1784 2815; x_wconf 77' lang='lat' dir='ltr'>Leonis</span> <span class='ocrx_word' id='word_1_213' title='bbox 1827 2772 1991 2830; x_wconf 74' lang='lat' dir='ltr'>papae</span> 
     </span>
    </p>
   </div>
   <div class='ocr_carea' id='block_1_32' title="bbox 413 2831 1987 2974">
    <p class='ocr_par' dir='ltr' id='par_1_32' title="bbox 413 2831 1987 2974">
     <span class='ocr_line' id='line_1_32' title="bbox 415 2831 1987 2974; baseline -0.001 -88"><span class='ocrx_word' id='word_1_214' title='bbox 415 2831 522 2914; x_wconf 61' lang='grc' dir='ltr'>(θη.</span> <span class='ocrx_word' id='word_1_215' title='bbox 573 2833 644 2885; x_wconf 87' lang='grc'>92</span> <span class='ocrx_word' id='word_1_216' title='bbox 690 2831 888 2974; x_wconf 39' lang='lat' dir='ltr'>Ligeris</span> <span class='ocrx_word' id='word_1_217' title='bbox 940 2849 1074 2904; x_wconf 80' lang='lat' dir='ltr'>pop.</span> <span class='ocrx_word' id='word_1_218' title='bbox 1124 2832 1167 2902; x_wconf 86' lang='grc' dir='ltr'>Ι,</span> <span class='ocrx_word' id='word_1_219' title='bbox 1221 2831 1290 2887; x_wconf 83' lang='lat' dir='ltr'>ad</span> <span class='ocrx_word' id='word_1_220' title='bbox 1341 2833 1624 2888; x_wconf 74' lang='lat' dir='ltr'>Rusticum</span> <span class='ocrx_word' id='word_1_221' title='bbox 1677 2831 1987 2886; x_wconf 87' lang='lat' dir='ltr'>Narbonen.</span> 
     </span>
     <span class='ocr_line' id='line_1_33' title="bbox 413 2917 825 2973; baseline -0.002 -16"><span class='ocrx_word' id='word_1_222' title='bbox 413 2917 606 2973; x_wconf 77' lang='lat' dir='ltr'>episc.,</span> <span class='ocrx_word' id='word_1_223' title='bbox 635 2919 685 2957; x_wconf 91' lang='lat' dir='ltr'>c.</span> <span class='ocrx_word' id='word_1_224' title='bbox 813 2943 825 2956; x_wconf 95' lang='lat'><strong>.</strong></span> 
     </span>
    </p>
   </div>
   <div class='ocr_carea' id='block_1_33' title="bbox 409 2987 1988 3062">
    <p class='ocr_par' dir='ltr' id='par_1_33' title="bbox 409 2987 1988 3062">
     <span class='ocr_line' id='line_1_34' title="bbox 409 2987 1988 3062; baseline -0.001 -19"><span class='ocrx_word' id='word_1_225' title='bbox 409 2988 517 3052; x_wconf 90' lang='lat' dir='ltr'>Qui</span> <span class='ocrx_word' id='word_1_226' title='bbox 549 2988 810 3044; x_wconf 91' lang='lat' dir='ltr'>convivio</span> <span class='ocrx_word' id='word_1_227' title='bbox 834 2989 956 3045; x_wconf 90' lang='lat' dir='ltr'>solo</span> <span class='ocrx_word' id='word_1_228' title='bbox 981 2989 1376 3062; x_wconf 89' lang='lat' dir='ltr'>gentilium,et</span> <span class='ocrx_word' id='word_1_229' title='bbox 1404 2991 1554 3046; x_wconf 86' lang='lat' dir='ltr'>escis</span> <span class='ocrx_word' id='word_1_230' title='bbox 1587 2987 1988 3044; x_wconf 89' lang='lat' dir='ltr'>immolaticiis</span> 
     </span>
    </p>
   </div>
   <div class='ocr_carea' id='block_1_34' title="bbox 2093 413 3751 492">
    <p class='ocr_par' dir='ltr' id='par_1_34' title="bbox 2093 413 3751 492">
     <span class='ocr_line' id='line_1_35' title="bbox 2093 413 3751 492; baseline -0.001 -16"><span class='ocrx_word' id='word_1_231' title='bbox 2093 421 2244 492; x_wconf 89' lang='lat' dir='ltr'>tiqui</span> <span class='ocrx_word' id='word_1_232' title='bbox 2276 420 2484 487; x_wconf 89' lang='lat' dir='ltr'>hostis,</span> <span class='ocrx_word' id='word_1_233' title='bbox 2514 421 2732 492; x_wconf 91' lang='lat' dir='ltr'>quibus</span> <span class='ocrx_word' id='word_1_234' title='bbox 2764 419 2860 476; x_wconf 87' lang='lat' dir='ltr'>ille</span> <span class='ocrx_word' id='word_1_235' title='bbox 2891 419 3145 492; x_wconf 80' lang='lat' dir='ltr'>perfidus</span> <span class='ocrx_word' id='word_1_236' title='bbox 3175 435 3364 492; x_wconf 86' lang='lat' dir='ltr'>genus</span> <span class='ocrx_word' id='word_1_237' title='bbox 3411 413 3751 474; x_wconf 82' lang='lat' dir='ltr'>humanum</span> 
     </span>
    </p>
   </div>
   <div class='ocr_carea' id='block_1_35' title="bbox 2094 510 3754 584">
    <p class='ocr_par' dir='ltr' id='par_1_35' title="bbox 2094 510 3754 584">
     <span class='ocr_line' id='line_1_36' title="bbox 2094 510 3754 584; baseline -0.001 -17"><span class='ocrx_word' id='word_1_238' title='bbox 2094 513 2360 584; x_wconf 89' lang='lat' dir='ltr'>decipere</span> <span class='ocrx_word' id='word_1_239' title='bbox 2408 513 2656 580; x_wconf 88' lang='lat' dir='ltr'>nititur;</span> <span class='ocrx_word' id='word_1_240' title='bbox 2681 517 2738 567; x_wconf 91' lang='lat' dir='ltr'>et</span> <span class='ocrx_word' id='word_1_241' title='bbox 2759 513 2806 567; x_wconf 91' lang='lat' dir='ltr'>si</span> <span class='ocrx_word' id='word_1_242' title='bbox 2832 512 2964 584; x_wconf 90' lang='lat' dir='ltr'>quis</span> <span class='ocrx_word' id='word_1_243' title='bbox 2989 510 3754 581; x_wconf 70' lang='lat' dir='ltr'>haecexercuerit,clericus,</span> 
     </span>
    </p>
   </div>
   <div class='ocr_carea' id='block_1_36' title="bbox 2093 601 3306 671">
    <p class='ocr_par' dir='ltr' id='par_1_36' title="bbox 2093 601 3306 671">
     <span class='ocr_line' id='line_1_37' title="bbox 2093 601 3306 671; baseline 0.001 -16"><span class='ocrx_word' id='word_1_244' title='bbox 2093 602 2487 671; x_wconf 81' lang='lat' dir='ltr'>degradetur;</span> <span class='ocrx_word' id='word_1_245' title='bbox 2521 601 2728 668; x_wconf 90' lang='lat' dir='ltr'>laicus,</span> <span class='ocrx_word' id='word_1_246' title='bbox 2764 601 3306 657; x_wconf 85' lang='lat' dir='ltr'>anathematizetur.</span> 
     </span>
    </p>
   </div>
   <div class='ocr_carea' id='block_1_37' title="bbox 2093 688 3759 762">
    <p class='ocr_par' dir='ltr' id='par_1_37' title="bbox 2093 688 3759 762">
     <span class='ocr_line' id='line_1_38' title="bbox 2093 688 3759 762; baseline -0.001 -17"><span class='ocrx_word' id='word_1_247' title='bbox 2093 690 2226 745; x_wconf 90' lang='lat' dir='ltr'><strong>CAP.</strong></span> <span class='ocrx_word' id='word_1_248' title='bbox 2258 692 2348 744; x_wconf 91' lang='lat'>66.</span> <span class='ocrx_word' id='word_1_249' title='bbox 2378 721 2448 731; x_wconf 93' lang='lat'>—</span> <span class='ocrx_word' id='word_1_250' title='bbox 2479 692 2556 746; x_wconf 90' lang='lat' dir='ltr'>De</span> <span class='ocrx_word' id='word_1_251' title='bbox 2585 692 2703 746; x_wconf 86' lang='lat' dir='ltr'>illis</span> <span class='ocrx_word' id='word_1_252' title='bbox 2732 691 2832 762; x_wconf 87' lang='lat' dir='ltr'>qui</span> <span class='ocrx_word' id='word_1_253' title='bbox 2861 692 3110 746; x_wconf 82' lang='lat' dir='ltr'>salutem</span> <span class='ocrx_word' id='word_1_254' title='bbox 3140 706 3251 746; x_wconf 89' lang='lat' dir='ltr'>non</span> <span class='ocrx_word' id='word_1_255' title='bbox 3279 706 3315 744; x_wconf 89' lang='lat' dir='ltr'>a</span> <span class='ocrx_word' id='word_1_256' title='bbox 3343 688 3759 762; x_wconf 83' lang='lat' dir='ltr'>Saluatore,_sed</span> 
     </span>
    </p>
   </div>
   <div class='ocr_carea' id='block_1_38' title="bbox 2164 759 3755 834">
    <p class='ocr_par' dir='ltr' id='par_1_38' title="bbox 2164 759 3755 834">
     <span class='ocr_line' id='line_1_39' title="bbox 2164 759 3755 834; baseline 0 -19"><span class='ocrx_word' id='word_1_257' title='bbox 2164 763 2232 815; x_wconf 86' lang='lat' dir='ltr'>ab</span> <span class='ocrx_word' id='word_1_258' title='bbox 2261 765 2378 834; x_wconf 80' lang='lat' dir='ltr'>ejus</span> <span class='ocrx_word' id='word_1_259' title='bbox 2406 767 2671 818; x_wconf 81' lang='lat' dir='ltr'>creatura</span> <span class='ocrx_word' id='word_1_260' title='bbox 2701 759 3019 834; x_wconf 85' lang='lat' dir='ltr'>requirunt.</span> <span class='ocrx_word' id='word_1_261' title='bbox 3050 763 3280 831; x_wconf 78' lang='lat' dir='ltr'>August.</span> <span class='ocrx_word' id='word_1_262' title='bbox 3305 763 3365 816; x_wconf 88' lang='lat' dir='ltr'>in</span> <span class='ocrx_word' id='word_1_263' title='bbox 3395 761 3579 816; x_wconf 86' lang='lat' dir='ltr'>lib.De</span> <span class='ocrx_word' id='word_1_264' title='bbox 3597 759 3755 816; x_wconf 80' lang='lat' dir='ltr'>civit.</span> 
     </span>
    </p>
   </div>
   <div class='ocr_carea' id='block_1_39' title="bbox 2169 835 2284 888">
    <p class='ocr_par' dir='ltr' id='par_1_39' title="bbox 2169 835 2284 888">
     <span class='ocr_line' id='line_1_40' title="bbox 2169 835 2284 888; baseline 0 -1"><span class='ocrx_word' id='word_1_265' title='bbox 2169 835 2284 888; x_wconf 83' lang='lat' dir='ltr'>Dei.</span> 
     </span>
    </p>
   </div>
   <div class='ocr_carea' id='block_1_40' title="bbox 2171 920 3760 994">
    <p class='ocr_par' dir='ltr' id='par_1_40' title="bbox 2171 920 3760 994">
     <span class='ocr_line' id='line_1_41' title="bbox 2171 920 3760 994; baseline 0 -18"><span class='ocrx_word' id='word_1_266' title='bbox 2171 920 2360 976; x_wconf 83' lang='lat' dir='ltr'>Omnis</span> <span class='ocrx_word' id='word_1_267' title='bbox 2386 924 2661 994; x_wconf 79' lang='lat' dir='ltr'>sapientia</span> <span class='ocrx_word' id='word_1_268' title='bbox 2689 939 2723 977; x_wconf 91' lang='lat' dir='ltr'>a</span> <span class='ocrx_word' id='word_1_269' title='bbox 2752 923 2988 980; x_wconf 91' lang='lat' dir='ltr'>Domino</span> <span class='ocrx_word' id='word_1_270' title='bbox 3029 923 3138 979; x_wconf 90' lang='lat' dir='ltr'>Deo</span> <span class='ocrx_word' id='word_1_271' title='bbox 3168 926 3248 977; x_wconf 85' lang='lat' dir='ltr'>est</span> <span class='ocrx_word' id='word_1_272' title='bbox 3291 930 3343 977; x_wconf 89' lang='lat' dir='ltr'>et</span> <span class='ocrx_word' id='word_1_273' title='bbox 3387 924 3538 994; x_wconf 86' lang='lat' dir='ltr'>apud</span> <span class='ocrx_word' id='word_1_274' title='bbox 3582 921 3760 978; x_wconf 84' lang='lat' dir='ltr'>illum</span> 
     </span>
    </p>
   </div>
   <div class='ocr_carea' id='block_1_41' title="bbox 2095 1012 3756 1084">
    <p class='ocr_par' dir='ltr' id='par_1_41' title="bbox 2095 1012 3756 1084">
     <span class='ocr_line' id='line_1_42' title="bbox 2095 1012 3756 1084; baseline 0 -18"><span class='ocrx_word' id='word_1_275' title='bbox 2095 1014 2206 1083; x_wconf 78' lang='lat' dir='ltr'>[uit</span> <span class='ocrx_word' id='word_1_276' title='bbox 2234 1029 2465 1083; x_wconf 86' lang='lat' dir='ltr'>semper,</span> <span class='ocrx_word' id='word_1_277' title='bbox 2497 1023 2552 1068; x_wconf 89' lang='lat' dir='ltr'>et</span> <span class='ocrx_word' id='word_1_278' title='bbox 2580 1019 2658 1069; x_wconf 89' lang='lat' dir='ltr'>est</span> <span class='ocrx_word' id='word_1_279' title='bbox 2685 1018 2817 1069; x_wconf 86' lang='lat' dir='ltr'>ante</span> <span class='ocrx_word' id='word_1_280' title='bbox 2838 1029 3041 1071; x_wconf 69' lang='lat' dir='ltr'>aevum.</span> <span class='ocrx_word' id='word_1_281' title='bbox 3072 1015 3313 1069; x_wconf 81' lang='lat' dir='ltr'>Arenam</span> <span class='ocrx_word' id='word_1_282' title='bbox 3345 1012 3518 1068; x_wconf 85' lang='lat' dir='ltr'>maris</span> <span class='ocrx_word' id='word_1_283' title='bbox 3547 1021 3598 1069; x_wconf 89' lang='lat' dir='ltr'>et</span> <span class='ocrx_word' id='word_1_284' title='bbox 3618 1012 3756 1084; x_wconf 84' lang='lat' dir='ltr'>plu-</span> 
     </span>
    </p>
   </div>
   <div class='ocr_carea' id='block_1_42' title="bbox 2099 1102 3757 1176">
    <p class='ocr_par' dir='ltr' id='par_1_42' title="bbox 2099 1102 3757 1176">
     <span class='ocr_line' id='line_1_43' title="bbox 2099 1102 3757 1176; baseline -0.001 -18"><span class='ocrx_word' id='word_1_285' title='bbox 2099 1104 2201 1158; x_wconf 72' lang='lat' dir='ltr'>viae</span> <span class='ocrx_word' id='word_1_286' title='bbox 2228 1108 2429 1172; x_wconf 79' lang='lat' dir='ltr'>guttas,</span> <span class='ocrx_word' id='word_1_287' title='bbox 2462 1107 2513 1158; x_wconf 82' lang='lat' dir='ltr'>et</span> <span class='ocrx_word' id='word_1_288' title='bbox 2541 1105 2657 1159; x_wconf 87' lang='lat' dir='ltr'>dies</span> <span class='ocrx_word' id='word_1_289' title='bbox 2685 1103 2885 1160; x_wconf 70' lang='lat' dir='ltr'>saeculi</span> <span class='ocrx_word' id='word_1_290' title='bbox 2913 1105 3037 1176; x_wconf 90' lang='lat' dir='ltr'>quis</span> <span class='ocrx_word' id='word_1_291' title='bbox 3087 1102 3472 1158; x_wconf 83' lang='lat' dir='ltr'>dinumeravit</span> <span class='ocrx_word' id='word_1_292' title='bbox 3493 1102 3520 1158; x_wconf 82' lang='lat'><strong>?</strong></span> <span class='ocrx_word' id='word_1_293' title='bbox 3542 1103 3757 1158; x_wconf 82' lang='lat' dir='ltr'>Altitu-</span> 
     </span>
    </p>
   </div>
   <div class='ocr_carea' id='block_1_43' title="bbox 2097 1191 3759 1264">
    <p class='ocr_par' dir='ltr' id='par_1_43' title="bbox 2097 1191 3759 1264">
     <span class='ocr_line' id='line_1_44' title="bbox 2097 1191 3759 1264; baseline 0.001 -18"><span class='ocrx_word' id='word_1_294' title='bbox 2097 1191 2281 1247; x_wconf 82' lang='lat' dir='ltr'>dinem</span> <span class='ocrx_word' id='word_1_295' title='bbox 2307 1191 2440 1248; x_wconf 74' lang='lat' dir='ltr'>cati</span> <span class='ocrx_word' id='word_1_296' title='bbox 2458 1200 2508 1248; x_wconf 85' lang='lat' dir='ltr'>et</span> <span class='ocrx_word' id='word_1_297' title='bbox 2539 1193 2897 1248; x_wconf 85' lang='lat' dir='ltr'>latitudinem</span> <span class='ocrx_word' id='word_1_298' title='bbox 2919 1199 3096 1249; x_wconf 64' lang='lat' dir='ltr'>terra?</span> <span class='ocrx_word' id='word_1_299' title='bbox 3122 1201 3175 1248; x_wconf 88' lang='lat' dir='ltr'>et</span> <span class='ocrx_word' id='word_1_300' title='bbox 3189 1193 3537 1264; x_wconf 84' lang='lat' dir='ltr'>profundum</span> <span class='ocrx_word' id='word_1_301' title='bbox 3565 1191 3759 1264; x_wconf 79' lang='lat' dir='ltr'>abyssi</span> 
     </span>
    </p>
   </div>
   <div class='ocr_carea' id='block_1_44' title="bbox 2097 1281 3751 1354">
    <p class='ocr_par' dir='ltr' id='par_1_44' title="bbox 2097 1281 3751 1354">
     <span class='ocr_line' id='line_1_45' title="bbox 2097 1281 3751 1354; baseline 0.001 -19"><span class='ocrx_word' id='word_1_302' title='bbox 2097 1282 2220 1353; x_wconf 82' lang='lat' dir='ltr'>quis</span> <span class='ocrx_word' id='word_1_303' title='bbox 2252 1281 2530 1337; x_wconf 76' lang='lat' dir='ltr'>dimensus</span> <span class='ocrx_word' id='word_1_304' title='bbox 2546 1291 2625 1338; x_wconf 87' lang='lat' dir='ltr'>est</span> <span class='ocrx_word' id='word_1_305' title='bbox 2650 1286 2673 1338; x_wconf 74' lang='grc' dir='ltr'>Ρ</span> <span class='ocrx_word' id='word_1_306' title='bbox 2700 1283 3048 1354; x_wconf 81' lang='lat' dir='ltr'>Sapientiam</span> <span class='ocrx_word' id='word_1_307' title='bbox 3079 1284 3182 1338; x_wconf 91' lang='lat' dir='ltr'>Dei</span> <span class='ocrx_word' id='word_1_308' title='bbox 3205 1282 3608 1354; x_wconf 68' lang='lat' dir='ltr'>praecedentem</span> <span class='ocrx_word' id='word_1_309' title='bbox 3629 1298 3751 1337; x_wconf 89' lang='lat' dir='ltr'>om-</span> 
     </span>
    </p>
   </div>
   <div class='ocr_carea' id='block_1_45' title="bbox 2097 1369 3752 1438">
    <p class='ocr_par' dir='ltr' id='par_1_45' title="bbox 2097 1369 3752 1438">
     <span class='ocr_line' id='line_1_46' title="bbox 2097 1369 3752 1438; baseline 0.001 -16"><span class='ocrx_word' id='word_1_310' title='bbox 2097 1369 2196 1422; x_wconf 89' lang='lat' dir='ltr'>nia</span> <span class='ocrx_word' id='word_1_311' title='bbox 2219 1370 2344 1438; x_wconf 84' lang='lat' dir='ltr'>quis</span> <span class='ocrx_word' id='word_1_312' title='bbox 2375 1369 2773 1438; x_wconf 86' lang='lat' dir='ltr'>investigavit?</span> <span class='ocrx_word' id='word_1_313' title='bbox 2805 1371 2964 1425; x_wconf 79' lang='lat' dir='ltr'>Prior</span> <span class='ocrx_word' id='word_1_314' title='bbox 3010 1371 3262 1425; x_wconf 89' lang='lat' dir='ltr'>omnium</span> <span class='ocrx_word' id='word_1_315' title='bbox 3299 1378 3487 1424; x_wconf 83' lang='lat' dir='ltr'>creata</span> <span class='ocrx_word' id='word_1_316' title='bbox 3533 1377 3615 1424; x_wconf 88' lang='lat' dir='ltr'>est</span> <span class='ocrx_word' id='word_1_317' title='bbox 3659 1384 3752 1423; x_wconf 89' lang='lat' dir='ltr'>sa-</span> 
     </span>
    </p>
   </div>
   <div class='ocr_carea' id='block_1_46' title="bbox 2097 1456 3754 1529">
    <p class='ocr_par' dir='ltr' id='par_1_46' title="bbox 2097 1456 3754 1529">
     <span class='ocr_line' id='line_1_47' title="bbox 2097 1456 3754 1529; baseline 0.001 -19"><span class='ocrx_word' id='word_1_318' title='bbox 2097 1458 2338 1524; x_wconf 83' lang='lat' dir='ltr'>pientia,</span> <span class='ocrx_word' id='word_1_319' title='bbox 2369 1466 2420 1512; x_wconf 85' lang='lat' dir='ltr'>et</span> <span class='ocrx_word' id='word_1_320' title='bbox 2449 1457 2760 1513; x_wconf 81' lang='lat' dir='ltr'>intellectus</span> <span class='ocrx_word' id='word_1_321' title='bbox 2785 1458 3108 1528; x_wconf 68' lang='lat' dir='ltr'>prudentiae</span> <span class='ocrx_word' id='word_1_322' title='bbox 3129 1459 3194 1514; x_wconf 89' lang='lat' dir='ltr'>ab</span> <span class='ocrx_word' id='word_1_323' title='bbox 3223 1459 3511 1514; x_wconf 63' lang='lat' dir='ltr'>aevoj&#39;ons</span> <span class='ocrx_word' id='word_1_324' title='bbox 3531 1456 3754 1529; x_wconf 85' lang='lat' dir='ltr'>sapien-</span> 
     </span>
    </p>
   </div>
   <div class='ocr_carea' id='block_1_47' title="bbox 2099 1547 3752 1618">
    <p class='ocr_par' dir='ltr' id='par_1_47' title="bbox 2099 1547 3752 1618">
     <span class='ocr_line' id='line_1_48' title="bbox 2099 1547 3752 1618; baseline 0.001 -18"><span class='ocrx_word' id='word_1_325' title='bbox 2099 1547 2191 1600; x_wconf 60' lang='lat' dir='ltr'>tia</span> <span class='ocrx_word' id='word_1_326' title='bbox 2220 1549 2445 1602; x_wconf 86' lang='lat' dir='ltr'>verbum</span> <span class='ocrx_word' id='word_1_327' title='bbox 2472 1547 2569 1602; x_wconf 88' lang='lat' dir='ltr'>Dei</span> <span class='ocrx_word' id='word_1_328' title='bbox 2598 1550 2658 1602; x_wconf 91' lang='lat' dir='ltr'>in</span> <span class='ocrx_word' id='word_1_329' title='bbox 2685 1549 2937 1616; x_wconf 77' lang='lat' dir='ltr'>excelsis,</span> <span class='ocrx_word' id='word_1_330' title='bbox 2979 1558 3029 1604; x_wconf 90' lang='lat' dir='ltr'>et</span> <span class='ocrx_word' id='word_1_331' title='bbox 3068 1549 3352 1618; x_wconf 84' lang='lat' dir='ltr'>ingressus</span> <span class='ocrx_word' id='word_1_332' title='bbox 3400 1549 3557 1603; x_wconf 86' lang='lat' dir='ltr'>illius</span> <span class='ocrx_word' id='word_1_333' title='bbox 3587 1564 3752 1601; x_wconf 80' lang='lat' dir='ltr'>man-</span> 
     </span>
    </p>
   </div>
   <div class='ocr_carea' id='block_1_48' title="bbox 2100 1634 3753 1708">
    <p class='ocr_par' dir='ltr' id='par_1_48' title="bbox 2100 1634 3753 1708">
     <span class='ocr_line' id='line_1_49' title="bbox 2100 1634 3753 1708; baseline 0.001 -18"><span class='ocrx_word' id='word_1_334' title='bbox 2100 1634 2229 1690; x_wconf 85' lang='lat' dir='ltr'>data</span> <span class='ocrx_word' id='word_1_335' title='bbox 2257 1645 2465 1692; x_wconf 55' lang='lat' dir='ltr'>eterna</span> <span class='ocrx_word' id='word_1_336' title='bbox 2504 1637 2688 1704; x_wconf 76' lang='lat' dir='ltr'>(Eccli.</span> <span class='ocrx_word' id='word_1_337' title='bbox 2725 1638 2763 1708; x_wconf 84' lang='grc' dir='ltr'>ι)</span> <span class='ocrx_word' id='word_1_338' title='bbox 2813 1637 2924 1707; x_wconf 82' lang='lat'>(26,</span> <span class='ocrx_word' id='word_1_339' title='bbox 2958 1655 3009 1708; x_wconf 89' lang='lat' dir='ltr'>q.</span> <span class='ocrx_word' id='word_1_340' title='bbox 3061 1640 3114 1704; x_wconf 89' lang='grc'>2,</span> <span class='ocrx_word' id='word_1_341' title='bbox 3147 1654 3191 1692; x_wconf 89' lang='lat' dir='ltr'>c.</span> <span class='ocrx_word' id='word_1_342' title='bbox 3243 1638 3358 1708; x_wconf 86' lang='lat' dir='ltr'>Qui</span> <span class='ocrx_word' id='word_1_343' title='bbox 3401 1637 3524 1693; x_wconf 82' lang='lat' dir='ltr'>sine</span> <span class='ocrx_word' id='word_1_344' title='bbox 3554 1636 3753 1692; x_wconf 87' lang='lat' dir='ltr'>Salva-</span> 
     </span>
    </p>
   </div>
   <div class='ocr_carea' id='block_1_49' title="bbox 2021 1709 3749 1794">
    <p class='ocr_par' dir='ltr' id='par_1_49' title="bbox 2021 1709 3749 1794">
     <span class='ocr_line' id='line_1_50' title="bbox 2021 1709 3749 1794; baseline 0.003 -19"><span class='ocrx_word' id='word_1_345' title='bbox 2021 1709 2068 1774; x_wconf 89' lang='lat' dir='ltr'><strong>B</strong></span> <span class='ocrx_word' id='word_1_346' title='bbox 2098 1725 2370 1794; x_wconf 85' lang='lat' dir='ltr'>tore).Qui</span> <span class='ocrx_word' id='word_1_347' title='bbox 2403 1725 2556 1781; x_wconf 90' lang='lat' dir='ltr'>enim</span> <span class='ocrx_word' id='word_1_348' title='bbox 2589 1727 2718 1780; x_wconf 88' lang='lat' dir='ltr'>sine</span> <span class='ocrx_word' id='word_1_349' title='bbox 2749 1727 3046 1782; x_wconf 90' lang='lat' dir='ltr'>Salvatore</span> <span class='ocrx_word' id='word_1_350' title='bbox 3077 1725 3328 1782; x_wconf 87' lang='lat' dir='ltr'>salutem</span> <span class='ocrx_word' id='word_1_351' title='bbox 3360 1725 3484 1781; x_wconf 89' lang='lat' dir='ltr'>vult</span> <span class='ocrx_word' id='word_1_352' title='bbox 3503 1725 3749 1790; x_wconf 88' lang='lat' dir='ltr'>habere,</span> 
     </span>
    </p>
   </div>
   <div class='ocr_carea' id='block_1_50' title="bbox 2099 1815 3750 1888">
    <p class='ocr_par' dir='ltr' id='par_1_50' title="bbox 2099 1815 3750 1888">
     <span class='ocr_line' id='line_1_51' title="bbox 2099 1815 3750 1888; baseline 0 -19"><span class='ocrx_word' id='word_1_353' title='bbox 2099 1818 2155 1869; x_wconf 91' lang='lat' dir='ltr'>et</span> <span class='ocrx_word' id='word_1_354' title='bbox 2185 1815 2310 1870; x_wconf 90' lang='lat' dir='ltr'>sine</span> <span class='ocrx_word' id='word_1_355' title='bbox 2339 1831 2472 1870; x_wconf 85' lang='lat' dir='ltr'>vera</span> <span class='ocrx_word' id='word_1_356' title='bbox 2509 1815 2797 1887; x_wconf 89' lang='lat' dir='ltr'>sapientia</span> <span class='ocrx_word' id='word_1_357' title='bbox 2844 1816 3095 1872; x_wconf 75' lang='lat' dir='ltr'>aestimat</span> <span class='ocrx_word' id='word_1_358' title='bbox 3123 1831 3185 1871; x_wconf 90' lang='lat' dir='ltr'>se</span> <span class='ocrx_word' id='word_1_359' title='bbox 3234 1816 3584 1888; x_wconf 88' lang='lat' dir='ltr'>prudentem</span> <span class='ocrx_word' id='word_1_360' title='bbox 3616 1815 3750 1870; x_wconf 84' lang='lat' dir='ltr'>fieri</span> 
     </span>
    </p>
   </div>
   <div class='ocr_carea' id='block_1_51' title="bbox 2099 1903 3751 1978">
    <p class='ocr_par' dir='ltr' id='par_1_51' title="bbox 2099 1903 3751 1978">
     <span class='ocr_line' id='line_1_52' title="bbox 2099 1903 3751 1978; baseline 0 -20"><span class='ocrx_word' id='word_1_361' title='bbox 2099 1920 2291 1975; x_wconf 89' lang='lat' dir='ltr'>posse,</span> <span class='ocrx_word' id='word_1_362' title='bbox 2325 1921 2442 1959; x_wconf 90' lang='lat' dir='ltr'>non</span> <span class='ocrx_word' id='word_1_363' title='bbox 2472 1905 2668 1960; x_wconf 89' lang='lat' dir='ltr'>salvus</span> <span class='ocrx_word' id='word_1_364' title='bbox 2699 1909 2786 1960; x_wconf 89' lang='lat' dir='ltr'>est</span> <span class='ocrx_word' id='word_1_365' title='bbox 2815 1922 2988 1978; x_wconf 67' lang='lat' dir='ltr'>aeger,</span> <span class='ocrx_word' id='word_1_366' title='bbox 3021 1923 3136 1961; x_wconf 92' lang='lat' dir='ltr'>non</span> <span class='ocrx_word' id='word_1_367' title='bbox 3169 1905 3429 1978; x_wconf 89' lang='lat' dir='ltr'>prudens</span> <span class='ocrx_word' id='word_1_368' title='bbox 3455 1905 3554 1960; x_wconf 89' lang='lat' dir='ltr'>sed</span> <span class='ocrx_word' id='word_1_369' title='bbox 3592 1903 3751 1960; x_wconf 87' lang='lat' dir='ltr'>stul-</span> 
     </span>
    </p>
   </div>
   <div class='ocr_carea' id='block_1_52' title="bbox 2095 1993 3752 2066">
    <p class='ocr_par' dir='ltr' id='par_1_52' title="bbox 2095 1993 3752 2066">
     <span class='ocr_line' id='line_1_53' title="bbox 2095 1993 3752 2066; baseline 0.001 -19"><span class='ocrx_word' id='word_1_370' title='bbox 2095 1997 2214 2058; x_wconf 88' lang='lat' dir='ltr'>tus,</span> <span class='ocrx_word' id='word_1_371' title='bbox 2247 1993 2306 2047; x_wconf 90' lang='lat' dir='ltr'>in</span> <span class='ocrx_word' id='word_1_372' title='bbox 2338 1995 2683 2066; x_wconf 66' lang='lat' dir='ltr'>egritudine</span> <span class='ocrx_word' id='word_1_373' title='bbox 2712 1995 2952 2050; x_wconf 86' lang='lat' dir='ltr'>assidua</span> <span class='ocrx_word' id='word_1_374' title='bbox 2973 1994 3284 2065; x_wconf 86' lang='lat' dir='ltr'>laborabit,</span> <span class='ocrx_word' id='word_1_375' title='bbox 3315 1999 3374 2050; x_wconf 90' lang='lat' dir='ltr'>et</span> <span class='ocrx_word' id='word_1_376' title='bbox 3399 1995 3457 2049; x_wconf 92' lang='lat' dir='ltr'>in</span> <span class='ocrx_word' id='word_1_377' title='bbox 3489 1994 3752 2050; x_wconf 69' lang='lat' dir='ltr'>caecitate</span> 
     </span>
    </p>
   </div>
   <div class='ocr_carea' id='block_1_53' title="bbox 2098 2083 3748 2158">
    <p class='ocr_par' dir='ltr' id='par_1_53' title="bbox 2098 2083 3748 2158">
     <span class='ocr_line' id='line_1_54' title="bbox 2098 2083 3748 2158; baseline 0 -19"><span class='ocrx_word' id='word_1_378' title='bbox 2098 2083 2268 2140; x_wconf 81' lang='lat' dir='ltr'>noxia</span> <span class='ocrx_word' id='word_1_379' title='bbox 2297 2084 2517 2141; x_wconf 89' lang='lat' dir='ltr'>stultus</span> <span class='ocrx_word' id='word_1_380' title='bbox 2547 2091 2606 2141; x_wconf 92' lang='lat' dir='ltr'>et</span> <span class='ocrx_word' id='word_1_381' title='bbox 2655 2087 2897 2142; x_wconf 89' lang='lat' dir='ltr'>demens</span> <span class='ocrx_word' id='word_1_382' title='bbox 2947 2087 3335 2158; x_wconf 90' lang='lat' dir='ltr'>permanebit.</span> <span class='ocrx_word' id='word_1_383' title='bbox 3387 2089 3467 2141; x_wconf 87' lang='lat' dir='ltr'>Ac</span> <span class='ocrx_word' id='word_1_384' title='bbox 3500 2085 3748 2158; x_wconf 87' lang='lat' dir='ltr'>proinde</span> 
     </span>
    </p>
   </div>
   <div class='ocr_carea' id='block_1_54' title="bbox 2096 2173 3753 2245">
    <p class='ocr_par' dir='ltr' id='par_1_54' title="bbox 2096 2173 3753 2245">
     <span class='ocr_line' id='line_1_55' title="bbox 2096 2173 3753 2245; baseline 0 -17"><span class='ocrx_word' id='word_1_385' title='bbox 2096 2173 2290 2228; x_wconf 89' lang='lat' dir='ltr'>omnis</span> <span class='ocrx_word' id='word_1_386' title='bbox 2320 2173 2626 2245; x_wconf 90' lang='lat' dir='ltr'>inquisitio</span> <span class='ocrx_word' id='word_1_387' title='bbox 2657 2179 2712 2229; x_wconf 91' lang='lat' dir='ltr'>et</span> <span class='ocrx_word' id='word_1_388' title='bbox 2743 2174 2937 2230; x_wconf 89' lang='lat' dir='ltr'>omnis</span> <span class='ocrx_word' id='word_1_389' title='bbox 2959 2175 3186 2230; x_wconf 90' lang='lat' dir='ltr'>curatio</span> <span class='ocrx_word' id='word_1_390' title='bbox 3218 2190 3346 2245; x_wconf 66' lang='lat' dir='ltr'>ques</span> <span class='ocrx_word' id='word_1_391' title='bbox 3379 2190 3414 2229; x_wconf 90' lang='lat' dir='ltr'>a</span> <span class='ocrx_word' id='word_1_392' title='bbox 3442 2173 3753 2242; x_wconf 88' lang='lat' dir='ltr'>divinis,et</span> 
     </span>
    </p>
   </div>
   <div class='ocr_carea' id='block_1_55' title="bbox 2096 2261 3750 2336">
    <p class='ocr_par' dir='ltr' id='par_1_55' title="bbox 2096 2261 3750 2336">
     <span class='ocr_line' id='line_1_56' title="bbox 2096 2261 3750 2336; baseline 0.001 -21"><span class='ocrx_word' id='word_1_393' title='bbox 2096 2262 2286 2333; x_wconf 88' lang='lat' dir='ltr'>magis</span> <span class='ocrx_word' id='word_1_394' title='bbox 2308 2261 2394 2318; x_wconf 91' lang='lat' dir='ltr'>vel</span> <span class='ocrx_word' id='word_1_395' title='bbox 2417 2264 2488 2318; x_wconf 94' lang='lat' dir='ltr'>ab</span> <span class='ocrx_word' id='word_1_396' title='bbox 2512 2262 2656 2336; x_wconf 90' lang='lat' dir='ltr'>ipsis</span> <span class='ocrx_word' id='word_1_397' title='bbox 2675 2263 2980 2320; x_wconf 69' lang='lat' dir='ltr'>daemoniis</span> <span class='ocrx_word' id='word_1_398' title='bbox 2998 2263 3056 2318; x_wconf 90' lang='lat' dir='ltr'>in</span> <span class='ocrx_word' id='word_1_399' title='bbox 3081 2262 3373 2319; x_wconf 89' lang='lat' dir='ltr'>idolorum</span> <span class='ocrx_word' id='word_1_400' title='bbox 3397 2261 3631 2318; x_wconf 89' lang='lat' dir='ltr'>cultura</span> <span class='ocrx_word' id='word_1_401' title='bbox 3651 2278 3750 2318; x_wconf 83' lang='lat' dir='ltr'>ex-</span> 
     </span>
    </p>
   </div>
   <div class='ocr_carea' id='block_1_56' title="bbox 2096 2352 3752 2425">
    <p class='ocr_par' dir='ltr' id='par_1_56' title="bbox 2096 2352 3752 2425">
     <span class='ocr_line' id='line_1_57' title="bbox 2096 2352 3752 2425; baseline 0.001 -19"><span class='ocrx_word' id='word_1_402' title='bbox 2096 2352 2275 2423; x_wconf 89' lang='lat' dir='ltr'>petitu</span> <span class='ocrx_word' id='word_1_403' title='bbox 2287 2369 2499 2419; x_wconf 91' lang='lat' dir='ltr'>r,mors</span> <span class='ocrx_word' id='word_1_404' title='bbox 2527 2354 2721 2425; x_wconf 89' lang='lat' dir='ltr'>potius</span> <span class='ocrx_word' id='word_1_405' title='bbox 2741 2354 2988 2409; x_wconf 89' lang='lat' dir='ltr'>dicenda</span> <span class='ocrx_word' id='word_1_406' title='bbox 3009 2358 3098 2410; x_wconf 90' lang='lat' dir='ltr'>est</span> <span class='ocrx_word' id='word_1_407' title='bbox 3125 2370 3303 2424; x_wconf 89' lang='lat' dir='ltr'>quam</span> <span class='ocrx_word' id='word_1_408' title='bbox 3334 2354 3538 2423; x_wconf 90' lang='lat' dir='ltr'>vita,et</span> <span class='ocrx_word' id='word_1_409' title='bbox 3558 2353 3658 2424; x_wconf 90' lang='lat' dir='ltr'>qui</span> <span class='ocrx_word' id='word_1_410' title='bbox 3681 2369 3752 2408; x_wconf 88' lang='lat' dir='ltr'>ea</span> 
     </span>
    </p>
   </div>
   <div class='ocr_carea' id='block_1_57' title="bbox 2095 2441 3749 2512">
    <p class='ocr_par' dir='ltr' id='par_1_57' title="bbox 2095 2441 3749 2512">
     <span class='ocr_line' id='line_1_58' title="bbox 2095 2441 3749 2512; baseline -0.001 -16"><span class='ocrx_word' id='word_1_411' title='bbox 2095 2445 2412 2511; x_wconf 86' lang='lat' dir='ltr'>sectantur,</span> <span class='ocrx_word' id='word_1_412' title='bbox 2445 2442 2494 2496; x_wconf 91' lang='lat' dir='ltr'>si</span> <span class='ocrx_word' id='word_1_413' title='bbox 2525 2458 2586 2496; x_wconf 88' lang='lat' dir='ltr'>se</span> <span class='ocrx_word' id='word_1_414' title='bbox 2618 2457 2730 2496; x_wconf 92' lang='lat' dir='ltr'>non</span> <span class='ocrx_word' id='word_1_415' title='bbox 2764 2441 3217 2510; x_wconf 86' lang='lat' dir='ltr'>correxerint,ad</span> <span class='ocrx_word' id='word_1_416' title='bbox 3249 2447 3526 2498; x_wconf 69' lang='lat' dir='ltr'>aeternam</span> <span class='ocrx_word' id='word_1_417' title='bbox 3554 2441 3749 2512; x_wconf 85' lang='lat' dir='ltr'>perdi-</span> 
     </span>
    </p>
   </div>
   <div class='ocr_carea' id='block_1_58' title="bbox 2097 2528 3752 2600">
    <p class='ocr_par' dir='ltr' id='par_1_58' title="bbox 2097 2528 3752 2600">
     <span class='ocr_line' id='line_1_59' title="bbox 2097 2528 3752 2600; baseline -0.002 -16"><span class='ocrx_word' id='word_1_418' title='bbox 2097 2528 2316 2584; x_wconf 87' lang='lat' dir='ltr'>tionem</span> <span class='ocrx_word' id='word_1_419' title='bbox 2349 2530 2621 2596; x_wconf 88' lang='lat' dir='ltr'>tendunt,</span> <span class='ocrx_word' id='word_1_420' title='bbox 2651 2531 2960 2586; x_wconf 87' lang='lat' dir='ltr'>Psalmista</span> <span class='ocrx_word' id='word_1_421' title='bbox 2981 2531 3208 2586; x_wconf 87' lang='lat' dir='ltr'>dicente</span> <span class='ocrx_word' id='word_1_422' title='bbox 3242 2548 3254 2586; x_wconf 91' lang='lat'>:</span> <span class='ocrx_word' id='word_1_423' title='bbox 3291 2531 3488 2586; x_wconf 67' lang='lat' dir='ltr'>Omnes</span> <span class='ocrx_word' id='word_1_424' title='bbox 3515 2529 3752 2600; x_wconf 79' lang='lat' dir='ltr'>diigen-</span> 
     </span>
    </p>
   </div>
   <div class='ocr_carea' id='block_1_59' title="bbox 2099 2617 3748 2691">
    <p class='ocr_par' dir='ltr' id='par_1_59' title="bbox 2099 2617 3748 2691">
     <span class='ocr_line' id='line_1_60' title="bbox 2099 2617 3748 2691; baseline -0.001 -19"><span class='ocrx_word' id='word_1_425' title='bbox 2099 2617 2238 2672; x_wconf 87' lang='lat' dir='ltr'>tium</span> <span class='ocrx_word' id='word_1_426' title='bbox 2265 2619 2540 2674; x_wconf 63' lang='lat' dir='ltr'>damonia</span> <span class='ocrx_word' id='word_1_427' title='bbox 2567 2625 2696 2674; x_wconf 87' lang='lat' dir='ltr'>sunt</span> <span class='ocrx_word' id='word_1_428' title='bbox 2725 2619 2898 2690; x_wconf 87' lang='lat' dir='ltr'>(Psal.</span> <span class='ocrx_word' id='word_1_429' title='bbox 2931 2618 3191 2690; x_wconf 81' lang='lat' dir='ltr'>xcv),qui</span> <span class='ocrx_word' id='word_1_430' title='bbox 3223 2636 3327 2691; x_wconf 89' lang='lat' dir='ltr'>per</span> <span class='ocrx_word' id='word_1_431' title='bbox 3346 2619 3620 2690; x_wconf 87' lang='lat' dir='ltr'>deceptos</span> <span class='ocrx_word' id='word_1_432' title='bbox 3644 2619 3748 2672; x_wconf 85' lang='lat' dir='ltr'>ho-</span> 
     </span>
    </p>
   </div>
   <div class='ocr_carea' id='block_1_60' title="bbox 2100 2706 3748 2780">
    <p class='ocr_par' dir='ltr' id='par_1_60' title="bbox 2100 2706 3748 2780">
     <span class='ocr_line' id='line_1_61' title="bbox 2100 2706 3748 2780; baseline 0.001 -19"><span class='ocrx_word' id='word_1_433' title='bbox 2100 2707 2284 2762; x_wconf 87' lang='lat' dir='ltr'>mines</span> <span class='ocrx_word' id='word_1_434' title='bbox 2318 2707 2464 2764; x_wconf 90' lang='lat' dir='ltr'>alios</span> <span class='ocrx_word' id='word_1_435' title='bbox 2495 2707 2761 2780; x_wconf 90' lang='lat' dir='ltr'>decipere</span> <span class='ocrx_word' id='word_1_436' title='bbox 2795 2709 3057 2780; x_wconf 89' lang='lat' dir='ltr'>quotidie</span> <span class='ocrx_word' id='word_1_437' title='bbox 3087 2708 3440 2780; x_wconf 89' lang='lat' dir='ltr'>gestiunt,ut</span> <span class='ocrx_word' id='word_1_438' title='bbox 3460 2706 3748 2778; x_wconf 90' lang='lat' dir='ltr'>perditio-</span> 
     </span>
    </p>
   </div>
   <div class='ocr_carea' id='block_1_61' title="bbox 2100 2795 3748 2869">
    <p class='ocr_par' dir='ltr' id='par_1_61' title="bbox 2100 2795 3748 2869">
     <span class='ocr_line' id='line_1_62' title="bbox 2100 2795 3748 2869; baseline 0.001 -21"><span class='ocrx_word' id='word_1_439' title='bbox 2100 2795 2192 2850; x_wconf 91' lang='lat' dir='ltr'>nis</span> <span class='ocrx_word' id='word_1_440' title='bbox 2223 2812 2339 2851; x_wconf 74' lang='lat' dir='ltr'>suss</span> <span class='ocrx_word' id='word_1_441' title='bbox 2367 2796 2583 2851; x_wconf 83' lang='lat' dir='ltr'>faciant</span> <span class='ocrx_word' id='word_1_442' title='bbox 2613 2813 2712 2852; x_wconf 90' lang='lat' dir='ltr'>eos</span> <span class='ocrx_word' id='word_1_443' title='bbox 2743 2814 2870 2852; x_wconf 88' lang='lat' dir='ltr'>esse</span> <span class='ocrx_word' id='word_1_444' title='bbox 2895 2797 3228 2869; x_wconf 76' lang='lat' dir='ltr'>participes.</span> <span class='ocrx_word' id='word_1_445' title='bbox 3264 2799 3465 2869; x_wconf 86' lang='lat' dir='ltr'>Itaque</span> <span class='ocrx_word' id='word_1_446' title='bbox 3498 2796 3617 2851; x_wconf 69' lang='lat' dir='ltr'>haec</span> <span class='ocrx_word' id='word_1_447' title='bbox 3648 2811 3748 2850; x_wconf 89' lang='lat' dir='ltr'>va-</span> 
     </span>
    </p>
   </div>
   <div class='ocr_carea' id='block_1_62' title="bbox 2098 2881 3746 2957">
    <p class='ocr_par' dir='ltr' id='par_1_62' title="bbox 2098 2881 3746 2957">
     <span class='ocr_line' id='line_1_63' title="bbox 2098 2881 3746 2957; baseline 0.001 -20"><span class='ocrx_word' id='word_1_448' title='bbox 2098 2881 2252 2939; x_wconf 88' lang='lat' dir='ltr'>nitas</span> <span class='ocrx_word' id='word_1_449' title='bbox 2281 2885 2641 2955; x_wconf 79' lang='lat' dir='ltr'>magicarum</span> <span class='ocrx_word' id='word_1_450' title='bbox 2673 2885 2889 2941; x_wconf 89' lang='lat' dir='ltr'>artium</span> <span class='ocrx_word' id='word_1_451' title='bbox 2939 2901 3009 2940; x_wconf 81' lang='lat' dir='ltr'>ex</span> <span class='ocrx_word' id='word_1_452' title='bbox 3053 2885 3367 2941; x_wconf 89' lang='lat' dir='ltr'>traditione</span> <span class='ocrx_word' id='word_1_453' title='bbox 3398 2884 3746 2957; x_wconf 87' lang='lat' dir='ltr'>angelorum</span> 
     </span>
    </p>
   </div>
   <div class='ocr_carea' id='block_1_63' title="bbox 2099 2972 3747 3046">
    <p class='ocr_par' dir='ltr' id='par_1_63' title="bbox 2099 2972 3747 3046">
     <span class='ocr_line' id='line_1_64' title="bbox 2099 2972 3747 3046; baseline -0.001 -19"><span class='ocrx_word' id='word_1_454' title='bbox 2099 2973 2388 3028; x_wconf 90' lang='lat' dir='ltr'>malorum</span> <span class='ocrx_word' id='word_1_455' title='bbox 2413 2973 2470 3029; x_wconf 92' lang='lat' dir='ltr'>in</span> <span class='ocrx_word' id='word_1_456' title='bbox 2498 2977 2616 3030; x_wconf 82' lang='lat' dir='ltr'>toto</span> <span class='ocrx_word' id='word_1_457' title='bbox 2637 2978 2925 3029; x_wconf 86' lang='lat' dir='ltr'>terrarum</span> <span class='ocrx_word' id='word_1_458' title='bbox 2949 2974 3084 3030; x_wconf 91' lang='lat' dir='ltr'>orbe</span> <span class='ocrx_word' id='word_1_459' title='bbox 3106 2973 3378 3046; x_wconf 89' lang='lat' dir='ltr'>plurimis</span> <span class='ocrx_word' id='word_1_460' title='bbox 3391 2972 3620 3028; x_wconf 68' lang='lat' dir='ltr'>saeculis</span> <span class='ocrx_word' id='word_1_461' title='bbox 3644 2988 3747 3026; x_wconf 76' lang='lat' dir='ltr'>va~</span> 
     </span>
    </p>
   </div>
   <div class='ocr_carea' id='block_1_64' title="bbox 340 3059 3746 3150">
    <p class='ocr_par' dir='ltr' id='par_1_64' title="bbox 340 3059 3746 3150">
     <span class='ocr_line' id='line_1_65' title="bbox 340 3059 3746 3150; baseline -0 -36"><span class='ocrx_word' id='word_1_462' title='bbox 340 3075 431 3132; x_wconf 69' lang='lat' dir='ltr'>usi</span> <span class='ocrx_word' id='word_1_463' title='bbox 462 3081 620 3145; x_wconf 61' lang='lat' dir='ltr'>sunt,</span> <span class='ocrx_word' id='word_1_464' title='bbox 656 3082 906 3150; x_wconf 68' lang='lat' dir='ltr'>possunt</span> <span class='ocrx_word' id='word_1_465' title='bbox 946 3059 1194 3149; x_wconf 55' lang='lat' dir='ltr'>jéjunﬁs</span> <span class='ocrx_word' id='word_1_466' title='bbox 1242 3083 1300 3134; x_wconf 67' lang='lat' dir='ltr'>et</span> <span class='ocrx_word' id='word_1_467' title='bbox 1345 3095 1558 3134; x_wconf 70' lang='lat' dir='ltr'>manus</span> <span class='ocrx_word' id='word_1_468' title='bbox 1611 3077 1985 3148; x_wconf 67' lang='grc' dir='ltr'>ίωροείιίοηθ</span> <span class='ocrx_word' id='word_1_469' title='bbox 2015 3077 2058 3143; x_wconf 80' lang='lat' dir='ltr'>C</span> <span class='ocrx_word' id='word_1_470' title='bbox 2097 3059 2336 3132; x_wconf 89' lang='lat' dir='ltr'>luit,per</span> <span class='ocrx_word' id='word_1_471' title='bbox 2368 3061 2685 3132; x_wconf 88' lang='lat' dir='ltr'>quamdam</span> <span class='ocrx_word' id='word_1_472' title='bbox 2710 3062 3015 3117; x_wconf 88' lang='lat' dir='ltr'>scientiam</span> <span class='ocrx_word' id='word_1_473' title='bbox 3048 3062 3380 3117; x_wconf 90' lang='lat' dir='ltr'>futurorum</span> <span class='ocrx_word' id='word_1_474' title='bbox 3411 3060 3746 3116; x_wconf 88' lang='lat' dir='ltr'>etinferno-</span> 
     </span>
    </p>
   </div>
   <div class='ocr_carea' id='block_1_65' title="bbox 338 3165 1986 3238">
    <p class='ocr_par' dir='ltr' id='par_1_65' title="bbox 338 3165 1986 3238">
     <span class='ocr_line' id='line_1_66' title="bbox 338 3165 1986 3238; baseline -0.001 -18"><span class='ocrx_word' id='word_1_475' title='bbox 338 3165 592 3237; x_wconf 85' lang='lat' dir='ltr'>purgari,</span> <span class='ocrx_word' id='word_1_476' title='bbox 621 3169 689 3220; x_wconf 89' lang='lat' dir='ltr'>ut</span> <span class='ocrx_word' id='word_1_477' title='bbox 717 3167 993 3238; x_wconf 84' lang='lat' dir='ltr'>deinceps</span> <span class='ocrx_word' id='word_1_478' title='bbox 1025 3167 1096 3221; x_wconf 92' lang='lat' dir='ltr'>ab</span> <span class='ocrx_word' id='word_1_479' title='bbox 1130 3166 1474 3238; x_wconf 85' lang='lat' dir='ltr'>idolothytis</span> <span class='ocrx_word' id='word_1_480' title='bbox 1495 3166 1856 3222; x_wconf 89' lang='lat' dir='ltr'>abstinentes</span> <span class='ocrx_word' id='word_1_481' title='bbox 1887 3181 1986 3219; x_wconf 91' lang='lat' dir='ltr'>sa-</span> 
     </span>
    </p>
   </div>
   <div class='ocr_carea' id='block_1_66' title="bbox 339 3253 1987 3327">
    <p class='ocr_par' dir='ltr' id='par_1_66' title="bbox 339 3253 1987 3327">
     <span class='ocr_line' id='line_1_67' title="bbox 339 3253 1987 3327; baseline -0.001 -19"><span class='ocrx_word' id='word_1_482' title='bbox 339 3258 772 3310; x_wconf 87' lang='lat' dir='ltr'>cramentorum</span> <span class='ocrx_word' id='word_1_483' title='bbox 804 3255 1023 3310; x_wconf 85' lang='lat' dir='ltr'>Christi</span> <span class='ocrx_word' id='word_1_484' title='bbox 1057 3254 1287 3326; x_wconf 88' lang='lat' dir='ltr'>possint</span> <span class='ocrx_word' id='word_1_485' title='bbox 1312 3271 1441 3310; x_wconf 89' lang='lat' dir='ltr'>esse</span> <span class='ocrx_word' id='word_1_486' title='bbox 1473 3253 1867 3327; x_wconf 88' lang='lat' dir='ltr'>participes.Si</span> <span class='ocrx_word' id='word_1_487' title='bbox 1889 3269 1987 3308; x_wconf 91' lang='lat' dir='ltr'>au-</span> 
     </span>
    </p>
   </div>
   <div class='ocr_carea' id='block_1_67' title="bbox 337 3343 1985 3414">
    <p class='ocr_par' dir='ltr' id='par_1_67' title="bbox 337 3343 1985 3414">
     <span class='ocr_line' id='line_1_68' title="bbox 337 3343 1985 3414; baseline 0.001 -16"><span class='ocrx_word' id='word_1_488' title='bbox 337 3347 456 3398; x_wconf 91' lang='lat' dir='ltr'>tem</span> <span class='ocrx_word' id='word_1_489' title='bbox 489 3349 588 3399; x_wconf 90' lang='lat' dir='ltr'>aut</span> <span class='ocrx_word' id='word_1_490' title='bbox 616 3344 776 3400; x_wconf 87' lang='lat' dir='ltr'>idola</span> <span class='ocrx_word' id='word_1_491' title='bbox 805 3345 1218 3414; x_wconf 90' lang='lat' dir='ltr'>adoraverunt,</span> <span class='ocrx_word' id='word_1_492' title='bbox 1251 3348 1353 3399; x_wconf 89' lang='lat' dir='ltr'>aut</span> <span class='ocrx_word' id='word_1_493' title='bbox 1381 3344 1720 3399; x_wconf 81' lang='lat' dir='ltr'>homicidiis</span> <span class='ocrx_word' id='word_1_494' title='bbox 1749 3343 1836 3399; x_wconf 90' lang='lat' dir='ltr'>vel</span> <span class='ocrx_word' id='word_1_495' title='bbox 1864 3345 1985 3400; x_wconf 86' lang='lat' dir='ltr'>for—</span> 
     </span>
    </p>
   </div>
   <div class='ocr_carea' id='block_1_68' title="bbox 337 3432 1982 3503">
    <p class='ocr_par' dir='ltr' id='par_1_68' title="bbox 337 3432 1982 3503">
     <span class='ocr_line' id='line_1_69' title="bbox 337 3432 1982 3503; baseline 0.001 -15"><span class='ocrx_word' id='word_1_496' title='bbox 337 3432 734 3490; x_wconf 87' lang='lat' dir='ltr'>nicationibus</span> <span class='ocrx_word' id='word_1_497' title='bbox 765 3433 1151 3489; x_wconf 82' lang='lat' dir='ltr'>contaminati</span> <span class='ocrx_word' id='word_1_498' title='bbox 1182 3442 1341 3503; x_wconf 83' lang='lat' dir='ltr'>sunt,</span> <span class='ocrx_word' id='word_1_499' title='bbox 1392 3433 1464 3488; x_wconf 91' lang='lat' dir='ltr'>ad</span> <span class='ocrx_word' id='word_1_500' title='bbox 1515 3434 1982 3490; x_wconf 90' lang='lat' dir='ltr'>communionem</span> 
     </span>
    </p>
   </div>
   <div class='ocr_carea' id='block_1_69' title="bbox 334 3521 1985 3594">
    <p class='ocr_par' dir='ltr' id='par_1_69' title="bbox 334 3521 1985 3594">
     <span class='ocr_line' id='line_1_70' title="bbox 334 3521 1985 3594; baseline 0.001 -17"><span class='ocrx_word' id='word_1_501' title='bbox 334 3537 456 3586; x_wconf 89' lang='lat' dir='ltr'>eos,</span> <span class='ocrx_word' id='word_1_502' title='bbox 489 3521 604 3577; x_wconf 88' lang='lat' dir='ltr'>nisi</span> <span class='ocrx_word' id='word_1_503' title='bbox 645 3538 749 3593; x_wconf 89' lang='lat' dir='ltr'>per</span> <span class='ocrx_word' id='word_1_504' title='bbox 797 3522 1200 3594; x_wconf 72' lang='lat' dir='ltr'>pmnitentiam</span> <span class='ocrx_word' id='word_1_505' title='bbox 1252 3522 1574 3594; x_wconf 90' lang='lat' dir='ltr'>publicam,</span> <span class='ocrx_word' id='word_1_506' title='bbox 1608 3539 1723 3577; x_wconf 90' lang='lat' dir='ltr'>non</span> <span class='ocrx_word' id='word_1_507' title='bbox 1756 3527 1985 3594; x_wconf 90' lang='lat' dir='ltr'>oportet</span> 
     </span>
    </p>
   </div>
   <div class='ocr_carea' id='block_1_70' title="bbox 334 3611 586 3668">
    <p class='ocr_par' dir='ltr' id='par_1_70' title="bbox 334 3611 586 3668">
     <span class='ocr_line' id='line_1_71' title="bbox 334 3611 586 3668; baseline 0 0"><span class='ocrx_word' id='word_1_508' title='bbox 334 3611 586 3668; x_wconf 80' lang='lat' dir='ltr'>admitti.</span> 
     </span>
    </p>
   </div>
   <div class='ocr_carea' id='block_1_71' title="bbox 337 3710 1979 3782">
    <p class='ocr_par' dir='ltr' id='par_1_71' title="bbox 337 3710 1979 3782">
     <span class='ocr_line' id='line_1_72' title="bbox 337 3710 1979 3782; baseline 0 -16"><span class='ocrx_word' id='word_1_509' title='bbox 337 3711 475 3782; x_wconf 73' lang='grc' dir='ltr'>ϐιῳ.</span> <span class='ocrx_word' id='word_1_510' title='bbox 504 3711 592 3766; x_wconf 89' lang='lat'>63.</span> <span class='ocrx_word' id='word_1_511' title='bbox 613 3743 683 3752; x_wconf 93' lang='lat'>—</span> <span class='ocrx_word' id='word_1_512' title='bbox 711 3711 788 3768; x_wconf 86' lang='lat' dir='ltr'>Ne</span> <span class='ocrx_word' id='word_1_513' title='bbox 816 3712 1006 3781; x_wconf 83' lang='lat' dir='ltr'>ﬁdeles</span> <span class='ocrx_word' id='word_1_514' title='bbox 1026 3712 1088 3767; x_wconf 92' lang='lat' dir='ltr'>in</span> <span class='ocrx_word' id='word_1_515' title='bbox 1116 3711 1391 3767; x_wconf 70' lang='lat' dir='ltr'>caemeteri</span> <span class='ocrx_word' id='word_1_516' title='bbox 1397 3710 1443 3766; x_wconf 88' lang='lat' dir='ltr'>is</span> <span class='ocrx_word' id='word_1_517' title='bbox 1469 3712 1746 3781; x_wconf 86' lang='lat' dir='ltr'>prandere</span> <span class='ocrx_word' id='word_1_518' title='bbox 1772 3727 1979 3782; x_wconf 61' lang='lat' dir='ltr'>prwsu-</span> 
     </span>
    </p>
   </div>
   <div class='ocr_carea' id='block_1_72' title="bbox 405 3782 1982 3855">
    <p class='ocr_par' dir='ltr' id='par_1_72' title="bbox 405 3782 1982 3855">
     <span class='ocr_line' id='line_1_73' title="bbox 405 3782 1982 3855; baseline 0 -19"><span class='ocrx_word' id='word_1_519' title='bbox 405 3787 582 3850; x_wconf 86' lang='lat' dir='ltr'>mant,</span> <span class='ocrx_word' id='word_1_520' title='bbox 641 3782 727 3838; x_wconf 75' lang='lat' dir='ltr'>Ea:</span> <span class='ocrx_word' id='word_1_521' title='bbox 780 3785 1012 3839; x_wconf 87' lang='lat' dir='ltr'>concilio</span> <span class='ocrx_word' id='word_1_522' title='bbox 1075 3783 1308 3838; x_wconf 86' lang='lat' dir='ltr'>secundo</span> <span class='ocrx_word' id='word_1_523' title='bbox 1366 3785 1718 3849; x_wconf 87' lang='lat' dir='ltr'>Bracarensi,</span> <span class='ocrx_word' id='word_1_524' title='bbox 1762 3799 1880 3855; x_wconf 87' lang='lat' dir='ltr'>cap.</span> <span class='ocrx_word' id='word_1_525' title='bbox 1910 3786 1982 3837; x_wconf 90' lang='grc'>70</span> 
     </span>
    </p>
   </div>
   <div class='ocr_carea' id='block_1_73' title="bbox 406 3855 1431 3926">
    <p class='ocr_par' dir='ltr' id='par_1_73' title="bbox 406 3855 1431 3926">
     <span class='ocr_line' id='line_1_74' title="bbox 406 3855 1431 3926; baseline 0 -18"><span class='ocrx_word' id='word_1_526' title='bbox 406 3855 473 3916; x_wconf 85' lang='lat' dir='ltr'>(c.</span> <span class='ocrx_word' id='word_1_527' title='bbox 503 3855 574 3909; x_wconf 86' lang='lat'><strong>69</strong></span> <span class='ocrx_word' id='word_1_528' title='bbox 601 3870 726 3926; x_wconf 87' lang='lat' dir='ltr'>syn.</span> <span class='ocrx_word' id='word_1_529' title='bbox 765 3855 935 3912; x_wconf 55' lang='lat' dir='ltr'>Grec.</span> <span class='ocrx_word' id='word_1_530' title='bbox 970 3856 1153 3910; x_wconf 82' lang='lat' dir='ltr'>Marti.</span> <span class='ocrx_word' id='word_1_531' title='bbox 1188 3855 1431 3924; x_wconf 88' lang='lat' dir='ltr'>Braca.).</span> 
     </span>
    </p>
   </div>
   <div class='ocr_carea' id='block_1_74' title="bbox 403 3941 1980 4014">
    <p class='ocr_par' dir='ltr' id='par_1_74' title="bbox 403 3941 1980 4014">
     <span class='ocr_line' id='line_1_75' title="bbox 403 3941 1980 4014; baseline -0.001 -18"><span class='ocrx_word' id='word_1_532' title='bbox 403 3943 503 4012; x_wconf 88' lang='lat' dir='ltr'>(De</span> <span class='ocrx_word' id='word_1_533' title='bbox 527 3959 676 4000; x_wconf 89' lang='lat' dir='ltr'>cons.</span> <span class='ocrx_word' id='word_1_534' title='bbox 707 3943 864 4011; x_wconf 64' lang='lat' dir='ltr'>dist,</span> <span class='ocrx_word' id='word_1_535' title='bbox 895 3960 943 3998; x_wconf 91' lang='lat' dir='ltr'>c.</span> <span class='ocrx_word' id='word_1_536' title='bbox 975 3944 1090 3999; x_wconf 88' lang='lat' dir='ltr'>Non</span> <span class='ocrx_word' id='word_1_537' title='bbox 1142 3943 1398 4014; x_wconf 80' lang='lat' dir='ltr'>Oportet.)</span> <span class='ocrx_word' id='word_1_538' title='bbox 1440 3942 1563 3997; x_wconf 89' lang='lat' dir='ltr'>Non</span> <span class='ocrx_word' id='word_1_539' title='bbox 1613 3942 1784 3998; x_wconf 89' lang='lat' dir='ltr'>liceat</span> <span class='ocrx_word' id='word_1_540' title='bbox 1811 3941 1980 3998; x_wconf 90' lang='lat' dir='ltr'>Chri-</span> 
     </span>
    </p>
   </div>
   <div class='ocr_carea' id='block_1_75' title="bbox 331 4029 1978 4104">
    <p class='ocr_par' dir='ltr' id='par_1_75' title="bbox 331 4029 1978 4104">
     <span class='ocr_line' id='line_1_76' title="bbox 331 4029 1978 4104; baseline -0.002 -17"><span class='ocrx_word' id='word_1_541' title='bbox 331 4030 542 4088; x_wconf 90' lang='lat' dir='ltr'>stianis</span> <span class='ocrx_word' id='word_1_542' title='bbox 575 4032 821 4104; x_wconf 89' lang='lat' dir='ltr'>prandia</span> <span class='ocrx_word' id='word_1_543' title='bbox 852 4032 923 4087; x_wconf 90' lang='lat' dir='ltr'>ad</span> <span class='ocrx_word' id='word_1_544' title='bbox 955 4032 1369 4087; x_wconf 79' lang='lat' dir='ltr'>defunctorum</span> <span class='ocrx_word' id='word_1_545' title='bbox 1392 4029 1710 4101; x_wconf 89' lang='lat' dir='ltr'>sepulchra</span> <span class='ocrx_word' id='word_1_546' title='bbox 1733 4031 1978 4100; x_wconf 89' lang='lat' dir='ltr'>deferre,</span> 
     </span>
    </p>
   </div>
   <div class='ocr_carea' id='block_1_76' title="bbox 335 4121 1056 4178">
    <p class='ocr_par' dir='ltr' id='par_1_76' title="bbox 335 4121 1056 4178">
     <span class='ocr_line' id='line_1_77' title="bbox 335 4121 1056 4178; baseline -0.001 -1"><span class='ocrx_word' id='word_1_547' title='bbox 335 4125 393 4177; x_wconf 93' lang='lat' dir='ltr'>et</span> <span class='ocrx_word' id='word_1_548' title='bbox 419 4121 752 4178; x_wconf 84' lang='lat' dir='ltr'>sacriﬁcare</span> <span class='ocrx_word' id='word_1_549' title='bbox 782 4121 1056 4177; x_wconf 90' lang='lat' dir='ltr'>mortuis.</span> 
     </span>
    </p>
   </div>
   <div class='ocr_carea' id='block_1_77' title="bbox 333 4226 1980 4300">
    <p class='ocr_par' dir='ltr' id='par_1_77' title="bbox 333 4226 1980 4300">
     <span class='ocr_line' id='line_1_78' title="bbox 333 4226 1980 4300; baseline 0 -16"><span class='ocrx_word' id='word_1_550' title='bbox 333 4229 475 4284; x_wconf 86' lang='lat' dir='ltr'><strong>CAP.</strong></span> <span class='ocrx_word' id='word_1_551' title='bbox 507 4229 596 4284; x_wconf 82' lang='grc'>64.</span> <span class='ocrx_word' id='word_1_552' title='bbox 630 4259 696 4270; x_wconf 89' lang='lat'>—-</span> <span class='ocrx_word' id='word_1_553' title='bbox 731 4231 803 4284; x_wconf 88' lang='lat' dir='ltr'>De</span> <span class='ocrx_word' id='word_1_554' title='bbox 834 4230 950 4284; x_wconf 84' lang='lat' dir='ltr'>illis</span> <span class='ocrx_word' id='word_1_555' title='bbox 979 4229 1075 4300; x_wconf 89' lang='lat' dir='ltr'>qui</span> <span class='ocrx_word' id='word_1_556' title='bbox 1119 4228 1425 4282; x_wconf 80' lang='lat' dir='ltr'>balationes</span> <span class='ocrx_word' id='word_1_557' title='bbox 1470 4226 1728 4300; x_wconf 81' lang='lat' dir='ltr'>fecerint,</span> <span class='ocrx_word' id='word_1_558' title='bbox 1757 4235 1809 4282; x_wconf 88' lang='lat' dir='ltr'>et</span> <span class='ocrx_word' id='word_1_559' title='bbox 1836 4244 1893 4282; x_wconf 89' lang='lat' dir='ltr'>se</span> <span class='ocrx_word' id='word_1_560' title='bbox 1919 4231 1980 4284; x_wconf 89' lang='lat' dir='ltr'>in</span> 
     </span>
    </p>
   </div>
   <div class='ocr_carea' id='block_1_78' title="bbox 400 4299 1974 4424">
    <p class='ocr_par' dir='ltr' id='par_1_78' title="bbox 400 4299 1974 4424">
     <span class='ocr_line' id='line_1_79' title="bbox 400 4299 1974 4424; baseline 0.001 -71"><span class='ocrx_word' id='word_1_561' title='bbox 400 4300 627 4424; x_wconf 53' lang='lat' dir='ltr'>alienga</span> <span class='ocrx_word' id='word_1_562' title='bbox 649 4304 856 4370; x_wconf 79' lang='lat' dir='ltr'>formas</span> <span class='ocrx_word' id='word_1_563' title='bbox 897 4299 1422 4356; x_wconf 83' lang='lat' dir='ltr'>transmutaverint.</span> <span class='ocrx_word' id='word_1_564' title='bbox 1456 4300 1540 4352; x_wconf 71' lang='lat' dir='ltr'>Ex</span> <span class='ocrx_word' id='word_1_565' title='bbox 1587 4299 1772 4356; x_wconf 83' lang='lat' dir='ltr'>eodem</span> <span class='ocrx_word' id='word_1_566' title='bbox 1798 4314 1974 4369; x_wconf 84' lang='lat' dir='ltr'>conc.,</span> 
     </span>
     <span class='ocr_line' id='line_1_80' title="bbox 403 4385 646 4424; baseline 0 0"><span class='ocrx_word' id='word_1_567' title='bbox 403 4385 525 4424; x_wconf 81' lang='lat' dir='ltr'>can.</span> <span class='ocrx_word' id='word_1_568' title='bbox 633 4411 646 4424; x_wconf 94' lang='lat'><strong>.</strong></span> 
     </span>
    </p>
   </div>
   <div class='ocr_carea' id='block_1_79' title="bbox 403 4385 646 4440">
    <p class='ocr_par' dir='ltr' id='par_1_79' title="bbox 403 4385 646 4440">
     <span class='ocr_line' id='line_1_81' title="bbox 403 4385 646 4440; baseline 0.008 -16"><span class='ocrx_word' id='word_1_569' title='bbox 403 4385 525 4440; x_wconf 86' lang='lat' dir='ltr'>cap.</span> <span class='ocrx_word' id='word_1_570' title='bbox 557 4385 646 4426; x_wconf 78' lang='grc' dir='ltr'>δυ.</span> 
     </span>
    </p>
   </div>
   <div class='ocr_carea' id='block_1_80' title="bbox 2097 3149 3746 3221">
    <p class='ocr_par' dir='ltr' id='par_1_80' title="bbox 2097 3149 3746 3221">
     <span class='ocr_line' id='line_1_82' title="bbox 2097 3149 3746 3221; baseline 0 -19"><span class='ocrx_word' id='word_1_571' title='bbox 2097 3165 2246 3218; x_wconf 92' lang='lat' dir='ltr'>rum,</span> <span class='ocrx_word' id='word_1_572' title='bbox 2279 3154 2337 3204; x_wconf 90' lang='lat' dir='ltr'>et</span> <span class='ocrx_word' id='word_1_573' title='bbox 2366 3167 2467 3221; x_wconf 91' lang='lat' dir='ltr'>per</span> <span class='ocrx_word' id='word_1_574' title='bbox 2505 3149 2869 3206; x_wconf 89' lang='lat' dir='ltr'>inventiones</span> <span class='ocrx_word' id='word_1_575' title='bbox 2898 3167 3102 3206; x_wconf 91' lang='lat' dir='ltr'>eorum</span> <span class='ocrx_word' id='word_1_576' title='bbox 3152 3152 3387 3206; x_wconf 89' lang='lat' dir='ltr'>inventa</span> <span class='ocrx_word' id='word_1_577' title='bbox 3437 3152 3578 3205; x_wconf 90' lang='lat' dir='ltr'>sunt</span> <span class='ocrx_word' id='word_1_578' title='bbox 3607 3164 3746 3204; x_wconf 88' lang='lat' dir='ltr'>aru-</span> 
     </span>
    </p>
   </div>
   <div class='ocr_carea' id='block_1_81' title="bbox 2095 3237 3744 3313">
    <p class='ocr_par' dir='ltr' id='par_1_81' title="bbox 2095 3237 3744 3313">
     <span class='ocr_line' id='line_1_83' title="bbox 2095 3237 3744 3313; baseline 0 -21"><span class='ocrx_word' id='word_1_579' title='bbox 2095 3239 2301 3310; x_wconf 88' lang='lat' dir='ltr'>spicia,</span> <span class='ocrx_word' id='word_1_580' title='bbox 2335 3241 2840 3311; x_wconf 88' lang='lat' dir='ltr'>augurationes,et</span> <span class='ocrx_word' id='word_1_581' title='bbox 2872 3241 3000 3313; x_wconf 90' lang='lat' dir='ltr'>ipsa</span> <span class='ocrx_word' id='word_1_582' title='bbox 3017 3256 3142 3312; x_wconf 64' lang='lat' dir='ltr'>quae</span> <span class='ocrx_word' id='word_1_583' title='bbox 3173 3241 3456 3296; x_wconf 89' lang='lat' dir='ltr'>dicuntur</span> <span class='ocrx_word' id='word_1_584' title='bbox 3480 3237 3744 3305; x_wconf 87' lang='lat' dir='ltr'>oracula,</span> 
     </span>
    </p>
   </div>
   <div class='ocr_carea' id='block_1_82' title="bbox 2095 3331 2602 3385">
    <p class='ocr_par' dir='ltr' id='par_1_82' title="bbox 2095 3331 2602 3385">
     <span class='ocr_line' id='line_1_84' title="bbox 2095 3331 2602 3385; baseline 0.004 -3"><span class='ocrx_word' id='word_1_585' title='bbox 2095 3333 2152 3382; x_wconf 88' lang='lat' dir='ltr'>et</span> <span class='ocrx_word' id='word_1_586' title='bbox 2183 3331 2602 3385; x_wconf 87' lang='lat' dir='ltr'>necromantia.</span> 
     </span>
    </p>
   </div>
   <div class='ocr_carea' id='block_1_83' title="bbox 2095 3418 3742 3490">
    <p class='ocr_par' dir='ltr' id='par_1_83' title="bbox 2095 3418 3742 3490">
     <span class='ocr_line' id='line_1_85' title="bbox 2095 3418 3742 3490; baseline -0.001 -16"><span class='ocrx_word' id='word_1_587' title='bbox 2095 3418 2230 3474; x_wconf 81' lang='lat' dir='ltr'>CAP.</span> <span class='ocrx_word' id='word_1_588' title='bbox 2263 3419 2354 3474; x_wconf 87' lang='lat'>67.</span> <span class='ocrx_word' id='word_1_589' title='bbox 2385 3450 2456 3459; x_wconf 96' lang='lat'><strong>—</strong></span> <span class='ocrx_word' id='word_1_590' title='bbox 2504 3422 2579 3475; x_wconf 92' lang='lat' dir='ltr'>De</span> <span class='ocrx_word' id='word_1_591' title='bbox 2629 3419 3010 3476; x_wconf 86' lang='lat' dir='ltr'>inventoribus</span> <span class='ocrx_word' id='word_1_592' title='bbox 3065 3421 3299 3490; x_wconf 54' lang='lat' dir='ltr'>magica</span> <span class='ocrx_word' id='word_1_593' title='bbox 3339 3420 3500 3486; x_wconf 85' lang='lat' dir='ltr'>artis,</span> <span class='ocrx_word' id='word_1_594' title='bbox 3545 3422 3596 3473; x_wconf 89' lang='lat' dir='ltr'>et</span> <span class='ocrx_word' id='word_1_595' title='bbox 3643 3434 3742 3473; x_wconf 88' lang='lat' dir='ltr'>ne-</span> 
     </span>
    </p>
   </div>
   <div class='ocr_carea' id='block_1_84' title="bbox 2165 3491 3741 3632">
    <p class='ocr_par' dir='ltr' id='par_1_84' title="bbox 2165 3491 3741 3632">
     <span class='ocr_line' id='line_1_86' title="bbox 2165 3491 3741 3632; baseline -0.001 -87"><span class='ocrx_word' id='word_1_596' title='bbox 2165 3493 2619 3632; x_wconf 50' lang='lat' dir='ltr'>gomantiabfx</span> <span class='ocrx_word' id='word_1_597' title='bbox 2667 3492 2834 3548; x_wconf 87' lang='lat' dir='ltr'>dictis</span> <span class='ocrx_word' id='word_1_598' title='bbox 2880 3493 3108 3562; x_wconf 78' lang='lat' dir='ltr'>August.</span> <span class='ocrx_word' id='word_1_599' title='bbox 3157 3491 3439 3562; x_wconf 85' lang='lat' dir='ltr'>(Isidorus,</span> <span class='ocrx_word' id='word_1_600' title='bbox 3494 3491 3592 3545; x_wconf 85' lang='lat' dir='ltr'>lib.</span> <span class='ocrx_word' id='word_1_601' title='bbox 3640 3507 3741 3545; x_wconf 86' lang='lat' dir='ltr'>vm</span> 
     </span>
     <span class='ocr_line' id='line_1_87' title="bbox 2235 3579 2558 3632; baseline 0.009 -16"><span class='ocrx_word' id='word_1_602' title='bbox 2235 3579 2372 3632; x_wconf 88' lang='lat' dir='ltr'>ym.,</span> <span class='ocrx_word' id='word_1_603' title='bbox 2406 3579 2452 3618; x_wconf 91' lang='lat' dir='ltr'>c.</span> <span class='ocrx_word' id='word_1_604' title='bbox 2543 3602 2558 3619; x_wconf 95' lang='lat'>.</span> 
     </span>
    </p>
   </div>
   <div class='ocr_carea' id='block_1_85' title="bbox 2161 3650 3738 3723">
    <p class='ocr_par' dir='ltr' id='par_1_85' title="bbox 2161 3650 3738 3723">
     <span class='ocr_line' id='line_1_88' title="bbox 2161 3650 3738 3723; baseline 0.001 -18"><span class='ocrx_word' id='word_1_605' title='bbox 2161 3652 2275 3719; x_wconf 86' lang='lat'>(26,</span> <span class='ocrx_word' id='word_1_606' title='bbox 2309 3653 2554 3723; x_wconf 87' lang='lat' dir='ltr'>q.,c.Nec</span> <span class='ocrx_word' id='word_1_607' title='bbox 2582 3653 2838 3722; x_wconf 85' lang='lat' dir='ltr'>mirum.)</span> <span class='ocrx_word' id='word_1_608' title='bbox 2870 3651 3020 3723; x_wconf 81' lang='grc'>(104)</span> <span class='ocrx_word' id='word_1_609' title='bbox 3045 3652 3159 3707; x_wconf 89' lang='lat' dir='ltr'>Nec</span> <span class='ocrx_word' id='word_1_610' title='bbox 3182 3650 3400 3706; x_wconf 90' lang='lat' dir='ltr'>mirum</span> <span class='ocrx_word' id='word_1_611' title='bbox 3431 3651 3504 3706; x_wconf 89' lang='lat' dir='ltr'>de</span> <span class='ocrx_word' id='word_1_612' title='bbox 3534 3666 3738 3722; x_wconf 87' lang='lat' dir='ltr'>mago-</span> 
     </span>
    </p>
   </div>
   <div class='ocr_carea' id='block_1_86' title="bbox 2090 3739 3737 3812">
    <p class='ocr_par' dir='ltr' id='par_1_86' title="bbox 2090 3739 3737 3812">
     <span class='ocr_line' id='line_1_89' title="bbox 2090 3739 3737 3812; baseline 0.001 -19"><span class='ocrx_word' id='word_1_613' title='bbox 2090 3756 2221 3794; x_wconf 89' lang='lat' dir='ltr'>rum</span> <span class='ocrx_word' id='word_1_614' title='bbox 2237 3741 2828 3812; x_wconf 62' lang='lat' dir='ltr'>prestigiis,quorum</span> <span class='ocrx_word' id='word_1_615' title='bbox 2843 3742 2902 3796; x_wconf 92' lang='lat' dir='ltr'>in</span> <span class='ocrx_word' id='word_1_616' title='bbox 2921 3747 3152 3796; x_wconf 88' lang='lat' dir='ltr'>tantum</span> <span class='ocrx_word' id='word_1_617' title='bbox 3172 3741 3436 3811; x_wconf 88' lang='lat' dir='ltr'>prodiere</span> <span class='ocrx_word' id='word_1_618' title='bbox 3451 3739 3737 3795; x_wconf 84' lang='lat' dir='ltr'>maleficio</span> 
     </span>
    </p>
   </div>
   <div class='ocr_carea' id='block_1_87' title="bbox 2090 3829 3735 3902">
    <p class='ocr_par' dir='ltr' id='par_1_87' title="bbox 2090 3829 3735 3902">
     <span class='ocr_line' id='line_1_90' title="bbox 2090 3829 3735 3902; baseline 0.001 -20"><span class='ocrx_word' id='word_1_619' title='bbox 2090 3845 2223 3882; x_wconf 90' lang='lat' dir='ltr'>rum</span> <span class='ocrx_word' id='word_1_620' title='bbox 2256 3834 2502 3897; x_wconf 90' lang='lat' dir='ltr'>artes,ut</span> <span class='ocrx_word' id='word_1_621' title='bbox 2528 3831 2703 3885; x_wconf 90' lang='lat' dir='ltr'>etiam</span> <span class='ocrx_word' id='word_1_622' title='bbox 2727 3831 2907 3902; x_wconf 83' lang='lat' dir='ltr'>Moysi</span> <span class='ocrx_word' id='word_1_623' title='bbox 2928 3831 2989 3886; x_wconf 92' lang='lat' dir='ltr'>in</span> <span class='ocrx_word' id='word_1_624' title='bbox 3018 3829 3134 3886; x_wconf 88' lang='lat' dir='ltr'>illis</span> <span class='ocrx_word' id='word_1_625' title='bbox 3165 3830 3353 3902; x_wconf 89' lang='lat' dir='ltr'>signis</span> <span class='ocrx_word' id='word_1_626' title='bbox 3374 3829 3735 3897; x_wconf 86' lang='lat' dir='ltr'>resisterent,</span> 
     </span>
    </p>
   </div>
   <div class='ocr_carea' id='block_1_88' title="bbox 2087 3918 3735 3991">
    <p class='ocr_par' dir='ltr' id='par_1_88' title="bbox 2087 3918 3735 3991">
     <span class='ocr_line' id='line_1_91' title="bbox 2087 3918 3735 3991; baseline 0.002 -21"><span class='ocrx_word' id='word_1_627' title='bbox 2087 3921 2379 3972; x_wconf 86' lang='lat' dir='ltr'>vertentes</span> <span class='ocrx_word' id='word_1_628' title='bbox 2410 3918 2603 3988; x_wconf 89' lang='lat' dir='ltr'>virgas</span> <span class='ocrx_word' id='word_1_629' title='bbox 2632 3919 2688 3972; x_wconf 90' lang='lat' dir='ltr'>in</span> <span class='ocrx_word' id='word_1_630' title='bbox 2721 3919 3022 3990; x_wconf 82' lang='lat' dir='ltr'>dracones,</span> <span class='ocrx_word' id='word_1_631' title='bbox 3066 3935 3249 3989; x_wconf 89' lang='lat' dir='ltr'>aquas</span> <span class='ocrx_word' id='word_1_632' title='bbox 3280 3919 3338 3973; x_wconf 90' lang='lat' dir='ltr'>in</span> <span class='ocrx_word' id='word_1_633' title='bbox 3388 3919 3735 3991; x_wconf 76' lang='lat' dir='ltr'>sanguinem</span> 
     </span>
    </p>
   </div>
   <div class='ocr_carea' id='block_1_89' title="bbox 2091 4006 3735 4079">
    <p class='ocr_par' dir='ltr' id='par_1_89' title="bbox 2091 4006 3735 4079">
     <span class='ocr_line' id='line_1_92' title="bbox 2091 4006 3735 4079; baseline 0.001 -19"><span class='ocrx_word' id='word_1_634' title='bbox 2091 4006 2278 4074; x_wconf 73' lang='lat' dir='ltr'>(Exod.</span> <span class='ocrx_word' id='word_1_635' title='bbox 2313 4009 2435 4077; x_wconf 82' lang='lat' dir='ltr'>vn).</span> <span class='ocrx_word' id='word_1_636' title='bbox 2462 4010 2668 4062; x_wconf 90' lang='lat' dir='ltr'>Fertur</span> <span class='ocrx_word' id='word_1_637' title='bbox 2705 4008 2884 4063; x_wconf 88' lang='lat' dir='ltr'>etiam</span> <span class='ocrx_word' id='word_1_638' title='bbox 2919 4008 2976 4061; x_wconf 92' lang='lat' dir='ltr'>in</span> <span class='ocrx_word' id='word_1_639' title='bbox 3009 4007 3319 4079; x_wconf 87' lang='lat' dir='ltr'>gentilium</span> <span class='ocrx_word' id='word_1_640' title='bbox 3349 4007 3542 4073; x_wconf 88' lang='lat' dir='ltr'>libris,</span> <span class='ocrx_word' id='word_1_641' title='bbox 3576 4009 3735 4078; x_wconf 91' lang='lat' dir='ltr'>quod</span> 
     </span>
    </p>
   </div>
   <div class='ocr_carea' id='block_1_90' title="bbox 2087 4095 3737 4169">
    <p class='ocr_par' dir='ltr' id='par_1_90' title="bbox 2087 4095 3737 4169">
     <span class='ocr_line' id='line_1_93' title="bbox 2087 4095 3737 4169; baseline 0.002 -20"><span class='ocrx_word' id='word_1_642' title='bbox 2087 4095 2354 4166; x_wconf 66' lang='lat' dir='ltr'>quaedam</span> <span class='ocrx_word' id='word_1_643' title='bbox 2383 4112 2566 4168; x_wconf 82' lang='lat' dir='ltr'>maga,</span> <span class='ocrx_word' id='word_1_644' title='bbox 2617 4096 3015 4152; x_wconf 88' lang='lat' dir='ltr'>famosissima</span> <span class='ocrx_word' id='word_1_645' title='bbox 3060 4097 3239 4165; x_wconf 90' lang='lat' dir='ltr'>Circe,</span> <span class='ocrx_word' id='word_1_646' title='bbox 3289 4097 3481 4152; x_wconf 90' lang='lat' dir='ltr'>socios</span> <span class='ocrx_word' id='word_1_647' title='bbox 3512 4096 3737 4169; x_wconf 78' lang='lat' dir='ltr'>Ulyssis</span> 
     </span>
    </p>
   </div>
   <div class='ocr_carea' id='block_1_91' title="bbox 2089 4184 3738 4257">
    <p class='ocr_par' dir='ltr' id='par_1_91' title="bbox 2089 4184 3738 4257">
     <span class='ocr_line' id='line_1_94' title="bbox 2089 4184 3738 4257; baseline 0.001 -19"><span class='ocrx_word' id='word_1_648' title='bbox 2089 4184 2402 4240; x_wconf 89' lang='lat' dir='ltr'>mutaverit</span> <span class='ocrx_word' id='word_1_649' title='bbox 2433 4185 2493 4239; x_wconf 93' lang='lat' dir='ltr'>in</span> <span class='ocrx_word' id='word_1_650' title='bbox 2525 4185 2766 4241; x_wconf 88' lang='lat' dir='ltr'>bestias.</span> <span class='ocrx_word' id='word_1_651' title='bbox 2802 4185 3040 4255; x_wconf 85' lang='lat' dir='ltr'>Legitur</span> <span class='ocrx_word' id='word_1_652' title='bbox 3068 4189 3126 4240; x_wconf 92' lang='lat' dir='ltr'>et</span> <span class='ocrx_word' id='word_1_653' title='bbox 3157 4185 3227 4240; x_wconf 89' lang='lat' dir='ltr'>de</span> <span class='ocrx_word' id='word_1_654' title='bbox 3260 4184 3547 4240; x_wconf 83' lang='lat' dir='ltr'>sacrificio</span> <span class='ocrx_word' id='word_1_655' title='bbox 3582 4185 3738 4257; x_wconf 91' lang='lat' dir='ltr'>quod</span> 
     </span>
    </p>
   </div>
   <div class='ocr_carea' id='block_1_92' title="bbox 2084 4272 3737 4346">
    <p class='ocr_par' dir='ltr' id='par_1_92' title="bbox 2084 4272 3737 4346">
     <span class='ocr_line' id='line_1_95' title="bbox 2084 4272 3737 4346; baseline 0.001 -19"><span class='ocrx_word' id='word_1_656' title='bbox 2084 4273 2337 4328; x_wconf 88' lang='lat' dir='ltr'>Arcades</span> <span class='ocrx_word' id='word_1_657' title='bbox 2370 4273 2484 4329; x_wconf 91' lang='lat' dir='ltr'>Deo</span> <span class='ocrx_word' id='word_1_658' title='bbox 2504 4291 2612 4330; x_wconf 91' lang='lat' dir='ltr'>suo</span> <span class='ocrx_word' id='word_1_659' title='bbox 2644 4274 2847 4346; x_wconf 72' lang='lat' dir='ltr'>Dycaao</span> <span class='ocrx_word' id='word_1_660' title='bbox 2882 4272 3294 4342; x_wconf 89' lang='lat' dir='ltr'>immolabant,</span> <span class='ocrx_word' id='word_1_661' title='bbox 3341 4289 3412 4328; x_wconf 82' lang='lat' dir='ltr'>ex</span> <span class='ocrx_word' id='word_1_662' title='bbox 3453 4289 3571 4344; x_wconf 90' lang='lat' dir='ltr'>quo</span> <span class='ocrx_word' id='word_1_663' title='bbox 3604 4274 3737 4345; x_wconf 83' lang='lat' dir='ltr'>qui-</span> 
     </span>
    </p>
   </div>
   <div class='ocr_carea' id='block_1_93' title="bbox 2085 4364 3736 4434">
    <p class='ocr_par' dir='ltr' id='par_1_93' title="bbox 2085 4364 3736 4434">
     <span class='ocr_line' id='line_1_96' title="bbox 2085 4364 3736 4434; baseline 0.002 -17"><span class='ocrx_word' id='word_1_664' title='bbox 2085 4379 2317 4434; x_wconf 88' lang='lat' dir='ltr'>cunque</span> <span class='ocrx_word' id='word_1_665' title='bbox 2349 4369 2650 4420; x_wconf 88' lang='lat' dir='ltr'>sumerent</span> <span class='ocrx_word' id='word_1_666' title='bbox 2673 4365 2730 4419; x_wconf 92' lang='lat' dir='ltr'>in</span> <span class='ocrx_word' id='word_1_667' title='bbox 2758 4364 3298 4421; x_wconf 87' lang='lat' dir='ltr'>bestiarumformas</span> <span class='ocrx_word' id='word_1_668' title='bbox 3328 4369 3736 4420; x_wconf 88' lang='lat' dir='ltr'>converteren-</span> 
     </span>
    </p>
   </div>
   <div class='ocr_carea' id='block_1_94' title="bbox 403 4443 3739 4528">
    <p class='ocr_par' dir='ltr' id='par_1_94' title="bbox 403 4443 3739 4528">
     <span class='ocr_line' id='line_1_97' title="bbox 403 4443 3739 4528; baseline 0.001 -17"><span class='ocrx_word' id='word_1_669' title='bbox 403 4457 460 4511; x_wconf 87' lang='lat' dir='ltr'>Si</span> <span class='ocrx_word' id='word_1_670' title='bbox 491 4457 627 4528; x_wconf 91' lang='lat' dir='ltr'>quis</span> <span class='ocrx_word' id='word_1_671' title='bbox 657 4458 986 4515; x_wconf 90' lang='lat' dir='ltr'>balationes</span> <span class='ocrx_word' id='word_1_672' title='bbox 1007 4462 1144 4515; x_wconf 89' lang='lat' dir='ltr'>ante</span> <span class='ocrx_word' id='word_1_673' title='bbox 1166 4457 1442 4515; x_wconf 89' lang='lat' dir='ltr'>ecclesias</span> <span class='ocrx_word' id='word_1_674' title='bbox 1473 4460 1810 4514; x_wconf 83' lang='lat' dir='ltr'>sanctorum</span> <span class='ocrx_word' id='word_1_675' title='bbox 1833 4458 1978 4516; x_wconf 87' lang='lat' dir='ltr'>fece-</span> <span class='ocrx_word' id='word_1_676' title='bbox 2007 4443 2054 4508; x_wconf 83' lang='lat' dir='ltr'>D</span> <span class='ocrx_word' id='word_1_677' title='bbox 2085 4453 2318 4509; x_wconf 55' lang='lat' dir='ltr'>tunsed</span> <span class='ocrx_word' id='word_1_678' title='bbox 2351 4452 2472 4508; x_wconf 74' lang='grc' dir='ltr'>Ι]ωο</span> <span class='ocrx_word' id='word_1_679' title='bbox 2501 4454 2700 4508; x_wconf 79' lang='lat' dir='ltr'>omnia</span> <span class='ocrx_word' id='word_1_680' title='bbox 2731 4451 2976 4524; x_wconf 76' lang='lat' dir='ltr'>magicis</span> <span class='ocrx_word' id='word_1_681' title='bbox 3009 4452 3323 4524; x_wconf 57' lang='lat' dir='ltr'>prastigiis</span> <span class='ocrx_word' id='word_1_682' title='bbox 3341 4452 3538 4524; x_wconf 75' lang='lat' dir='ltr'>potius</span> <span class='ocrx_word' id='word_1_683' title='bbox 3559 4453 3739 4524; x_wconf 82' lang='lat' dir='ltr'>ﬁnge-</span> 
     </span>
    </p>
   </div>
   <div class='ocr_carea' id='block_1_95' title="bbox 332 4544 1980 4620">
    <p class='ocr_par' dir='ltr' id='par_1_95' title="bbox 332 4544 1980 4620">
     <span class='ocr_line' id='line_1_98' title="bbox 332 4544 1980 4620; baseline 0.002 -20"><span class='ocrx_word' id='word_1_684' title='bbox 332 4544 428 4616; x_wconf 89' lang='lat' dir='ltr'>rit,</span> <span class='ocrx_word' id='word_1_685' title='bbox 461 4561 564 4602; x_wconf 92' lang='lat' dir='ltr'>seu</span> <span class='ocrx_word' id='word_1_686' title='bbox 597 4547 698 4618; x_wconf 90' lang='lat' dir='ltr'>qui</span> <span class='ocrx_word' id='word_1_687' title='bbox 729 4548 937 4603; x_wconf 76' lang='lat' dir='ltr'>faciem</span> <span class='ocrx_word' id='word_1_688' title='bbox 968 4565 1137 4604; x_wconf 88' lang='lat' dir='ltr'>suam</span> <span class='ocrx_word' id='word_1_689' title='bbox 1159 4549 1640 4604; x_wconf 89' lang='lat' dir='ltr'>transmutaverit</span> <span class='ocrx_word' id='word_1_690' title='bbox 1671 4550 1980 4620; x_wconf 88' lang='lat' dir='ltr'>(transfor-</span> 
     </span>
    </p>
   </div>
   <div class='ocr_carea' id='block_1_96' title="bbox 333 4634 1981 4706">
    <p class='ocr_par' dir='ltr' id='par_1_96' title="bbox 333 4634 1981 4706">
     <span class='ocr_line' id='line_1_99' title="bbox 333 4634 1981 4706; baseline 0.003 -18"><span class='ocrx_word' id='word_1_691' title='bbox 333 4635 600 4706; x_wconf 90' lang='lat' dir='ltr'>maverit)</span> <span class='ocrx_word' id='word_1_692' title='bbox 631 4634 690 4690; x_wconf 91' lang='lat' dir='ltr'>in</span> <span class='ocrx_word' id='word_1_693' title='bbox 724 4635 927 4691; x_wconf 88' lang='lat' dir='ltr'>habitu</span> <span class='ocrx_word' id='word_1_694' title='bbox 960 4635 1255 4706; x_wconf 89' lang='lat' dir='ltr'>muliebri,</span> <span class='ocrx_word' id='word_1_695' title='bbox 1302 4641 1358 4693; x_wconf 90' lang='lat' dir='ltr'>et</span> <span class='ocrx_word' id='word_1_696' title='bbox 1407 4637 1620 4693; x_wconf 90' lang='lat' dir='ltr'>mulier</span> <span class='ocrx_word' id='word_1_697' title='bbox 1665 4637 1725 4691; x_wconf 90' lang='lat' dir='ltr'>in</span> <span class='ocrx_word' id='word_1_698' title='bbox 1773 4637 1981 4694; x_wconf 87' lang='lat' dir='ltr'>habitu</span> 
     </span>
    </p>
   </div>
   <div class='ocr_carea' id='block_1_97' title="bbox 329 4723 1977 4798">
    <p class='ocr_par' dir='ltr' id='par_1_97' title="bbox 329 4723 1977 4798">
     <span class='ocr_line' id='line_1_100' title="bbox 329 4723 1977 4798; baseline 0.003 -21"><span class='ocrx_word' id='word_1_699' title='bbox 329 4723 460 4794; x_wconf 90' lang='lat' dir='ltr'>viri,</span> <span class='ocrx_word' id='word_1_700' title='bbox 493 4725 899 4781; x_wconf 86' lang='lat' dir='ltr'>emendatione</span> <span class='ocrx_word' id='word_1_701' title='bbox 933 4726 1195 4797; x_wconf 87' lang='lat' dir='ltr'>pollicita</span> <span class='ocrx_word' id='word_1_702' title='bbox 1225 4727 1416 4782; x_wconf 90' lang='lat' dir='ltr'>tribus</span> <span class='ocrx_word' id='word_1_703' title='bbox 1469 4727 1642 4782; x_wconf 90' lang='lat' dir='ltr'>annis</span> <span class='ocrx_word' id='word_1_704' title='bbox 1680 4727 1977 4798; x_wconf 67' lang='lat' dir='ltr'>poeniteat.</span> 
     </span>
    </p>
   </div>
   <div class='ocr_carea' id='block_1_98' title="bbox 331 4827 1978 4903">
    <p class='ocr_par' dir='ltr' id='par_1_98' title="bbox 331 4827 1978 4903">
     <span class='ocr_line' id='line_1_101' title="bbox 331 4827 1978 4903; baseline 0.002 -19"><span class='ocrx_word' id='word_1_705' title='bbox 331 4827 465 4886; x_wconf 89' lang='lat' dir='ltr'><strong>CAP.</strong></span> <span class='ocrx_word' id='word_1_706' title='bbox 497 4830 588 4884; x_wconf 85' lang='lat'><strong>65.</strong></span> <span class='ocrx_word' id='word_1_707' title='bbox 611 4860 680 4871; x_wconf 83' lang='lat'>-—</span> <span class='ocrx_word' id='word_1_708' title='bbox 702 4830 851 4903; x_wconf 82' lang='lat' dir='ltr'>Quod</span> <span class='ocrx_word' id='word_1_709' title='bbox 883 4832 1289 4888; x_wconf 84' lang='lat' dir='ltr'>incantationes</span> <span class='ocrx_word' id='word_1_710' title='bbox 1331 4841 1383 4888; x_wconf 88' lang='lat' dir='ltr'>et</span> <span class='ocrx_word' id='word_1_711' title='bbox 1412 4833 1646 4903; x_wconf 72' lang='lat' dir='ltr'>magica:</span> <span class='ocrx_word' id='word_1_712' title='bbox 1702 4836 1852 4888; x_wconf 83' lang='lat' dir='ltr'>artes</span> <span class='ocrx_word' id='word_1_713' title='bbox 1887 4833 1978 4888; x_wconf 81' lang='lat' dir='ltr'>la-</span> 
     </span>
    </p>
   </div>
   <div class='ocr_carea' id='block_1_99' title="bbox 552 4901 1750 4973">
    <p class='ocr_par' dir='ltr' id='par_1_99' title="bbox 552 4901 1750 4973">
     <span class='ocr_line' id='line_1_102' title="bbox 552 4901 1750 4973; baseline 0 -16"><span class='ocrx_word' id='word_1_714' title='bbox 552 4904 685 4972; x_wconf 85' lang='lat' dir='ltr'>quei</span> <span class='ocrx_word' id='word_1_715' title='bbox 733 4901 940 4958; x_wconf 88' lang='lat' dir='ltr'>diaboli</span> <span class='ocrx_word' id='word_1_716' title='bbox 967 4904 1097 4958; x_wconf 84' lang='lat' dir='ltr'>sint.</span> <span class='ocrx_word' id='word_1_717' title='bbox 1136 4905 1214 4958; x_wconf 78' lang='lat' dir='ltr'>Ex</span> <span class='ocrx_word' id='word_1_718' title='bbox 1241 4903 1406 4959; x_wconf 86' lang='lat' dir='ltr'>dictis</span> <span class='ocrx_word' id='word_1_719' title='bbox 1434 4901 1750 4973; x_wconf 82' lang='lat' dir='ltr'>Augustini.</span> 
     </span>
    </p>
   </div>
   <div class='ocr_carea' id='block_1_100' title="bbox 399 4990 1978 5062">
    <p class='ocr_par' dir='ltr' id='par_1_100' title="bbox 399 4990 1978 5062">
     <span class='ocr_line' id='line_1_103' title="bbox 399 4990 1978 5062; baseline 0.002 -17"><span class='ocrx_word' id='word_1_720' title='bbox 399 4990 511 5060; x_wconf 78' lang='lat'>(‘26,</span> <span class='ocrx_word' id='word_1_721' title='bbox 543 5006 593 5062; x_wconf 89' lang='lat' dir='ltr'>q.</span> <span class='ocrx_word' id='word_1_722' title='bbox 626 4991 682 5056; x_wconf 88' lang='lat'>7,</span> <span class='ocrx_word' id='word_1_723' title='bbox 709 5006 758 5044; x_wconf 82' lang='grc' dir='ltr'>ε.</span> <span class='ocrx_word' id='word_1_724' title='bbox 797 4990 1179 5062; x_wconf 84' lang='lat' dir='ltr'>Admoneant.)</span> <span class='ocrx_word' id='word_1_725' title='bbox 1232 4993 1600 5047; x_wconf 84' lang='lat' dir='ltr'>Admoneant</span> <span class='ocrx_word' id='word_1_726' title='bbox 1648 4993 1978 5049; x_wconf 85' lang='lat' dir='ltr'>sacerdotes</span> 
     </span>
    </p>
   </div>
   <div class='ocr_carea' id='block_1_101' title="bbox 323 5077 1976 5151">
    <p class='ocr_par' dir='ltr' id='par_1_101' title="bbox 323 5077 1976 5151">
     <span class='ocr_line' id='line_1_104' title="bbox 323 5077 1976 5151; baseline 0.003 -19"><span class='ocrx_word' id='word_1_727' title='bbox 323 5077 526 5133; x_wconf 84' lang='lat' dir='ltr'>ﬁdeles</span> <span class='ocrx_word' id='word_1_728' title='bbox 558 5077 830 5150; x_wconf 89' lang='lat' dir='ltr'>populos,</span> <span class='ocrx_word' id='word_1_729' title='bbox 863 5087 924 5132; x_wconf 83' lang='lat' dir='ltr'>ut</span> <span class='ocrx_word' id='word_1_730' title='bbox 955 5079 1220 5134; x_wconf 89' lang='lat' dir='ltr'>noverint</span> <span class='ocrx_word' id='word_1_731' title='bbox 1252 5079 1508 5151; x_wconf 87' lang='lat' dir='ltr'>magicos</span> <span class='ocrx_word' id='word_1_732' title='bbox 1533 5085 1689 5135; x_wconf 90' lang='lat' dir='ltr'>artes</span> <span class='ocrx_word' id='word_1_733' title='bbox 1709 5081 1976 5136; x_wconf 89' lang='lat' dir='ltr'>incanta-</span> 
     </span>
    </p>
   </div>
   <div class='ocr_carea' id='block_1_102' title="bbox 2094 4540 3734 4613">
    <p class='ocr_par' dir='ltr' id='par_1_102' title="bbox 2094 4540 3734 4613">
     <span class='ocr_line' id='line_1_105' title="bbox 2094 4540 3734 4613; baseline 0.001 -17"><span class='ocrx_word' id='word_1_734' title='bbox 2094 4544 2310 4598; x_wconf 88' lang='lat' dir='ltr'>bantur</span> <span class='ocrx_word' id='word_1_735' title='bbox 2339 4558 2516 4613; x_wconf 87' lang='lat' dir='ltr'>quam</span> <span class='ocrx_word' id='word_1_736' title='bbox 2549 4558 2743 4597; x_wconf 90' lang='lat' dir='ltr'>rerum</span> <span class='ocrx_word' id='word_1_737' title='bbox 2773 4541 3012 4597; x_wconf 86' lang='lat' dir='ltr'>veritate</span> <span class='ocrx_word' id='word_1_738' title='bbox 3035 4540 3568 4613; x_wconf 88' lang='lat' dir='ltr'>complerentur.Ut</span> <span class='ocrx_word' id='word_1_739' title='bbox 3600 4557 3734 4613; x_wconf 87' lang='lat' dir='ltr'>ergo</span> 
     </span>
    </p>
   </div>
   <div class='ocr_carea' id='block_1_103' title="bbox 2089 4629 3732 4703">
    <p class='ocr_par' dir='ltr' id='par_1_103' title="bbox 2089 4629 3732 4703">
     <span class='ocr_line' id='line_1_106' title="bbox 2089 4629 3732 4703; baseline -0.001 -17"><span class='ocrx_word' id='word_1_740' title='bbox 2089 4631 2203 4703; x_wconf 90' lang='lat' dir='ltr'>ipsi</span> <span class='ocrx_word' id='word_1_741' title='bbox 2235 4647 2458 4687; x_wconf 90' lang='lat' dir='ltr'>errores</span> <span class='ocrx_word' id='word_1_742' title='bbox 2489 4629 2899 4702; x_wconf 84' lang='lat' dir='ltr'>ignorantibus</span> <span class='ocrx_word' id='word_1_743' title='bbox 2927 4629 3223 4686; x_wconf 88' lang='lat' dir='ltr'>manifesti</span> <span class='ocrx_word' id='word_1_744' title='bbox 3253 4629 3498 4700; x_wconf 87' lang='lat' dir='ltr'>ﬁant,de</span> <span class='ocrx_word' id='word_1_745' title='bbox 3529 4646 3732 4685; x_wconf 91' lang='lat' dir='ltr'>eorum</span> 
     </span>
    </p>
   </div>
   <div class='ocr_carea' id='block_1_104' title="bbox 2089 4718 3734 4792">
    <p class='ocr_par' dir='ltr' id='par_1_104' title="bbox 2089 4718 3734 4792">
     <span class='ocr_line' id='line_1_107' title="bbox 2089 4718 3734 4792; baseline -0.001 -17"><span class='ocrx_word' id='word_1_746' title='bbox 2089 4719 2442 4792; x_wconf 83' lang='lat' dir='ltr'>prOprietate</span> <span class='ocrx_word' id='word_1_747' title='bbox 2473 4724 2647 4792; x_wconf 91' lang='lat' dir='ltr'>atque</span> <span class='ocrx_word' id='word_1_748' title='bbox 2689 4718 3112 4788; x_wconf 89' lang='lat' dir='ltr'>inventoribus,</span> <span class='ocrx_word' id='word_1_749' title='bbox 3141 4720 3310 4788; x_wconf 81' lang='lat' dir='ltr'>juxta</span> <span class='ocrx_word' id='word_1_750' title='bbox 3355 4718 3734 4774; x_wconf 85' lang='lat' dir='ltr'>traditionem</span> 
     </span>
    </p>
   </div>
   <div class='ocr_carea' id='block_1_105' title="bbox 2089 4806 3730 4880">
    <p class='ocr_par' dir='ltr' id='par_1_105' title="bbox 2089 4806 3730 4880">
     <span class='ocr_line' id='line_1_108' title="bbox 2089 4806 3730 4880; baseline -0.001 -18"><span class='ocrx_word' id='word_1_751' title='bbox 2089 4809 2684 4880; x_wconf 87' lang='lat' dir='ltr'>majorum,primum</span> <span class='ocrx_word' id='word_1_752' title='bbox 2717 4808 2911 4863; x_wconf 90' lang='lat' dir='ltr'>dicere</span> <span class='ocrx_word' id='word_1_753' title='bbox 2965 4823 3290 4878; x_wconf 91' lang='lat' dir='ltr'>congruum</span> <span class='ocrx_word' id='word_1_754' title='bbox 3349 4806 3730 4863; x_wconf 87' lang='lat' dir='ltr'>arbitramur.</span> 
     </span>
    </p>
   </div>
   <div class='ocr_carea' id='block_1_106' title="bbox 2088 4894 3733 4968">
    <p class='ocr_par' dir='ltr' id='par_1_106' title="bbox 2088 4894 3733 4968">
     <span class='ocr_line' id='line_1_109' title="bbox 2088 4894 3733 4968; baseline 0.001 -19"><span class='ocrx_word' id='word_1_755' title='bbox 2088 4896 2237 4968; x_wconf 87' lang='lat' dir='ltr'>Magi</span> <span class='ocrx_word' id='word_1_756' title='bbox 2269 4895 2538 4966; x_wconf 88' lang='lat' dir='ltr'>sunt,qui</span> <span class='ocrx_word' id='word_1_757' title='bbox 2561 4895 2732 4968; x_wconf 87' lang='lat' dir='ltr'>vulgo</span> <span class='ocrx_word' id='word_1_758' title='bbox 2757 4894 3010 4951; x_wconf 74' lang='lat' dir='ltr'>maleﬁci</span> <span class='ocrx_word' id='word_1_759' title='bbox 3043 4895 3114 4950; x_wconf 90' lang='lat' dir='ltr'>ob</span> <span class='ocrx_word' id='word_1_760' title='bbox 3135 4894 3456 4950; x_wconf 84' lang='lat' dir='ltr'>facinorum</span> <span class='ocrx_word' id='word_1_761' title='bbox 3492 4911 3733 4951; x_wconf 90' lang='lat' dir='ltr'>suorum</span> 
     </span>
    </p>
   </div>
   <div class='ocr_carea' id='block_1_107' title="bbox 2087 4983 3733 5057">
    <p class='ocr_par' dir='ltr' id='par_1_107' title="bbox 2087 4983 3733 5057">
     <span class='ocr_line' id='line_1_110' title="bbox 2087 4983 3733 5057; baseline -0.001 -17"><span class='ocrx_word' id='word_1_762' title='bbox 2087 4985 2549 5057; x_wconf 83' lang='lat' dir='ltr'>magnitudinem</span> <span class='ocrx_word' id='word_1_763' title='bbox 2581 4990 3016 5056; x_wconf 89' lang='lat' dir='ltr'>nuncupantur.</span> <span class='ocrx_word' id='word_1_764' title='bbox 3051 4984 3119 5038; x_wconf 86' lang='lat' dir='ltr'>Hi</span> <span class='ocrx_word' id='word_1_765' title='bbox 3149 4983 3442 5056; x_wconf 90' lang='lat' dir='ltr'>permissu</span> <span class='ocrx_word' id='word_1_766' title='bbox 3483 4985 3583 5040; x_wconf 92' lang='lat' dir='ltr'>Dei</span> <span class='ocrx_word' id='word_1_767' title='bbox 3624 4983 3733 5040; x_wconf 85' lang='lat' dir='ltr'>ele-</span> 
     </span>
    </p>
   </div>
   <div class='ocr_carea' id='block_1_108' title="bbox 2089 5073 3734 5145">
    <p class='ocr_par' dir='ltr' id='par_1_108' title="bbox 2089 5073 3734 5145">
     <span class='ocr_line' id='line_1_111' title="bbox 2089 5073 3734 5145; baseline 0 -15"><span class='ocrx_word' id='word_1_768' title='bbox 2089 5081 2288 5131; x_wconf 89' lang='lat' dir='ltr'>menta</span> <span class='ocrx_word' id='word_1_769' title='bbox 2304 5075 2918 5145; x_wconf 82' lang='lat' dir='ltr'>concutiunt,turhant</span> <span class='ocrx_word' id='word_1_770' title='bbox 2949 5079 3177 5130; x_wconf 87' lang='lat' dir='ltr'>mentes</span> <span class='ocrx_word' id='word_1_771' title='bbox 3196 5073 3504 5130; x_wconf 89' lang='lat' dir='ltr'>hominum</span> <span class='ocrx_word' id='word_1_772' title='bbox 3538 5075 3734 5130; x_wconf 88' lang='lat' dir='ltr'>minus</span> 
     </span>
    </p>
   </div>
   <div class='ocr_carea' id='block_1_109' title="bbox 325 5165 3731 5238">
    <p class='ocr_par' dir='ltr' id='par_1_109' title="bbox 325 5165 3731 5238">
     <span class='ocr_line' id='line_1_112' title="bbox 325 5165 3731 5238; baseline -0 -15"><span class='ocrx_word' id='word_1_773' title='bbox 325 5169 630 5238; x_wconf 80' lang='lat' dir='ltr'>tionesque</span> <span class='ocrx_word' id='word_1_774' title='bbox 652 5167 1479 5238; x_wconf 80' lang='lat' dir='ltr'>quibuslibetinﬁrmitatibus</span> <span class='ocrx_word' id='word_1_775' title='bbox 1504 5169 1808 5224; x_wconf 87' lang='lat' dir='ltr'>hominum</span> <span class='ocrx_word' id='word_1_776' title='bbox 1829 5171 1976 5224; x_wconf 88' lang='lat' dir='ltr'>nihil</span> <span class='ocrx_word' id='word_1_777' title='bbox 2084 5167 2504 5223; x_wconf 82' lang='lat' dir='ltr'>conﬁdentium</span> <span class='ocrx_word' id='word_1_778' title='bbox 2543 5167 2598 5220; x_wconf 88' lang='lat' dir='ltr'>in</span> <span class='ocrx_word' id='word_1_779' title='bbox 2634 5166 2749 5222; x_wconf 91' lang='lat' dir='ltr'>Deo</span> <span class='ocrx_word' id='word_1_780' title='bbox 2792 5183 2858 5222; x_wconf 88' lang='lat' dir='ltr'>ac</span> <span class='ocrx_word' id='word_1_781' title='bbox 2908 5167 3036 5222; x_wconf 89' lang='lat' dir='ltr'>sine</span> <span class='ocrx_word' id='word_1_782' title='bbox 3067 5165 3187 5222; x_wconf 90' lang='lat' dir='ltr'>ullo</span> <span class='ocrx_word' id='word_1_783' title='bbox 3235 5167 3440 5222; x_wconf 90' lang='lat' dir='ltr'>veneni</span> <span class='ocrx_word' id='word_1_784' title='bbox 3491 5166 3731 5231; x_wconf 89' lang='lat' dir='ltr'>haustu,</span> 
     </span>
    </p>
   </div>
   <div class='ocr_carea' id='block_1_110' title="bbox 326 5255 1977 5328">
    <p class='ocr_par' dir='ltr' id='par_1_110' title="bbox 326 5255 1977 5328">
     <span class='ocr_line' id='line_1_113' title="bbox 326 5255 1977 5328; baseline -0.001 -16"><span class='ocrx_word' id='word_1_785' title='bbox 326 5271 499 5328; x_wconf 91' lang='lat' dir='ltr'>posse</span> <span class='ocrx_word' id='word_1_786' title='bbox 529 5255 773 5312; x_wconf 90' lang='lat' dir='ltr'>remedii</span> <span class='ocrx_word' id='word_1_787' title='bbox 803 5257 1088 5326; x_wconf 70' lang='lat' dir='ltr'>conferre,</span> <span class='ocrx_word' id='word_1_788' title='bbox 1115 5273 1230 5312; x_wconf 93' lang='lat' dir='ltr'>non</span> <span class='ocrx_word' id='word_1_789' title='bbox 1264 5255 1619 5312; x_wconf 88' lang='lat' dir='ltr'>animalibus</span> <span class='ocrx_word' id='word_1_790' title='bbox 1651 5255 1977 5328; x_wconf 88' lang='lat' dir='ltr'>languenti-</span> 
     </span>
    </p>
   </div>
   <div class='ocr_carea' id='block_1_111' title="bbox 327 5343 1970 5416">
    <p class='ocr_par' dir='ltr' id='par_1_111' title="bbox 327 5343 1970 5416">
     <span class='ocr_line' id='line_1_114' title="bbox 327 5343 1970 5416; baseline -0.001 -16"><span class='ocrx_word' id='word_1_791' title='bbox 327 5347 460 5416; x_wconf 89' lang='lat' dir='ltr'>bus,</span> <span class='ocrx_word' id='word_1_792' title='bbox 492 5343 1155 5413; x_wconf 88' lang='lat' dir='ltr'>claudicantibusve,vel</span> <span class='ocrx_word' id='word_1_793' title='bbox 1187 5343 1360 5400; x_wconf 89' lang='lat' dir='ltr'>etiam</span> <span class='ocrx_word' id='word_1_794' title='bbox 1396 5344 1767 5400; x_wconf 88' lang='lat' dir='ltr'>moribundis</span> <span class='ocrx_word' id='word_1_795' title='bbox 1798 5344 1970 5414; x_wconf 87' lang='lat' dir='ltr'>quid-</span> 
     </span>
    </p>
   </div>
   <div class='ocr_carea' id='block_1_112' title="bbox 2081 5254 3732 5312">
    <p class='ocr_par' dir='ltr' id='par_1_112' title="bbox 2081 5254 3732 5312">
     <span class='ocr_line' id='line_1_115' title="bbox 2081 5254 3732 5312; baseline -0.001 0"><span class='ocrx_word' id='word_1_796' title='bbox 2081 5257 2358 5312; x_wconf 88' lang='lat' dir='ltr'>violentia</span> <span class='ocrx_word' id='word_1_797' title='bbox 2389 5260 2622 5312; x_wconf 84' lang='lat' dir='ltr'>tantum</span> <span class='ocrx_word' id='word_1_798' title='bbox 2653 5257 2932 5312; x_wconf 90' lang='lat' dir='ltr'>carminis</span> <span class='ocrx_word' id='word_1_799' title='bbox 2956 5254 3322 5312; x_wconf 88' lang='lat' dir='ltr'>interimunt.</span> <span class='ocrx_word' id='word_1_800' title='bbox 3345 5255 3507 5311; x_wconf 90' lang='lat' dir='ltr'>Unde</span> <span class='ocrx_word' id='word_1_801' title='bbox 3536 5261 3596 5311; x_wconf 91' lang='lat' dir='ltr'>et</span> <span class='ocrx_word' id='word_1_802' title='bbox 3623 5256 3732 5310; x_wconf 87' lang='lat' dir='ltr'>Lu-</span> 
     </span>
    </p>
   </div>
   <div class='ocr_carea' id='block_1_113' title="bbox 2083 5361 2320 5400">
    <p class='ocr_par' dir='ltr' id='par_1_113' title="bbox 2083 5361 2320 5400">
     <span class='ocr_line' id='line_1_116' title="bbox 2083 5361 2320 5400; baseline -0.004 0"><span class='ocrx_word' id='word_1_803' title='bbox 2083 5361 2320 5400; x_wconf 88' lang='lat' dir='ltr'>canus:</span> 
     </span>
    </p>
   </div>
   <div class='ocr_carea' id='block_1_114' title="bbox 399 5539 2516 5618">
    <p class='ocr_par' dir='ltr' id='par_1_114' title="bbox 399 5539 2516 5618">
     <span class='ocr_line' id='line_1_117' title="bbox 399 5539 2516 5618; baseline 0.002 -23"><span class='ocrx_word' id='word_1_804' title='bbox 399 5542 545 5613; x_wconf 80' lang='lat'>(103)</span> <span class='ocrx_word' id='word_1_805' title='bbox 578 5545 657 5600; x_wconf 87' lang='lat' dir='ltr'>De</span> <span class='ocrx_word' id='word_1_806' title='bbox 687 5549 1024 5618; x_wconf 82' lang='lat' dir='ltr'>promptum</span> <span class='ocrx_word' id='word_1_807' title='bbox 1058 5561 1125 5599; x_wconf 85' lang='lat' dir='ltr'>ex</span> <span class='ocrx_word' id='word_1_808' title='bbox 1153 5544 1280 5615; x_wconf 81' lang='lat' dir='ltr'>Aug</span> <span class='ocrx_word' id='word_1_809' title='bbox 1332 5540 1432 5598; x_wconf 86' lang='lat' dir='ltr'>lib.</span> <span class='ocrx_word' id='word_1_810' title='bbox 1466 5557 1622 5598; x_wconf 79' lang='lat' dir='ltr'>xviii.</span> <span class='ocrx_word' id='word_1_811' title='bbox 1657 5541 1730 5598; x_wconf 89' lang='lat' dir='ltr'>De</span> <span class='ocrx_word' id='word_1_812' title='bbox 1763 5540 1991 5598; x_wconf 80' lang='lat' dir='ltr'>civitate</span> <span class='ocrx_word' id='word_1_813' title='bbox 2021 5539 2144 5608; x_wconf 87' lang='lat' dir='ltr'>Dei,</span> <span class='ocrx_word' id='word_1_814' title='bbox 2169 5556 2218 5596; x_wconf 92' lang='lat' dir='ltr'>c.</span> <span class='ocrx_word' id='word_1_815' title='bbox 2251 5541 2313 5596; x_wconf 87' lang='grc'>17</span> <span class='ocrx_word' id='word_1_816' title='bbox 2345 5544 2401 5597; x_wconf 86' lang='lat' dir='ltr'>et</span> <span class='ocrx_word' id='word_1_817' title='bbox 2436 5539 2516 5599; x_wconf 78' lang='grc'>18.</span> 
     </span>
    </p>
   </div>
  </div>
