4002 6054
230 210 333 264 761

304 332 452 387 Mens
480 330 668 386 hausti
694 329 855 404 nulla
882 330 1038 387 sanie
1064 332 1281 404 polluta
1308 349 1497 389 venem

377 406 666 459 Incantata
693 401 857 473 perit.

640 492 937 558 LUCANUS,
973 491 1235 559 Pharsal,
1269 493 1370 548 lib.
1398 510 1478 557 v1,
1510 510 1654 549 vers.
1690 496 1812 551 457.

230 599 607 655 Daemonibus
635 599 791 654 enim
826 599 1028 654 accitis
1060 600 1277 655 audent
1305 599 1607 667 ventilare,
1638 606 1701 656 ut
1730 601 1887 672 quis-

228 707 346 761 que
380 705 519 744 suos
552 688 801 760 perimat
835 687 1006 742 malis
1039 688 1265 743 artibus
1294 689 1584 744 inimicos.
1619 691 1685 743 Hi
1709 691 1884 744 etiam

228 778 522 850 sanguine
555 781 821 843 utuntur,
848 781 903 831 et
937 776 1186 831 victimis
1209 794 1359 849 saepe
1382 779 1731 850 contingunt
1760 796 1884 834 cor-

228 884 374 939 pora
408 870 795 922 mortuorum.
828 864 1223 920 Necromantii
1269 870 1427 935 sunt,
1462 884 1710 938 quorum
1741 884 1885 939 pras-

227 957 666 1013 cantationibus
681 955 950 1010 videntur
965 955 1294 1011 resuscitati
1318 957 1534 1011 mortui
1556 957 1814 1012 divinare
1832 960 1889 1011 et

228 1047 301 1102 ad
338 1047 696 1118 interrogata
719 1045 1071 1116 respondere
1096 1065 1109 1112 ;
1142 1042 1331 1117 νεκρὸς
1356 1045 1507 1100 enim
1533 1045 1725 1102 Graece
1745 1061 1885 1100 mor-

226 1144 376 1203 tuus,
412 1132 632 1205 μαντεία
663 1134 943 1189 divinatio
977 1138 1373 1206 nuncupatur.
1402 1136 1484 1189 Ad
1519 1151 1668 1205 quos
1702 1134 1885 1190 susei-

223 1225 439 1279 tandos
473 1221 737 1279 cadaveri
769 1222 1011 1293 sanguis
1036 1222 1347 1292 adjicitur;
1373 1239 1509 1277 nam
1534 1239 1730 1278 amare
1755 1241 1886 1278 san-

227 1313 473 1385 guinem
505 1312 797 1367 daemones
830 1312 1129 1366 dicuntur.
1156 1313 1407 1384 Ideoque
1439 1312 1668 1383 quoties
1692 1328 1886 1367 necro-

226 1402 456 1456 mantia
493 1402 571 1468 fit,
608 1416 779 1456 cruor
803 1416 980 1471 aequa:
1035 1400 1233 1471 [aqua]
1265 1401 1566 1467 miscetur,
1601 1406 1665 1455 ut
1694 1401 1887 1456 colore

224 1490 538 1561 sanguinis
588 1490 820 1544 facilius
869 1496 1277 1559 provocentur.
1330 1490 1767 1561 Hydromantici
1814 1490 1884 1544 ab

224 1596 384 1649 aqua
414 1579 575 1634 dicti.
609 1580 711 1634 Est
760 1579 913 1633 enim
964 1577 1372 1649 hydromantis
1408 1579 1467 1632 in
1495 1596 1657 1650 aqua:
1690 1580 1886 1650 inspe-

227 1667 428 1721 ctione
464 1667 704 1722 umbras
735 1666 1065 1721 daemouum
1100 1683 1357 1735 evocare,
1390 1672 1447 1722 et
1475 1667 1763 1739 imagines
1791 1667 1884 1722 lu-

1047 213 1360 267 DECRETI
1398 217 1582 269 PARS
1616 215 1713 268 XI.
1749 241 1815 252 -α
1853 214 1949 267 DE
1989 210 2633 279 INCANTATORIBUS,
2676 214 2835 267 ETC.

3540 214 3649 268 762

1914 340 1970 406 Α
1996 331 2476 404 interpretantur.
2512 332 2580 387 Hi
2611 336 2751 388 sunt
2781 331 2880 404 qui
2912 331 3085 404 vulgo
3119 332 3515 389 mathematici
3550 338 3649 388 νο·

1998 426 2223 490 cautur,
2257 422 2428 492 cujus
2471 422 2912 493 superstitionis
2942 438 3122 492 genus
3171 422 3647 479 constellationes

1999 510 2187 564 Latini
2219 516 2445 575 vocant,
2476 512 2533 565 id
2567 528 2654 565 esc
2687 512 3016 566 natationes
3040 510 3320 579 siderum,
3356 514 3648 582 quomodo

1997 616 2058 655 se
2089 599 2342 654 habeant
2373 615 2505 653 eum
2539 601 2791 671 quisque
2823 600 3105 656 nascitur.
3152 599 3420 655 Primum
3455 605 3650 657 autem

1995 689 2267 758 genus,id
2286 693 2376 743 est
2398 688 2695 743 stellarum
2721 690 3091 760 interpretes,
3118 690 3272 761 magi
3302 706 3653 762 nuncupan-

1995 779 2113 846 tur,
2147 776 2299 831 sicut
2348 778 2418 831 de
2466 777 2557 832 his
2593 777 2806 849 legitur
2855 778 2956 848 qui
3009 777 3066 832 in
3101 777 3413 849 Evangelio
3448 783 3650 833 natum

1994 865 2292 921 Christum
2344 866 2842 921 annuntiaverunt
2892 866 3101 924 (Matth.
3161 866 3245 937 11).
3298 867 3499 921 Postea
3548 867 3655 922 hoc

1994 955 2235 1010 nomine
2283 954 2389 1010 soli
2441 956 2841 1011 mathematici
2893 956 3032 1010 dicti
3084 959 3244 1021 sunt,
3296 956 3462 1025 cujus
3513 956 3654 1011 artis

1993 1043 2241 1099 scientia
2294 1061 2482 1115 usque
2532 1045 2601 1099 ad
2654 1044 3033 1116 Evangelium
3087 1042 3200 1099 fuit
3246 1060 3547 1112 concessa,
3593 1050 3655 1100 ut

1994 1133 2221 1189 Christo
2255 1134 2412 1188 edito
2444 1150 2615 1189 nemo
2647 1134 2857 1189 exinde
2904 1133 3267 1188 nativitatem
3300 1132 3551 1203 alicujus
3582 1134 3653 1188 de

1995 1220 2135 1276 ccelo
2163 1222 2597 1293 interpretetur.
2616 1223 2932 1293 Horoscopi
2956 1221 3093 1277 dicti
3118 1218 3276 1293 sunt,
3301 1223 3453 1293 quod
3480 1222 3652 1278 horas

1995 1310 2315 1366 nativitatis
2348 1311 2654 1366 hominum
2689 1311 3141 1383 specularentur
3171 1310 3445 1366 dissimili
3477 1315 3533 1365 et
3560 1312 3648 1365 di-

1995 1415 2163 1454 verso
2188 1399 2323 1453 fato.
2358 1400 2621 1470 Sortilegi
2654 1406 2811 1470 sunt,
2845 1402 2944 1472 qui
2979 1401 3092 1456 sub
3124 1401 3362 1457 nomine
3395 1402 3539 1458 fictis
3570 1418 3653 1456 re-

1996 1487 2364 1559 ligionis,per
2387 1491 2670 1560 quasdam
2698 1507 2843 1560 quas
2857 1495 3192 1546 sanctorum
3213 1494 3398 1546 sortes
3426 1494 3655 1559 vocant,

1997 1576 2373 1632 divinationis
2406 1578 2710 1633 scientiam
2741 1580 3227 1649 proﬁtentur,aut
3250 1595 3649 1649 quarumcun-

1998 1682 2110 1736 que
2144 1666 2572 1736 scripturarum
2599 1668 2854 1722 scientiae
2888 1667 3255 1739 inspectione
3287 1669 3483 1723 futura
3514 1683 3650 1737 pro-

227 1754 582 1810 diﬁcationis
611 1755 959 1827 [imagineas
992 1754 1423 1810 ludiﬁcationes
1459 1774 1471 1822 ;
1515 1756 1805 1827 imagines
1834 1762 1892 1812 et
1921 1729 1966 1792 Β
2002 1754 2265 1809 mittunt.
2288 1756 2635 1810 Salisatores
2656 1756 2843 1811 vocsti
2861 1760 3018 1825 sunt,
3044 1756 3183 1827 qnia
3206 1757 3342 1811 dum
3369 1758 3452 1811 eis
3475 1772 3653 1811 mem-

230 1843 691 1914 ludiﬁcationes]
727 1860 931 1899 eorum
977 1844 1194 1914 videre,
1246 1844 1445 1915 ibique
1476 1845 1545 1899 ab
1576 1847 1659 1901 eis
1691 1845 1890 1918 aliqua

232 1934 465 1990 audire.
507 1932 579 1988 Ut
607 1932 870 1988 adhibito
901 1932 1193 2003 sanguine
1240 1933 1415 1989 etiam
1445 1933 1662 1989 inferos
1693 1934 1889 2007 perhi-

228 2022 449 2076 bentur
480 2021 787 2077 suscitare.

222 2127 364 2182 CAP.
396 2128 485 2181 68.
518 2156 587 2168 —-
636 2127 709 2181 De
755 2125 934 2181 variis
974 2127 1268 2194 generibus
1316 2128 1751 2188 divinationum.
1806 2130 1889 2183 Ea:

499 2197 664 2253 dictis
688 2198 935 2268 ejusdem
965 2198 1149 2269 (ibid.,
1180 2199 1436 2270 proxime
1459 2201 1621 2272 post).

297 2286 410 2357 (26,
442 2303 495 2357 q.
529 2288 583 2353 4,
615 2302 661 2340 c.
712 2288 890 2357 Igitur
936 2291 1154 2357 genus).
1206 2288 1391 2359 Igitur
1436 2305 1624 2360 genus
1655 2288 1880 2344 divina-

218 2374 402 2430 tionis
434 2394 468 2430 a
504 2375 697 2431 Persis
748 2377 930 2431 fertur
979 2377 1251 2432 allatum.
1305 2378 1485 2432 Varro
1516 2381 1710 2432 autem
1743 2377 1883 2432 dicit

219 2464 603 2520 divinationis
652 2470 904 2537 quatuor
933 2482 1064 2521 esse
1107 2482 1343 2537 genera,
1375 2471 1614 2530 terram,
1647 2482 1882 2536 aquam,

221 2568 416 2607 aerem
441 2557 497 2607 et
517 2553 736 2625 ignem.
770 2554 912 2609 Hinc
934 2556 1353 2625 geomantiam,
1383 2555 1879 2625 hydromantiam,

220 2643 668 2711 aeromantiam,
702 2643 1157 2715 pyromantiam,
1182 2644 1397 2699 dictam
1430 2649 1762 2699 autumant.
1792 2644 1881 2697 Di-

219 2730 339 2784 vini
373 2730 512 2785 dicti
545 2736 703 2800 sunt,
751 2731 919 2802 quasi
964 2732 1070 2787 deo
1128 2731 1323 2803 pleni;
1370 2732 1681 2789 divinitate
1723 2733 1881 2788 enim

224 2818 431 2888 plenos
465 2836 525 2875 se
556 2836 684 2875 esse
705 2819 1078 2890 assimulant,
1102 2822 1320 2876 astutia
1351 2822 1608 2892 quadam
1642 2822 1881 2876 fraudu-

217 2906 387 2962 lenta
418 2907 702 2979 [fallendi]
752 2909 1096 2964 hominibus
1145 2910 1341 2965 futura
1371 2911 1725 2981 conjectant.
1762 2915 1882 2965 Duo

229 2999 428 3051 autem
462 3001 600 3051 sunt
626 3012 841 3068 genera
860 2998 1257 3066 divinationis,
1284 3016 1378 3056 ars
1401 3004 1458 3055 et
1480 3000 1658 3055 furor.
1685 3000 1885 3054 Incan-

2000 1844 2238 1899 brorum
2273 1861 2636 1915 quaecunque
2668 1851 2861 1915 partes
2890 1845 3173 1915 salierint,
3199 1846 3422 1917 aliquid
3451 1845 3657 1901 exinde

2000 1949 2346 2004 prosperum
2380 1951 2481 1989 seu
2514 1934 2681 1989 triste
2711 1933 3029 2005 signiﬁcari
3062 1934 3411 2005 praedicunt.

1997 2042 2127 2094 CAP.
2161 2040 2249 2094 69.
2284 2071 2352 2081 —-
2384 2043 2457 2095 De
2489 2041 2863 2097 exsecratibus
2896 2042 3149 2097 remediis
3167 2057 3291 2113 quae
3322 2041 3520 2096 medici
3538 2044 3654 2096 suis

2064 2112 2590 2182 praeantationibus
2629 2113 2866 2183 faciunt.
2917 2114 2999 2168 Ex
3026 2114 3187 2169 dictis
3216 2115 3461 2186 ejusdem
3491 2113 3653 2182 (ibid.

2062 2187 2318 2253 proxime
2347 2186 2725 2256 subiungitur)
2756 2187 2922 2256 (104).

2065 2291 2176 2360 (26,
2210 2308 2261 2361 q.
2294 2293 2347 2359 5,
2380 2308 2427 2345 ο.
2462 2293 2568 2346 Nec
2596 2292 2847 2362 mirum).
2882 2293 2964 2346 Ad
2998 2292 3118 2346 haec
3151 2292 3351 2347 omnia
3374 2292 3647 2364 supradi-

1990 2382 2083 2432 cta
2099 2378 2458 2449 pertinentet
2476 2377 2733 2449 ligatum
2757 2378 3203 2433 exsecrabilium
3230 2378 3644 2443 remediorum,

1992 2483 2121 2536 quae
2152 2483 2247 2521 ars
2295 2468 2667 2521 commendat
2708 2467 3102 2537 (condemnat,
3135 2466 3298 2520 habet
3343 2468 3566 2537 August.
3597 2471 3647 2520 et

1990 2555 2215 2625 Isidor.]
2246 2556 2635 2620 medicorum,
2660 2572 2758 2610 seu
2793 2556 2852 2609 in
2886 2554 3437 2624 praecantationibus
3462 2572 3563 2609 seu
3587 2555 3647 2609 in

1993 2643 2451 2713 characteribus,
2485 2643 2572 2697 vel
2606 2643 2666 2697 in
2700 2643 3156 2715 quibuscumque
3187 2643 3364 2698 rebus
3396 2659 3649 2713 suspen-

1993 2731 2200 2787 dendis
2223 2736 2398 2803 atque
2420 2732 2687 2804 ligandis.
2706 2734 2767 2787 In
2793 2732 3010 2802 quibus
3024 2731 3412 2786 omnibusars
3435 2730 3649 2784 daemo-

1992 2837 2131 2876 num
2164 2825 2254 2876 est
2284 2839 2351 2876 ex
2382 2822 2635 2892 quadam
2661 2822 2937 2893 pestifera
2960 2820 3235 2875 societate
3256 2819 3564 2875 hominum
3591 2823 3653 2873 et

1993 2910 2338 2982 angelorum
2372 2910 2659 2966 malorum
2710 2915 2923 2965 exorta.
2972 2910 3139 2964 Unde
3170 2913 3382 2964 cuncta
3408 2908 3652 2962 vitanda

1994 3003 2134 3054 sunt
2161 2999 2497 3054 Christiano
2528 3004 2586 3054 et
2616 2999 2773 3054 omni
2798 2999 3026 3070 penitus
3056 2996 3454 3053 exsecratione
3476 3012 3649 3067 repu-

224 3088 449 3139 tatores
478 3101 610 3140 vero
642 3085 781 3141 dicti
814 3090 972 3157 sunt,
1002 3087 1095 3157 qui
1128 3093 1315 3143 artem
1347 3089 1537 3144 verbis
1569 3093 1877 3160 peragunt.
1914 3096 1956 3162 ο
1990 3089 2205 3143 dianda
2226 3087 3041 3160 atquedsmnanda.Auguria
3058 3092 3254 3142 autem
3272 3089 3412 3141 sunt
3428 3084 3648 3139 avium.

222 3174 407 3228 Arioli
437 3176 625 3230 vocati
674 3182 832 3245 sunt,
884 3181 1123 3247 propter
1153 3178 1306 3248 quod
1355 3180 1511 3234 circa
1542 3196 1675 3234 aras
1708 3178 1885 3233 idolo-

226 3279 360 3317 rum
394 3262 645 3319 nefarias
673 3280 876 3335 preces
906 3267 1206 3336 emittunt,
1243 3272 1298 3322 et
1327 3268 1563 3323 funesta
1593 3268 1885 3323 sacriﬁcia

223 3352 501 3418 offerunt,
532 3352 740 3423 hisque
762 3353 1198 3411 celebritatibus
1227 3357 1559 3412 demonum
1592 3357 1887 3428 accipiunt

226 3457 537 3513 responsa.
577 3443 896 3514 Aruspices
928 3450 1370 3515 nuncupantur,
1404 3446 1572 3515 quasi
1604 3445 1884 3500 horarum

224 3530 609 3601 inspectores.
643 3531 775 3587 Dies
796 3532 953 3587 enim
982 3538 1038 3588 et
1067 3533 1240 3588 horas
1272 3535 1332 3588 in
1365 3535 1607 3605 agendis
1640 3533 1885 3604 negotiis

225 3619 621 3691 operibusque
642 3622 1068 3689 custodiunt,et
1092 3623 1231 3693 quid
1256 3623 1885 3695 persingulatempors.

226 3710 537 3763 observare
581 3710 784 3764 debeat
836 3710 1007 3766 homo
1056 3710 1393 3766 intendunt.
1442 3712 1513 3767 Hi
1544 3712 1720 3767 etiam
1754 3715 1885 3766 exta

226 3797 522 3867 pecudum
554 3796 901 3869 inspiciunt,
955 3804 1010 3853 et
1061 3815 1130 3854 ex
1176 3800 1261 3855 eis
1311 3802 1507 3855 futura
1538 3802 1881 3872 praedicunt.

224 3888 494 3958 Augures
517 3892 657 3942 sunt
681 3888 780 3958 qui
799 3886 1030 3942 volatus
1050 3890 1246 3944 avium
1274 3894 1331 3943 et
1352 3906 1518 3945 voces
1544 3889 1879 3956 intendunt,

224 3974 465 4047 aliaque
497 3974 667 4046 signa
698 3992 891 4030 rerum
924 3976 1010 4030 vel
1062 3976 1498 4033 observationes
1530 3977 1881 4049 improvisae

225 4062 569 4118 hominibus
601 4068 973 4119 occurrentes
1026 4064 1240 4119 ferunt.
1291 4065 1471 4120 Iidem
1504 4070 1559 4120 et
1590 4066 1878 4136 auspices.

225 4152 373 4207 Nam
407 4151 672 4223 auspicia
714 4156 854 4207 sunt
902 4168 1029 4222 quas
1078 4153 1188 4207 iter
1219 4154 1493 4210 facientes
1526 4156 1875 4223 observant;

227 4240 383 4295 dicta
418 4245 612 4295 autem
644 4245 785 4295 sunt
816 4240 1079 4312 auspicia
1108 4242 1278 4313 quasi
1312 4244 1505 4298 avium
1535 4243 1795 4315 aspicis;
1826 4248 1883 4298 et

226 4328 478 4400 auguria
507 4329 679 4399 quasi
711 4331 905 4383 avium
937 4328 1151 4401 garris,
1174 4330 1283 4385 hoc
1312 4335 1400 4387 est
1421 4330 1615 4387 avium
1638 4348 1805 4387 voces
1827 4334 1884 4386 et

227 4417 467 4489 linguae.
495 4421 638 4473 Item
662 4417 976 4489 augurium
1004 4419 1173 4490 quasi
1199 4419 1544 4492 avigerium,
1568 4421 1723 4492 quod
1753 4437 1883 4476 aves

228 4510 467 4578 gerunt.
498 4506 622 4561 Duo
645 4511 843 4562 autem
862 4511 1004 4561 sunt
1022 4523 1233 4578 genera
1254 4509 1675 4580 auspiciorum,
1698 4527 1881 4565 unum

230 4596 303 4650 ad
338 4594 562 4664 oculos,
598 4595 848 4651 alterum
895 4595 965 4651 ad
1012 4612 1183 4653 aures
1209 4598 1534 4668 pertinens.
1566 4600 1651 4654 Ad
1680 4598 1883 4655 oculos

229 4682 454 4739 scilicet
482 4686 736 4751 volatus,
772 4684 841 4738 ad
870 4699 1041 4738 aures
1070 4700 1178 4737 vox
1208 4684 1425 4739 avium.
1463 4684 1818 4754 Pythonissaa
1852 4702 1885 4740 a

230 4773 438 4843 Pythio
471 4773 739 4845 Apolline
770 4772 961 4840 dictae,
995 4776 1150 4845 quod
1204 4776 1253 4829 is
1286 4780 1490 4830 auctor
1535 4775 1709 4829 fuerit
1738 4776 1882 4829 divi-

228 4862 433 4918 nandi.
475 4862 765 4933 Astrologi
814 4863 957 4917 dicti
1008 4867 1147 4918 sunt
1178 4880 1242 4919 eo
1275 4865 1427 4935 quod
1480 4867 1539 4919 in
1572 4864 1748 4919 astris
1779 4880 1883 4918 au-

227 4956 539 5024 gurantur.
571 4950 933 5007 Genethlisci
975 4952 1251 5023 appellati
1280 4960 1421 5009 sunt
1451 4958 1688 5025 propter
1716 4957 1882 5008 nata-

228 5040 490 5096 litiorum
521 5040 1019 5096 considerationes
1051 5041 1278 5097 dierum
1302 5060 1316 5110 ;
1339 5057 1584 5115 geneses
1606 5041 1760 5097 enim
1784 5042 1883 5097 bo-

228 5130 458 5185 minum
492 5145 593 5199 per
618 5129 928 5184 duodecim
960 5128 1091 5185 coeli
1142 5130 1312 5202 signa
1343 5130 1706 5198 describunt,
1739 5130 1887 5187 side-

228 5234 482 5289 rumque
502 5216 1112 5283 cursus,nascentium
1138 5235 1353 5286 mores,
1376 5223 1541 5275 actus
1562 5222 1619 5273 et
1640 5222 1885 5273 eventus

229 5308 543 5380 praedicere
572 5309 881 5375 conantur,
928 5304 987 5360 id
1020 5311 1110 5361 est
1141 5307 1275 5377 quis
1323 5308 1481 5376 quali
1514 5307 1682 5380 signo
1710 5306 1888 5363 fuerit

230 5400 429 5464 natus,
463 5399 567 5452 aut
586 5410 763 5467 quem
785 5393 1062 5450 effectum
1092 5394 1306 5452 habeat
1332 5396 1462 5453 vitae
1494 5396 1596 5469 qui
1619 5394 1886 5452 nascitur

1994 3179 2123 3233 Haec
2157 3183 2350 3234 autem
2383 3178 2639 3250 Phryges
2673 3178 2847 3249 primi
2877 3177 3248 3232 invenerunt.
3284 3174 3649 3245 Praestigium

1993 3284 2125 3321 vero
2165 3267 2489 3323 Mercurius
2539 3268 2768 3339 primus
2797 3266 3015 3321 dicitur
3063 3265 3379 3321 invenisse.
3413 3263 3652 3317 Dictum

1993 3362 2078 3409 est
2109 3359 2305 3411 autem
2338 3356 2696 3428 praestigium
2721 3356 2874 3426 quod
2900 3353 3276 3426 praastringat
3306 3353 3488 3407 aciem
3514 3367 3650 3406 ocu-

1992 3442 2206 3499 lorum.
2240 3445 2599 3515 Aruspicinaa
2649 3449 2832 3499 artem
2885 3443 3112 3514 primus
3147 3440 3406 3495 Etruscis
3458 3439 3651 3493 tradi-

1992 3531 2152 3586 disse
2182 3533 2397 3587 dicitur
2426 3534 2665 3603 quidam
2688 3532 2874 3604 Tages
2905 3533 3187 3603 [Strages,
3207 3531 3348 3600 orig.
3381 3532 3433 3583 et
3470 3528 3649 3599 Vict.].

1992 3621 2093 3676 Hic
2124 3638 2192 3676 ex
2241 3621 2402 3677 horis
2452 3621 2852 3692 aruspicinam
2883 3620 3144 3687 dictavit,
3194 3623 3251 3674 et
3298 3622 3502 3688 postea
3533 3633 3649 3671 non

1993 3711 2285 3783 apparuit.
2309 3711 2451 3765 Nam
2479 3710 2696 3765 dicitur
2724 3708 3011 3776 fabulose,
3037 3712 3238 3763 arante
3260 3708 3513 3779 quodam
3548 3723 3647 3760 ru-

1992 3802 2159 3869 stico,
2190 3801 2385 3856 subito
2415 3800 2505 3855 hic
2527 3816 2593 3854 ex
2616 3798 2801 3869 glebis
2832 3797 3140 3854 exsiluisse
3168 3802 3224 3852 et
3247 3796 3647 3868 aruspicinam

1992 3891 2245 3945 dictasse
2267 3906 2383 3960 qua
2405 3889 2497 3943 die
2517 3893 2573 3943 et
2600 3892 2866 3943 mortuus
2888 3894 2994 3942 est.
3016 3886 3171 3949 Quos
3194 3884 3375 3940 libros
3399 3883 3648 3938 Romani

1992 3994 2061 4034 ex
2080 3980 2321 4033 Etrusca
2344 3977 2547 4049 lingua
2568 3976 2624 4030 in
2650 3975 2940 4047 propriam
2969 3978 3365 4029 mutaverunt.
3384 3974 3650 4026 Hactenus

1993 4067 2250 4123 Isidorus.
2278 4068 2378 4122 His
2396 4083 2532 4137 ergo
2553 4065 2838 4137 portentis
2870 4080 2972 4135 per
2993 4065 3327 4117 daemonum
3354 4059 3642 4114 fallaciam

1988 4156 2262 4211 illuditur
2291 4155 2601 4211 curiositas
2625 4152 3157 4221 humana,quando
3188 4151 3243 4204 id
3275 4148 3647 4220 impudenter

1992 4249 2275 4315 appetunt
2304 4244 2472 4309 scire,
2509 4243 2661 4314 quod
2696 4240 2858 4295 nulla
2881 4239 3103 4295 ratione
3132 4238 3217 4293 eis
3249 4235 3646 4308 competitin-

1992 4334 2298 4406 vestigare.
2333 4335 2409 4387 Ac
2442 4332 2569 4385 ideo
2593 4332 2768 4385 datur
2797 4332 3052 4399 potestas
3074 4327 3403 4382 immundis
3426 4324 3649 4395 spiriti-

1992 4422 2124 4488 bus,
2158 4426 2221 4476 ut
2251 4438 2354 4492 per
2377 4437 2514 4475 vasa
2546 4418 2658 4474 sibi
2689 4418 2969 4490 apta,hoc
3000 4421 3089 4472 est
3121 4431 3329 4487 pravos
3353 4414 3653 4481 homines,

1992 4512 2278 4566 seducant
2308 4509 2440 4563 illos
2474 4507 2572 4579 qui
2629 4511 2915 4577 spernunt
2962 4506 3271 4559 veritatem
3304 4507 3361 4558 et
3404 4502 3652 4556 credunt

1994 4598 2321 4663 mendacio,
2343 4602 2422 4655 et.
2440 4598 2612 4666 juxta
2634 4580 2797 4649 Pauli
2829 4593 3205 4659 sententiam,
3229 4607 3425 4647 sanam
3446 4588 3648 4645 doctri-

1992 4706 2123 4743 nam
2154 4704 2263 4743 non
2294 4684 2661 4748 sustinebunt,
2693 4683 2795 4738 sed
2824 4683 2896 4737 ad
2927 4698 3025 4736 sua
3056 4681 3331 4737 desideria
3360 4695 3647 4735 coacerva-

1996 4779 2128 4831 bunt
2156 4776 2268 4831 sibi
2296 4774 2597 4842 magistros
2625 4771 2939 4843 prurientes
2985 4771 3240 4838 auribus,
3270 4783 3325 4825 et
3356 4784 3390 4822 α
3418 4768 3651 4823 veritate

1994 4866 2215 4937 quidem
2244 4862 2503 4918 auditum
2543 4865 2813 4927 avertent,
2847 4859 2917 4914 ad
2962 4860 3187 4931 fabulas
3216 4863 3401 4914 autem
3427 4871 3647 4912 conver—

1994 4964 2178 5010 tentur
2199 4955 2270 5025 (II
2292 4954 2424 5007 Tim.
2449 4952 2549 5023 1v).
2583 4949 2848 5005 Oneratis
2879 4948 3130 5020 peccatis
3163 4949 3457 5002 ducuntur
3477 4946 3649 4999 variis

1994 5042 2296 5098 desideriis
2324 5055 2534 5111 semper
2554 5040 2849 5105 discentes,
2882 5045 2935 5092 et
2956 5052 3239 5107 nunquam
3260 5034 3331 5089 ad
3357 5034 3651 5090 scientiam

1995 5132 2245 5186 veritatis
2266 5130 2641 5201 pervenientes
2673 5127 2740 5197 (Il
2774 5125 2903 5179 Tim.
2937 5126 3043 5193 ιιι).
3077 5124 3188 5193 (26,
3222 5138 3278 5192 q.
3302 5122 3356 5187 4,
3377 5138 3426 5175 c.
3450 5120 3647 5174 Scien-

1997 5220 2181 5291 dum).
2217 5217 2723 5285 Quemadmodum
2765 5217 2962 5269 autem
2992 5212 3239 5276 Jannes,
3272 5214 3329 5264 et
3358 5208 3650 5263 Mambres

1996 5308 2348 5365 resisterunt
2394 5305 2575 5375 Moysi
2628 5302 2818 5375 (Exod.
2850 5301 2978 5372 v11),
3026 5300 3110 5354 ita
3156 5302 3212 5353 et
3240 5295 3338 5351 isti
3370 5294 3651 5349 resistunt

1998 5398 2252 5465 veritati,
2284 5394 2549 5451 homines
2579 5390 2837 5463 corrupti
2885 5392 3101 5456 mente,
3133 5382 3365 5457 reprobi
3395 5381 3548 5437 circa
3577 5382 3646 5436 ﬂ-

303 5519 454 5592 (104)
485 5515 848 5591 Principium
869 5516 1214 5591 decerptum
1235 5523 1325 5579 est
1353 5535 1423 5578 ex
1449 5517 1552 5577 lib.
1572 5532 1613 5576 η
1631 5518 1879 5593 August.
1922 5514 2007 5581 De
2036 5518 2189 5581 doct.
2216 5517 2463 5587 Christ.,
2495 5529 2545 5573 ο.
2575 5512 2647 5570 20
2680 5511 2851 5570 91:23.
