3972 6064
303 161 305 166 i
395 206 503 261 763

1478 214 1546 263 D.
1586 210 1828 264 IVONIS
1864 205 2362 260 CARNOTENSIS
2394 202 2716 256 EPISCOPI

3711 203 3837 260 764

392 328 547 398 dem,
578 329 681 384 sed
713 329 867 385 ultra
898 347 1010 386 non
1044 330 1365 402 proﬁcient.
1398 329 1741 401 Insipientia
1762 328 1918 385 enim
1942 345 2044 382 eo-
2073 329 2128 394 Α
2158 328 2403 380 mortem
2421 323 2602 395 potuit
2626 322 3101 395 praevidere,cum
3121 322 3227 378 hoc
3246 323 3490 379 situnde
3509 325 3661 382 fallit
3679 331 3748 381 et
3766 344 3833 383 se

394 433 528 472 rum
561 419 873 474 manifesta
903 420 1013 474 erit
1044 420 1342 482 omnibus,
1375 419 1530 474 sicut
1560 425 1617 472 et
1647 417 1878 474 illorum
1918 416 2043 472 fuit.

396 505 510 562 Nec
540 506 670 562 ideo
703 507 1018 578 quisquam
1044 507 1278 562 credere
1296 507 1467 561 debet
1489 506 1782 577 quoslibet
1804 505 2049 576 magicis

395 595 620 651 artibus
651 595 872 666 aliquid
908 597 1093 650 facere
1125 611 1294 666 posse
1329 595 1454 650 sine
1487 595 1780 666 permissu
1803 595 1902 649 Dei
1925 593 2048 665 (qui

394 685 595 740 omnia
625 702 754 756 quae
786 685 952 754 ﬁunt,
987 690 1088 739 aut
1134 685 1293 753 justo
1334 684 1560 755 judicio
1595 684 1755 750 facit,
1787 689 1890 737 aut
1921 699 2048 754 per-

395 772 585 829 missu
617 790 722 828 suo
749 773 831 826 ita
864 773 986 826 ﬁeri
1013 772 1178 841 sinit)
1197 773 1350 844 quod
1385 773 1643 843 pradicti
1675 772 1829 843 magi
1854 773 2053 842 legun-

396 869 494 918 tur
518 861 738 917 similia
754 861 961 916 fecisse
985 861 1190 932 Moysi,
1219 863 1317 932 qui
1338 862 1561 933 virgam
1592 878 1759 918 suam
1785 860 2046 933 proiecit,

397 963 453 1016 et
483 975 762 1014 conversa
808 964 897 1014 est
947 960 1006 1013 in
1055 961 1392 1027 draconem,
1428 963 1913 1031 projeceruntque
1938 957 2050 1029 ipsi

395 1047 612 1119 singuli
634 1050 828 1118 virgas
853 1064 1016 1114 suas,
1040 1065 1166 1118 quae
1189 1066 1365 1103 versae
1386 1055 1525 1104 sunt
1545 1051 1604 1103 in
1629 1051 1931 1116 dracones,
1949 1047 2051 1102 sed

394 1137 690 1192 devoravit
736 1138 901 1208 virga
951 1139 1136 1192 Aaron
1185 1137 1380 1208 virgas
1430 1155 1635 1193 eorum
1686 1137 1877 1208 (Exod.
1927 1137 2052 1206 vn).

395 1225 558 1297 (Aug.
592 1228 649 1282 L.
681 1241 734 1297 q.
765 1241 929 1296 super
978 1226 1172 1292 Exod,
1204 1243 1255 1296 q.
1289 1227 1401 1297 21].
1452 1227 1576 1281 Non
1627 1229 1784 1280 enim
1817 1227 2054 1280 fuerunt

393 1319 682 1370 creatores
709 1315 1031 1370 draconum
1055 1332 1160 1370 nec
1185 1316 1360 1386 magi,
1391 1332 1494 1371 nec
1517 1315 1704 1386 angeli
1733 1315 1896 1381 mali,
1921 1314 2050 1385 qui-

394 1405 507 1459 bus
539 1403 828 1458 ministris
863 1403 964 1458 illa
994 1405 1410 1474 Operabantur.
1442 1407 1649 1460 Insunt
1683 1405 1842 1460 enim
1875 1406 2051 1459 rebus

398 1491 692 1563 corporeis
707 1508 806 1562 per
822 1491 1020 1546 omnia
1036 1492 1326 1548 elementa
1344 1493 1611 1563 quaedam
1627 1492 1862 1547 occultae
1877 1493 2050 1547 semi-

397 1580 573 1635 naria:
596 1579 873 1646 rationes,
889 1579 1106 1650 quibus
1138 1597 1270 1634 cum
1291 1581 1428 1635 data
1450 1581 1624 1636 fuerit
1645 1579 2053 1652 opportunitas

395 1667 738 1761 temporalis
770 1673 946 1737 atque
989 1668 1261 1734 causalis,
1315 1673 1709 1740 prorumpunt
1737 1669 1796 1723 in
1830 1669 2052 1741 species
2084 1697 2131 1761 B

396 1755 627 1812 debitas
658 1758 782 1812 suis
812 1758 1003 1812 modis
1034 1762 1089 1812 et
1122 1759 1361 1813 finibus.
1411 1757 1478 1811 Et
1509 1759 1592 1812 sic
1627 1774 1740 1813 non
1774 1758 2054 1812 dicuntur

395 1843 589 1915 angeli
617 1844 719 1915 qui
749 1844 864 1898 ista
896 1845 1141 1909 faciunt,
1173 1846 1519 1901 animalium
1555 1851 1863 1912 creatores,
1904 1845 2054 1902 sicut

395 1949 503 1988 nec
533 1933 796 2003 agricola;
849 1938 1114 2005 segetum
1167 1935 1254 1989 vel
1306 1937 1601 2005 arborum,
1635 1936 1722 1990 vel
1767 1952 2053 2008 quorum-

399 2035 633 2091 cunque
690 2021 750 2076 in
811 2025 966 2076 terra
1020 2023 1414 2094 gignentium,
1473 2028 1764 2080 creatores
1822 2024 2057 2078 dicendi

399 2114 560 2175 sunt,
593 2111 862 2180 quamvis
897 2113 1161 2166 noverint
1193 2114 1449 2183 praebere
1482 2113 1771 2184 quasdam
1793 2112 2055 2168 visibiles

398 2199 869 2269 opportunitates
900 2203 956 2254 et
1001 2217 1234 2266 causas,
1270 2207 1334 2256 ut
1382 2203 1484 2257 illa
1520 2207 1859 2258 nascantur.
1892 2202 2054 2266 Quod

399 2291 598 2344 autem
629 2287 727 2343 isti
755 2288 991 2360 {faciunt
1022 2289 1348 2357 visibiliter,
1383 2291 1492 2348 hoc
1523 2290 1607 2345 illi
1641 2291 2053 2358 invisibiliter;

399 2376 553 2432 Deus
582 2360 717 2432 vero
749 2377 911 2432 solus
943 2395 1096 2433 unus
1126 2384 1352 2434 creator
1381 2385 1490 2446 est,
1524 2380 1622 2451 qui
1657 2396 1868 2434 causas
1898 2379 2058 2450 ipsas

399 2468 457 2518 et
486 2466 744 2521 rationes
773 2465 1121 2522 seminarias
1156 2467 1327 2522 rebus
1363 2468 1634 2523 inseruit.
1677 2470 1923 2539 (August.
1957 2468 2053 2523 tib.

402 2561 606 2629 Quaest.
643 2565 862 2619 Veteris
891 2573 940 2618 et
971 2565 1106 2620 Novi
1131 2568 1282 2634 test,
1306 2582 1352 2620 ο.
1374 2567 1486 2635 27).
1520 2569 1795 2620 Przeterea
1816 2565 2056 2637 quidam

399 2652 776 2722 quaerendum
812 2659 1039 2722 putant,
1076 2655 1368 2724 quomodo
1399 2655 1703 2726 Scriptura
1734 2663 1924 2710 narret
1949 2655 2056 2726 Py-

397 2738 729 2794 thonissam
765 2740 1095 2796 Samuelem
1120 2745 1463 2814 prephetam
1499 2760 1564 2798 su
1577 2743 1821 2799 scitasse
1843 2743 1911 2798 ad
1938 2741 2056 2798 col-

401 2825 664 2897 loquium
696 2827 832 2882 Saul
866 2830 1203 2900 impiissimi
1235 2831 1388 2903 regis
1410 2837 1461 2902 (l
1481 2833 1608 2900 Reg.
1633 2835 1848 2899 xxvm),
1874 2832 1923 2886 si
1953 2831 2056 2904 Py-

404 2916 642 2969 thonica
667 2915 947 2971 divinatio
980 2919 1159 2973 errori
1179 2920 1420 2990 magicae
1438 2921 1582 2975 artis
1605 2921 1938 2991 deputanda
1960 2922 2056 2975 sit.

401 3001 624 3067 Quibus
657 3003 736 3057 ita
769 3007 1102 3074 responderi
1135 3012 1327 3079 potest
1349 3009 1657 3079 indignum
1685 3008 2053 3080 [malignum]

403 3090 645 3146 omnino
678 3093 906 3148 facinus
938 3110 1088 3164 esse,
1120 3096 1168 3150 si
1219 3097 1538 3152 secundum
1587 3098 1764 3152 verba
1797 3097 2056 3154 historiae

404 3181 804 3235 commodetur
838 3199 1136 3238 assensus.
1162 3185 1461 3248 Quomodo
1485 3186 1640 3240 enim
1663 3191 1888 3257 poterat
1909 3187 2055 3255 ﬁeri,

403 3272 470 3322 ut
494 3273 617 3323 arte
648 3269 876 3341 magica
899 3271 1292 3328 attraheretur
1322 3274 1408 3328 vir
1425 3278 1481 3329 et
1511 3274 1809 3330 nativitate
1831 3275 1887 3346 [a
1908 3277 2057 3330 nati-

402 3356 603 3430 vitate]
636 3365 902 3426 sanctus,
934 3365 989 3416 et
1020 3361 1147 3416 vita
1171 3362 1446 3432 operibus
1471 3365 1708 3434 justus;
1743 3369 1845 3418 aut
1867 3365 1912 3420 si
1939 3381 2056 3419 non

405 3449 690 3501 attractus
722 3453 833 3509 est,
880 3449 1223 3504 consensit?
1273 3451 1433 3516 Quod
1489 3455 1804 3522 utrumque
1835 3453 1904 3507 de
1933 3452 2056 3507 viro

398 3533 561 3602 justo
583 3535 840 3606 credere,
863 3537 1078 3592 absurd
1091 3555 1186 3593 um
1205 3545 1294 3593 est
1313 3540 1642 3605 [adversum
1663 3541 1792 3612 est].
1816 3540 1874 3596 Si
1897 3541 2052 3596 enim

346 3632 351 3639 '
405 3621 625 3678 invitus
655 3623 948 3680 adductus
980 3630 1086 3694 est,
1119 3627 1350 3682 nullum
1385 3629 1730 3701 suffragium
1763 3629 2054 3698 habetju-

405 3710 606 3778 stitia;
640 3711 689 3766 si
724 3720 916 3768 autem
948 3715 1338 3782 voluntarius,
1369 3718 1564 3772 amisit
1586 3718 1858 3774 meritum
1881 3718 2057 3790 spiri-

404 3797 584 3864 tuale,
609 3801 763 3869 quod
792 3803 1095 3872 positusin
1127 3821 1301 3860 carne
1318 3806 1681 3877 quaesiverat.
1710 3808 1871 3872 Quod
1891 3807 2059 3863 valde

405 3886 731 3943 absurdum
763 3895 869 3957 est,
892 3892 1028 3962 quia
1058 3892 1194 3948 hinc
1216 3893 1317 3963 qui
1339 3894 1544 3963 justus
1571 3895 1806 3965 recedit,
1830 3912 2058 3967 perma-

404 3980 506 4031 net
517 3977 740 4046 justus.
767 3979 942 4034 Porro
964 3983 1156 4035 autem
1184 3980 1288 4035 hoc
1312 3985 1401 4036 est
1421 3983 1784 4054 praestigium
1809 3985 2055 4053 Satanae,

407 4088 522 4144 quo
553 4079 615 4130 ut
647 4075 930 4147 plurimos
963 4077 1144 4145 fallat,
1178 4078 1352 4133 etiam
1386 4079 1568 4134 bonos
1600 4079 1658 4136 in
1691 4084 1975 4151 potestate
1995 4097 2060 4137 se

406 4161 622 4217 habere
644 4164 1129 4235 conﬁngat.Quod
1158 4165 1465 4237 Apostolus
1480 4168 1850 4225 intercaatera
1870 4175 2058 4226 osten-

404 4248 494 4303 dit
522 4250 724 4307 dicens
757 4267 770 4306 :
805 4253 921 4322 Ipse
951 4253 1183 4309 Satanas
1230 4257 1592 4327 transﬁgurat
1633 4274 1687 4314 se
1716 4260 1777 4313 in
1803 4260 2059 4330 angelum

407 4333 548 4391 lucis
578 4339 647 4408 (Il
681 4338 806 4394 Cor.
840 4345 941 4408 xx).
979 4341 1050 4398 Ut
1093 4343 1248 4398 enim
1300 4361 1552 4401 errorem
1584 4347 1818 4417 faceret,
1853 4348 1910 4403 in
1943 4365 2058 4419 quo

2158 413 2216 467 in
2251 413 2349 467 Dei
2385 417 2667 485 potestate
2696 411 2820 466 vult
2844 411 3072 466 adorari
3097 411 3124 466 ?
3155 413 3335 483 (Apoc.
3365 412 3442 483 Π).
3469 416 3617 468 Nam
3655 421 3834 470 tanta

2157 502 2514 557 hebetudine
2544 503 2788 556 demens
2816 501 3057 556 effectus
3089 507 3179 556 est
3207 500 3364 569 Saul,
3391 507 3454 556 ut
3483 503 3553 558 ad
3593 503 3833 575 Pytho-

2157 591 2383 646 nissam
2415 591 2783 659 confugeret;
2815 591 3167 661 depravatus
3189 591 3348 645 enim
3370 607 3551 646 causa
3571 593 3832 663 peccati,

2160 689 2228 743 ad
2264 688 2384 743 haec
2431 704 2492 742 se
2541 687 2787 742 contulit
2837 704 2964 759 qua:
3016 687 3409 742 damnaverat.
3460 688 3570 743 Sed
3597 689 3646 742 si
3681 690 3833 760 quis

2159 782 2398 849 propter
2428 777 2734 831 historiam
2768 782 2824 831 et
2855 793 2923 831 ea
2953 793 3081 848 qua;
3127 777 3316 831 verbis
3349 793 3622 847 expressa
3653 783 3832 848 sunt,

2160 870 2320 936 putet
2350 883 2467 920 nou
2499 865 3001 936 praztermittenda
3032 881 3102 919 ne
3135 866 3282 920 ratio
3325 865 3585 920 histories
3619 867 3834 922 inanis

2161 955 2256 1021 sit,
2294 959 2446 1009 recte
2477 955 2650 1009 faciet
2681 955 2942 1025 quidem,
2966 955 3014 1010 si
3045 960 3240 1010 tamen
3276 954 3518 1010 minime
3550 954 3714 1010 istud
3758 957 3833 1010 ad

2161 1043 2282 1098 veri
2308 1043 2497 1113 rapiat
2527 1044 2835 1110 rationem,
2869 1044 2968 1099 sed
3019 1044 3089 1098 ad
3140 1043 3331 1099 visum
3366 1049 3424 1100 et
3453 1043 3832 1100 intellectum

2160 1130 2323 1186 Saul.
2355 1132 2552 1202 Neque
2581 1133 2736 1187 enim
2777 1132 3060 1204 reprobus
3113 1132 3299 1187 factus
3331 1137 3560 1204 poterat
3591 1133 3829 1187 bonum

2161 1218 2522 1275 intellectum
2557 1220 2791 1276 habere.
2837 1221 3164 1277 Historicus
3206 1221 3364 1276 enim
3401 1226 3654 1276 mentem
3683 1221 3835 1277 Saul

2161 1313 2216 1364 et
2245 1309 2515 1364 habitum
2535 1309 2826 1364 Samuelis
2847 1309 3179 1381 descripsit,
3203 1326 3267 1364 ea
3290 1325 3417 1380 quae
3439 1308 3597 1364 dicta
3618 1314 3678 1364 et
3699 1311 3831 1364 visa

2162 1404 2299 1452 sunt
2352 1398 2708 1469 exprimens,
2760 1400 3214 1468 praetermittens
3267 1402 3316 1452 si
3360 1397 3524 1469 [sive]
3572 1415 3715 1453 vera
3753 1415 3831 1453 an

2161 1485 2309 1541 falsa
2339 1486 2476 1542 sint.
2512 1486 2656 1549 Quid
2691 1488 2850 1542 enim
2883 1487 3026 1554 ait?
3057 1487 3318 1542 Audiens
3348 1487 3408 1541 in
3459 1503 3577 1558 quo
3612 1487 3823 1542 habitu

2161 1580 2318 1631 esset
2335 1578 2636 1642 excitatus,
2663 1575 2970 1643 intellexit,
2997 1577 3211 1647 inquit,
3237 1577 3388 1630 hunc
3412 1592 3542 1632 esse
3568 1576 3828 1630 Samue-

2159 1664 2272 1720 lem
2307 1666 2354 1736 (Ι
2381 1670 2509 1736 Reg.
2541 1666 2721 1736 xvm).
2755 1665 2902 1728 Quid
2952 1665 3305 1721 intellexerit
3334 1666 3556 1730 retulit,
3589 1671 3648 1719 et
3681 1665 3829 1735 quia

2162 1770 2275 1809 non
2297 1754 2441 1809 bene
2460 1753 2763 1818 intellexit,
2788 1758 2989 1810 contra
3012 1755 3375 1826 Scripturam
3400 1755 3579 1808 alium
3603 1754 3824 1808 adora-

2162 1843 2243 1896 vit
2273 1859 2447 1913 quam
2482 1843 2820 1913 Dominum,
2852 1847 2908 1898 et
2955 1847 3171 1916 putans
3218 1842 3572 1911 Samuelem,
3606 1842 3823 1897 adora-

2162 1931 2243 1986 vit
2273 1916 2594 1999 diabolum,
2631 1938 2692 1987 ut
2723 1934 2973 1987 fructum
3007 1932 3245 1988 fallaciae
3281 1949 3399 1987 suae
3442 1932 3681 1986 haberet
3709 1931 3820 1987 Sa-

2162 2025 2352 2075 tanas.
2387 2021 2505 2076 Hoc
2532 2023 2685 2076 enim
2721 2022 2948 2086 nititur,
2975 2027 3033 2077 ut
3057 2023 3332 2078 adoretur
3360 2021 3527 2093 quasi
3552 2021 3735 2076 Deus.
3761 2019 3824 2075 Si

2165 2109 2316 2165 enim
2347 2125 2479 2164 vere
2508 2109 2743 2165 Samuel
2789 2109 2871 2164 illi
2923 2111 3316 2182 apparuisset,
3348 2126 3463 2165 non
3497 2109 3703 2181 utique
3734 2109 3827 2163 vir

2157 2199 2358 2269 justus
2412 2200 2778 2270 permisisset
2827 2217 2889 2255 se
2939 2199 3192 2267 adorari,
3245 2199 3346 2270 qui
3404 2199 3831 2270 praedicaverat

2167 2293 2349 2342 Deum
2383 2286 2574 2342 solum
2609 2304 2733 2343 esse
2783 2289 3168 2344 adorandum.
3221 2289 3285 2342 Et
3324 2289 3617 2358 quomodo
3652 2288 3830 2342 homo

2168 2385 2266 2440 Dei
2300 2385 2397 2456 qui
2431 2402 2563 2440 cum
2612 2385 2907 2441 Abraham
2958 2385 3261 2458 refrigerio
3311 2391 3458 2454 erat,
3491 2385 3727 2440 dicebat
3758 2385 3829 2438 ad

2167 2474 2357 2529 virum
2397 2474 2768 2545 pestilentiae,
2801 2476 3050 2547 dignum
3083 2476 3288 2530 ardore
3321 2475 3596 2543 gehennae
3633 2491 3648 2527 :
3683 2480 3826 2528 Cras

2170 2580 2400 2618 mecum
2436 2563 2590 2618 eris?
2625 2565 2723 2618 His
2756 2564 2986 2619 duobus
3021 2563 3208 2619 titulis
3244 2563 3642 2618 subtilitatem
3665 2561 3829 2618 falla~

2168 2652 2266 2706 cia:
2281 2669 2398 2707 suae
2415 2653 3043 2723 prodidilimprovidus
3067 2653 3336 2719 Satanas,
3355 2652 3494 2723 quia
3515 2656 3574 2706 et
3591 2651 3825 2706 adorari

2169 2755 2230 2794 se
2263 2740 2530 2811 permisit
2561 2741 2669 2795 sub
2701 2741 2906 2795 habitu
2940 2746 2997 2796 et
3028 2741 3263 2796 nomine
3290 2740 3584 2795 Samuelis
3615 2746 3826 2795 contra

2167 2827 2382 2900 legem,
2412 2837 2466 2884 et
2495 2829 2684 2884 virum
2720 2830 2971 2900 peccatis
3002 2847 3270 2900 pressum
3303 2831 3458 2900 (cum
3493 2845 3711 2900 magna
3741 2828 3829 2882 di-

2169 2917 2386 2972 stantia
2418 2925 2787 2989 peccatorum
2835 2924 2891 2973 et
2921 2920 3223 2989 justorum
3257 2919 3354 2988 sit)
3387 2935 3521 2973 cum
3551 2917 3827 2973 Samuele

2161 3007 2497 3076 justissimo
2528 3009 2788 3062 futurum
2824 3010 3104 3063 mentitus
3135 3015 3243 3063 est.
3275 3007 3490 3063 Verum
3525 3011 3719 3077 potest
3741 3007 3826 3061 vi-

2171 3095 2290 3150 deri
2319 3096 2366 3150 si
2392 3096 2461 3150 de
2484 3095 2775 3152 Samuelis
2801 3097 3037 3150 nomine
3060 3101 3340 3164 taceatur,
3361 3096 3503 3168 quia
3522 3094 3661 3150 Saul
3686 3111 3825 3154 cum

2167 3182 2399 3238 diabolo
2433 3185 2668 3240 iuturus
2717 3189 2865 3251 erat,
2896 3185 2966 3240 ad
3008 3201 3142 3240 eum
3175 3185 3331 3240 enim
3380 3183 3828 3254 transmigravit

2167 3288 2340 3343 quem
2365 3272 2646 3327 adoravit.
2671 3276 2908 3344 Semper
2930 3273 3085 3328 enim
3110 3271 3383 3328 diabolus
3407 3273 3515 3328 sub
3537 3270 3825 3326 velamine

2167 3360 2354 3415 latens
2389 3362 2580 3432 prodit
2607 3379 2689 3430 se,
2725 3363 2866 3417 dum
2897 3379 2964 3418 ea
2992 3362 3276 3433 conﬁngit
3305 3378 3434 3433 quae
3469 3361 3826 3416 abhorreant

2165 3449 2433 3520 personis
2465 3466 2567 3522 per
2594 3468 2738 3520 quas
2772 3449 2970 3506 fallere
3002 3450 3312 3506 nititur.Si
3346 3454 3542 3505 autem
3578 3449 3828 3520 quilibet

2165 3547 2428 3618 Opponit,
2460 3565 2526 3603 ac
2572 3548 2754 3604 dicit:
2788 3549 3090 3615 Quomodo
3130 3547 3411 3603 eveniunt
3451 3545 3554 3601 illa
3583 3563 3710 3616 quas
3741 3545 3826 3599 illi

2165 3635 2345 3692 divini
2374 3637 2698 3708 praedicunt
2721 3640 3058 3706 futura,aut
3079 3637 3364 3708 quomodo
3389 3635 3825 3707 possuntmgris

2166 3726 2418 3796 praebere
2461 3726 2776 3797 medelam,
2827 3732 2930 3782 aut
2958 3727 3119 3782 sanis
3168 3726 3483 3780 immittere
3515 3723 3822 3795 a-gritudi-

2167 3832 2322 3883 ncm,
2357 3816 2406 3870 si
2437 3815 2658 3888 aliquid
2708 3815 2953 3888 propriae
3005 3814 3238 3870 virtutis
3271 3832 3335 3869 ac
3369 3815 3676 3884 potestatis
3708 3829 3821 3868 non

2166 3903 2426 3959 habent?
2453 3907 2565 3960 Hoc
2595 3923 2628 3960 a
2652 3906 2822 3961 nobis
2847 3905 3089 3974 recipiat
3110 3920 3482 3975 responsum,
3507 3901 3816 3972 quodideo

2168 3994 2482 4063 quisquam
2532 4010 2647 4048 non
2696 3993 2867 4050 debet
2913 3993 2999 4048 eis
3031 3993 3287 4058 credere,
3337 3991 3478 4063 quia
3507 3989 3822 4062 aliquando

2165 4082 2438 4136 eveniunt
2475 4099 2602 4153 quae
2637 4082 2980 4153 praedicunt,
3014 4087 3116 4137 aut
3147 4097 3357 4137 sanare
3394 4081 3670 4135 videntur
3697 4079 3822 4134 lan-

2166 4171 2398 4242 guidos,
2430 4170 2517 4227 vel
2550 4171 2760 4228 laedere
2783 4189 2980 4239 sanos,
3007 4170 3143 4242 quia
3163 4171 3271 4226 hoc
3294 4169 3589 4242 permissu
3613 4170 3711 4224 Dei
3736 4169 3820 4236 fit,

2169 4264 2233 4315 ut
2263 4258 2376 4330 ipsi
2408 4259 2509 4332 qui
2530 4263 2651 4316 haec
2683 4261 2933 4316 audiunt
2952 4261 3041 4316 vel
3061 4259 3260 4314 vident
3282 4260 3696 4330 probentur,et
3716 4273 3817 4329 ap-

2168 4353 2367 4418 pareat
2397 4349 2556 4421 quali
2608 4350 2720 4405 {ide
2772 4349 2912 4416 sint,
2958 4348 3044 4404 vel
3097 4349 3399 4405 devotione
3445 4363 3586 4419 erga
3616 4351 3816 4402 Deum.

403 4427 460 4478 et
482 4423 611 4519 ipse
639 4425 1009 4519 8¹9Γίανθῖυτν
1041 4431 1101 4486 in
1125 4432 1326 4488 habitu
1361 4434 1629 4505 VirilUSti
1648 4440 1703 4492 et
1726 4436 1958 4492 nomine
1989 4454 2051 4493 88
2081 4430 2128 4494 D
2156 4447 2320 4504 Sicut
2339 4448 2398 4502 in
2422 4448 2872 4504 Deuteronomio
2895 4446 3113 4518 legitur
3136 4446 3363 4519 Moyses
3384 4446 3559 4500 verbo
3583 4443 3816 4499 Domini

405 4511 771 4581 subornavit,
804 4521 866 4572 ut
895 4519 1041 4574 nihil
1072 4522 1350 4592 proficere
1371 4539 1536 4594 spem
1570 4541 1747 4596 quam
1780 4527 2055 4597 praedica-

407 4600 550 4655 bant
569 4601 669 4657 Dei
691 4605 1015 4664 cultoribus
1041 4611 1408 4679 mentiretur,
1432 4614 1666 4683 quando
1689 4613 1827 4669 hinc
1845 4631 2056 4670 exeun-

408 4693 496 4743 tes
521 4690 710 4758 iustos
733 4693 902 4751 ﬁnxit
925 4698 978 4752 in
1004 4715 1112 4754 sua
1134 4716 1261 4755 esse
1285 4705 1592 4771 potestate.
1617 4703 1726 4757 Sed
1754 4703 1863 4757 hoc
1885 4720 2056 4774 quos-

407 4777 543 4833 dam
573 4778 742 4847 fallit,
777 4787 926 4852 quod
961 4787 1032 4842 de
1055 4794 1243 4845 morte
1264 4788 1402 4845 Saul
1423 4798 1476 4845 et
1509 4790 1762 4847 ﬁliorum
1789 4792 1916 4863 ejus
1939 4810 2055 4848 non

407 4867 484 4922 sit
513 4869 817 4939 mentitus,
852 4875 1022 4944 quasi
1055 4894 1334 4950 magnum
1367 4878 1443 4934 sit
1471 4879 1699 4936 diabolo
1728 4886 1864 4937 ante
1894 4899 2055 4938 occa-

405 4971 540 5041 sum
564 4963 811 5014 mortem
827 4964 1086 5032 corporis
1104 4967 1577 5036 praevidere,cum
1601 4969 1769 5041 signa
1790 4971 2057 5041 quaedam

405 5040 633 5100 soleant
677 5063 955 5119 apparere
1002 5051 1325 5123 morituris,
1379 5055 1596 5127 quippe
1630 5040 1678 5112 a7
1709 5040 1923 5129 quibus
1953 5059 2055 5115 Dei

405 5132 686 5202 protectio
742 5145 938 5196 amota
991 5139 1242 5211 videtur,
1289 5146 1510 5212 quanto
1557 5145 1742 5217 magis
1800 5147 2051 5214 diabolo,

403 5245 573 5300 quem
607 5232 871 5304 angelica
900 5237 1210 5308 majestate
1232 5237 1545 5295 sublimem
1563 5243 1903 5314 prophetica
1921 5261 2051 5300 ora-

405 5319 535 5374 cula
564 5319 749 5377 fuisse
794 5327 1106 5393 testantur,
1141 5328 1212 5384 de
1258 5343 1428 5399 cuius
1459 5331 1866 5402 magnitudine
1895 5337 2052 5405 Apo-

405 5408 594 5465 stolus
659 5410 743 5467 ait
796 5430 810 5469 :
879 5416 960 5471 An
1025 5417 1301 5489 ignoratis
1353 5416 1707 5475 altitudinem
1763 5421 1982 5477 Satanae
2027 5425 2053 5476 ν

406 5493 479 5562 (ΙΙ
506 5495 629 5554 Cor.
665 5500 762 5572 vx).
796 5502 943 5567 Quid
967 5505 1182 5563 mirum
1207 5521 1344 5579 ergo
1375 5505 1426 5562 si
1448 5505 1854 5568 imminentem
1877 5526 2053 5584 prope

2166 4535 2381 4607 populo
2416 4538 2511 4591 Dei
2537 4538 2918 4609 praecepisse,
2955 4536 3035 4591 ila
3069 4535 3267 4591 dicens
3301 4552 3314 4590 :
3349 4534 3408 4590 Si
3429 4536 3735 4589 surrexerit
3763 4533 3821 4588 in

2165 4624 2342 4679 medio
2371 4624 2456 4679 tui
2474 4625 2789 4696 prophetes,
2817 4630 2922 4682 aut
2942 4626 3040 4696 qui
3059 4627 3334 4680 somnium
3355 4623 3554 4678 vidisse
3574 4638 3629 4678 se
3647 4625 3813 4689 dicat,

2163 4722 2215 4769 et
2239 4713 2579 4786 prw’iia'erit
2608 4715 2829 4787 signum
2859 4731 2921 4770 ae
2961 4718 3299 4786 portentum,
3330 4715 3378 4768 et
3408 4714 3651 4768 evenerit
3681 4711 3815 4782 quod

2167 4803 2375 4859 locutus
2430 4813 2534 4872 est,
2592 4808 2644 4860 et
2699 4804 2906 4859 dixerit
2945 4823 2966 4858 :
2999 4805 3204 4859 Eamus
3252 4807 3305 4858 et
3351 4817 3651 4873 sequamur
3691 4801 3815 4857 deos

2164 4892 2372 4948 alienos
2419 4909 2551 4965 quos
2599 4895 2847 4966 ignoras,
2886 4897 2937 4948 et
2983 4892 3289 4947 serviamus
3338 4892 3439 4955 eis,
3468 4905 3582 4943 non
3634 4889 3816 4945 audies

2161 4982 2333 5036 verba
2363 4983 2642 5053 propheta:
2672 4990 2768 5037 aut
2807 4982 3180 5046 somniatoris,
3225 4981 3364 5050 quia
3393 4983 3566 5034 tentat
3597 4995 3686 5034 vos
3714 4979 3813 5033 Do-

2161 5071 2352 5125 minus
2398 5071 2540 5126 Deus
2585 5080 2784 5141 vester,
2832 5076 2895 5126 ut
2945 5071 3148 5143 palam
3195 5070 3292 5138 ﬁat
3337 5077 3524 5124 utrum
3570 5067 3815 5139 diligatis

2161 5172 2308 5225 eum,
2367 5175 2442 5212 an
2498 5175 2627 5228 non,
2697 5161 2758 5215 in
2828 5165 2940 5215 toto
2995 5159 3162 5215 corde
3234 5161 3288 5213 et
3343 5159 3404 5211 in
3461 5161 3573 5214 tota
3629 5156 3812 5212 anima

2161 5251 2359 5302 vestra.
2391 5247 2684 5303 Dominum
2713 5249 2882 5304 Deum
2919 5257 3162 5304 vestrum
3188 5247 3508 5318 sequimini,
3541 5255 3594 5301 et
3638 5245 3809 5317 ipsum

2160 5334 2368 5405 timete,
2397 5337 2672 5393 mandata
2701 5336 2867 5393 illius
2895 5336 3161 5393 custodite
3188 5343 3240 5391 et
3265 5334 3457 5391 audite
3477 5351 3659 5391 vocem
3677 5335 3806 5406 ejus.

2158 5422 2276 5493 Ipsi
2322 5425 2590 5494 servietis,
2641 5431 2693 5482 et
2741 5429 2851 5499 ipsi
2895 5423 3252 5482 adhaerebitis
3299 5424 3477 5494 (Deut.
3524 5424 3671 5496 xm),
3703 5428 3806 5478 etc.

2160 5509 2444 5582 (August,
2473 5513 2536 5573 L.
2571 5523 2763 5588 quaest.
2791 5529 2960 5588 super
2985 5514 3170 5583 Deut,
3199 5511 3387 5584 q.19.]
3423 5511 3532 5570 Ubi
3559 5527 3701 5570 sane
3726 5509 3808 5567 in-
