4002 6054
237 233 347 285 765

1048 244 1357 298 DECRETI
1398 249 1580 300 PARS
1616 249 1712 300 XI.
1747 276 1813 285 -—
1863 250 1958 302 DE
2000 250 2640 315 INCANTATORIBUS,
2682 251 2836 303 ETC.

3545 248 3653 303 766

229 356 418 430 telligi
448 357 651 429 voluit,
683 359 858 415 etiam
900 360 999 417 illa
1047 380 1174 434 quas
1222 383 1254 421 a
1311 368 1713 425 divinantibus
1772 386 1888 425 non
1918 372 1969 436 Α
2002 370 2173 428 bonis
2212 372 2551 427 hominibus
2601 372 3025 443 praeponendos
3071 372 3327 442 prudens
3388 371 3649 443 quisque

235 449 564 503 secundum
597 454 784 504 Deum
804 452 1103 520 dicuntur,
1127 455 1175 507 si
1201 456 1520 512 acciderint
1542 476 1666 529 qua
1693 460 1892 513 dicun-

234 541 335 590 tur
367 554 480 592 non
514 538 855 608 accipienda
885 541 971 595 sic
1005 547 1067 596 ut
1098 544 1242 599 fiant
1276 544 1385 615 [vel
1418 547 1593 601 etiam
1627 548 1676 601 si
1728 553 1889 617 (iant,

237 626 397 695 νίς-8.]
429 643 559 697 quae
590 628 1009 698 praecipiuntur
1039 632 1110 685 ab
1165 634 1272 700 eis,
1305 640 1406 688 aut
1464 637 1733 691 colantur
1764 654 1890 708 quae

235 714 514 769 coluntur
544 717 614 770 ab
648 717 752 771 eis.
789 718 904 771 Nec
938 726 1147 789 printer
1176 737 1345 775 suam
1374 729 1714 794 potestatem
1738 725 1892 780 Deus

232 803 493 857 ostendit
517 820 645 859 esse
674 807 828 876 quod
863 807 973 861 ista
1005 812 1373 877 contingunt,
1410 813 1508 866 sed
1542 814 1711 883 quasi
1744 832 1895 885 quaa-

233 900 465 947 reretur
494 910 598 947 cur
627 910 695 948 ea
726 897 1051 965 permittat,
1084 915 1323 953 causam
1358 902 1702 956 tentationis
1724 920 1893 974 expo-

225 980 369 1045 suit,
402 981 474 1035 ad
508 985 976 1052 cognoscendam
1014 988 1217 1057 utique
1257 1005 1461 1043 eorum
1495 990 1887 1061 dilectionem,

229 1076 433 1124 utrum
448 1086 575 1125 eam
591 1071 844 1127 habeant
858 1090 994 1145 erga
1012 1081 1189 1130 Deum
1205 1079 1888 1151 suum.Cognoscendam

224 1174 364 1213 vero
398 1159 470 1214 ab
502 1159 648 1231 ipsis
680 1161 874 1231 potius
909 1180 1085 1232 qnam
1111 1165 1183 1219 ab
1214 1164 1336 1231 illo,
1382 1169 1481 1238 qui
1532 1169 1643 1223 scit
1691 1171 1890 1225 omnia

228 1252 552 1318 antequam
588 1248 750 1303 fiant.

224 1360 369 1442 CAP.
393 1364 484 1442 70.
518 1394 586 1442 —-_
619 1366 689 1419 De
718 1369 924 1442 natura
938 1368 1292 1442 daemonum.
1332 1373 1411 1424 Ea:
1442 1371 1602 1426 dictis
1632 1374 1885 1442 ejusdem

357 1435 633 1507 (August,
655 1439 765 1491 c..3
797 1438 893 1492 lib.
929 1439 1004 1493 De
1032 1440 1376 1496 divinatione
1395 1435 1755 1515 daemonum).

299 1551 608 1605 Sciendum
646 1568 774 1607 vero
807 1558 896 1608 est
919 1553 1069 1609 hanc
1092 1556 1427 1613 daemonum
1450 1574 1578 1614 esse
1611 1565 1883 1615 naturam

227 1645 294 1694 ut
326 1642 476 1696 aerei
510 1642 767 1714 corporis
797 1661 971 1700 sensu
1008 1651 1368 1704 terrenorum
1397 1666 1706 1721 corporum
1748 1667 1884 1706 sen-

227 1746 363 1783 sum
401 1730 565 1786 facile
613 1733 975 1803 prascedant:
1038 1735 1335 1792 celeritate
1394 1738 1597 1805 etiam,
1656 1743 1967 1811 propterB

233 1818 388 1873 aerei
425 1820 685 1891 corporis
720 1823 1079 1893 superiorem
1109 1825 1519 1895 mobilitatem,
1553 1844 1666 1882 non
1700 1828 1889 1883 solum

238 1922 451 1963 cursus
473 1909 867 1979 quorumlibet
906 1911 1211 1967 hominum
1258 1914 1343 1969 vel
1378 1914 1653 1981 ferarum,
1687 1934 1889 1971 verum

238 1997 420 2051 etiam
460 1998 690 2055 volatus
722 2000 915 2055 avium
934 2001 1472 2073 incomparabiliter
1488 2006 1738 2060 vincant.
1756 2004 1888 2069 Qui-

237 2085 351 2140 bus
378 2087 608 2143 duabus
640 2089 814 2144 rebus
847 2096 1130 2161 quantum
1159 2092 1228 2146 ad
1255 2108 1489 2148 aereum
1515 2110 1726 2166 corpus
1749 2095 1885 2149 atti-

236 2179 336 2229 net
366 2177 615 2246 praaditi,
649 2177 757 2232 hoc
790 2183 877 2233 est
911 2181 1233 2236 acrimonia
1262 2200 1473 2238 sensus
1505 2188 1560 2238 et
1591 2184 1883 2240 celeritate

231 2268 429 2319 motus
448 2266 632 2320 multo
648 2271 782 2321 ante
798 2268 1029 2339 cognita
1044 2271 1464 2339 praenuntiant,
1489 2272 1572 2326 vel
1608 2274 1885 2328 nuntiant

231 2369 364 2423 quae
388 2353 654 2411 homines
684 2373 787 2427 pro
810 2374 1019 2412 sensus
1043 2359 1255 2414 terreni
1281 2362 1557 2416 tarditate
1576 2363 1882 2418 mirentur.

228 2442 495 2497 Accessit
522 2444 698 2499 etiam
725 2446 1091 2501 daemonibus
1117 2465 1219 2519 per
1240 2453 1360 2504 tam
1386 2449 1625 2521 longum
1652 2456 1884 2523 tempus

231 2547 349 2601 quo
380 2548 579 2586 eorum
614 2534 731 2588 vita
755 2536 1140 2605 protenditur,
1162 2554 1353 2592 rerum
1390 2538 1557 2607 longe
1581 2542 1770 2610 major
1788 2559 1887 2597 ex-

228 2619 577 2693 perientia,q
590 2639 719 2677 nam
740 2628 926 2694 potest
941 2624 1281 2681 hominibus
1296 2633 1531 2698 propter
1543 2628 1883 2685 brevitatem

228 2708 359 2761 vitro
376 2711 696 2780 provenire.
717 2712 820 2767 Per
834 2712 941 2769 has
957 2715 1247 2770 efficacias
1275 2732 1424 2786 quas
1463 2718 1613 2773 aerei
1631 2720 1885 2788 corporis

232 2804 448 2853 natura
477 2802 683 2855 sortita
715 2806 823 2870 est,
859 2819 973 2857 non
1008 2803 1199 2859 solum
1232 2806 1418 2859 multa
1451 2804 1643 2861 futura
1674 2807 1886 2876 pradi-

235 2893 378 2941 cunt
409 2889 723 2956 daemones,
757 2908 957 2946 verum
991 2892 1165 2947 etiam
1200 2892 1386 2948 multa
1442 2895 1591 2949 mira
1646 2896 1883 2951 faciunt.

237 2978 370 3041 Quae
406 2978 681 3047 quoniam
716 2980 983 3035 homines
1015 2981 1204 3037 dicere
1257 3000 1323 3037 ac
1355 2983 1541 3039 facere
1600 3001 1714 3039 non
1747 3002 1887 3055 pos—

234 3070 395 3134 sunt,
431 3083 527 3121 eos
559 3068 769 3139 dignos
789 3071 1028 3139 quidam
1053 3070 1268 3142 quibus
1293 3074 1570 3138 serviant,
1595 3075 1883 3145 etquibus
1914 3112 1957 3178 α

228 3156 483 3212 honores
513 3158 740 3215 divinos
801 3162 1065 3216 deferant
1121 3162 1502 3230 arbitrantur,
1562 3164 1883 3232 instigante

230 3246 487 3301 maxime
520 3247 657 3304 vitio
688 3250 1068 3317 curiositatis,
1090 3257 1325 3323 propter
1346 3270 1604 3308 amorem
1639 3253 1884 3310 felicita-

228 3336 305 3389 tis
340 3336 496 3391 i‘alsaa
532 3343 705 3409 atque
736 3344 998 3408 terrenae,
1028 3346 1085 3396 et
1135 3342 1486 3397 excellentia:
1518 3344 1882 3415 temporalis.

227 3423 336 3489 Qui
365 3433 557 3479 autem
592 3442 655 3481 se
685 3427 755 3480 ab
780 3428 862 3482 eis
887 3428 1309 3499 cupiditatibus
1338 3431 1650 3499 mundant,
1674 3448 1779 3487 nec
1800 3431 1885 3486 eis

227 3529 291 3566 se
323 3513 619 3569 feriendos
642 3515 1065 3585 rapiendosque
1090 3517 1394 3587 [fallendos
1428 3519 1884 3590 capiendosque]

226 3602 600 3672 permittunt,
620 3605 720 3657 sed
742 3604 1049 3676 inquirunt
1070 3612 1125 3660 et
1147 3613 1349 3661 amant
1365 3607 1589 3679 aliquid
1612 3610 1765 3678 quod
1793 3626 1886 3664 eo-

227 3689 361 3744 dem
397 3692 568 3744 modo
601 3707 834 3763 semper
857 3697 967 3759 est,
1018 3695 1187 3764 cujus
1221 3695 1670 3767 participatione
1727 3697 1882 3752 beati

227 3777 373 3843 sint,
406 3778 664 3848 primum
698 3781 1072 3836 considerant
1102 3800 1216 3837 non
1250 3783 1379 3838 ideo
1407 3784 1517 3839 sibi
1545 3801 1879 3855 praeponen-

227 3866 336 3920 dos
366 3882 495 3921 esse
526 3868 841 3936 daemones,
890 3871 1045 3939 quod
1106 3871 1326 3926 acriore
1386 3889 1565 3927 sensu
1622 3874 1881 3944 corporis

224 3953 542 4024 praevalent
571 3957 721 4011 aeris
771 3958 969 4029 [aerei]
1003 3958 1244 4029 scilicet,
1280 3961 1387 4015 hoc
1420 3966 1509 4015 est
1557 3962 1880 4017 subtilioris

223 4042 498 4097 elementi
525 4061 536 4097 ε
572 4045 711 4115 quia
726 4045 989 4116 necipsis
1018 4048 1263 4103 terrenis
1285 4050 1627 4120 corporibus
1657 4050 1879 4105 bestias

225 4130 339 4185 sibi
372 4134 789 4201 preponendas
814 4140 1040 4204 putant,
1069 4152 1194 4206 quae
1213 4137 1407 4192 acrius
1431 4138 1618 4193 multa
1640 4154 1879 4209 persen-

223 4218 410 4273 tiunt:
457 4219 632 4274 veluti
675 4237 941 4292 sagacem
975 4226 1357 4293 canem,quia
1387 4225 1669 4281 latentem
1699 4226 1878 4281 feram

223 4306 442 4361 olfactu
468 4308 750 4365 acerrimo
777 4310 860 4365 sic
896 4310 1141 4379 invenit,
1177 4316 1241 4365 ut
1271 4312 1341 4365 ad
1374 4329 1503 4367 eam
1535 4313 1876 4382 capiendam

225 4394 505 4449 ducatum
538 4398 850 4466 quemdam
910 4397 1133 4453 homini
1176 4400 1463 4470 praebeat:
1499 4418 1615 4456 non
1674 4402 1877 4472 utique

2001 462 2313 516 censuerit.
2354 462 2465 516 Hoc
2495 465 2551 515 et
2577 461 2646 515 de
2677 477 2987 532 corporum
3021 460 3317 516 celeritate
3350 460 3606 515 dicimus
3634 478 3645 516 :

2002 557 2059 604 et
2083 550 2189 605 hac
2220 551 2373 605 enim
2400 549 2736 620 praestantia
2761 568 2873 605 non
2897 549 3089 605 solum
3124 567 3157 604 a
3178 548 3513 604 volucribus
3538 549 3649 605 ho-

2003 639 2214 705 mines,
2243 656 2434 693 verum
2460 639 2635 694 etiam
2660 655 2692 693 a
2715 639 2917 694 multis
2940 637 3423 709 quadrupedibus
3449 637 3527 692 ita
3548 655 3648 691 su-

2001 735 2372 799 perantur,ut
2401 730 2459 785 in
2490 746 2692 785 eorum
2722 730 3156 800 comparatione
3180 726 3435 799 plumbei
3462 727 3647 797 depu—

2000 815 2163 870 tandi
2195 815 2312 871 sint
2345 834 2357 871 z
2395 834 2495 873 nec
2538 822 2731 872 tamen
2766 818 2890 872 ideo
2922 817 3033 872 sibi
3078 817 3199 871 haec
3250 815 3642 871 animantium

2000 922 2216 977 genera
2244 906 2582 961 existimant
2606 905 3239 978 przrponenda,quibus
3266 905 3565 974 capiendis
3591 909 3647 958 et

2002 996 2531 1050 mansuel'aciendis
2554 997 2798 1066 atquein
2822 1012 2943 1051 suae
2958 994 3269 1050 voluntatis
3297 1010 3471 1048 usum
3495 1010 3648 1048 com-

2000 1085 2361 1154 modumque
2377 1085 2730 1155 redigendis,
2764 1102 2878 1139 non
2896 1084 2949 1138 vi
2972 1084 3255 1155 corporis,
3274 1084 3375 1140 sed
3402 1082 3648 1137 rationis

1997 1171 2361 1244 imperitant.
2417 1173 2657 1243 (Ibid.,c.
2693 1174 2771 1244 4.)
2796 1173 2961 1227 Illam
2994 1189 3128 1228 vero
3152 1171 3381 1227 tertiam
3429 1172 3649 1226 daemo-

1999 1278 2141 1315 num
2174 1261 2492 1331 potentiam
2525 1262 2679 1332 quod
2721 1261 3001 1315 diuturna
3045 1277 3241 1315 rerum
3292 1259 3651 1331 experientia

1997 1350 2495 1420 quemadmodum
2514 1355 3067 1421 praenoscantatque
3082 1349 3475 1420 praenuntient
3503 1348 3649 1403 mul-

1996 1442 2058 1492 ta
2088 1440 2441 1506 didicerunt,
2476 1440 2557 1494 ita
2589 1443 2974 1495 contemnunt
3012 1438 3112 1509 qui
3161 1438 3281 1493 haec
3338 1437 3649 1508 vigilanter

1996 1534 2205 1583 curant
2233 1546 2265 1583 a
2296 1529 2611 1584 verissimae
2644 1529 2791 1583 lucis
2823 1529 3062 1584 veritate
3087 1529 3509 1596 discernere,ut
3538 1543 3644 1583 nec

1996 1619 2182 1672 malos
2216 1634 2383 1671 senes
2416 1618 2585 1687 plura
2613 1623 2881 1689 expertos
2911 1623 2968 1672 et
2998 1618 3069 1672 ob
3092 1617 3200 1672 hoc
3223 1616 3391 1687 quasi
3418 1617 3643 1671 doctio-

2000 1723 2110 1771 res,
2142 1706 2270 1761 ideo
2302 1706 2467 1777 probi
2499 1706 2898 1762 adolescentes
2934 1706 3043 1761 sibi
3078 1705 3420 1761 antecellcre
3449 1704 3651 1760 existi-

2005 1801 2183 1861 ment,
2211 1801 2275 1849 ut
2308 1812 2411 1849 nec
2460 1796 2737 1862 medicos,
2772 1812 2877 1850 nec
2916 1800 3148 1863 nautas,
3182 1812 3287 1851 nec
3337 1794 3646 1865 agricolas,

2002 1901 2149 1955 quos
2183 1901 2365 1953 pravze
2396 1883 2719 1939 voluntatis
2750 1893 2802 1939 et
2834 1884 3055 1955 iniquis
3075 1884 3340 1939 moribus
3372 1883 3644 1951 viderint,

1998 1972 2125 2027 ideo
2160 1978 2366 2044 putent
2396 1974 2507 2029 sibi
2537 1990 2664 2029 esse
2699 1974 3088 2043 praeferendos
3111 1974 3265 2043 quod
3288 1970 3371 2026 illi
3398 1973 3467 2026 de
3491 1971 3643 2027 vale-

1996 2062 2431 2135 tudinibus,3illi
2460 2064 2531 2118 de
2562 2063 3031 2134 tempestatibus,
3054 2061 3137 2117 illi
3166 2062 3237 2118 de
3266 2061 3641 2117 arbustorum

1994 2152 2307 2221 generibus
2344 2157 2531 2206 multa
2562 2152 2642 2206 ita
2673 2151 3088 2223 praenuntiant,
3123 2142 3412 2206 utharum
3442 2165 3638 2205 rerum

1992 2239 2288 2312 inexperto
2320 2241 2578 2295 divinare
2607 2241 2935 2297 videantur.
2968 2242 3130 2306 Quod
3152 2257 3283 2296 vero
3308 2257 3420 2294 non
3446 2238 3639 2294 solum

1996 2331 2258 2399 quaedam
2293 2331 2584 2385 daemones
2622 2331 2815 2385 futura
2846 2331 3191 2402 praedicunt,
3222 2345 3422 2384 verum
3454 2329 3632 2383 etiam

1996 2419 2262 2487 quaedam
2297 2420 2446 2474 mira
2480 2420 2717 2489 faciunt,
2754 2436 2852 2491 pro
2880 2420 3009 2489 ipsa
3032 2420 3238 2490 utique
3260 2419 3351 2473 sui
3375 2418 3633 2489 corporis

1994 2508 2353 2575 excellentia,
2390 2525 2493 2563 cur
2520 2526 2634 2563 non
2681 2515 3090 2563 contemnatur
3138 2524 3171 2562 a
3220 2507 3630 2579 prudentibus,

1996 2614 2129 2651 cum
2164 2597 2428 2667 plerique
2457 2598 2643 2669 iniqui
2675 2615 2740 2653 ac
2771 2598 2985 2669 perditi
3026 2596 3295 2651 homines
3346 2596 3427 2651 ita
3474 2611 3634 2650 exer-

1996 2692 2163 2740 ceant
2193 2703 2439 2757 corpora
2470 2704 2599 2752 sua,
2634 2691 2911 2757 tantaque
2943 2685 3189 2741 diversis
3221 2686 3446 2740 artibus
3496 2701 3634 2755 pos-

1995 2774 2138 2839 sint,
2162 2781 2225 2829 ut
2253 2774 2430 2845 eaqui
2447 2774 2567 2830 hinc
2584 2776 2874 2840 nesciunt,
2896 2791 2997 2831 nec
3012 2774 3328 2845 aliquando
3342 2773 3631 2843 viderunt,

1994 2864 2171 2918 etiam
2204 2870 2438 2919 narrata
2467 2865 2560 2918 vix
2582 2865 2867 2919 credant?
2887 2865 3071 2927 Quam
3098 2863 3285 2918 multa
3304 2860 3634 2917 lunambuli

1996 2953 2303 3023 caeterique
2334 2953 2600 3007 theatrici
2632 2953 2904 3018 artifices,
2941 2970 3116 3023 quam
3164 2952 3349 3007 multa
3398 2951 3636 3022 opiﬁces

1997 3042 2367 3113 maximeque
2385 3042 2707 3097 mechanici
2724 3043 2991 3097 miranda
3014 3044 3275 3097 fecerunt
3298 3041 3480 3095 ?Num
3505 3041 3633 3095 ideo

1998 3131 2267 3185 meliores
2299 3139 2439 3185 sunt
2469 3132 2657 3202 bonis,
2691 3137 2745 3186 et
2777 3136 2979 3187 sancta
3010 3133 3223 3201 pietate
3256 3129 3515 3203 praeditis
3531 3129 3636 3183 ho-

1996 3220 2300 3275 minibus?
2331 3224 2463 3284 Quae
2493 3221 2620 3276 ideo
2652 3220 3266 3289 commemoravimus,
3301 3225 3362 3274 ut
3392 3218 3491 3290 qui
3516 3218 3636 3273 hinc

1996 3310 2122 3363 sine
2155 3309 2476 3380 pervicacia
2508 3315 2565 3364 et
2595 3310 2722 3365 sine
2747 3327 2897 3364 vana
2922 3309 3237 3365 resistendi
3260 3308 3635 3363 animositate

1995 3397 2347 3464 considerat,
2380 3398 2555 3453 simul
2574 3400 2810 3469 cogitet,
2834 3400 2882 3454 si
2909 3400 2977 3453 de
3002 3397 3329 3468 subjacenti
3353 3396 3636 3452 crassiore

1996 3487 2241 3541 materia
2273 3486 2358 3541 vel
2392 3487 2483 3541 sui
2514 3488 2762 3557 quisque
2794 3487 3055 3558 corporis
3076 3486 3163 3541 vel
3186 3490 3349 3541 terrae
3373 3488 3631 3555 etaquze,

1993 3573 2255 3644 lapidum
2290 3581 2460 3643 atque
2492 3575 2786 3645 lignorum
2821 3575 3310 3645 metallorumque
3338 3573 3631 3628 variorum

1994 3667 2158 3717 tanta
2191 3664 2426 3733 quidem
2463 3663 2734 3719 homines
2769 3668 3032 3734 possunt,
3067 3670 3132 3718 ut
3154 3680 3252 3718 eos
3283 3662 3364 3716 illi
3388 3662 3487 3733 qui
3512 3662 3634 3716 hazo

1991 3768 2105 3806 non
2138 3755 2406 3821 possunt,
2442 3752 2789 3823 plerumque
2811 3753 3102 3823 stupende
3126 3753 3185 3806 in
3211 3752 3303 3807 sui
3325 3767 3632 3821 compara-

1992 3841 2149 3896 tione
2180 3840 2407 3895 divinos
2437 3846 2663 3908 vocent,
2698 3858 2831 3895 cum
2861 3841 3099 3911 quidam
3132 3841 3367 3895 illorum
3400 3840 3518 3894 sint
3540 3856 3631 3893 ar-

1990 3931 2148 3985 tibus
2202 3930 2578 4001 potentiores,
2603 3930 2841 4000 quidam
2870 3931 3114 3984 istorum
3141 3929 3404 3983 moribus
3428 3927 3630 3982 melio-

1990 4035 2114 4074 res:
2160 4027 2380 4089 quanto
2414 4018 2654 4074 meliora
2713 4026 2769 4073 et
2829 4019 3053 4087 majora
3104 4035 3203 4088 pro
3259 4015 3630 4071 subtilissimi

1988 4108 2269 4178 corporis,
2304 4108 2412 4163 hoc
2443 4108 2695 4162 estaerei
2722 4108 2995 4162 tacultate
3010 4122 3071 4160 ac
3096 4105 3398 4169 facilitate,
3424 4105 3632 4158 dthO-

1989 4213 2093 4250 nes
2125 4196 2375 4266 possint,
2408 4213 2542 4251 cum
2597 4203 2790 4250 tamen
2824 4195 2941 4249 sint
2972 4195 3255 4265 pravitate
3310 4191 3629 4245 voluntatis

1989 4284 2823 4354 maximequesuperbiaefastu
2842 4284 3162 4339 etevidenti
3193 4279 3420 4335 malitia
3458 4278 3630 4349 spiri-

1986 4377 2083 4425 tus
2101 4372 2390 4427 immundi
2421 4376 2599 4442 atque
2623 4372 2894 4442 perversi.
2912 4374 3203 4437 Quantum
3230 4374 3423 4425 autem
3444 4366 3632 4423 valeat

230 4484 603 4552 prudentiore
634 4484 929 4539 intellectu
953 4486 1156 4555 animi,
1199 4489 1298 4543 sed
1330 4488 1587 4545 acutiore
1618 4490 1876 4561 corporis
1908 4477 1955 4540 D
1986 4474 2135 4561 aeris"
2167 4459 2522 4561 θῙξδῖξξθῘξξυΨ
2557 4476 2905 4561 ξῖιξὶοηεξίξωω
2928 4476 3171 4561 corpora
3202 4456 3626 4561 praevalent,ad

230 4586 407 4626 sensu
434 4592 447 4639 ;
480 4572 568 4627 vel
603 4573 915 4643 vulturem,
940 4575 1078 4644 quia
1108 4577 1363 4646 projecto
1382 4578 1657 4633 cadavere
1676 4596 1743 4633 ex
1764 4578 1873 4633 im-

228 4662 461 4732 provisa
489 4662 919 4733 longinquitate
950 4665 1228 4733 advocat;
1264 4683 1369 4721 nec
1414 4666 1690 4737 aquilam.
1736 4668 1875 4738 quia

227 4750 560 4805 sublimiter
580 4750 782 4807 volans
811 4753 880 4806 de
903 4756 1063 4806 tanto
1087 4753 1386 4808 intervallo
1419 4759 1716 4809 natantem
1761 4756 1871 4810 sub

228 4838 335 4909 [in]
360 4838 637 4894 ﬂuctibus
669 4838 889 4910 piscem
922 4840 1137 4895 dicitur
1187 4841 1503 4911 pervidere,
1536 4847 1593 4896 et
1622 4843 1873 4913 graviter

219 4925 396 4993 illisa,
429 4928 681 4982 exsertis
715 4928 959 4998 pedibus
983 4933 1155 4999 atque
1175 4928 1473 4999 unguibus
1499 4946 1700 5000 rapere
1725 4950 1738 4998 ;
1764 4948 1870 4987 nec

221 5016 338 5071 alia
370 5016 558 5072 multa
588 5017 979 5072 animantium
1012 5034 1225 5089 genere.
1264 5035 1392 5090 qua:
1453 5019 1600 5074 inter
1657 5020 1869 5077 herbas

220 5105 401 5160 saluti
434 5120 555 5160 sum
586 5105 787 5160 noxias
817 5107 1108 5177 pascendo
1139 5108 1587 5174 circumerrant,
1618 5124 1724 5164 nec
1755 5109 1866 5165 ali-

214 5192 355 5263 quid
388 5208 591 5248 eorum
615 5208 730 5263 quo
755 5192 1042 5248 laedantur
1064 5196 1386 5267 attingunt,
1405 5213 1539 5252 cum
1563 5212 1661 5253 eas
1689 5198 1866 5254 homo

213 5282 313 5335 vix
342 5281 739 5351 experimento
769 5297 974 5351 capere
1007 5282 1294 5350 didicerit,
1318 5289 1375 5339 et
1411 5284 1598 5340 multa
1630 5283 1869 5342 innoxia

217 5369 381 5438 quod
402 5368 525 5423 sint
543 5368 863 5439 inexperta,
888 5368 1181 5428 formidet.
1198 5371 1362 5427 Unde
1390 5374 1675 5445 conjicere
1698 5375 1866 5431 facile

217 5461 309 5510 est
336 5459 624 5526 quantum
648 5454 835 5525 possit
852 5455 909 5510 in
935 5458 1119 5514 aereis
1142 5460 1483 5531 corporibus
1503 5478 1716 5519 sensus
1736 5480 1866 5520 esse

220 5543 545 5616 acrior,nso
566 5543 699 5601 ideo
728 5547 925 5619 tanien
946 5546 1240 5606 damones
1261 5548 1452 5621 quieo
1476 5550 1703 5623 praditi
1722 5558 1863 5612 sunt

1986 4545 2171 4601 multa
2186 4546 2828 4603 visibiliainvisibiliter
2844 4547 3158 4615 molienda,
3172 4547 3479 4611 movenda,
3496 4561 3625 4600 inu-

1982 4634 2162 4689 tanda
2184 4639 2359 4705 atque
2380 4635 2685 4703 versanda,
2707 4635 2948 4706 longum
2973 4641 3241 4690 estnunc
3266 4635 3627 4690 demonstra-

1984 4738 2067 4789 re,
2097 4727 2155 4778 et
2186 4730 2463 4795 putamus
2494 4724 2648 4797 quod
2706 4723 2793 4778 vel
2826 4724 3197 4779 mediocriter
3226 4720 3622 4779 consideranti

1982 4810 2149 4867 facile
2180 4818 2465 4868 occurrat.

1980 4931 2112 4983 CAP.
2143 4929 2231 4983 71.
2294 4958 2362 4969 —-
2417 4929 2490 4983 De
2545 4928 2890 4983 divinatione
2940 4928 3274 4985 damonum.
3326 4930 3411 4983 Ea:
3460 4928 3621 4983 dictis

2330 5000 2571 5070 ejusdem
2599 5000 2865 5070 (ejusdem
2896 5000 2991 5055 lib.
3025 5017 3144 5072 cap.
3178 5002 3254 5068 5).

2048 5113 2233 5184 Igitur
2263 5130 2419 5169 nunc
2449 5114 2705 5186 primum
2739 5116 3045 5171 sciendum
3078 5120 3184 5185 est,
3235 5114 3513 5185 quoniam
3546 5116 3617 5169 de

1977 5202 2332 5258 divinatione
2353 5204 2689 5258 daemonum
2712 5204 2956 5275 quaestio
2976 5208 3086 5269 est,
3110 5203 3242 5258 illos
3264 5219 3329 5257 eo
3352 5202 3615 5272 plerum-

1976 5306 2090 5361 que
2139 5292 2526 5361 praznuntiare
2554 5308 2684 5362 qua;
2713 5292 2827 5362 ipsi
2859 5291 3064 5345 facturi
3114 5294 3272 5347 sunt.
3305 5289 3615 5359 Accipiunt

1974 5378 2131 5434 enim
2156 5395 2306 5450 sape
2329 5383 2671 5450 potestatem
2685 5384 2741 5435 et
2755 5380 2989 5435 morbos
3002 5370 3335 5445 immittere,
3348 5378 3609 5447 etipsum

1975 5481 2166 5522 aerem
2195 5467 2452 5523 vitiando
2478 5467 2811 5523 morbidum
2837 5466 3099 5533 reddere,
3131 5471 3188 5521 et
3218 5464 3503 5535 perversis
3525 5468 3613 5519 at-

1974 5568 2088 5625 que
2100 5554 2464 5611 amatoribus
2476 5559 2841 5611 terrenarum
2855 5552 3295 5612 commodorum
3307 5551 3614 5611 malefacta
