3972 6064
385 237 494 292 767

1471 241 1539 291 D.
1580 237 1820 291 IVONIS
1854 232 2348 289 CARNO’I‘ENSIS
2387 235 2708 290 EPISCOPI

3704 232 3835 285 768

388 363 656 432 suadere,
690 363 761 418 de
792 378 1040 435 quorum
1074 365 1338 419 moribus
1368 364 1507 418 certi
1541 366 1699 429 sunt,
1731 362 1885 432 quod
1918 359 2038 415 sint
2068 364 2119 428 Α
2150 358 2307 425 colaa,
2343 360 2440 415 sed
2469 360 2639 432 longe
2670 360 2900 415 acutius
2934 360 3227 431 longeque
3276 360 3654 431 praestantius
3709 377 3831 430 pro

388 451 472 507 eis
496 451 635 507 talia
660 452 1048 507 suadentibus
1070 450 1433 506 consensuri.
1458 451 1715 505 Suadent
1742 448 1896 503 enim
1924 447 2035 501 mi-

390 540 472 595 ris
502 544 559 596 et
590 540 983 595 invisibilihus
1039 540 1250 607 modis,
1283 556 1385 610 per
1434 538 1597 593 illam
1652 538 2035 593 subtilitatem

390 644 700 699 corporum
736 644 975 684 suorum
1011 644 1254 698 corpora
1286 627 1591 681 hominum
1626 642 1739 681 non
1775 626 2035 681 sentien-

391 718 537 771 tium
574 718 950 787 penetrando,
983 718 1146 785 etjse
1196 716 1646 786 cogitationibus
1702 731 1903 770 eorum
1937 730 2037 784 per

395 808 663 877 quadam
690 805 1169 876 imaginariavisa
1188 805 1509 872 miscendo,
1533 807 1653 859 sive
1666 803 2034 874 vigilantium

395 896 515 950 sive
546 894 985 949 dormientium.
1022 893 1347 963 Aliquando
1392 898 1585 949 autem
1622 911 1735 949 non
1767 910 1890 963 quae
1923 891 2035 963 ipsi

393 984 635 1047 faciunt,
666 983 766 1037 sed
798 999 925 1053 quae
959 982 1324 1038 naturalibus
1358 982 1539 1053 signis
1578 983 1775 1037 futura
1804 998 2032 1053 praeno-

392 1075 583 1137 scunt,
619 1088 742 1141 quae
775 1070 942 1142 signa
973 1071 1031 1125 in
1066 1070 1369 1127 hominum
1418 1088 1626 1127 sensus
1682 1071 1875 1126 venire
1915 1087 2030 1125 non

393 1164 663 1232 possunt,
687 1164 820 1215 ante
844 1160 1186 1231 praedicunt.
1210 1162 1407 1231 Neque
1424 1161 1577 1215 enim
1600 1161 1737 1231 quia
1761 1160 2034 1231 praevidet

391 1248 651 1304 medicus
683 1250 837 1319 quod
863 1250 1174 1320 praevidere
1198 1250 1381 1305 nescit
1403 1250 1579 1320 hujus
1602 1249 1744 1304 artis
1767 1250 2029 1320 ignarus,

394 1345 522 1400 ideo
547 1347 672 1415 jam
700 1346 931 1400 divinus
962 1345 1265 1400 habendus
1297 1350 1404 1401 est.
1432 1345 1578 1410 Quid
1604 1352 1796 1401 autem
1823 1346 2038 1399 mirum

396 1433 446 1488 si
480 1435 979 1504 quemadmodum
1013 1434 1109 1488 ille
1140 1435 1199 1488 in
1232 1436 1492 1505 corporis
1525 1434 1767 1488 humani
1799 1434 1886 1488 vel
1918 1450 2041 1504 per.

398 1523 635 1577 turbata
666 1524 753 1577 vel
788 1523 1122 1578 modificata
1140 1524 1442 1592 temperie,
1466 1540 1562 1578 seu
1584 1524 1766 1577 bonas
1786 1539 1888 1578 seu
1917 1538 2039 1576 ma-

398 1610 483 1665 las
505 1612 733 1666 futuras
760 1612 1037 1682 praevidet
1057 1612 1442 1680 valetudines,
1462 1612 1545 1666 sic
1568 1611 1867 1665 dzemonin
1893 1610 2043 1665 aeris

398 1699 700 1755 affectione
718 1705 893 1771 atque
913 1702 1280 1756 ordinatione
1300 1700 1410 1755 sibi
1439 1706 1594 1766 nota,
1629 1700 1795 1755 nobis
1822 1702 2042 1771 ignota,

398 1792 523 1847 tutu
535 1793 917 1863 rasipraevidet
936 1798 1047 1847 tem
1059 1792 1351 1864 pestatesf?
1369 1792 1521 1862 (Vide
1543 1809 1581 1846 ιι
1596 1793 1848 1861 Retract.,
1866 1808 1912 1847 ε.
1930 1791 2042 1860 30.)

404 1892 728 1962 Aliquando
762 1896 819 1946 et
851 1892 1153 1947 hominum
1211 1891 1646 1963 dispositiones,
1692 1908 1806 1945 non
1852 1889 2045 1946 solum

401 1997 538 2035 voce
570 1981 843 2051 prolatas,
876 1998 1074 2035 verum
1108 1982 1281 2036 etiam
1315 1980 1663 2053 cogitatione
1714 1984 2046 2050 conceptas,

404 2085 536 2123 cum
570 2069 740 2141 signa
766 2071 1031 2137 quaedam
1066 2087 1133 2125 ex
1165 2071 1364 2125 animo
1395 2069 1808 2141 exprimuntur
1837 2069 1893 2123 in
1927 2084 2048 2122 cor-

405 2174 562 2228 pore,
595 2161 715 2212 tota
747 2157 1025 2213 facilitate
1083 2159 1445 2229 perdiscant,
1479 2162 1653 2227 atque
1705 2156 1839 2211 hinc
1870 2156 2043 2211 etiam

407 2246 592 2300 multa
624 2248 817 2301 futura
848 2248 1266 2318 praenuntiant,
1291 2246 1423 2301 aliis
1452 2246 1724 2301 videlicet
1754 2245 1923 2313 mira,
1949 2243 2050 2316 qui

404 2336 517 2389 ista
545 2336 829 2406 disposita
862 2353 975 2391 non
1031 2340 1337 2390 noverunt.
1398 2335 1559 2389 Sicut
1618 2335 1774 2388 enim
1809 2338 2052 2405 apparet

404 2425 745 2479 concitatior
771 2425 948 2479 animi
986 2429 1182 2479 motus
1215 2425 1270 2477 in
1306 2425 1488 2490 vultu,
1515 2427 1581 2477 ut
1616 2424 1685 2477 ab
1710 2422 2050 2476 hominibus

404 2528 632 2583 quoque
662 2513 883 2584 aliquid
905 2513 1228 2568 forinsecus
1262 2516 1634 2581 agnoscatur,
1660 2512 1815 2581 quod
1849 2511 2055 2565 intrin-

405 2618 575 2657 secus
594 2604 821 2674 agitur:
846 2604 927 2657 ita
949 2619 1063 2657 non
1087 2603 1258 2656 debet
1279 2600 1783 2668 esseincredibile,
1808 2600 1855 2654 si
1874 2600 2053 2654 etiam

406 2690 653 2746 leniores
685 2692 1066 2763 cogitationes
1097 2693 1241 2745 dant
1272 2691 1469 2761 aliqua
1493 2690 1662 2761 signa
1685 2706 1787 2760 per
1816 2704 2053 2759 corpus,

407 2797 533 2850 qua
565 2781 775 2834 obtuso
807 2797 980 2834 sensu
1012 2779 1313 2834 hominum
1338 2778 1611 2850 cognosci
1634 2794 1747 2832 non
1783 2782 2051 2848 possunt.

409 2874 579 2922 acuto
614 2874 809 2922 autem
842 2870 1170 2923 daemonum
1218 2873 1487 2938 possunt.
1535 2866 1813 2938 (Ejusdem
1844 2866 1940 2920 lib.
1984 2867 2056 2920 De

408 2958 668 3026 divinat,
699 2974 749 3013 ε.
772 2959 849 3025 6.)
868 2957 982 3011 Hac
1008 2962 1182 3027 atque
1206 2956 1545 3027 hujusmodi
1569 2955 1845 3011 facultate
1870 2954 2055 3009 multa

408 3046 703 3099 daemones
734 3045 930 3100 futura
960 3045 1371 3116 praenuntiant,
1425 3060 1557 3099 cum
1609 3048 1805 3098 tamen
1838 3043 1911 3097 ab
1970 3042 2055 3098 eis

2148 449 2299 502 aerei
2335 450 2597 520 corporis
2630 465 2809 504 sensu
2844 449 3149 504 solertiore
3178 452 3235 503 et
3268 448 3607 502 excitatiora
3662 464 3831 519 prse-

2148 542 2437 593 noscunt:
2475 538 2611 609 quia
2645 544 2701 593 et
2733 538 2854 593 hzec
2886 538 2956 593 ab
3007 536 3229 609 angelis
3261 537 3377 592 Deo
3436 553 3675 591 summo
3726 538 3831 607 pie

2147 627 2538 683 servientibus
2570 643 2636 682 ex
2670 626 2781 682 alia
2807 626 3195 699 dispositione
3217 626 3417 697 ignota
3438 626 3833 682 daemonibus

2146 734 2215 771 ex
2244 716 2558 787 improviso
2590 734 2655 772 ac
2679 721 2915 787 repente
2938 720 3245 771 mutantur
3272 733 3284 771 :
3314 720 3598 787 tanquam
3620 718 3672 770 si
3709 716 3829 769 ali-

2147 806 2288 875 quid
2321 822 2477 877 aagro
2510 806 2875 861 extrinsecus
2894 806 3133 860 accedat
3161 822 3275 875 quo
3298 805 3608 871 moriatur,
3635 820 3829 875 quem

2146 894 2411 949 medicus
2441 895 2593 950 veris
2627 893 2835 950 salutis
2884 894 3346 966 praecedentibus
3377 893 3563 965 signis
3621 892 3829 947 victu-

2146 1000 2274 1037 rum
2298 999 2425 1038 esse
2458 984 2961 1055 promiserat.Aut
2992 983 3042 1038 si
3064 984 3217 1038 aeris
3256 981 3542 1054 qualitate
3578 982 3833 1054 provisa

2148 1072 2455 1142 (praevisa),
2483 1073 2583 1127 diu
2614 1073 2891 1127 ﬂaturum
2919 1071 3085 1126 illum
3103 1076 3343 1126 ventum
3370 1076 3684 1126 nautarum
3720 1070 3833 1125 ali-

2146 1161 2244 1231 qui
2262 1160 2685 1232 przedixissent,
2703 1160 2797 1216 cui
2817 1160 3102 1216 Dominus
3116 1160 3385 1216 Christus
3402 1176 3537 1214 cum
3553 1160 3831 1231 discipu-

2144 1249 2220 1305 lis
2253 1251 2552 1321 navigans,
2576 1248 3286 1321 utquesceretimperavit,
3305 1253 3356 1305 et
3366 1252 3519 1319 facta
3547 1257 3622 1303 est
3650 1252 3831 1303 tran-

2150 1338 2402 1409 quillitas
2422 1355 2622 1408 magna
2647 1337 2855 1408 (Matth.
2881 1339 3005 1407 VIII)
3032 1337 3217 1393 :velsi
3244 1336 3499 1409 agricola
3523 1337 3624 1393 illo
3656 1353 3829 1392 anno

2152 1427 2637 1482 fructificaturam
2655 1426 2829 1481 vitem
2857 1426 3114 1497 aliquam
3139 1424 3500 1496 polliceatur,
3535 1431 3826 1480 naturam

2152 1515 2355 1587 utique
2386 1520 2551 1571 terrae
2585 1521 2642 1571 et
2673 1532 2946 1571 numeros
2978 1515 3272 1570 seminum
3305 1514 3547 1583 callens,
3580 1531 3699 1585 quo
3726 1519 3824 1569 ta-

2155 1621 2284 1659 men
2318 1622 2469 1659 anuo
2503 1622 2627 1660 eam
2662 1603 2746 1659 vel
2780 1603 3099 1674 improvisa
3128 1603 3256 1659 cceli
3279 1603 3663 1675 intemperies
3685 1619 3825 1658 are-

2154 1694 2347 1759 faciat,
2378 1693 2466 1747 vel
2501 1692 2697 1763 aliqua
2739 1693 2931 1763 jussio
2989 1692 3336 1763 potentioris
3387 1693 3674 1747 eradicet:
3735 1693 3825 1747 ita

2156 1782 2339 1836 multa
2365 1781 2539 1835 etiam
2557 1782 2628 1835 ad
2654 1780 3078 1852 prwscientiam
3104 1782 3665 1853 prmdictionemque
3696 1782 3823 1835 daa-

2156 1887 2397 1925 monum
2424 1868 2791 1941 pertinentia,
2812 1886 2940 1940 quae
2969 1869 3299 1925 minoribus
3319 1874 3376 1925 et
3406 1869 3825 1925 usitatioribus

2156 1960 2349 2013 causis
2372 1959 2569 2012 futura
2593 1958 3004 2028 praevidentur,
3032 1958 3235 2013 eadem
3261 1958 3587 2029 majoribus
3630 1962 3691 2013 et
3726 1974 3825 2013 oc-

2156 2047 2501 2102 cultioribus
2515 2046 2709 2101 causis
2729 2047 3009 2117 impedita
3023 2050 3347 2101 mutantur.
3370 2046 3602 2101 Fallunt
3616 2050 3826 2101 autem

2157 2138 2333 2192 etiam
2366 2137 2561 2191 studio
2596 2135 2859 2203 fallendi,
2882 2135 3154 2191 etiuvida
3170 2136 3469 2191 voluntate
3496 2153 3614 2207 qua
3657 2136 3829 2205 (quia

2165 2226 2318 2295 Vict.)
2349 2225 2656 2280 hominum
2694 2241 2888 2280 errore
2922 2224 3211 2279 laetantur.
3246 2224 3357 2279 Sed
3400 2240 3472 2279 ne
3503 2226 3660 2295 apud
3696 2224 3827 2279 cul-

2163 2320 2314 2369 tores
2347 2331 2485 2368 suos
2509 2314 2741 2384 pondus
2766 2312 3135 2367 auctoritatis
3153 2313 3451 2380 amittant,
3475 2314 3530 2368 id
3555 2318 3745 2385 agunt
3772 2318 3833 2367 ut

2162 2402 2585 2473 interpretibus
2604 2402 2729 2457 suis
2754 2401 3176 2473 signorumque
3196 2418 3438 2457 suorum
3473 2403 3829 2473 conjectori-

2163 2492 2275 2546 bus
2305 2491 2479 2561 culpa
2508 2491 2824 2557 tribuatur,
2854 2492 3089 2561 quando
3112 2490 3197 2546 vel
3225 2491 3451 2562 decepti
3476 2493 3718 2555 fuerint.
3742 2490 3832 2545 vel

2166 2581 2415 2635 mentiti.
2443 2580 2897 2651 Nonnumquam
2931 2597 3063 2635 vero
3094 2581 3205 2651 ipsi
3241 2581 3441 2652 maligi
3487 2581 3736 2652 spiritus
3771 2585 3829 2635 et

2164 2668 2435 2723 illusores
2467 2668 2796 2736 hominum,
2830 2672 3007 2739 atque
3040 2668 3321 2724 invisores
3354 2668 3563 2725 salutis
3613 2687 3823 2724 eorum

2166 2757 2353 2813 solent
2378 2757 2690 2829 praedicere
2721 2757 3011 2811 defectum
3038 2756 3277 2812 culturae
3306 2775 3426 2813 sum
3447 2763 3505 2813 et
3525 2758 3822 2814 idolorum

2165 2846 2395 2901 ruinam
2409 2889 2422 2913 ,
2451 2849 2743 2917 quatenus
2761 2846 2987 2917 praescii
3008 2846 3313 2901 videantur
3327 2847 3470 2918 quid
3490 2847 3548 2901 in
3565 2847 3825 2918 singulis

2166 2936 2363 3007 regnis
2393 2939 2493 2990 aut
2522 2934 2668 2990 locis
2697 2940 3011 2989 venturum
3045 2935 3140 3001 sit,
3184 2940 3241 2990 et
3274 2936 3414 3007 quid
3448 2936 3676 2991 adversi
3702 2952 3828 2990 sum

2168 3024 2400 3079 factioni
2434 3024 2770 3093 contingere
2797 3026 3000 3095 possit.
3027 3025 3190 3091 Quod
3216 3024 3389 3079 etiam
3426 3023 3511 3078 illi
3546 3024 3646 3095 qui
3680 3040 3829 3095 gen-

408 3092 591 3204 ῐοῖλξεξ
603 3092 1155 3188 ἒῖιέὶῐίὶῖιὶῐοῖἰῑῖιίξ
1166 3092 1921 3205 ’ῥῖξιζιζέειῖεζξειιὲῖιὶῖὖοῖι”ε
1954 3092 2045 3202 ῥέξ

2173 3114 2361 3169 tilium
2392 3092 2671 3168 historias
2702 3092 2903 3184 legunt
2926 3130 3040 3168 non
3063 3113 3355 3184 ignorant.
3380 3113 3525 3176 Quid
3549 3092 3828 3184 ergo—mi-

409 3229 644 3281 sanctos
677 3223 916 3295 angelos
941 3241 1078 3280 suos
1111 3230 1167 3279 et
1187 3224 1497 3295 prophetas
1521 3229 1819 3295 operatur.
1844 3223 1989 3277 Nam
2009 3222 2061 3278 si

409 3313 549 3384 quid
582 3314 653 3369 de
684 3312 784 3368 illa
820 3313 915 3368 Dei
946 3314 1330 3384 dispositione
1362 3312 1782 3384 praenuntiant,
1811 3312 2062 3366 audiunt

410 3408 473 3457 ut
505 3402 924 3474 praenuntient:
960 3411 1010 3456 et
1031 3418 1163 3457 cum
1194 3418 1257 3457 ea
1283 3402 1610 3472 praedicunt.
1634 3417 1765 3471 quae
1796 3400 1931 3455 inde
1962 3417 2060 3454 au-

410 3492 579 3546 diunt
610 3510 722 3546 non
759 3491 988 3559 fallunt,
1023 3491 1402 3546 veracissima
1432 3490 1587 3545 enim
1622 3493 1762 3544 sunt
1800 3488 2062 3559 angelica

411 3586 467 3634 et
499 3580 839 3650 prophetica
867 3579 1121 3636 oracula.
1186 3580 1244 3635 Si
1305 3582 1434 3651 [310,
1502 3578 1872 3650 Vict.]autem
1906 3577 2059 3631 indi-

414 3673 661 3739 gnanter
691 3669 876 3740 [Apud
906 3675 1041 3740 Aug.
1074 3670 1232 3725 hodie
1265 3668 1490 3737 legitur,
1523 3684 1636 3722 non
1691 3668 2055 3739 indignatur]

414 3756 716 3826 accipitur,
750 3758 907 3827 quod
924 3757 1125 3827 aliqua
1142 3758 1319 3812 etiam
1344 3757 1487 3811 talia
1504 3758 1801 3811 daamones
1818 3755 2063 3810 audiant

417 3850 473 3898 et
504 3846 842 3915 praedicant,
878 3846 1050 3915 quasi
1081 3846 1305 3917 aliquid
1336 3845 1650 3915 indignum
1674 3844 1769 3910 sit,
1805 3848 1869 3899 ut
1901 3844 2055 3913 quod

410 3932 543 3988 ideo
565 3933 782 3989 dicitur
796 3939 860 3989 ut
878 3933 1219 3989 hominibus
1236 3934 1581 3999 innotescat,
1598 3932 1705 3987 hoc
1728 3948 1843 3987 non
1862 3930 2055 3986 solum

404 4023 566 4090 boni,
597 4038 733 4077 vero
765 4021 941 4077 etiam
976 4021 1115 4077 mali
1148 4038 1262 4075 non
1297 4024 1563 4076 taceant:
1599 4036 1733 4075 cum
1784 4020 1844 4073 in
1907 4018 2055 4088 ipsis

405 4111 748 4167 hominibus
779 4111 955 4167 etiam
988 4111 1118 4165 vitae
1178 4112 1338 4165 bona:
1400 4112 1687 4180 praecepta
1744 4108 2054 4162 videamus

405 4201 621 4272 pariter
654 4218 686 4255 a
711 4201 890 4271 justis
921 4199 1327 4271 perversisque
1370 4197 1629 4253 cantari:
1682 4212 1787 4251 nec
1845 4197 2051 4251 obesse

400 4288 642 4358 aliquid,
674 4289 791 4343 imo
822 4289 995 4344 etiam
1036 4288 1311 4358 prodesse
1336 4286 1405 4340 ad
1459 4286 1739 4355 majorem
1770 4284 2050 4338 notitiam

403 4376 742 4445 famamque
772 4376 1055 4441 veritatis,
1083 4392 1214 4431 cum
1245 4376 1317 4429 de
1346 4374 1447 4428 illa
1470 4374 1644 4429 etiam
1670 4372 1728 4427 hi
1755 4371 2045 4444 quidquid

2170 3219 2301 3257 rum
2334 3202 2384 3256 si
2411 3203 2532 3271 jam
2558 3201 2899 3256 imminente
2922 3206 3252 3272 temporum
3286 3205 3343 3255 et
3364 3201 3823 3257 simulacrorum

2169 3290 2487 3359 eversione,
2522 3306 2699 3360 quam
2735 3290 3025 3361 prophetae
3057 3289 3153 3345 Dei
3195 3290 3415 3345 summi
3476 3295 3634 3344 tanto
3690 3296 3826 3346 ante

2172 3378 2581 3451 praedixerant,
2614 3379 2849 3449 Serapis
2882 3379 3323 3445 daamon§alicui
3357 3378 3649 3433 cultorum
3683 3395 3825 3434 suo-

2172 3485 2300 3523 rum
2335 3469 2443 3523 hoc
2466 3469 2537 3522 de
2569 3468 2833 3539 proximo
2864 3467 3140 3538 prodidit,
3174 3472 3239 3521 ut
3272 3484 3438 3522 suam
3472 3469 3641 3538 quasi
3676 3468 3821 3523 divi-

2172 3557 2469 3613 nationem
2495 3556 2772 3611 recedens
2785 3554 2870 3609 vel
2894 3555 3123 3628 fugiens
3147 3556 3816 3623 commendaret?(lbid.,

2169 3663 2216 3701 ε.
2247 3647 2328 3715 7.)
2360 3649 2660 3717 Fugantur
2692 3644 2847 3699 enim
2880 3644 2976 3699 isti
3000 3644 3087 3699 vel
3108 3644 3484 3715 etiamjussis
3506 3645 3819 3716 superiori-

2170 3736 2282 3789 bus
2313 3733 2569 3803 colligati
2603 3733 3047 3801 abstrahuntur,
3107 3738 3164 3787 et
3206 3732 3536 3788 alienantur
3594 3750 3628 3787 a
3676 3733 3817 3788 locis

2168 3823 2315 3887 suis,
2349 3827 2413 3877 ut
2435 3823 2506 3900 de
2528 3821 2704 3876 rebus
2725 3821 2782 3875 iu
2806 3822 3024 3891 quibus
3045 3821 3406 3887 colebantur,
3429 3822 3531 3876 fiat
3550 3821 3818 3877 voluntas

2166 3912 2289 3977 Dei,
2322 3910 2423 3980 qui
2455 3910 2563 3964 hoc
2594 3914 2757 3964 tanto
2790 3914 2922 3963 ante
2954 3926 3056 3980 per
3086 3927 3287 3965 omnes
3317 3914 3521 3981 gentes
3554 3911 3817 3966 futurum

2166 4016 2294 4054 esse
2318 3998 2602 4069 praedixit,
2628 4002 2686 4052 et
2709 4002 2772 4052 ut
2793 4014 2895 4068 per
2916 4014 3057 4052 suos
3078 3998 3280 4053 ﬁdeles
3305 3999 3467 4053 ﬁeret
3490 3999 3816 4069 imperavit.

2162 4086 2276 4140 Cur
2306 4089 2500 4139 autem
2535 4101 2650 4139 non
2684 4083 2793 4139 hoc
2842 4085 3136 4139 sineretur
3194 4085 3424 4139 daemon
3484 4086 3815 4156 praedicere.

2160 4190 2296 4230 cum
2331 4173 2442 4229 sibi
2479 4174 2605 4242 jam
2667 4177 3058 4245 praenosceret
3110 4173 3447 4239 imminere,
3508 4191 3644 4229 cum
3698 4174 3819 4230 haec

2160 4263 2457 4335 praedictio
2515 4266 2572 4317 et
2627 4261 2687 4316 in
2747 4261 3049 4333 prephetis
3117 4267 3539 4331 attestaretur,
3601 4280 3635 4319 a
3692 4264 3819 4333 qui-

2158 4351 2270 4406 bus
2322 4355 2463 4406 sunt
2495 4351 2608 4406 ista
2638 4351 2991 4421 conscripta,
3040 4354 3104 4405 ut
3132 4351 3524 4421 prudentibus
3578 4352 3815 4407 daretur

403 4438 689 4519 noverunt
722 4465 944 4533 dicunt,
981 4438 1081 4535 qui
1108 4465 1155 4519 ei
1200 4462 1488 4536 perversis
1529 4438 1792 4517 moribus
1824 4438 2053 4515 contra-
2084 4454 2131 4519 D
2163 4438 2412 4536 {nﬁellisi
2446 4455 2627 4536 (illam
2658 4438 3518 4536 Vi8l139t3r_°339t_d§3m°num_
3563 4440 3816 4536 θενθράε

403 4550 629 4607 dicunt.
665 4553 728 4607 In
763 4553 986 4608 cmteris
1029 4556 1224 4607 autem
1271 4552 1395 4607 suis
1426 4548 1902 4623 praedictionibus
1932 4549 2055 4602 daa-

404 4656 607 4694 mones
631 4640 976 4712 plerumque
996 4645 1055 4695 et
1077 4640 1290 4695 fallunt
1318 4644 1376 4695 et
1414 4639 1717 4694 falluntur.
1751 4636 2055 4691 Falluntur

407 4726 645 4797 quidem
677 4729 815 4797 quia
836 4745 967 4783 cum
1000 4745 1141 4783 suas
1184 4728 1603 4797 dispositiones
1658 4724 2055 4796 praenuntiant

411 4815 935 4887 [pronuntiant],ex
949 4816 1267 4888 improviso
1284 4817 1536 4887 desuper
1558 4812 2053 4885 aliquidjubetur,

411 4913 564 4984 quod
598 4929 800 4968 eorum
833 4912 1075 4967 consilia
1105 4916 1315 4967 cuncta
1336 4911 1638 4982 perturbat
1661 4926 1675 4965 :
1698 4909 1859 4965 velut
1880 4908 1929 4965 si
1952 4907 2055 4963 ali-

409 5002 549 5072 quid
567 5002 883 5071 disponant
900 5000 1148 5072 quilibet
1168 5000 1437 5055 homines
1450 4999 1783 5071 quibusque
1806 5000 2057 5067 potesta-

410 5091 573 5147 tibus
596 5090 1006 5161 subditi,quod
1032 5104 1145 5143 non
1179 5087 1578 5158 prohibituros
1604 5101 1743 5141 suos
1772 5084 2054 5157 praeposi-

406 5184 499 5236 tos
525 5179 906 5243 arbitrentur,
934 5178 1111 5248 idque
1142 5177 1396 5231 facturos
1418 5192 1481 5231 se
1510 5190 1638 5230 esse
1684 5174 2053 5245 promittant.

408 5280 481 5333 At
507 5276 588 5332 illi
606 5292 783 5348 penes
802 5291 949 5347 quos
965 5275 1152 5345 major
1173 5275 1432 5345 potestas
1449 5276 1619 5328 estex
1631 5270 1743 5325 alio
1757 5270 2056 5341 superiore

415 5364 663 5422 concilio
695 5364 803 5421 hoc
838 5369 1025 5420 totum
1059 5360 1409 5435 dispositum
1442 5364 1618 5432 atque
1660 5362 2056 5431 praeparatum

416 5456 657 5525 repente
682 5451 1053 5525 prohibeant.
1085 5448 1391 5507 Falluntur
1418 5446 1618 5515 etiam,
1678 5458 1810 5500 cum
1868 5443 2057 5500 causis

420 5538 797 5600 naturalibus
825 5539 1038 5614 aliqua,
1070 5538 1225 5597 sicut
1249 5536 1485 5612 medici,
1507 5539 1566 5594 st
1595 5535 1785 5592 nautas
1810 5540 1865 5591 et
1895 5534 2055 5606 agri-

2162 4526 2393 4583 fallacia
2423 4527 2738 4599 cultusque
2759 4527 3072 4598 fugiendus
3094 4527 3121 4581 ?
3142 4528 3249 4591 Qui
3268 4544 3402 4583 cum
3423 4533 3557 4583 ante
3581 4544 3683 4599 per
3697 4532 3813 4584 tam

2162 4617 2405 4687 longum
2431 4620 2665 4686 tempus
2707 4615 2767 4669 in
2794 4615 3031 4686 templis
3062 4616 3188 4671 suis
3220 4615 3343 4671 haec
3372 4615 3573 4671 futura
3603 4618 3813 4672 tacuis-

2164 4710 2312 4772 sent,
2338 4720 2464 4775 quia
2494 4721 2596 4775 per
2622 4703 2939 4775 prophetas
2962 4704 3238 4775 praedicta
3257 4704 3529 4775 ignorare
3552 4721 3665 4759 non
3685 4719 3817 4775 pos-

2165 4797 2318 4857 sent,
2373 4796 2763 4864 posteaquam
2842 4792 3314 4863 appropinquare
3364 4796 3669 4862 cceperunt
3719 4809 3813 4848 vo-

2164 4879 2405 4935 luerunt
2426 4898 2493 4935 ea
2521 4880 2692 4952 quasi
2725 4880 3065 4951 praedicere,
3096 4895 3168 4935 ne
3199 4880 3385 4951 ignari
3414 4879 3669 4951 victique
3707 4898 3811 4952 pu-

2161 4971 2447 5022 tarentur.

2162 5085 2305 5139 CAP.
2334 5082 2424 5138 72.
2458 5110 2525 5124 —-
2553 5084 2629 5137 De
2660 5081 2849 5137 eadem
2882 5096 2960 5136 re.
3019 5082 3102 5137 Ex
3157 5082 3327 5137 dictis
3380 5082 3625 5153 ejusdem
3658 5083 3808 5153 (ibid.

2764 5154 3027 5224 proxime
3052 5157 3213 5225 post).

2231 5272 2378 5325 Cum
2414 5266 2593 5339 igitur
2616 5271 2736 5322 tam
2768 5266 2940 5340 longe
2973 5272 3108 5324 ante
3136 5268 3481 5339 prmdictum
3539 5272 3695 5324 esset
3722 5272 3804 5323 at-

2164 5372 2276 5428 que
2298 5355 2717 5427 conscriptum,
2742 5359 2808 5411 ut
2820 5355 3181 5412 aliainterim
3200 5360 3525 5426 taceamus,
3549 5356 3803 5414 dicamus

2161 5442 2309 5500 illud
2325 5442 2477 5516 quod
2500 5442 2827 5515 Sophouias
2843 5442 3130 5516 propheta
3146 5444 3291 5500 dicit
3309 5460 3323 5499 :
3338 5443 3684 5502 Praevalebit
3703 5446 3802 5501 Do-

2161 5532 2349 5588 minus
2360 5528 2617 5588 adversus
2628 5543 2721 5588 eos
2735 5533 2791 5587 st
2812 5528 3399 5590 exterminabith
3416 5528 3545 5590 deos
3556 5532 3802 5605 gentium
