4002 6054
174 290 292 344 769

999 293 1311 349 DECRETI
1348 293 1537 348 PARS
1571 290 1671 344 XI.
1714 317 1781 330 -—
1819 290 1916 345 DE
1955 290 2593 361 INCANTATORIBUS,
2634 292 2789 347 ETC.

3486 299 3594 353 770

176 418 377 481 terrae,
412 421 466 469 et
496 412 809 468 adorabunt
857 428 985 468 eum
1020 416 1395 485 unusquisque
1444 414 1516 470 de
1555 414 1670 469 loco
1712 427 1831 481 suo,
1861 414 1917 479 Α
1944 417 2229 485 conspectu
2274 417 2389 487 ejus
2435 416 2716 471 universa
2771 416 2968 480 patria:
3016 420 3285 486 gentium,
3326 424 3594 491 quoniam

179 518 374 558 omnes
406 500 615 557 insqu
640 503 889 571 gentium
934 502 1120 573 (Soph.
1172 504 1256 573 II).
1304 509 1431 558 Post
1476 517 1691 570 pauca:
1724 501 1840 554 Aut

178 608 302 646 non
325 590 640 646 credebant
658 590 771 644 ista
792 590 904 644 sibi
929 594 1211 645 eventura
1234 591 1332 662 qui
1355 590 1414 645 in
1438 589 1677 660 templis
1699 603 1837 658 gen-

175 680 333 735 tium
364 680 725 745 colebantur,
752 683 807 733 et
838 679 955 733 haec
983 679 1111 734 ideo
1144 697 1245 749 per
1274 696 1413 735 suos
1452 684 1611 733 vates
1658 693 1725 732 ac
1756 678 1837 730 fa-

179 768 412 823 naticos
442 768 815 836 frequentare
838 767 1188 824 noluerunt:
1216 776 1317 824 aut
1337 785 1474 823 cum
1505 783 1573 821 ea
1592 770 1837 821 ventura

178 855 521 910 certissime
553 854 794 920 scirent,
826 854 955 909 ideo
989 872 1091 927 per
1113 872 1221 910 sua
1251 855 1471 927 templa
1500 857 1835 919 tacuerunt,

183 961 261 999 ne
286 945 411 1014 jam
444 948 585 997 tunc
618 943 945 1015 inciperent
974 946 1045 999 ab
1075 945 1416 1000 hominibus
1458 942 1840 1013 intelligenti-

182 1036 298 1087 bus
330 1032 518 1087 deseri
552 1036 727 1102 atque
761 1034 1080 1097 contemni,
1115 1034 1270 1104 quod
1295 1034 1365 1088 de
1396 1032 1752 1103 templorum
1787 1035 1845 1085 et

184 1120 646 1176 simulacrorum
682 1137 923 1176 suorum
954 1122 1152 1177 futura
1198 1122 1498 1177 eversione
1529 1120 1614 1175 eis
1646 1136 1679 1174 a
1711 1135 1843 1190 pro.

185 1209 383 1281 phetis
413 1213 817 1279 attestarerur,
852 1211 951 1280 qui
983 1226 1081 1264 eos
1107 1209 1217 1265 coli
1250 1207 1842 1282 prohibebant.Nunc

182 1324 322 1362 vero
352 1311 738 1378 posteaquam
762 1312 1000 1378 tempus
1014 1307 1393 1379 advenit,quo
1408 1306 1843 1378 complerentur

181 1396 469 1451 vaticinia
508 1395 926 1466 prophetarum
968 1395 1071 1451 Dei
1122 1395 1321 1462 unius,
1374 1395 1474 1467 qui
1528 1395 1673 1450 istos
1702 1394 1841 1448 deos

181 1482 371 1538 falsos
402 1483 565 1546 dicit,
592 1488 651 1537 et
682 1499 753 1537 ne
785 1481 1054 1538 colantur
1101 1482 1613 1539 vehementissime
1639 1481 1840 1553 praeci-

183 1571 296 1643 pit,
330 1588 435 1626 cur
464 1587 578 1625 non
613 1570 723 1625 hoc
754 1571 930 1625 etiam
963 1571 1077 1642 ipsi
1114 1576 1478 1642 compertum
1528 1570 1841 1641 praedicere

185 1661 545 1731 sinerentur,
597 1666 663 1715 ut
705 1660 843 1716 inde
892 1660 1109 1716 clarius
1158 1666 1460 1733 appareret
1524 1676 1623 1715 eos
1672 1664 1841 1715 antea

1948 503 2170 557 Domini
2232 509 2310 558 est
2368 520 2621 575 regnum,
2671 512 2721 558 et
2774 506 2889 575 ipse
2930 504 3311 563 dominabitur
3351 513 3592 577 gentium

1946 592 2117 660 (Psat.
2152 592 2286 662 xxx).
2321 596 2447 647 llaec
2478 598 2675 647 autem
2709 609 2812 664 per
2853 593 3145 650 Christum
3196 597 3376 653 fuisse
3435 616 3595 654 com-

1946 680 2181 752 plenda,
2214 687 2271 735 et
2299 680 2429 736 aliis
2461 682 2729 752 pluribus
2786 683 3157 753 testimoniis,
3208 690 3264 740 et
3290 686 3348 740 in
3393 688 3596 743 eodem

1945 769 2073 840 ipso
2125 768 2351 838 psalmo
2401 770 2556 824 unde
2607 771 2713 824 hoc
2780 774 3395 840 commemoravimus,
3458 777 3598 831 satis

1946 864 2205 929 apparet.
2241 859 2385 913 Cum
2418 860 2573 913 enim
2598 859 2774 929 paulo
2794 860 3069 930 superius
3094 861 3353 917 futuram
3374 865 3599 934 passio-

1953 964 2085 1002 nem
2117 964 2286 1003 suam
2320 965 2421 1019 per
2451 947 2801 1019 Prophetam
2830 950 2951 1020 ipse
2982 950 3320 1021 loqueretur
3359 954 3559 1009 dicens
3585 970 3598 1010 :

1950 1045 2221 1100 Foderunt
2252 1063 2446 1101 manus
2474 1062 2622 1100 meas
2651 1056 2704 1101 et
2723 1046 2883 1117 pedes
2917 1064 3087 1118 meos,
3109 1049 3602 1107 dinumeraverunt

1951 1135 2138 1189 omnia
2167 1151 2285 1190 ossa
2308 1152 2451 1202 mea,
2485 1136 2594 1206 ipsi
2614 1152 2735 1190 vero
2786 1136 3275 1193 consideraverunt
3320 1149 3372 1195 et
3415 1142 3601 1211 inspe-p

1948 1232 2155 1279 xerunt
2201 1240 2307 1285 me.
2356 1226 2668 1279 diviserunt
2712 1224 2826 1279 sibi
2883 1228 3202 1282 vestimenta
3244 1245 3389 1295 mea,
3434 1246 3603 1300 super

1950 1317 2149 1368 vestem
2178 1329 2359 1367 meam
2404 1313 2680 1368 miserunt
2719 1322 2917 1369 sortem
2968 1315 3196 1386 (ibid);
3246 1317 3422 1389 paulo
3472 1324 3605 1390 post

1951 1404 2127 1459 infert
2159 1403 2301 1458 illud
2352 1405 2505 1475 quod
2553 1405 2899 1475 posuimus:
2949 1408 3604 1465 Commemorabunturet

1948 1497 2339 1548 convertentur
2368 1492 2439 1547 ad
2466 1493 2759 1547 Dominum
2787 1494 3037 1548 universi
3086 1494 3222 1562 ﬁnes
3249 1504 3434 1564 terrae,
3486 1503 3598 1553 etc.

1951 1583 2300 1652 Quanquam
2320 1580 2531 1635 etillud
2559 1581 2963 1636 testimonium
2984 1584 3133 1650 quod
3157 1584 3319 1653 prius
3336 1586 3602 1653 adhibui,

1951 1670 2050 1724 ubi
2082 1669 2304 1723 dictum
2337 1673 2426 1724 est
2456 1685 2468 1721 :
2502 1670 2831 1724 Praevalebit
2853 1670 3116 1725 Dominus
3143 1672 3404 1728 adversus
3425 1689 3529 1741 eos,
3554 1683 3607 1729 et

183 1749 279 1804 vel
300 1748 543 1805 minime
560 1747 1002 1817 credidisse,vel
1034 1749 1157 1806 suis
1184 1748 1514 1804 cultoribus
1537 1748 1841 1804 enuntiare
1870 1786 1918 1849 B
1948 1758 2344 1814 examinabit
2375 1774 2559 1812 omnes
2578 1760 2703 1813 deos
2727 1760 2977 1826 gentium
3010 1770 3192 1828 terrae,
3244 1761 3302 1816 in
3335 1779 3400 1817 eo
3445 1764 3599 1833 quod

184 1838 462 1895 timuisse
494 1855 507 1893 :
542 1838 601 1892 in
636 1839 749 1893 ﬁne
771 1844 966 1893 autem
982 1842 1263 1910 tanquam
1289 1838 1435 1893 nihil
1458 1838 1714 1908 amplius
1738 1837 1840 1893 ha-

190 1927 405 1981 bentes
451 1926 607 1996 quod
659 1931 914 1995 agerent,
966 1927 1139 1981 etiam
1202 1926 1281 1980 ibi
1346 1926 1603 1980 voluisse
1674 1940 1841 1979 suam

190 2019 488 2069 ostentare
503 2014 894 2083 divinitatem,
919 2014 1150 2084 ubijam
1168 2014 1495 2085 produntur
1525 2014 1627 2068 diu
1660 2013 1842 2068 simu-

190 2102 349 2158 lasse
387 2102 852 2157 divinationem?
900 2103 1088 2173 (Ibid,
1135 2104 1301 2173 paulo
1346 2108 1487 2173 post,
1537 2119 1584 2156 c.
1615 2103 1692 2169 8.)
1732 2102 1843 2156 Ta-

194 2208 332 2247 men
358 2208 461 2246 nec
496 2192 608 2246 ista
639 2192 769 2262 ipsa
800 2207 927 2261 quas
956 2192 1027 2245 ab
1057 2191 1142 2245 eis
1172 2192 1264 2245 vix
1313 2207 1443 2245 raro
1476 2196 1533 2246 et
1580 2189 1845 2245 clanculo

188 2280 595 2353 proferuntur,
630 2296 862 2335 movere
894 2296 999 2334 nos
1032 2280 1270 2345 debent,
1302 2279 1352 2335 si
1401 2281 1676 2349 cuiquam
1732 2279 1846 2333 ἀω-

195 2386 443 2425 monum
477 2374 768 2424 extortum
802 2373 892 2423 est
920 2367 975 2423 id
1030 2369 1272 2439 prodere
1320 2368 1648 2423 cultoribus
1698 2368 1844 2433 suis,

193 2459 351 2529 quod
383 2458 668 2513 didicerat
684 2473 750 2512 ex
768 2457 1020 2529 eloquiis
1048 2456 1488 2528 prophetarum,
1524 2455 1610 2512 vel
1629 2473 1697 2510 ex
1717 2472 1845 2510 ora-

195 2546 346 2602 culis
377 2546 739 2617 angelorum,
774 2547 929 2618 quod
963 2563 1068 2601 cur
1098 2563 1213 2601 non
1247 2547 1427 2613 ﬁeret,
1472 2562 1606 2601 cum
1638 2550 1697 2599 et
1732 2545 1850 2600 ista

196 2653 315 2691 non
348 2636 425 2691 sit
455 2636 835 2708 oppugnatio,
867 2637 969 2691 sed
1003 2635 1297 2691 attestatio
1336 2636 1602 2690 veritatis
1629 2638 1651 2689 ?
1698 2633 1851 2689 Illud

196 2725 355 2781 enim
381 2725 535 2796 quod
558 2724 750 2780 solum
774 2726 846 2780 ab
868 2725 1013 2796 ipsis
1037 2724 1306 2779 fanaticis
1332 2724 1720 2794 ﬂagitandum
1742 2727 1849 2792 est,

198 2838 307 2878 nec
340 2838 601 2893 unquam
633 2821 1208 2893 anteaprotulerunt,
1232 2837 1337 2876 nec
1360 2837 1620 2892 unquam
1648 2824 1853 2892 postea

204 2911 317 2966 nisi
350 2911 494 2965 forte
525 2910 840 2966 confictum
875 2913 1131 2982 proferre
1183 2911 1572 2978 conabuntur,
1623 2909 1849 2980 aliquid

204 3001 347 3054 deos
379 3016 517 3054 suos
548 3016 653 3069 per
680 3004 840 3055 vates
864 3016 1000 3055 suos
1032 3003 1236 3055 contra
1257 3000 1440 3055 Deum
1472 2998 1645 3055 Israel
1671 3015 1849 3054 ausos

201 3090 386 3144 fuisse
418 3089 729 3159 praedicere
769 3089 1080 3161 [prodere],
1109 3089 1180 3143 de
1212 3106 1326 3160 quo
1349 3088 1465 3144 Deo
1519 3086 1849 3143 doctissimi

202 3193 405 3233 eorum
437 3182 707 3232 auctores
740 3177 838 3249 qui
870 3178 1070 3232 omnia
1095 3176 1198 3231 illa
1235 3177 1424 3249 legere
1455 3193 1520 3232 ac
1551 3193 1725 3232 nosse
1745 3194 1850 3247 po-
1883 3150 1925 3216 Ο

202 3271 466 3335 tuerunt,
501 3267 690 3337 magis
722 3266 1107 3338 quaesiverunt
1129 3266 1264 3337 quis
1291 3268 1439 3321 Deus
1470 3272 1646 3332 esset,
1672 3282 1848 3337 quam

203 3355 390 3410 Deum
424 3370 636 3426 negare
677 3360 1013 3425 potuerunt.
1071 3355 1247 3410 Porro
1292 3361 1489 3411 autem
1537 3356 1693 3410 Deus
1744 3356 1852 3409 iste

208 3461 382 3515 quem
416 3443 617 3499 nullus
641 3460 841 3499 eorum
866 3462 1079 3516 negare
1103 3461 1283 3501 ausus
1306 3451 1395 3501 est
1419 3462 1620 3501 verum
1644 3446 1851 3513 Deum,

207 3534 347 3603 quia
377 3538 435 3587 et
462 3533 512 3587 si
545 3539 781 3603 negaret
802 3549 912 3587 non
939 3532 1130 3588 solum
1156 3534 1488 3604 subjaceret
1508 3534 1717 3588 debitis
1739 3550 1853 3603 pm-

209 3620 323 3688 nis,
341 3637 542 3675 verum
556 3621 734 3676 etiam
754 3622 928 3677 certis
942 3623 1384 3677 convinceretur
1399 3622 1720 3677 effectibus.
1742 3624 1856 3677 Iste

209 3726 348 3781 ergo
380 3710 536 3765 Deus
564 3726 739 3781 quem
763 3728 956 3780 nemo,
980 3715 1046 3765 ut
1071 3711 1351 3777 diximus,
1378 3711 1613 3766 illorum
1645 3726 1856 3782 negare

211 3815 393 3854 ausus
407 3803 709 3853 estverum
724 3804 929 3868 Deum,
944 3800 1078 3855 illos
1094 3798 1275 3855 falsos
1297 3816 1425 3855 esse
1442 3801 1651 3855 deoset
1668 3798 1857 3855 omni-

211 3904 285 3943 no
300 3888 653 3943 deserendos
665 3904 985 3958 eorumque
999 3888 1217 3960 templa
1229 3888 1616 3945 etsimulaora
1628 3894 1863 3944 etsacra

210 3977 543 4041 evertenda,
572 3993 675 4046 per
694 3993 835 4032 suos
856 3982 1038 4045 vates,
1062 3979 1167 4033 hoc
1189 3982 1275 4033 est
1296 3978 1634 4049 prophetas,
1659 3984 1863 4049 aperta

210 4065 656 4121 denuntiatione
690 4066 981 4135 praedixit,
1014 4072 1214 4137 aperta
1244 4072 1531 4137 potestate
1564 4067 1859 4139 praseepit,

212 4171 413 4237 aperta
430 4167 669 4221 veritate
691 4168 1025 4237 complevit.
1062 4167 1223 4222 Unde
1249 4169 1382 4238 quis
1418 4173 1507 4223 est
1536 4169 1634 4238 qui
1674 4185 1862 4239 usque

216 4256 363 4310 adeo
400 4254 731 4326 desipiatut
773 4272 888 4309 non
922 4271 1057 4309 eum
1096 4256 1291 4325 potius
1320 4256 1631 4311 colendum
1659 4256 1858 4328 eligat,

215 4360 389 4415 quem
414 4343 524 4398 coli
542 4360 653 4397 non
679 4343 1152 4414 prohibentquos
1173 4344 1399 4400 colebat
1417 4345 1635 4408 ?Quem
1660 4346 1860 4416 procul

216 4432 396 4486 dubio
429 4448 562 4486 cum
593 4432 779 4487 colere
813 4432 1072 4503 cmperit,
1097 4432 1230 4488 illos
1249 4434 1449 4505 utique
1478 4452 1591 4489 non
1624 4441 1710 4489 est
1738 4434 1860 4488 cul-

1951 1847 2204 1918 positum
2240 1851 2347 1912 est,
2381 1846 2734 1913 Praevatebit,
2770 1847 2913 1901 satis
2965 1849 3222 1903 ostendit
3268 1850 3446 1905 etiam
3497 1851 3606 1905 hoc

1952 1936 2588 2008 praenuntiatum,quod
2603 1936 2814 2006 pagani
2830 1937 2991 2007 prius
3005 1940 3397 2007 oppugnaturi
3412 1944 3610 1995 essent

1954 2024 2300 2090 Ecclesium,
2324 2040 2657 2095 nomenque
2689 2025 3091 2080 Christianum
3123 2033 3407 2097 quantum
3452 2027 3607 2083 vale-

1954 2119 2083 2168 rent
2116 2112 2506 2183 persecuturi,
2539 2118 2603 2167 ut
2633 2113 2682 2167 si
2706 2113 2828 2167 fieri
2859 2119 3055 2183 posset
3084 2116 3154 2169 de
3188 2122 3341 2170 terra
3371 2116 3609 2171 omnino

1954 2201 2269 2268 deleretur,
2288 2202 2499 2271 etquia
2519 2218 2617 2256 eos
2638 2201 2915 2271 patientia
2931 2207 3276 2274 martyrum,
3295 2208 3351 2259 et
3377 2206 3606 2276 magni-

1954 2291 2163 2345 tudine
2186 2290 2629 2357 miraculorum,
2647 2293 3235 2361 etconsequenteﬁde
3256 2292 3605 2363 p0pulorum

1958 2385 2081 2434 erat
2112 2377 2931 2451 superaturus[superatura],
2958 2381 3087 2435 ideo
3118 2381 3439 2437 sicdictum
3473 2388 3597 2439 est:

1957 2476 2293 2533 Praevalebit
2324 2477 2585 2530 Dominus
2625 2476 2884 2531 adversus
2932 2494 3038 2533 eos.
3073 2478 3197 2532 Non
3248 2479 3403 2533 enim
3449 2480 3605 2534 dice-

1961 2571 2144 2633 retur,
2174 2563 2507 2635 pravatebit
2535 2564 2792 2619 adversus
2824 2580 2932 2633 eos,
2959 2565 3071 2619 nisi
3100 2568 3495 2637 oppugnando
3518 2567 3605 2621 illi

1962 2655 2318 2709 resisterent.
2354 2652 2516 2707 Unde
2538 2656 2594 2706 et
2625 2652 2681 2705 in
2700 2652 2926 2722 psalmo
2946 2654 3026 2708 ita
3049 2655 3459 2724 prophetatum
3484 2660 3601 2710 est:

1964 2743 2027 2798 Ut
2074 2742 2206 2814 quid
2241 2745 2583 2811 fremuerunt
2628 2748 2830 2809 gentes,
2864 2746 2915 2796 et
2958 2744 3158 2814 pepuli
3185 2743 3432 2797 meditati
3475 2751 3605 2798 sunt

1960 2830 2200 2885 inania?
2233 2832 2539 2885 Astiterunt
2568 2845 2720 2899 reges
2749 2838 2935 2893 terrae,
2960 2838 3014 2884 et
3043 2833 3319 2902 principes
3348 2847 3607 2887 convene-

1959 2924 2093 2974 runt
2124 2921 2184 2973 in
2214 2936 2389 2974 unum
2416 2918 2674 2974 adversus
2704 2918 3018 2986 Dominum,
3050 2924 3100 2975 et
3139 2921 3408 2975 adversus
3447 2920 3606 2975 Chri-

1958 3018 2101 3062 stum
2130 3010 2247 3079 ejus
2278 3007 2453 3078 (Psat.
2489 3007 2574 3078 ιι).
2610 3007 2675 3060 Et
2701 3007 2872 3076 paulo
2929 3014 3060 3079 post
3103 3009 3245 3063 dicit
3277 3026 3290 3063 :
3343 3010 3606 3065 Dominus

1964 3097 2107 3152 dixit
2129 3098 2199 3151 ad
2219 3113 2343 3152 me:
2378 3098 2557 3153 Filius
2583 3114 2733 3152 meus
2769 3112 2826 3150 es
2872 3105 2954 3166 tu,
2984 3114 3079 3164 ego
3135 3098 3293 3154 hodie
3328 3098 3495 3169 genui
3532 3104 3606 3166 te,

1959 3188 2178 3258 postuta
2204 3204 2238 3241 a
2265 3202 2368 3253 me,
2399 3190 2449 3241 et
2477 3186 2613 3242 dabo
2639 3189 2740 3243 tibi
2785 3197 2967 3259 gentes
3015 3187 3394 3242 hwreditatem
3432 3196 3608 3255 tuam,

1961 3286 2013 3331 et
2067 3275 2460 3347 possessionem
2515 3284 2669 3330 tuam
2710 3280 2974 3332 terminos
3033 3284 3198 3331 terra:
3255 3276 3462 3346 (ibid).
3506 3276 3609 3331 His

1961 3370 2135 3435 atque
2150 3365 2487 3433 hujusmodi
2508 3366 2863 3435 propheticis
2881 3366 3251 3419 documentis
3266 3365 3611 3434 praedictum

1964 3453 2295 3507 ostenditur
2331 3453 2485 3522 quod
2536 3453 2805 3507 videmus
2869 3451 3097 3522 impleri
3140 3468 3241 3522 per
3290 3452 3613 3518 Christum,

1965 3550 2227 3604 futurum
2264 3550 2445 3603 fuisse
2469 3554 2532 3603 ut
2562 3551 2711 3604 Deus
2744 3549 2946 3618 Israel,
2981 3565 3153 3619 quem
3180 3565 3365 3603 unum
3410 3565 3612 3603 verum

1968 3644 2145 3693 Deum
2188 3638 2598 3708 intelligimus,
2655 3654 2767 3692 non
2814 3638 2870 3691 in
2940 3654 3055 3691 una
3105 3637 3233 3706 ipsa
3269 3642 3440 3709 gente
3489 3654 3615 3709 quae

1966 3726 2263 3798 appellata
2291 3731 2381 3781 est
2404 3724 2603 3792 Israel,
2627 3727 2725 3780 sed
2749 3727 2806 3779 in
2842 3726 3116 3779 omnibus
3148 3727 3424 3795 gentibus
3463 3725 3617 3780 cole-

1964 3821 2144 3880 retur,
2180 3820 2237 3870 et
2268 3831 2472 3869 omnes
2519 3813 2699 3869 falsos
2738 3815 2887 3870 Deos
2938 3816 3202 3885 gentium
3226 3818 3283 3869 et
3315 3832 3346 3868 a
3380 3814 3620 3886 templis

1969 3919 2191 3970 eorum,
2214 3908 2273 3958 et
2293 3920 2325 3957 a
2356 3904 2633 3957 cordibus
2656 3902 2947 3958 cultorum
2975 3919 3217 3958 suorum
3248 3903 3615 3958 amoliretur.

1970 3993 2152 4064 (Ibid.,
2186 4008 2232 4046 c.
2271 3992 2381 4063 40.)
2407 3993 2554 4046 Eant
2585 4008 2741 4047 nunc
2770 3992 2889 4057 isti,
2925 3998 2982 4046 et
3013 3992 3202 4046 adhuc
3228 3996 3430 4045 contra
3459 3992 3619 4044 Chri-

1969 4080 2218 4134 stianam
2253 4078 2617 4150 religionem,
2642 4084 2845 4133 contra
2864 4096 3065 4133 verum
3086 4078 3429 4133 Deicultum
3453 4077 3623 4132 vani-

1967 4172 2115 4222 tates
2147 4167 2427 4238 pristinas
2459 4168 2805 4221 defensitare
2827 4167 3100 4233 audeant,
3128 4175 3189 4219 ut
3216 4182 3348 4220 cum
3373 4166 3623 4237 strepitu

1969 4260 2226 4326 pereant.
2266 4256 2407 4312 Nam
2441 4260 2495 4309 et
2528 4256 2634 4309 hoc
2666 4254 2870 4309 deillis
2904 4254 3250 4325 praedictum
3277 4254 3439 4308 estin
3465 4254 3622 4325 psal-

1971 4345 2103 4410 mis,
2137 4344 2366 4398 dicente
2395 4343 2715 4414 Propheta:
2749 4342 2948 4397 Sedisti
2998 4359 3165 4413 super
3214 4342 3478 4397 thronum
3526 4344 3625 4413 qui

1960 4432 2184 4502 judicas
2212 4434 2561 4502 aequitatem,
2594 4434 2890 4502 increpasti
2918 4440 3105 4502 gentes
3135 4436 3186 4485 et
3198 4433 3368 4502 periit
3399 4433 3623 4503 impius,

217 4525 409 4587 turus,
426 4536 573 4591 quos
589 4519 856 4590 prohibet
869 4519 977 4575 coli
994 4536 1170 4591 quem
1186 4520 1339 4576 colit.
1358 4522 1602 4593 (Ibid.,c.
1618 4522 1865 4593 9.)Quod
1900 4516 1944 4579 D
1973 4537 2173 4575 nomen
2186 4537 2374 4576 eorum
2394 4521 2591 4575 detesti
2606 4523 2968 4588 ineeternum,
2986 4525 3037 4575 et
3060 4522 3623 4578 inswcutumszecuti.

218 4613 416 4663 autem
448 4609 645 4679 ipsum
679 4612 877 4663 essent
921 4608 1164 4663 cultura
1212 4614 1414 4680 gentes
1460 4611 1867 4666 exterminatis

221 4697 335 4751 diis
360 4695 525 4751 falsis
549 4713 697 4767 quos
719 4700 890 4751 antea
908 4696 1196 4765 colebant,
1221 4714 1251 4751 a
1274 4697 1577 4767 prophetis
1600 4700 1728 4769 ejus
1741 4715 1871 4754 esse

220 4785 561 4856 praedictum
591 4784 768 4856 paulo
787 4788 922 4839 ante
952 4786 1607 4855 commenmoravimus,
1628 4792 1684 4841 et
1714 4803 1871 4841 nunc

222 4876 576 4943 repetamus.
639 4872 988 4941 Praevatebit,
1031 4872 1225 4943 inquit
1263 4874 1551 4938 Dominus,
1612 4874 1871 4929 adversus

220 4976 329 5027 eos,
369 4966 424 5015 et
482 4962 880 5015 exterminabzt
918 4976 1109 5015 omnes
1154 4960 1279 5016 deos
1321 4962 1567 5031 gentium
1604 4970 1783 5029 terra,
1823 4966 1871 5018 et

219 5049 526 5103 adorabunt
552 5063 675 5102 eum
704 5050 1085 5118 unusquisque
1105 5049 1178 5103 de
1206 5050 1324 5105 loco
1352 5064 1448 5104 suo
1466 5064 1651 5104 omnes
1674 5049 1873 5106 insulse

222 5138 469 5205 gentium
498 5135 759 5206 (Sophon.
795 5139 877 5205 ιι).
911 5136 1113 5205 Neque
1141 5137 1299 5191 enim
1334 5136 1470 5191 solae
1516 5136 1720 5191 insulas
1783 5138 1873 5191 hic

223 5231 614 5302 intelligenda:
646 5236 806 5298 sunt,
843 5233 941 5287 sed
970 5232 1165 5302 potius
1190 5248 1395 5288 omnes
1426 5237 1630 5304 gentes
1680 5233 1739 5287 in
1779 5233 1873 5289 his

226 5320 428 5391 positas
441 5319 985 5374 adorabuntDeum.
1006 5319 1119 5375 Nec
1139 5319 1378 5387 mirum,
1395 5321 1873 5391 quandoquidem

229 5407 370 5463 alibi
409 5424 522 5462 non
574 5407 771 5463 insula
819 5408 1104 5473 nominat,
1146 5408 1246 5462 sed
1295 5408 1633 5464 universum
1673 5410 1875 5465 orbem

226 5498 542 5562 terrarum,
570 5495 799 5551 dicens:
827 5496 1415 5551 Commemorabuntur
1433 5500 1482 5551 et
1494 5503 1878 5553 convertentur

232 5583 306 5639 ad
330 5583 620 5639 Dominum
666 5585 913 5641 universi
948 5585 1083 5653 ﬁnes
1122 5588 1306 5649 terrae,
1357 5587 1407 5639 et
1452 5585 1766 5642 adorabunt
1818 5586 1879 5642 in

1982 4610 2201 4665 Inimici
2221 4609 2531 4679 defecerunt
2555 4612 2779 4679 frameae
2795 4611 2853 4664 in
2878 4608 3069 4679 ﬁnem,
3088 4614 3138 4664 et
3155 4612 3411 4666 civitates
3440 4626 3629 4665 eorum

1979 4699 2341 4766 destruxisti;
2371 4699 2539 4768 periit
2570 4700 2839 4753 memoria
2882 4714 3072 4754 eorum
3120 4715 3246 4753 cum
3283 4702 3540 4769 strepitu,
3581 4704 3631 4755 et

1978 4788 2245 4842 Dominus
2274 4788 2335 4840 in
2363 4790 2634 4843 aeternum
2659 4796 2951 4857 permanet
2996 4789 3170 4859 (Psat.
3224 4791 3322 4856 ιιι).
3382 4787 3630 4844 Necesse

1980 4879 2071 4930 est
2100 4890 2237 4944 ergo
2268 4882 2331 4928 ut
2358 4873 2711 4945 impleantur
2742 4874 2860 4929 haec
2902 4876 3121 4931 omnia.
3142 4875 3257 4930 Nec
3272 4876 3447 4931 etiam
3482 4875 3626 4931 illud

1982 4962 2139 5033 quod
2159 4961 2351 5017 adhuc
2384 4964 2605 5017 audent
2658 4964 2773 5035 ipsi
2823 4965 2992 5035 pauci
3047 4966 3147 5035 qui
3197 4970 3627 5032 remanserunt,

1978 5059 2318 5130 vaniloquas
2352 5078 2491 5116 suas
2523 5066 2817 5118 ostentare
2844 5064 3163 5133 doctrinas,
3188 5070 3243 5119 et
3265 5064 3630 5120 Christianos

1982 5152 2268 5218 tanquam
2300 5148 2777 5219 imperitissimos
2812 5151 3073 5217 irridere,
3116 5169 3223 5207 nos
3266 5168 3631 5207 commovere

1986 5236 2177 5305 debet,
2204 5237 2346 5291 dum
2380 5238 2437 5291 in
2470 5237 2555 5292 eis
2584 5238 2817 5309 impleri
2868 5256 2937 5295 ea
2990 5256 3116 5310 quae
3170 5241 3444 5310 praedicta
3491 5242 3633 5293 sunt

1982 5324 2308 5379 videamus.
2341 5325 2543 5393 (Paulo
2574 5327 2853 5397 inferius.)
2889 5331 3092 5397 Exquo
3112 5327 3266 5381 enim
3288 5330 3633 5397 fremuerunt

1984 5421 2199 5483 gentes,
2225 5417 2277 5466 et
2300 5414 2492 5483 populi
2521 5414 2773 5469 meditati
2800 5419 2927 5469 sunt
2950 5416 3149 5469 inania
3176 5415 3434 5469 adversus
3451 5416 3631 5469 Domi-

1984 5516 2141 5567 num,
2174 5504 2226 5555 et
2244 5500 2511 5556 adversus
2543 5502 2818 5557 Christum
2851 5504 3013 5572 ejus?
3052 5502 3223 5571 (Psat.
3255 5504 3345 5568 ιι.)
3391 5505 3626 5573 quando

1988 5588 2061 5643 ab
2083 5588 2166 5642 eis
2198 5589 2551 5644 fundebatur
2581 5590 2823 5660 sanguis
2840 5595 3199 5658 sanctorum,
3219 5594 3275 5646 et
3288 5592 3629 5649 vastabatur
