3972 6064
401 264 501 320 771

1485 257 1550 308 D.
1590 253 1831 310 IVONIB
1865 251 2367 311 CABNOTENSIS
2403 257 2725 313 EPISOOPI

3715 263 3831 318 772

399 385 679 453 Ecclesia,
710 399 899 455 usque
931 383 1002 438 ad
1022 382 1132 436 hoc
1153 384 1385 451 tempus
1404 377 1748 448 etdeinceps
1775 375 2039 449 quotidie
2067 378 2122 444 Α
2152 379 2266 435 hac
2306 379 2442 436 dicit
2505 383 2775 437 Dominus
2824 382 2960 438 Deus
3007 386 3353 440 exercituum
3399 387 3540 441 Deus
3583 389 3765 443 Israel
3814 408 3827 443 :

401 479 770 534 minuuntur.
789 474 904 531 Nos
928 477 1120 528 autem
1136 470 1415 524 adversus
1431 483 1636 522 eorum
1664 466 1979 538 opprobria
1994 469 2052 520 et

401 567 688 638 superbas
720 562 1016 618 irrisiones
1047 558 1398 614 fortissimos
1423 554 1927 611 redduntoracula
1948 553 2050 608 Dei

403 655 614 723 nostri,
650 669 773 724 quas
806 651 875 705 de
894 650 1000 703 hac
1023 661 1330 718 quoquere
1361 645 1626 700 videmus
1644 648 1700 700 et
1721 643 2050 714 gaudemus

404 743 656 817 impleri.
690 741 782 796 Sic
813 739 964 793 enim
996 752 1101 792 nos
1142 733 1466 806 alloquitur
1509 751 1611 805 per
1659 732 2046 802 Prophetam:

405 846 602 902 Audite
622 856 704 895 me
723 841 819 910 qui
832 840 930 891 scit
939 838 983 890 is
996 835 1300 906 judicium,
1315 835 1552 904 populus
1573 849 1724 887 meus
1747 832 1802 885 in
1820 846 2051 902 quorum

405 933 562 991 corde
580 933 672 986 lex
693 944 813 982 mea
829 930 927 990 est,
949 923 1240 995 opprobria
1277 923 1560 978 hominum
1590 922 1759 976 nolite
1783 930 2047 984 metuere,

405 1032 459 1079 et
500 1019 840 1076 detractione
884 1029 1074 1070 eorum
1120 1030 1189 1067 ne
1245 1013 1620 1083 superemini,
1651 1027 1750 1066 nec
1780 1009 1922 1080 quod
1962 1024 2051 1062 vos

399 1115 666 1184 spernunt
688 1106 877 1175 magni
887 1102 1181 1159 duxeritis.
1207 1101 1356 1156 Sicut
1377 1103 1528 1156 enim
1548 1102 1954 1163 vestimentum,
1972 1097 2052 1151 ita

392 1217 494 1272 per
521 1205 735 1267 tempus
764 1195 1146 1258 absumenlur,
1177 1195 1230 1245 et
1257 1191 1405 1244 sicut
1453 1191 1585 1243 lana
1627 1205 1657 1243 a
1707 1189 1856 1242 tinea
1904 1201 2051 1241 com-

398 1289 662 1346 edenlur;
703 1281 930 1355 justitia
974 1289 1156 1336 autem
1235 1296 1353 1334 mea
1423 1279 1484 1332 in
1531 1287 1805 1334 aeternum
1866 1282 2050 1330 manet

395 1380 548 1450 (Isai.
586 1375 681 1444 LI).
743 1377 1024 1428 Hactenus
1067 1385 1129 1424 eo
1179 1369 1282 1423 loci
1330 1371 1560 1437 August.
1613 1365 2046 1421 Attendendum

398 1470 486 1524 est
517 1481 655 1537 ergo
687 1467 861 1533 atque
884 1459 1040 1515 omni
1073 1457 1269 1512 studio
1311 1457 1662 1521 cavendum,
1710 1472 1778 1508 ne
1831 1451 2048 1508 nostris

398 1553 763 1627 temporibus
786 1551 843 1606 in
865 1549 1082 1620 quibus
1105 1547 1371 1601 videmus
1395 1544 1785 1599 Christianam
1815 1541 2047 1612 religio-

399 1661 534 1700 nem
563 1643 620 1696 in
655 1645 772 1696 toto
804 1639 942 1694 orbe
974 1637 1302 1703 dilatatam,
1338 1638 1573 1704 propter
1603 1631 1888 1687 desidiam
1929 1648 2048 1686 ma-

2160 470 2303 524 Ecce
2327 486 2424 538 ego
2443 470 2632 527 cibabo
2660 472 2927 542 papulum
2974 472 3143 528 istum
3190 473 3505 544 absynthio,
3535 485 3588 532 et
3617 483 3829 546 potum

2159 557 2294 613 dabo
2323 561 2400 612 eis
2431 576 2632 630 aquam
2659 559 2836 631 /ellis,
2860 565 2912 615 et
2959 561 3271 633 dispergam
3318 579 3408 618 eos
3446 567 3505 619 in
3551 568 3829 635 gentibus

2160 663 2295 718 quas
2323 663 2432 702 non
2465 657 2734 704 noverunt
2786 651 2892 721 ipsi
2929 653 2980 704 et
3021 655 3207 721 patres
3253 667 3466 723 eorum,
3497 662 3550 708 et
3597 655 3824 710 mittam

2156 739 2274 806 post
2303 751 2394 791 eos
2421 737 2671 807 gladium
2694 737 2865 792 donec
2892 747 3293 794 consumantur
3336 740 3464 811 (Jer.
3517 743 3616 812 1x).
3668 746 3825 810 Qua-

2159 823 2292 879 liter
2338 842 2475 897 ergo
2529 826 2838 898 displiceat
2885 832 2995 882 Deo
3045 828 3433 899 omnipotenti
3503 837 3821 902 pastorum

2162 915 2516 986 negligentia
2545 919 2601 970 et
2624 915 2988 971 subditorum
3006 931 3189 981 error,
3215 933 3325 972 non
3343 918 3530 974 solum
3561 921 3822 993 prophe-

2161 1005 2276 1058 tica
2307 1004 2644 1059 testimonia
2675 1006 3014 1072 ostendunt,
3041 1005 3138 1060 sed
3172 1005 3347 1061 etiam
3372 1007 3523 1063 facta
3545 1011 3824 1081 antiquo-

2161 1111 2289 1148 rum
2307 1092 2774 1163 declarant,cum
2793 1095 2847 1149 in
2865 1095 3010 1149 libro
3034 1095 3251 1165 Regum
3275 1095 3494 1165 legitur
3518 1100 3821 1169 quomodo

2159 1182 2454 1252 malignus
2477 1183 2722 1254 spiritus
2746 1183 3036 1256 deceperit
3055 1183 3252 1238 Achab
3277 1201 3468 1256 regem
3496 1187 3676 1242 Israel
3713 1205 3826 1260 per

2158 1272 2336 1328 falsos
2370 1273 2706 1344 prophetas,
2736 1275 2814 1329 ita
2846 1281 2910 1330 ut
2963 1275 3206 1331 credens
3229 1275 3312 1328 eis
3364 1277 3678 1334 interierit.
3753 1279 3820 1334 Et

2157 1363 2448 1433 quomodo
2507 1363 2788 1418 Ochozias
2827 1364 2984 1420 {ilius
3032 1367 3161 1437 ejus
3216 1372 3510 1439 aegrotans
3585 1368 3821 1424 miserit

2157 1451 2394 1506 nuntios
2417 1452 2487 1507 ad
2519 1453 2948 1509 consulendum
2973 1455 3292 1512 Beelzebub
3310 1458 3485 1512 deum
3525 1462 3817 1527 Accaron,

2159 1544 2355 1595 utrum
2385 1542 2571 1596 vivere
2602 1551 2769 1613 atque
2800 1544 3204 1600 convalescere
3237 1550 3430 1616 posset
3468 1545 3818 1600 deinﬁrmi-

2160 1635 2275 1685 tate
2306 1647 2413 1686 sua
2445 1633 2532 1696 (III
2569 1633 2693 1700 Reg.
2736 1633 2897 1702 xxu).
2940 1633 3024 1688 Ob
3055 1635 3210 1704 quod
3245 1633 3397 1689 Elias
3452 1634 3745 1706 propheta
3787 1653 3819 1688 a

399 1735 718 1805 gistrnrum
741 1733 796 1782 et
819 1727 1086 1782 inertiam
1110 1726 1413 1779 doctorum
1435 1722 1601 1793 pauci
1625 1721 1706 1774 illi
1739 1721 1832 1790 qui
1859 1720 2049 1776 adhuc
2080 1745 2126 1809 Β
2160 1719 2400 1774 Domino
2435 1721 2653 1775 missus
2682 1720 2948 1792 increpat
2967 1739 3124 1790 eum,
3157 1723 3360 1778 dicens
3395 1725 3569 1792 :Quia
3609 1725 3821 1778 misisti

399 1815 1106 1891 supersunt,confundant
1131 1813 1307 1866 ritum
1334 1810 1573 1866 culturae
1597 1809 1716 1864 veri
1738 1809 2050 1874 Dei,etdze-

406 1909 687 1966 moniacis
726 1903 1103 1959 iilusionibus
1135 1899 1431 1972 depravati
1459 1896 1848 1953 divinationes
1872 1896 2048 1952 falsas

405 1999 463 2054 in
499 1995 710 2068 populo
733 1993 831 2048 Dei
855 1996 1051 2063 agant,
1080 1989 1333 2044 rusticos
1355 1993 1410 2043 et
1434 1987 1738 2057 imperitos
1761 1986 2049 2041 seducen-

403 2093 515 2153 tes,
545 2086 627 2139 ita
650 2088 713 2137 ut
730 2083 959 2137 deserta
975 2081 1099 2150 ipsa
1114 2078 1354 2132 veritate
1373 2093 1499 2148 quas
1525 2076 1623 2130 lux
1641 2080 1727 2129 est
1752 2075 1978 2141 mundi,
1995 2078 2052 2128 et

406 2175 689 2232 illuminat
714 2186 931 2226 omnem
963 2169 1238 2223 hominem
1272 2167 1579 2220 venientem
1611 2166 1673 2219 in
1703 2165 1848 2218 hunc
1894 2180 2053 2218 mun-

404 2265 537 2320 dum
569 2260 811 2332 (10am!)
844 2258 1221 2312 tenebrarum
1274 2256 1504 2320 harum,
1558 2257 1822 2324 quzsrant
1865 2253 2051 2306 scien-

404 2353 544 2409 tiam
561 2353 910 2416 futurorum,
927 2343 1451 2415 etadeceptoribus
1465 2342 1771 2397 hominum
1789 2344 2052 2414 qumrant

400 2441 647 2498 salutem
681 2437 1033 2503 animarum,
1068 2434 1192 2488 sive
1247 2449 1556 2504 corporum
1611 2447 1854 2486 suorum
1892 2456 1906 2498 ;
1957 2429 2050 2485 his

401 2530 558 2587 enim
593 2522 1168 2599 przsvaricationibus
1201 2523 1453 2576 maxime
1485 2521 1748 2574 irritatur
1799 2519 1973 2588 Deus,
1993 2523 2052 2574 et

402 2619 472 2674 ad
524 2616 838 2671 vindictam
891 2616 1256 2685 provocatur.
1323 2610 1485 2665 Unde
1536 2626 1636 2681 per
1694 2607 2050 2662 Ezechielem

401 2705 796 2762 comminatur
826 2702 1061 2756 dicens:
1102 2704 1190 2754 Vae
1216 2699 1495 2769 prophetis
1527 2697 1934 2768 insipientibus,
1957 2695 2053 2767 qui

401 2797 708 2866 sequuntur
734 2792 991 2861 spiritum
1021 2805 1205 2856 suum,
1239 2797 1292 2842 et
1319 2788 1467 2840 nihil
1489 2786 1690 2840 vident.
1728 2787 1899 2853 Quasi
1929 2785 2049 2838 vul-

401 2898 497 2954 pes
528 2883 586 2935 in
618 2880 850 2934 desertis
874 2876 1152 2948 prophetae
1191 2877 1274 2930 tui
1329 2874 1506 2930 Israel
1561 2878 1740 2928 erant.
1793 2871 2052 2942 Nunquid

407 2987 518 3026 non
547 2971 816 3025 visionem
846 2982 1050 3020 cassam
1068 2966 1367 3034 vidistis,et
1397 2965 1804 3019 divinationem
1832 2961 2050 3016 menda-

411 3077 529 3116 cem
563 3057 730 3115 locuti
759 3056 1006 3111 cstis?et
1051 3056 1234 3109 dicitis
1267 3073 1279 3110 :
1330 3057 1423 3109 Ait
1464 3056 1748 3116 Dominus,
1797 3069 1921 3107 cum
1954 3067 2050 3121 ego

411 3167 518 3206 non
540 3153 643 3204 sim
673 3147 900 3201 locutus.
928 3151 1224 3214 Propterea
1253 3145 1370 3200 haec
1397 3144 1528 3199 dicit
1563 3142 1826 3197 Dominus
1875 3144 2050 3196 Deus:

409 3251 549 3319 Quia
569 3248 739 3304 loculi
764 3248 894 3301 estis
953 3262 1114 3309 vana,
1146 3249 1196 3298 et
1247 3245 1459 3298 vidistis
1506 3242 1875 3306 mendacium,
1934 3242 2051 3297 ideo

405 3353 524 3394 ecce
551 3351 646 3406 ego
676 3335 745 3389 ad
800 3349 909 3400 vos,
969 3334 1048 3387 ait
1095 3333 1354 3386 Dominus
1405 3336 1566 3395 Deus,
1607 3333 1658 3384 et
1700 3332 1807 3384 erit
1853 3346 2050 3383 manus

403 3445 525 3484 mea
552 3442 717 3497 super
739 3425 1033 3495 prophetas
1063 3425 1160 3494 qui
1190 3423 1369 3478 vident
1384 3439 1530 3477 vana
1551 3421 1866 3477 etdivinant
1903 3439 2052 3477 men-

401 3519 583 3572 dacia.
616 3517 679 3571 In
707 3515 938 3570 concilio
967 3513 1159 3584 populi
1177 3514 1288 3566 mei
1319 3527 1428 3566 non
1471 3515 1656 3578 erunt,
1707 3520 1757 3567 et
1805 3515 1865 3566 in
1916 3514 2048 3566 scri-

400 3609 566 3677 ptura
594 3605 781 3658 domus
814 3602 994 3657 Israel
1031 3617 1141 3656 non
1196 3600 1524 3663 scribentur,
1569 3617 1669 3655 nec
1725 3602 1785 3655 in
1843 3610 2050 3656 terram

401 3694 578 3750 Israel
601 3691 1222 3762 ingredientur(Ez.ech.
1255 3691 1402 3757 xm.)
1435 3690 1520 3743 Ad
1554 3690 1822 3745 doctores
1852 3696 2048 3745 autem

403 3800 505 3856 per
521 3781 792 3837 eumdem
841 3779 1182 3850 prophetam
1215 3779 1524 3848 increpans
1551 3797 1751 3834 eorum
1777 3780 2047 3834 inertiam

401 3876 478 3926 ita
494 3870 774 3942 loquitur,
803 3869 1000 3922 dicens
1035 3871 1182 3922 :Non
1200 3867 2051 3940 ascem‘listisexadverso,neque

397 3957 724 4032 oppos'uistis
753 3973 976 4011 murum
1017 3971 1117 4026 pro
1167 3955 1320 4009 domo
1358 3956 1550 4021 Israel,
1598 3961 1656 4010 ut
1710 3957 1933 4012 starelis
1990 3961 2047 4012 in

396 4049 600 4123 praelia
632 4051 691 4102 in
737 4048 828 4102 die
878 4046 1100 4101 Domini
1148 4043 1355 4114 (ibid).
1392 4045 1458 4097 Et
1502 4061 1734 4099 rursum
1766 4061 1778 4100 :
1807 4047 1908 4114 Vae,
1958 4046 2048 4100 in-

399 4141 546 4212 quit,
609 4135 926 4206 pastoribus
975 4132 1173 4200 Israel,
1223 4133 1318 4203 qui
1359 4133 1663 4202 pascebant
1710 4137 2046 4204 semetipsos.

399 4235 596 4285 Nonne
619 4244 808 4297 greges
826 4232 1129 4296 pascuntur
1158 4241 1194 4278 a
1240 4223 1548 4294 pastoribus
1578 4223 1604 4276 ‘I
1656 4224 1752 4278 Lac
1803 4225 2048 4279 comede-

403 4320 542 4372 batis
593 4325 643 4370 et
683 4315 830 4370 lanis
874 4312 1292 4384 operiebamini,
1340 4315 1390 4366 et
1447 4311 1584 4383 quod
1626 4327 1870 4366 crassum
1931 4317 2049 4367 erat

396 4404 742 4468 occidebatis,
804 4417 1022 4471 gregem
1087 4404 1276 4454 autem
1325 4416 1510 4453 meum
1552 4415 1662 4454 non
1724 4401 2044 4470 pascebatis.

2159 1810 2382 1862 nuntios
2411 1809 2484 1864 ad
2533 1810 2928 1865 consulentium
2970 1812 3266 1866 Beelzebub
3318 1811 3482 1868 deum
3537 1818 3813 1881 Accaron,

2158 1898 2321 1968 quasi
2351 1915 2464 1951 non
2493 1907 2628 1953 esset
2659 1899 2796 1954 Deus
2827 1901 2886 1953 in
2914 1901 3085 1954 Israel
3115 1918 3148 1955 a
3187 1917 3292 1971 quo
3341 1917 3519 1971 posses
3565 1903 3816 1956 interro-

2159 2003 2291 2056 gare
2309 2002 2641 2052 sermo-nem,
2675 1988 2802 2044 ideo
2822 1989 2888 2043 de
2917 1989 3113 2045 lectulo
3133 2006 3304 2061 super
3324 2007 3487 2062 quem
3508 1989 3813 2046 ascendisti

2160 2091 2268 2131 non
2337 2075 2643 2144 descendes,
2691 2076 2785 2131 sed
2852 2082 3026 2134 morte
3085 2078 3351 2134 morieris
3421 2080 3510 2150 (IV
3573 2080 3704 2148 Reg.
3751 2081 3810 2149 ι).

2161 2165 2429 2220 Mortuus
2457 2169 2547 2219 est
2579 2172 2772 2220 autem
2811 2166 2935 2236 ipse
2977 2168 3147 2236 juxta
3196 2183 3529 2224 sermonem
3580 2167 3812 2223 Domini

2161 2270 2334 2324 quem
2369 2253 2597 2309 locutus
2627 2259 2714 2309 est
2737 2254 2911 2324 Elias,
2945 2260 3000 2311 et
3022 2255 3270 2312 salutem
3296 2273 3474 2329 quam
3510 2258 3813 2328 quaerebat

2161 2359 2272 2397 non
2309 2342 2546 2398 invenit.
2575 2345 2939 2414 Quapropter
2960 2347 3291 2400 curandum
3323 2363 3703 2418 summopere
3726 2352 3814 2401 est

2161 2431 2434 2488 omnibus
2465 2433 2676 2496 modis,
2710 2432 2818 2488 hoc
2848 2439 2937 2488 est
2963 2433 3214 2504 praelatis
3236 2438 3292 2490 et
3313 2435 3596 2497 subditis,
3626 2437 3812 2506 majo-

2161 2521 2324 2576 ribus
2344 2522 2760 2589 etminoribus,
2777 2523 3181 2578 sacerdotibus
3195 2529 3251 2579 et
3266 2523 3438 2596 plebi,
3460 2541 3531 2578 ne
3549 2524 3809 2596 aliquem

2160 2611 2401 2665 seducat
2433 2627 2534 2682 per
2555 2611 2962 2681 hujuscemodi
3007 2611 3341 2668 illusionem
3385 2614 3568 2676 fraus,
3617 2611 3809 2681 dolus,

2160 2704 2216 2754 et
2247 2699 2509 2769 nequitia
2563 2699 2749 2754 hostis
2804 2701 3052 2771 antiqui,
3107 2702 3188 2756 ita
3238 2708 3360 2756 uta
3415 2702 3804 2757 mendacibus

2160 2787 2410 2843 velimus
2443 2789 2664 2843 discere
2693 2789 3019 2856 veritatem,
3053 2795 3109 2845 et
3157 2807 3190 2844 a
3240 2789 3532 2861 pestiferis
3586 2790 3808 2846 morbis

2163 2877 2487 2947 mortisque
2503 2877 2844 2932 auctoribus
2867 2878 3578 2947 quasramusinfirmitatis
3594 2884 3806 2933 nostra;

2162 2965 2509 3033 remedium,
2543 2966 2643 3021 sed
2669 2966 2957 3038 magis_ad
2985 2967 3168 3022 Deum
3203 2967 3395 3021 vivum
3411 2972 3475 3024 .et
3496 2967 3810 3023 vivificato-

2164 3073 2282 3109 rem
2301 3056 2564 3109 omnium
2589 3055 2998 3126 confugiendo,
3017 3056 3219 3112 devoto
3234 3057 3406 3110 corde
3424 3072 3809 3126 properemus

2166 3160 2266 3214 per
2287 3143 2580 3198 orationes
2613 3160 2829 3213 sacras,
2855 3145 3104 3214 jejunia,
3138 3143 3614 3216 cteleemosynas
3638 3144 3805 3198 illum

2162 3233 2562 3303 deprecantes,
2598 3239 2662 3288 ut
2710 3233 2834 3303 ipse
2874 3240 3112 3304 propter
3160 3233 3584 3304 benignitatem
3637 3250 3807 3288 suam

2161 3321 2432 3376 consulat
2464 3321 2647 3376 servis
2679 3322 2826 3392 suis,
2858 3323 3114 3392 eripiens
3146 3339 3252 3377 nos
3285 3323 3355 3377 de
3386 3323 3664 3378 omnibus
3691 3323 3807 3376 ini-

2161 3409 2330 3466 micis
2382 3410 2619 3474 uostris,
2681 3411 3000 3480 doceatque
3058 3428 3164 3465 nos
3215 3411 3399 3466 facere
3442 3409 3806 3466 voluntatem

2159 3516 2347 3568 suam,
2376 3499 2514 3570 quia
2544 3499 2670 3570 ipse
2701 3503 2788 3553 est
2818 3498 3103 3554 Dominus
3139 3500 3291 3554 Deus
3342 3503 3576 3565 noster;
3628 3499 3805 3570 spiri-

2158 3594 2400 3659 tumque
2423 3605 2596 3642 suum
2632 3589 2850 3642 bonum
2884 3588 3054 3643 nobis
3085 3588 3326 3658 tribuat,
3358 3589 3455 3659 qui
3482 3604 3589 3642 nos
3630 3588 3807 3643 ducat

2156 3679 2213 3732 in
2247 3679 2394 3732 viam
2432 3681 2674 3744 rectam,
2701 3677 3064 3746 viviticstque
3106 3695 3210 3732 nos
3260 3678 3319 3731 in
3373 3675 3650 3748 aequitate
3699 3693 3804 3731 sua

2159 3771 2454 3836 quatenus
2484 3767 2612 3834 ejus
2628 3764 2963 3835 magisterio
2985 3768 3141 3820 omni
3165 3765 3568 3835 temporevitss
3591 3771 3803 3819 nostra:

2159 3861 2387 3926 gratum
2413 3855 2462 3909 ei
2483 3854 2782 3909 servitium
2803 3854 3169 3919 exhibentes,
3195 3855 3489 3924 posthanc
3512 3854 3689 3908 vitam
3710 3871 3805 3923 per

2156 3947 2284 4013 ejus
2297 3944 2543 4014 gratiam
2566 3959 2895 3997 mereamur
2909 3942 3328 3997 beatitudinem
3347 3941 3649 4014 possidere
3662 3958 3804 3998 sem-

2159 4031 2447 4103 piternam
2481 4030 2840 4100 [caslestem].

2155 4147 2291 4201 CAP.
2324 4146 2414 4198 73.
2447 4174 2516 4185 -—-
2547 4145 2619 4198 De
2647 4143 3040 4208 sacerdotibus,
3086 4147 3136 4198 et
3167 4144 3394 4214 reliquis
3424 4145 3803 4200 ecclesiasticis

2227 4217 2514 4271 ordinibus
2543 4218 2638 4286 qui
2668 4232 2883 4283 magos,
2910 4217 3153 4270 hariolos
3186 4222 3282 4270 aut
3338 4216 3552 4271 divinos
3608 4232 3800 4270 consu-

2229 4289 2368 4342 lunt.
2406 4285 2743 4412 Erg‘concilio
2778 4288 3051 4356 Toletano,
3108 4302 3230 4358 cap.
3264 4287 3332 4340 39
3377 4287 3598 4356 (concil.
3644 4288 3800 4343 Totet.

2228 4376 2303 4414 ιν.
2341 4376 2387 4412 c.
2418 4364 2431 4384 ‘
2469 4408 2474 4411 _
2494 4393 2531 4429 λ.

400 4501 549 4570 Quod
579 4500 862 4568 inﬁrmum
891 4500 999 4568 fuit
1025 4513 1130 4552 non
1153 4497 1551 4563 consolidastis,
1588 4507 1638 4552 et
1675 4498 1819 4567 quod
1864 4513 2047 4568 aegro-

2226 4473 2286 4528 Si
2319 4473 2452 4542 quis
2483 4473 2820 4544 episcopus,
2845 4476 2946 4527 aut
2981 4473 3302 4544 presbyter,
3335 4471 3456 4527 sive
3495 4471 3798 4540 diaconus,

397 4599 511 4644 tum
533 4605 642 4644 non
671 4588 928 4653 sanastis,
960 4587 1109 4655 quod
1137 4588 1383 4656 fractum
1407 4593 1484 4639 est
1514 4601 1622 4640 non
1673 4585 1968 4656 alligastis,
2001 4593 2052 4642 et

398 4677 540 4748 quod
569 4677 844 4745 abjectum
874 4690 982 4728 non
1010 4673 1334 4737 reduxistis,
1367 4680 1420 4726 et
1467 4672 1608 4743 quod
1653 4675 1896 4740 perierat
1940 4691 2050 4728 non

399 4765 714 4837 quaesistis:
749 4762 842 4818 sed
884 4778 1005 4816 cum
1060 4761 1385 4815 austeritate
1435 4761 1792 4830 imperabatis
1847 4763 1945 4828 eis,
2002 4767 2050 4816 et

401 4871 525 4910 cum
546 4853 816 4924 potentia.
855 4853 924 4903 Et
951 4849 1218 4918 dispersae
1267 4856 1397 4902 sunt
1436 4864 1556 4904 oves
1602 4865 1752 4912 meae,
1803 4866 1865 4904 eo
1911 4852 2051 4920 quod

400 4959 511 4998 non
539 4945 675 4997 esset
703 4947 909 5010 pastor,
944 4945 993 4992 et
1023 4941 1188 5008 facta:
1210 4942 1334 4990 sunt
1377 4938 1434 4990 in
1492 4937 1896 4992 devorationem
1933 4956 2048 4994 om-

399 5033 558 5086 nium
591 5029 894 5084 bestiarum
923 5028 1064 5096 agri,
1090 5028 1141 5079 et
1165 5025 1432 5093 dispersae
1451 5028 1580 5078 sunt
1601 5025 1810 5093 (Ezech.
1835 5029 2047 5099 xxxrv).

399 5128 542 5183 Hinc
567 5130 623 5182 et
656 5141 756 5197 per
783 5121 1102 5179 Jeremiam
1137 5121 1391 5175 dicitur:
1431 5121 1468 5173 Α
1500 5122 1734 5175 minimo
1763 5139 1936 5193 usque
1981 5125 2051 5178 ad

399 5218 708 5271 maximum
758 5227 943 5267 omnes
1003 5209 1304 5264 avaritiam
1352 5216 1679 5276 sequuntur,
1712 5226 1746 5263 τι
1788 5211 2053 5278 propheta

398 5320 569 5376 usque
598 5303 667 5357 ad
704 5299 1037 5357 sacerdotem
1087 5298 1269 5351 cuncti
1313 5297 1528 5364 faciunt
1575 5295 1943 5352 mendacium.
1990 5302 2054 5357 Et

399 5394 673 5446 sanabant
703 5385 1091 5443 contritionem
1122 5383 1260 5452 ﬁliae
1294 5381 1499 5454 populi
1543 5384 1658 5437 mei
1695 5383 1774 5438 ad
1816 5386 2048 5454 ignomi-

400 5480 574 5544 niam,
607 5478 846 5532 dicentes
870 5492 882 5530 :
905 5476 1043 5538 Pax,
1071 5489 1180 5543 pagi:
1214 5489 1339 5526 eum
1368 5487 1474 5525 non
1497 5479 1630 5524 esset
1648 5487 1767 5540 pax
1792 5489 1804 5525 :
1825 5475 2054 5545 confusi

401 5574 548 5635 sunt,
581 5567 711 5635 quia
738 5562 1203 5620 abominationem
1231 5565 1476 5632 fecerunt
1496 5561 1628 5631 (Jer.
1661 5564 1809 5630 vm).
1844 5563 2052 5622 Idcirco

2158 4561 2243 4616 vel
2270 4561 2519 4633 quilibet
2539 4577 2607 4616 ex
2630 4561 2834 4615 ordine
2855 4559 3201 4615 clericorum
3216 4576 3440 4630 magos,
3467 4566 3570 4614 aut
3582 4561 3800 4633 aruspi-

2159 4667 2275 4715 ces,
2309 4654 2410 4704 aut
2441 4649 2722 4714 hariolos,
2755 4653 2856 4703 aut
2885 4653 3042 4703 certe
3065 4666 3337 4718 augures,
3361 4647 3449 4704 vel
3473 4647 3797 4719 sortilegos,

2159 4743 2260 4792 aut
2290 4753 2388 4792 eos
2420 4737 2519 4806 qui
2545 4736 3090 4806 proﬂtenturartsm
3116 4734 3428 4806 magicam,
3452 4739 3555 4788 aut
3577 4733 3798 4803 aliquos

2159 4842 2359 4882 eorum
2391 4823 2610 4880 similia
2639 4828 2968 4879 exercentes
2998 4823 3367 4878 consuluisse
3397 4822 3573 4877 fuerit
3603 4823 3798 4893 depre-

2163 4914 2405 4980 hensus,
2437 4914 2506 4968 ab
2539 4914 2756 4967 honore
2789 4911 3094 4982 dignitatis
3126 4928 3244 4966 suis
3275 4911 3582 4981 depositus
3606 4927 3796 4966 mona-

2163 5002 2326 5056 sterii
2369 5016 2678 5056 censuram
2723 5000 2994 5069 excipiat,
3044 4999 3241 5069 ibique
3288 5002 3582 5069 perpetuae
3629 5001 3799 5070 pinni-

2160 5090 2352 5144 tentirs
2384 5089 2617 5144 deditus
2652 5086 2846 5142 scelus
2876 5087 3122 5142 admissi
3159 5085 3448 5158 sacrilegii
3491 5086 3618 5142 luat
3665 5087 3798 5157 [al.,]

2162 5177 2439 5249 poenam].

2160 5295 2286 5348 (lu.
2318 5292 2408 5344 74.
2441 5319 2511 5330 —-
2560 5290 2637 5343 De
2685 5290 2772 5344 his
2819 5291 2916 5360 qui
2963 5289 3031 5344 ad
3075 5290 3359 5359 fascinum
3403 5290 3799 5346 incantationes

2369 5361 2624 5430 fecerint.
2656 5362 2739 5414 Ea:
2767 5377 2914 5416 conc.
2962 5361 3336 5428 Cabilonensi,
3381 5377 3506 5431 cap.
3533 5362 3589 5414 5.

2231 5476 2286 5529 Si
2322 5475 2457 5546 quis
2491 5476 2932 5545 praeoantaverit
2962 5476 3032 5530 ad
3076 5476 3392 5544 fascinum,
3436 5473 3526 5530 vel
3576 5473 3796 5546 quales-

2161 5580 2390 5636 cunque
2404 5564 2910 5635 praacantationes,
2927 5568 3163 5634 excepto
3179 5565 3312 5635 Sym
3322 5564 3453 5620 bolo
3467 5563 3799 5619 etOratione
