4002 6054
150 282 272 337 773

988 279 1299 334 DECRETI
1337 278 1523 332 PARS
1561 278 1659 331 XI.
1686 305 1755 318 —-
1786 280 1882 333 DE
1921 282 2568 358 INCANTATORIBUB,
2610 292 2765 346 ETC.

3480 294 3589 348 774

154 402 512 468 Dominica;
544 399 640 471 qui
670 401 884 465 cantat,
908 401 965 454 et
993 398 1086 453 cui
1109 401 1398 465 cantatur,
1427 401 1546 453 tres
1579 397 1824 467 quadra-
1854 402 1906 467 Α
2010 402 2246 461 Etiamsi
2282 406 2430 464 latro
2474 410 2550 464 sit
2598 409 2836 481 aliquis,
2870 416 2972 467 aut
3002 411 3059 466 in
3117 428 3293 468 scena
3339 414 3590 484 positus,

154 496 429 568 gesimas
459 493 517 547 in
549 507 698 561 pane
727 494 784 545 et
814 506 968 560 aqua
999 489 1298 560 poeniteat.

153 585 301 640 CAP.
334 584 425 635 75.
456 610 524 621 -—
553 580 707 650 Quod
725 580 1129 634 demoniacum
1155 586 1361 650 petras,
1380 578 1464 631 vel
1493 576 1687 631 herbas
1706 579 1828 632 sine

235 649 619 711 incantatione
652 651 815 707 liceat
843 655 1081 720 portare.
1116 652 1200 705 Ea:
1218 649 1376 703 dictis
1407 650 1752 719 Hieronymi.

239 742 609 797 Dzemonium
645 740 962 795 sustinenti
987 738 1121 793 licet
1148 746 1341 809 petras
1370 736 1455 792 vel
1490 737 1701 791 herbas
1724 736 1827 791 ha-

170 832 318 886 bere
351 832 478 886 sine
503 829 925 884 incantatione.

161 923 303 977 CAP.
336 922 426 974 76.
462 947 528 959 —
560 920 636 973 Ne
662 917 910 971 sacerdos
940 916 1203 970 inanibus
1230 914 1375 969 ludis
1406 915 1722 970 delectetur.
1749 915 1831 968 Ea:

238 990 446 1060 synodo
473 991 704 1057 Eugenii
746 1002 907 1058 papa?
950 994 1186 1055 tempore
1219 987 1475 1042 Ludovici
1503 991 1552 1041 et
1584 985 1831 1041 Lotharii

240 1066 634 1133 Augustorum-
669 1077 787 1130 cap.
821 1061 911 1113 11.

242 1151 530 1207 Sacerdos
563 1150 733 1203 ludos
762 1148 993 1219 aliquos
1014 1163 1210 1202 coram
1243 1163 1304 1201 se
1336 1146 1459 1201 ﬁeri
1492 1164 1607 1201 non
1638 1146 1825 1201 delec-

165 1245 351 1295 tetur.
384 1240 812 1309 Transgressor
862 1236 1077 1307 quippe
1125 1237 1392 1290 inventus
1435 1235 1831 1290 admonitione

167 1328 440 1400 episcopi
476 1326 723 1381 ulterius
757 1341 928 1398 agere
959 1325 1228 1394 desinat;
1278 1325 1369 1379 sin
1401 1329 1622 1391 autem,
1656 1340 1829 1378 eano-

169 1418 309 1471 nice
328 1415 650 1486 judicetur.

249 1505 383 1558 CAP.
413 1504 504 1557 77.
539 1532 609 1544 -——
637 1506 719 1558 Ne
746 1500 1012 1555 mulieres
1032 1502 1186 1569 festis
1213 1500 1404 1555 diebus
1434 1501 1590 1556 vanis
1622 1501 1763 1557 ludis

772 1576 984 1641 vacent,
1015 1588 1133 1643 cap.
1163 1573 1251 1626 35.

248 1662 404 1726 Sunt
434 1661 679 1733 quidam
719 1665 776 1716 et
808 1662 1060 1716 maxime
1094 1661 1389 1728 mulieres,
1424 1660 1522 1731 qui
1572 1661 1739 1717 festis
1770 1678 1835 1716 ac

172 1752 366 1807 sacris
400 1751 627 1817 diebus,
663 1754 838 1821 atque
884 1755 1223 1805 sanctorum
1266 1750 1569 1817 natalitiis,
1620 1751 1838 1821 quibus

173 1841 395 1897 debent
426 1841 540 1895 Deo
582 1856 812 1908 vacare,
859 1856 974 1895 non
1025 1838 1393 1893 delectantur
1423 1839 1494 1893 ad
1528 1838 1834 1893 ecclesiam

169 1930 401 1999 venire,
436 1930 536 1985 sed
561 1928 835 1999 balando,
857 1945 921 1983 ac
944 1928 1118 1983 verba
1136 1928 1331 1999 turpia
1362 1928 1747 1994 decantando,
1771 1944 1836 1982 ac

183 2018 478 2088 ducendo,
511 2018 955 2073 similitudinem
988 2034 1347 2089 paganorum
1375 2017 1702 2088 peragendo
1735 2018 1838 2072 ad-

179 2108 381 2162 venire
412 2112 747 2178 procurant.
770 2106 941 2161 Tales
972 2106 1125 2160 enim
1150 2107 1198 2160 si
1222 2122 1355 2160 cum
1390 2106 1718 2161 minoribus
1740 2123 1838 2160 ve-

182 2196 359 2251 niunt
389 2197 460 2251 ad
493 2196 821 2260 ecclesiam,
849 2214 979 2251 cum
1016 2197 1338 2267 majoribus
1372 2196 1625 2268 peccatis
1658 2212 1840 2250 rever-

180 2289 411 2340 tuntur.
437 2284 497 2341 In
532 2284 802 2340 talienim
826 2286 978 2341 facto
1011 2286 1183 2340 debet
1206 2286 1615 2356 unusquisque
1644 2301 1837 2339 sacer-

181 2375 290 2429 dos
321 2374 769 2445 diligentissime
802 2376 1083 2447 populum
1117 2376 1452 2440 admenere,
1488 2380 1551 2428 ut
1584 2390 1684 2445 pro
1716 2376 1841 2428 sola

186 2464 450 2518 oratione
482 2463 570 2517 his
621 2462 831 2519 diebus
878 2464 949 2518 ad
982 2462 1289 2519 ecclesiam
1341 2468 1665 2523 recurrant.
1700 2463 1841 2532 quia

180 2551 296 2623 ipsi
350 2552 448 2622 qui
500 2551 635 2607 talia
683 2558 887 2624 agunt,
935 2570 1049 2606 non
1101 2552 1291 2607 solum
1324 2569 1386 2606 se
1432 2553 1705 2623 perdunt,
1738 2551 1839 2606 sed

186 2640 361 2697 etiam
393 2640 538 2695 alios
567 2640 832 2711 deperire
860 2640 1193 2696 attendunt.

183 2729 321 2785 CAP.
356 2730 441 2782 78.
490 2758 558 2769 -—-
604 2734 685 2785 Ne
728 2730 1036 2797 presbyteri
1081 2728 1404 2799 spectaculis
1450 2728 1728 2784 intersint.
1760 2728 1843 2782 Ex

618 2800 943 2857 Laodicensi
972 2817 1146 2869 conc.,
1170 2816 1289 2870 cap.
1321 2802 1413 2854 54.

262 2890 359 2960 (De
386 2906 535 2946 cons.
582 2892 706 2945 dist.
739 2890 793 2959 5,
842 2907 888 2944 c.
934 2890 1051 2945 Non
1100 2897 1304 2960 Oportet
1353 2888 1679 2959 ministros).
1715 2888 1840 2945 Non

188 2982 417 3049 Oportet
475 2978 771 3033 ministros
827 2978 1051 3034 altaris.
1118 2978 1199 3033 vel
1251 2977 1538 3048 quoslibet
1599 2975 1842 3031 clericos

190 3066 539 3135 Spectaculis
555 3066 852 3138 aliquibus
872 3084 998 3137 quae
1019 3072 1119 3121 aut
1138 3068 1194 3121 in
1216 3066 1437 3137 nuptiis
1455 3064 1637 3120 autin
1664 3065 1843 3119 cmnis

189 3156 558 3224 exhibentur,
591 3156 909 3224 interesse;
945 3156 1043 3210 sed
1078 3160 1392 3226 antequam
1426 3153 1719 3225 thymelici
1752 3152 1838 3207 in-
1872 3148 1913 3214 C

190 3244 556 3315 gradiantur,
573 3260 813 3316 surgere
835 3262 931 3300 eos
953 3246 1022 3299 de
1044 3245 1330 3308 convivio,
1350 3249 1406 3299 et
1428 3244 1588 3298 abire
1611 3243 1839 3297 debere.

188 3349 323 3404 CAP.
354 3351 443 3404 79.
477 3382 544 3391 ——-
572 3352 647 3406 De
688 3350 1014 3407 scurrilibus
1058 3353 1291 3407 clericis.
1327 3353 1407 3405 Ex
1434 3367 1581 3406 conc.
1615 3367 1671 3405 IV
1703 3352 1841 3405 Car-

702 3424 1038 3491 lhaginensi,
1070 3440 1188 3493 cap.
1223 3423 1314 3476 59.

259 3508 423 3578 (Dist.
456 3510 545 3579 46,
594 3526 645 3565 c.
698 3510 1015 3580 Clericum).
1070 3511 1355 3565 Clericum
1405 3508 1736 3574 scurrilem,
1788 3512 1844 3563 et

190 3599 383 3653 verbis
413 3598 688 3670 turpibus
719 3598 1046 3670 jocularem
1073 3600 1143 3654 ab
1177 3599 1367 3653 ol‘licio
1402 3598 1839 3653 retrahendum.

190 3708 321 3759 CAP.
355 3704 443 3759 80.
478 3737 546 3745 —
580 3707 654 3760 De
681 3707 825 3778 jocis
858 3706 1118 3761 vitandis.
1162 3706 1477 3760 Ambrosius
1508 3705 1601 3758 lib.
1632 3705 1841 3773 ofﬁcio-

773 3795 899 3831 rum
931 3795 947 3831 ι
978 3780 1118 3846 (cap.
1151 3780 1264 3844 23).

266 3863 425 3918 Licet
452 3866 745 3920 interdum
771 3865 1018 3920 honesta
1040 3865 1166 3937 ioca
1187 3870 1243 3919 et
1264 3864 1464 3919 suavia
1487 3864 1625 3931 sint,
1649 3867 1842 3917 tamen

194 3952 263 4005 ab
298 3951 693 4007 ecclesiastica
718 3955 1032 4009 abhorrent
1063 3953 1284 4025 regula,
1309 3954 1591 4024 quoniam
1626 3968 1751 4022 quae
1784 3952 1841 4006 in

193 4039 513 4108 Scripturis
545 4058 656 4095 non
679 4042 1026 4114 reperimus,
1048 4058 1115 4096 ea
1146 4042 1645 4112 quemadmodum
1672 4041 1842 4112 [ᾳυο-

196 4127 389 4197 modo]
445 4146 728 4200 usurpare
770 4147 1082 4201 possumus
1110 4130 1137 4184 ?
1185 4131 1517 4185 Cavendum
1566 4131 1740 4184 etiam
1784 4129 1842 4182 in

193 4216 503 4281 fabulis,ne
521 4218 822 4274 inﬂectant
845 4220 1190 4289 gravitatem
1210 4219 1514 4273 severioris
1540 4218 1841 4289 propositi.

197 4304 282 4359 Vae
315 4306 459 4359 vobis
482 4309 577 4377 qui
596 4308 807 4371 ridetis,
831 4310 971 4379 quia
1000 4308 1203 4379 ﬂebitis
1234 4310 1387 4371 (Luc.
1413 4308 1510 4377 v1),
1536 4310 1615 4361 ait
1647 4307 1839 4361 Domi-

194 4408 324 4460 nus,
354 4398 411 4447 et
444 4411 558 4449 non
612 4396 837 4450 ridendi
892 4397 1193 4451 materiam
1242 4395 1619 4465 requirimus,
1656 4399 1719 4448 ut
1752 4395 1843 4448 hic

1936 492 2110 545 etiam
2145 495 2192 547 si
2213 496 2437 551 cultum
2465 497 2617 553 ruris
2638 505 2920 567 exerceat,
2940 506 2996 555 et
3018 502 3292 573 ccnjugio
3324 503 3592 560 videatur

1937 581 2234 651 astrictus,
2252 586 2481 640 etiamsi
2497 589 2821 656 negotiator
2841 588 3089 654 dicatur,
3116 594 3171 644 et
3189 591 3590 647 mercimoniis

1936 669 2234 738 inserviat,
2264 678 2457 729 tamen
2490 676 2548 729 in
2582 678 2739 731 omni
2766 679 2968 732 ordine
2990 679 3258 734 humanae
3290 680 3416 734 vitai
3450 686 3590 736 sunt

1936 758 2144 814 anlmze
2194 762 2308 817 Deo
2353 764 2670 835 placentes,
2704 772 2759 821 et
2808 767 3093 823 habentes
3143 773 3309 824 actus
3360 769 3588 841 aliquos

1938 848 2197 904 occultos
2228 852 2555 925 [excultos],
2590 857 2805 925 quibus
2855 857 3181 911 delectatur
3212 857 3388 915 Deus.
3422 860 3589 914 Unde

1938 942 2166 992 constat
2199 956 2309 994 non
2343 947 2571 997 tantum
2608 945 3030 1013 professionem
3056 946 3208 1011 vitae,
3229 953 3330 1001 aut
3352 947 3587 1002 habitus

1940 1027 2193 1094 speciem
2227 1028 2340 1083 Deo
2368 1047 2496 1085 esse
2528 1032 2828 1101 placitam,
2858 1039 3145 1104 quantum
3194 1033 3588 1090 sinceritatem

1940 1119 1997 1167 et
2027 1115 2387 1173 affectionem
2422 1122 2657 1184 mentis,
2693 1126 2750 1175 et
2781 1138 3025 1192 operum
3060 1123 3429 1193 probitatem.

1940 1221 2082 1298 CAP.
2101 1223 2189 1276 83.
2224 1254 2289 1264 —
2320 1226 2396 1279 De
2445 1225 2730 1282 histrione.
2784 1228 3095 1298 Cyprianus
3144 1227 3216 1283 ad
3261 1229 3594 1285 Eucratium

1995 1293 2114 1363 (lib.
2151 1310 2189 1359 ι,
2221 1298 2409 1365 epist,
2446 1300 2530 1364 10,
2557 1300 2715 1367 cujus
2748 1293 2977 1353 initium
3008 1318 3027 1355 .·
3057 1302 3165 1355 Pro
3193 1300 3526 1371 dilectione).

2013 1393 2443 1449 Consulendum
2478 1413 2568 1452 me
2598 1397 2974 1465 existimasti,
3010 1398 3186 1453 frater
3216 1398 3589 1469 charissima,

1944 1478 2083 1548 quid
2120 1480 2259 1534 mihi
2295 1482 2557 1537 videatur
2586 1485 2656 1539 de
2688 1484 2972 1539 histrione
2995 1486 3270 1555 quodam,
3305 1489 3407 1557 qui
3438 1489 3592 1559 apud

1944 1582 2047 1621 vos
2064 1569 2419 1624 constitutus
2438 1570 2493 1624 in
2518 1572 2774 1640 ejusdem
2797 1572 2987 1627 adhuc
3014 1573 3156 1627 artis
3178 1590 3294 1627 suae
3315 1576 3597 1630 dedecore

1946 1662 2298 1726 perseverat,
2314 1663 2371 1713 et
2391 1661 2669 1731 magister
2687 1666 2741 1715 et
2759 1662 2963 1716 doctor
2979 1680 3091 1716 non
3114 1663 3596 1731 erudiendorum,

1946 1745 2043 1799 sed
2078 1746 2507 1815 perdendorum
2556 1766 2894 1820 puerorum,
2927 1751 2983 1805 id
3019 1752 3173 1822 quod
3207 1752 3359 1808 male
3392 1753 3600 1808 didicit

1947 1835 2167 1889 caeteris
2196 1852 2428 1907 quoque
2461 1839 2739 1906 insinuat,
2776 1855 2848 1892 an
2882 1838 3014 1893 talis
3039 1840 3247 1896 debeat
3275 1843 3601 1897 communi-

1947 1944 2075 1982 care
2108 1929 2437 1985 nobiscum.
2458 1932 2619 1995 Quod
2642 1937 2904 2004 putoego
2924 1950 3027 1987 nec
3047 1933 3253 1988 divina?
3281 1934 3600 2020 majestati,

1947 2033 2052 2071 nec
2082 2018 2423 2086 evangelicae
2474 2020 2796 2091 disciplinae
2846 2038 3186 2093 congruere,
3222 2028 3286 2077 ut
3325 2026 3514 2095 pudor
3544 2018 3602 2080 et

1950 2105 2134 2159 honor
2165 2107 2416 2162 ecclesiae
2446 2113 2563 2163 tam
2596 2110 2751 2179 turpi
2796 2113 2852 2164 et
2884 2108 3089 2163 infami
3118 2110 3465 2181 contagione
3496 2111 3601 2165 io:-

1949 2195 2137 2250 detur.
2168 2194 2311 2250 Nam
2360 2213 2493 2251 cum
2528 2198 2586 2252 in
2618 2197 2742 2269 lege
2790 2198 2966 2269 (Deut.
2999 2199 3138 2267 XXII)
3180 2198 3604 2269 prohibeantur

1950 2283 2053 2336 viri
2088 2283 2329 2338 induere
2361 2285 2707 2339 muliebrem
2750 2290 2996 2347 vestem,
3031 2290 3086 2339 et
3118 2285 3413 2340 maledicti
3444 2287 3604 2356 ejus-

1950 2370 2107 2424 modi
2132 2370 2497 2441 judicentur,
2531 2376 2751 2442 quanto
2785 2373 3028 2442 majoris
3060 2378 3149 2427 est
3179 2373 3465 2441 criminis,
3487 2392 3601 2429 non

1950 2463 2178 2513 tantum
2205 2459 2512 2514 muliebria
2536 2460 2883 2514 indumenta
2910 2460 3300 2530 accipere,sed
3326 2466 3384 2515 et
3404 2468 3605 2532 gestus

1950 2565 2185 2620 quoque
2216 2554 2415 2620 turpes
2447 2554 2503 2603 et
2548 2549 2776 2615 molles,
2809 2555 2865 2604 et
2900 2549 3213 2604 muliebres
3264 2549 3603 2621 magisterio

1950 2630 2257 2707 impediere
2273 2640 2413 2693 artis
2433 2638 2789 2709 exprimere?
2802 2639 2915 2693 Nec
2932 2643 3166 2693 excuset
3184 2655 3244 2693 se
3265 2640 3605 2709 quisquam,

1951 2726 2004 2780 si
2039 2743 2072 2779 a
2103 2725 2471 2797 theatroipse
2493 2724 2979 2787 cessaverit,cum
3011 2730 3207 2779 tamen
3232 2724 3338 2780 hoc
3361 2730 3602 2780 crateres

1951 2815 2172 2869 doceat.
2212 2813 2336 2868 Non
2371 2819 2561 2884 potest
2592 2815 2746 2868 enim
2778 2814 2956 2868 videri
3007 2829 3289 2879 cessasse,
3322 2814 3421 2885 qui
3452 2814 3606 2868 vica-

1954 2903 2069 2957 rios
2100 2904 2428 2969 substituit,
2460 2909 2515 2957 et
2541 2903 2637 2972 qui
2668 2920 2766 2972 pro
2787 2920 2843 2957 se
2864 2919 2979 2956 uno
3002 2902 3198 2971 plures
3222 2902 3607 2957 succidaneos

1952 2992 2233 3063 suggerit,
2267 2997 2468 3045 contra
2498 2991 2975 3045 constitutionem
3009 2990 3107 3045 Dei
3139 2990 3413 3045 erudiens
3433 2999 3482 3044 et
3510 2991 3608 3045 do-

1954 3095 2111 3147 cens,
2143 3078 2641 3148 quemadmodum
2680 3078 2977 3133 masculus
3011 3079 3317 3148 frangatur
3346 3079 3405 3133 in
3438 3080 3603 3134 femi-

1952 3184 2111 3236 nam,
2144 3173 2201 3221 et
2249 3183 2421 3221 sexus
2470 3170 2593 3220 arte
2640 3171 2918 3231 mutetur,
2955 3174 3010 3219 et
3059 3166 3289 3221 diabolo
3340 3166 3603 3223 divinum

1951 3255 2177 3327 plasma
2194 3254 2505 3311 maculanti
2528 3272 2629 3325 per
2652 3255 2906 3326 corrupti
2934 3259 3107 3325 atque
3128 3255 3383 3311 enervati
3406 3271 3608 3327 corpo-

1951 3344 2031 3398 ris
2066 3343 2278 3398 delicta
2312 3343 2628 3413 placentur.
2654 3342 2813 3405 Quod
2849 3342 2896 3397 si
2932 3343 3236 3413 penuriam
3273 3342 3408 3397 talis
3429 3348 3487 3397 et
3510 3360 3606 3399 ne-

1952 3432 2281 3487 cessitatem
2305 3430 2665 3501 paupertatis
2685 3431 2970 3493 obtendit,
2990 3435 3175 3500 potest
3197 3432 3349 3484 inter
3368 3434 3605 3487 caeteros

1951 3521 2047 3591 qui
2084 3520 2351 3575 Ecclesiae
2402 3518 2700 3573 alimentis
2733 3520 3125 3587 sustinentur,
3159 3519 3337 3589 hujus
3369 3535 3605 3591 quoque

1951 3608 2269 3662 necessitas
2300 3606 2562 3675 adjuvari
2599 3622 2611 3659 ε
2647 3607 2692 3659 si
2726 3612 2918 3659 tamen
2954 3610 3263 3660 contentus
3297 3608 3373 3661 sit
3404 3607 3606 3678 fruga-

1950 3695 2197 3750 lioribus
2231 3699 2285 3748 et
2317 3694 2724 3748 innocentibus
2749 3693 2894 3747 cibis
2928 3711 2940 3747 ε
2979 3710 3079 3748 nec
3114 3699 3278 3765 putet
3308 3694 3521 3750 salario
3546 3712 3608 3749 se

1952 3799 2080 3838 esse
2110 3782 2540 3848 redimendum,
2567 3786 2633 3835 ut
2662 3799 2694 3836 a
2726 3782 2978 3853 peccatis
3006 3788 3214 3849 cesset,
3240 3783 3474 3855 quando
3497 3783 3608 3838 hoc

1953 3889 2068 3927 non
2106 3871 2271 3925 nobis
2302 3870 2403 3924 sed
2436 3870 2544 3924 sibi
2585 3874 2842 3941 praestet.

1952 3981 2086 4034 CAP.
2128 3978 2219 4038 84.
2248 4006 2316 4015 —
2355 3977 2554 4030 Vitium
2586 3992 2697 4031 esse
2726 3992 2810 4029 res
2841 3993 2971 4031 suos
2999 3977 3355 4031 histrionibus
3382 3976 3607 4033 donare.

2022 4050 2553 4186 Augustinusfuper
2598 4050 2884 4113 Joannem,
2935 4057 3078 4119 part.
3116 4066 3153 4101 II
3184 4049 3370 4118 (tract.
3404 4048 3508 4101 400
3538 4047 3611 4101 ad

2024 4138 2068 4175 c.
2108 4138 2196 4174 xvn
2260 4137 2362 4173 oan
2396 4160 2408 4173 .

2024 4138 2068 4175 0.
2108 4138 2196 4174 XVI
2227 4137 2408 4175 J00”).

2028 4215 2248 4262 Donare
2282 4224 2371 4261 res
2400 4224 2538 4261 suas
2572 4206 2962 4260 histrionibus
2986 4206 3193 4259 vitium
3218 4208 3307 4258 est
3331 4204 3607 4273 immane,

1954 4315 2070 4353 non
2106 4298 2311 4350 virtus.
2347 4296 2409 4348 Et
2440 4295 2604 4349 scitis
2644 4296 2713 4348 de
2766 4294 2982 4348 talibus
3014 4310 3190 4363 quam
3226 4292 3302 4346 sit
3333 4294 3609 4362 frequens

1955 4386 2108 4439 fama
2134 4400 2265 4438 cum
2295 4383 2492 4447 laude,
2520 4384 2661 4452 quia
2693 4382 2846 4436 sicut
2882 4382 3167 4451 scriptum
3202 4384 3312 4448 est,
3345 4380 3611 4435 laudatur

192 4482 449 4537 ridentes
481 4482 601 4539 illic
626 4485 870 4541 fleamus
893 4485 920 4538 ?
951 4486 1073 4539 Non
1108 4485 1301 4539 solum
1326 4489 1523 4539 autem
1550 4484 1837 4555 profusos,

1959 4477 2202 4544 peccator
2231 4474 2291 4525 in
2313 4470 2606 4525 desideriis
2628 4470 2838 4525 animae
2867 4484 3007 4536 sum,
3030 4475 3079 4524 ct
3114 4469 3211 4538 qui
3238 4467 3439 4539 iniqua
3459 4468 3613 4541 gerit

195 4570 292 4625 sed
310 4587 512 4627 omnes
527 4573 702 4628 etiam
718 4574 1094 4629 declinandos
1109 4575 1228 4628 arbi
1241 4579 1375 4640 tror;
1401 4574 1635 4644 plenum
1654 4578 1848 4628 tamen

195 4660 781 4733 suavitatisetgratiae
796 4678 1116 4717 sermonem
1131 4678 1398 4724 esse,non
1415 4666 1504 4715 est
1518 4662 1850 4715 indecorum

195 4764 320 4819 CAP.
351 4769 437 4822 81.
461 4800 528 4807 -
560 4770 632 4823 De
658 4770 861 4824 eodem.
898 4771 979 4822 Ea:
997 4784 1249 4822 sermone
1278 4769 1572 4837 Augustini
1604 4768 1672 4821 De
1700 4770 1849 4821 deci-

334 4842 445 4893 mis
476 4842 571 4909 qui
600 4843 679 4895 sic
726 4840 931 4907 incipit
965 4858 983 4895 .·
1014 4842 1259 4909 Propilio
1293 4840 1510 4893 Christo
1538 4840 1704 4907 (105).

274 4929 391 4984 Hoc
422 4929 750 4997 admonete,
772 4931 1001 4997 fratres,
1025 4934 1089 4982 ut
1119 4928 1343 4983 cantica
1368 4926 1563 4998 turpia
1594 4933 1649 4980 et
1678 4926 1849 4980 luxu-

196 5020 348 5075 riosa
376 5018 633 5073 castitati
667 5023 719 5071 et
759 5018 1047 5071 honestati
1088 5017 1348 5081 inimica,
1386 5015 1619 5069 familiae
1652 5026 1850 5070 vestrae

195 5126 261 5163 ex
292 5124 390 5163 ore
421 5124 534 5161 non
586 5108 879 5176 proferant
914 5123 925 5159 :
960 5107 1099 5175 quia
1152 5123 1264 5159 non
1297 5112 1385 5159 est
1432 5106 1657 5174 justum
1694 5110 1756 5157 ut
1785 5120 1853 5157 ex

194 5196 294 5251 illo
327 5212 426 5250 ore
462 5196 558 5249 ubi
594 5194 963 5249 Eucharistia
1006 5194 1223 5248 Christi
1276 5194 1625 5264 ingreditnr,
1658 5196 1850 5247 canti-

194 5302 326 5341 cum
359 5284 725 5339 luxuriosum
763 5290 822 5337 et
851 5282 1204 5337 amatorium
1240 5283 1587 5352 proferatur.

195 5375 329 5429 CAP.
360 5374 451 5428 82.
486 5401 554 5413 -
584 5374 737 5441 Quod
762 5372 822 5425 in
843 5373 999 5425 omni
1014 5371 1209 5426 ordine
1230 5372 1344 5442 sint
1366 5371 1574 5427 animae
1605 5372 1708 5427 Deo
1725 5371 1851 5442 pla-

497 5450 696 5500 centes.
730 5445 814 5498 Ea:
851 5444 966 5498 Vita
994 5443 1181 5499 sancti
1209 5441 1532 5512 Paphnutii.

1962 4562 2311 4619 benedicitur
2339 4560 2515 4631 (Psal.
2552 4560 2653 4628 ix).

1960 4655 2089 4708 CAP.
2241 4680 2308 4688 —-
2358 4648 2685 4703 Idololatras
2735 4662 2839 4701 non
2890 4650 2962 4715 vi,
2994 4646 3084 4700 sed
3128 4650 3345 4701 ratione
3382 4663 3610 4702 conver-

2030 4723 2232 4778 tendos.
2269 4720 2524 4777 Nicotaus
2552 4736 2698 4789 papa
2750 4718 2817 4771 ad
2865 4719 3106 4771 consulta
3142 4720 3529 4788 Bulgarorum,
3560 4734 3605 4771 c.

2032 4798 2116 4849 41.

2028 4884 2109 4938 De
2137 4883 2208 4937 iis
2242 4884 2435 4935 autem
2472 4879 2569 4950 qui
2599 4877 3055 4934 Christianitatis
3088 4878 3306 4932 bonum
3341 4878 3606 4948 suscipe-

1962 4988 2020 5026 re
2054 4972 2332 5036 renuunt,
2366 4972 2421 5022 et
2448 4967 2620 5021 idolis
2643 4966 2973 5031 immolant,
3006 4965 3089 5021 vel
3126 4982 3316 5037 genua
3345 4970 3606 5028 curvant,

1961 5060 2103 5114 nihil
2139 5058 2293 5112 aliud
2333 5072 2646 5125 possumus
2679 5056 2933 5110 scribere
2963 5055 3149 5121 vobis,
3177 5056 3287 5109 nisi
3317 5059 3381 5109 ut
3409 5071 3507 5110 eos
3539 5054 3611 5107 ad

1961 5149 2131 5203 fidem
2166 5152 2382 5202 rectam
2437 5144 2698 5211 monitis,
2733 5145 3255 5209 exhortationibus,
3291 5148 3347 5198 et
3391 5143 3612 5197 ratione

1960 5230 2157 5308 potius
2192 5252 2368 5307 quam
2401 5234 2475 5300 vi,
2509 5234 2662 5304 quod
2694 5250 2838 5288 vane
2870 5234 3127 5304 sapiunt,
3162 5232 3538 5287 convincatis.

2255 5346 2381 5396 CAP.
2415 5341 2503 5396 86.
2540 5372 2606 5381 ——
2639 5341 2712 5395 De
2740 5340 2944 5405 eodem,
2980 5338 3151 5401 Idem,
3184 5337 3317 5392 ibid.

2032 5441 2206 5497 Nulla
2237 5456 2368 5495 cum
2402 5438 2473 5493 iis
2506 5437 2607 5510 qui
2640 5454 2754 5492 non
2788 5436 3053 5503 credunt,
3075 5432 3613 5504 idolaqueadorant

268 5588 417 5660 (l05)
448 5588 633 5642 Serm.
665 5588 771 5641 219
820 5591 897 5641 De
946 5590 1209 5655 tempore
1238 5600 1250 5639 :
1284 5584 1383 5640 sed
1416 5583 1523 5639 hoc
1570 5584 1705 5640 inde
1737 5602 1852 5641 non
1892 5589 1983 5641 est
2011 5586 2411 5653 desumptum.
