3972 6064
402 252 511 309 775

1487 246 1555 298 D.
1596 240 1836 296 IVONIS
1871 235 2370 294 CABNOTENSIS
2407 238 2729 296 EPIBOOPI

3710 249 3843 307 7‘76

402 373 707 431 miscenda
754 369 1088 427 communio
1133 372 1242 425 est.
1297 372 1468 423 Porro
1517 364 1634 421 illis
1678 360 1954 418 violentia
1990 363 2055 416 ut
2082 363 2138 429 Α
2168 364 2280 416 Deo
2313 360 2648 418 inimicitias
2679 363 2970 422 excitavit.
3004 365 3151 424 Hinc
3184 366 3317 424 Levi
3348 369 3557 442 tribus,
3591 389 3841 431 assum-

403 464 648 520 credant
679 459 1017 517 nullatenus
1041 457 1343 513 inferenda
1360 460 1448 510 est
1481 473 1494 510 :
1529 469 1666 508 nam
1701 467 1874 507 omne
1897 449 2053 520 quod

402 570 470 609 ex
498 557 626 608 voto
659 568 772 607 non
805 554 914 616 est,
949 549 1166 604 bonum
1191 562 1315 601 esse
1346 561 1460 599 non
1495 547 1704 616 potest.

403 666 535 719 CAP.
567 661 658 715 87.
691 689 760 699 —
787 658 903 712 Non
945 671 1062 709 esse
1089 652 1482 708 comedendum
1529 651 1748 705 animal
1793 647 1931 720 quod
1955 663 2054 715 pa-

522 748 698 804 ganus
724 731 806 784 vel
835 726 1117 790 occiderit,
1153 725 1232 779 vel
1267 723 1542 778 insecutus
1572 722 1669 791 sit,
1703 737 1822 792 cap.
1857 721 1946 774 91.

473 823 670 892 Neque
702 818 854 890 quod
882 815 1252 871 Christianus
1273 812 1666 884 persequitur,
1693 815 1750 866 et
1776 827 1809 864 a
1828 825 2054 880 pagano

401 909 727 983 percutitur
752 910 808 961 et
838 903 1126 959 occiditur
1149 901 1382 970 ,animal
1419 919 1431 956 :
1467 916 1656 971 neque
1688 898 1842 970 quod
1876 914 2053 968 paga—

400 1016 512 1054 nus
544 993 937 1068 persequitur,
971 997 1027 1048 et
1076 990 1445 1047 Christianus
1493 988 1708 1044 occidit
1739 985 2050 1042 comeden-

403 1088 546 1141 dum
579 1088 686 1139 est.

402 1183 530 1237 CAP.
563 1181 652 1235 88.
686 1211 752 1220 —
783 1180 857 1234 Ne
887 1179 991 1244 sol,
1023 1175 1174 1233 velut
1219 1177 1419 1244 sancti,
1452 1174 1860 1231 venerationem
1903 1170 2050 1226 acci-

465 1253 604 1324 piat.
638 1254 719 1306 Ea:
745 1243 1134 1324 s_erm._Leoni_s
1158 1263 1338 1324 papa},
1477 1247 1657 1301 [καὶαι.
1681 1245 1926 1324 Domini,
1959 1243 2053 1312 qui

463 1314 546 1380 sic
603 1322 800 1463 incipit
842 1341 860 1375 :
914 1314 1268 1376 Festivitati's
1319 1314 1636 1388 hodiernae,
1692 1321 1793 1372 etc.
1851 1314 2048 1386 (Serm.

465 1412 567 1462 vn,
602 1411 649 1450 c.
748 1433 760 1446 .

476 1437 567 1462 ...,
602 1437 649 1450 ν.
695 1437 760 1463 -,.

462 1483 741 1542 Nonnulli
773 1483 947 1537 etiam
980 1480 1295 1535 Christiani
1319 1480 1462 1534 adeo
1487 1496 1548 1534 se
1569 1477 1840 1547 religiose
1862 1476 2052 1530 facere

392 1582 625 1651 putant,
660 1578 724 1627 ut
753 1573 1100 1643 priusquam
1133 1571 1202 1624 ad
1238 1570 1388 1624 beati
1423 1569 1570 1624 Petri
1614 1566 1858 1639 apostoli
1894 1564 2047 1620 basi-

395 1666 593 1732 licam,
627 1679 755 1735 quze
787 1660 886 1715 uni
924 1664 1034 1714 Deo
1066 1659 1192 1713 vivo
1223 1662 1282 1712 et
1309 1674 1442 1712 vero
1476 1657 1742 1711 dedicata
1771 1660 1878 1720 est,
1916 1670 2050 1726 per-

394 1727 661 1818 veniant:
688 1749 984 1821 superatis
1033 1747 1317 1819 gradibus
1350 1746 1567 1817 quibus
1599 1746 1668 1799 ad
1705 1747 2050 1813 suggestum
2082 1727 2128 1791 Β

397 1859 508 1899 arte
540 1839 860 1912 superioris
891 1836 1248 1900 ascenditur,
1266 1851 1544 1889 converso
1567 1849 1806 1905 corpore
1827 1833 1897 1888 ad
1919 1849 2046 1886 nas-

394 1938 620 1988 centem
669 1947 730 1985 se
776 1931 956 1983 solem
1005 1929 1346 1981 convertant
1393 1924 1735 1993 [reflectant,
1767 1923 1958 1992 orig.],
1992 1926 2048 1976 et

393 2018 649 2076 curvatis
680 2016 1005 2072 cervicibus
1035 2015 1094 2068 in
1129 2014 1406 2068 honorem
1459 2029 1521 2068 se
1565 2011 1855 2084 splendidi
1889 2011 2048 2065 orbis

392 2110 698 2165 inclinent.
733 2107 896 2171 Quod
929 2106 1054 2160 ﬁeri
1089 2104 1298 2175 partim
1346 2103 1690 2175 ignorantiae
1720 2102 1882 2167 vitio,
1916 2117 2047 2172 par-

393 2200 500 2255 tim
534 2196 887 2270 paganitatis
927 2194 1138 2266 spiritu
1185 2191 1436 2248 multum
1469 2192 1829 2247 tabescimus
1860 2195 1916 2246 et
1946 2191 2046 2244 do-

396 2288 611 2344 lemus.

396 2385 527 2440 CAp.
560 2385 649 2438 89.
688 2414 751 2423 -
788 2381 936 2449 Quod
966 2396 1131 2450 opera
1150 2395 1261 2435 non
1287 2381 1496 2450 prosint
1519 2380 1638 2434 sine
1664 2377 1788 2447 ﬁde.
1823 2379 2045 2448 August.

823 2455 896 2509 De
935 2455 1090 2508 Trin.
1125 2453 1228 2507 lib.
1272 2468 1373 2514 xu,
1406 2467 1528 2521 cap.
1567 2451 1622 2506 7.

465 2553 654 2626 Opera
683 2549 1100 2608 misericordias
1150 2547 1297 2602 nihil
1348 2551 1614 2620 prosunt,
1649 2547 1769 2602 sive
1805 2545 2050 2617 paganis

398 2643 518 2700 sive
547 2642 766 2697 Judaeis
799 2638 897 2711 qui
925 2638 1156 2694 Christo
1187 2654 1301 2692 non
1352 2637 1618 2700 credunt,
1652 2635 1771 2690 sive
1803 2636 2047 2706 quibus-

398 2748 630 2803 cunque
659 2729 946 2784 haereticis
978 2733 1034 2783 et
1065 2725 1486 2792 schismaticis,
1519 2725 1619 2780 ubi
1652 2725 1795 2779 fides
1825 2729 1881 2779 et
1905 2724 2051 2780 dile-

399 2824 513 2876 ctio
546 2825 602 2874 et
632 2819 830 2874 sobria
859 2816 1244 2872 sanctificatio
1277 2831 1392 2870 non
1423 2814 1738 2869 invenitur.

398 2930 533 2984 CAP.
564 2926 654 2980 90.
687 2955 757 2964 —-
789 2925 860 2977 De
893 2922 1132 2977 vitandis
1177 2921 1417 2975 inimicis
1467 2919 1690 2974 Christi.
1722 2921 1955 2975 Joannes
1987 2924 2056 2976 IX

472 2998 638 3068 (VII)
681 2994 1071 3068 Neapolitanis,
1152 2991 1530 3047 Salernitanis
1588 2991 1938 3063 [Falerianis]
2000 3003 2054 3048 et

474 3065 901 3138 )lmalphitanis.

2165 450 2282 522 ptis
2314 451 2526 522 gladiis
2567 470 2670 525 per
2717 459 3043 510 castrorum
3097 457 3292 513 media
3338 460 3656 530 transiens,
3689 464 3846 535 quia

2166 540 2444 597 feriendis
2476 542 2664 598 noluit
2711 545 3116 615 peccatoribus
3165 564 3426 618 parcere,
3458 549 3576 606 Deo
3608 567 3842 609 manus

2165 647 2305 685 suas
2338 631 2494 686 dicta
2525 637 2614 687 est
2641 649 3018 690 consecrasse
3049 637 3235 704 (Exod.
3269 641 3450 707 xxxn)
3479 655 3492 693 :
3528 640 3665 696 hinc
3689 643 3837 698 Phi-

2166 735 2304 774 nees
2333 721 2702 791 peccantium
2737 723 2954 778 civium
2985 723 3235 795 gratiam
3267 743 3576 798 spernens,
3607 745 3838 785 coeun-

2163 811 2249 863 tes
2277 825 2411 863 cum
2442 809 2774 866 Madianitis
2803 811 3071 883 perculit,
3094 817 3150 868 et
3182 813 3329 870 iram
3362 814 3464 872 Dei
3489 816 3674 872 iratus
3696 819 3836 890 pla-

2163 899 2317 953 cavit
2345 899 2533 966 (Num.
2564 900 2716 969 xxv).

2199 995 2330 1050 CAP.
2359 996 2450 1051 91.
2484 1025 2566 1073 -—-_
2587 996 2650 1052 Ut
2677 996 3002 1073 baptizatus
3023 1015 3068 1073 να
3109 1001 3344 1070 paganis
3375 1002 3792 1073 rebaptizetur.

2527 1070 2752 1138 Gregor.
2783 1071 2832 1124 Il
2864 1068 3154 1140 Boni/acia
3185 1073 3451 1144 episcopo.

2235 1157 2396 1223 Quod
2431 1172 2464 1209 υ.
2494 1156 2737 1227 paganis
2767 1157 3095 1228 baptizatos
3126 1175 3255 1214 esse
3285 1161 3616 1229 asseruisti,
3648 1163 3695 1218 si
3746 1163 3835 1220 ita

2161 1246 2432 1312 habetur,
2467 1251 2531 1300 ut
2561 1246 2753 1302 denuo
2774 1247 3032 1320 baptizes
3055 1248 3114 1303 in
3139 1249 3376 1304 nomine
3398 1250 3458 1305 S.
3484 1251 3831 1322 Trinitatis,

2163 1336 2536 1392 mandamus.
2570 1335 2701 1392 Item
2733 1337 2909 1408 (epist.
2950 1339 3056 1405 14).
3091 1343 3166 1393 De
3194 1337 3590 1398 immolatitiis
3621 1349 3830 1400 autem

2162 1425 2313 1482 escis
2342 1425 2716 1495 consuluisti,
2746 1427 2795 1482 si
2824 1445 2858 1483 a
2886 1428 3161 1484 ﬁdelibus
3194 1431 3622 1502 superductum
3647 1433 3835 1490 fuerit

2161 1519 2398 1574 vivificos
2448 1521 2640 1574 crucis
2673 1519 2932 1590 signum,
2984 1521 3077 1576 edi
3107 1518 3334 1589 liceret,
3386 1539 3458 1576 an
3494 1540 3632 1578 non.
3669 1523 3828 1579 Illud

2161 1608 2380 1664 sufﬁcit
2412 1608 2786 1679 respondere,
2819 1610 2976 1679 quod
3027 1610 3232 1665 beatus
3267 1611 3573 1681 apostolus
3609 1614 3829 1670 Paulus

2161 1696 2302 1751 dicit
2341 1696 2386 1766 (I
2415 1696 2540 1752 Cor.
2576 1696 2634 1763 χ)
2666 1712 2678 1750 :
2710 1696 2765 1750 Si
2798 1697 2932 1768 quis
2982 1697 3194 1753 dixerit
3224 1699 3362 1770 quia
3407 1701 3516 1756 hoc
3547 1703 3830 1759 immola-

2158 1789 2284 1840 tum
2315 1790 2404 1839 est
2429 1783 2625 1850 idolis,
2660 1785 2839 1840 nolite
2885 1786 3052 1842 cdere
3103 1792 3340 1858 prepter
3369 1804 3503 1844 eum
3536 1791 3638 1862 qui
3670 1791 3826 1848 indi-

2156 1871 2326 1939 cavit,
2359 1876 2416 1927 et
2447 1877 2684 1944 propter
2715 1874 3162 1931 conscientiam.

2156 1982 2288 2034 CAP.
2320 1977 2408 2030 92.
2443 2009 2511 2018 —-
2559 1981 2619 2035 Ut
2663 1980 2769 2034 soli
2815 1980 3106 2035 orthodoxi
3132 1982 3392 2037 militent.
3444 1987 3529 2038 Ba:
3559 1983 3820 2042 historia

2262 2051 2546 2105 Anastasii
2578 2051 2994 2107 Bibliothecarii
3024 2053 3078 2107 S.
3115 2053 3376 2110 Romanae
3409 2053 3706 2112 Ecclesiae.

2226 2137 2418 2192 Tertio
2466 2137 2696 2208 imperii
2743 2139 2833 2193 sui
2881 2156 3032 2194 anno
3081 2139 3461 2197 Justinianus
3505 2147 3822 2214 Augustus

2158 2226 2553 2300 promulgavit
2597 2226 2807 2299 legem,
2843 2246 2914 2284 ne
2962 2229 3282 2285 militarent
3312 2231 3525 2302 pagani
3559 2249 3664 2288 nec
3695 2233 3822 2289 hae-

2159 2316 2345 2383 retici,
2379 2315 2494 2370 nisi
2525 2314 2634 2371 soli
2667 2315 2998 2372 orthodoxi.

2159 2427 2294 2483 CAP.
2325 2425 2417 2479 93.
2453 2455 2518 2466 -ο
2547 2424 2852 2480 Servitium
2885 2425 3092 2481 Christi
3133 2427 3515 2482 voluntarium
3545 2444 3676 2492 esse,
3708 2445 3826 2485 non

2229 2498 2554 2622 coagéivum.
2615 2497 2765 2552 Beda
2821 2499 2882 2552 in
2939 2497 3185 2554 Historia
3241 2499 3569 2570 Anglorum,
3626 2501 3726 2556 lib.
3785 2519 3825 2568 ι,

2231 2585 2279 2622 c.
2395 2610 2406 2622 .

2231 2585 2279 2623 ο.
2316 2585 2406 2622 ΖΟ.

2232 2657 2605 2712 Credentium
2629 2657 2761 2712 fidei
2780 2661 2837 2712 et
2852 2657 3218 2714 conversioni
3252 2657 3333 2714 ita
3364 2659 3816 2731 congratulatus

2161 2764 2260 2803 rex
2286 2763 2414 2802 esse
2449 2745 2808 2818 perhibetur,
2841 2752 2898 2801 et
2945 2747 3070 2818 ipse
3120 2764 3458 2813 conversus,
3491 2754 3557 2804 ut
3588 2750 3823 2806 nullum

2161 2840 2357 2892 tamen
2407 2839 2637 2906 cogeret
2695 2836 2767 2890 ad
2813 2835 3354 2907 Christianismum,
3401 2838 3502 2892 sed
3555 2843 3822 2894 tantum-

2164 2926 2334 2981 modo
2365 2926 2667 2980 credentes
2699 2925 2928 2980 arctiori
2980 2925 3313 2993 dilectione,
3347 2927 3514 2997 quasi
3549 2929 3822 2985 concives

2163 3013 2277 3069 sibi
2309 3013 2473 3086 regni
2520 3013 2770 3068 cmlestis
2817 3011 3287 3084 amplecteretur.
3343 3013 3633 3070 Didicerat
3663 3016 3821 3071 enim

2085 3099 2127 3164 C
2166 3119 2200 3157 a
2266 3102 2600 3157 doctoribus
2667 3103 3126 3174 auctoribusque
3193 3120 3306 3158 suae
3372 3103 3580 3160 salutis
3648 3106 3826 3161 servi-

474 3163 844 3220 δοηεθίθαίίδ
887 3165 1092 3262 “sua?
1123 3160 1181 3258 i9
1231 3159 1478 3257 Christo,
1512 3159 2056 3260 δίιθθίίίῗθίδᾸυθίθ
2095 3159 2127 3164 ᾗ
2165 3191 2313 3245 tium
2371 3191 2586 3247 Christi
2645 3159 3069 3262 voluntarium,
3126 3209 3242 3248 non
3307 3159 3670 3248 coactivumri
3690 3159 3825 3250 esse

400 3250 686 3320 dijudicet
715 3253 999 3320 quantum
1031 3247 1262 3302 Christo
1296 3246 1482 3302 aversi
1513 3252 1653 3301 sunt
1685 3247 1742 3300 hi
1785 3247 1886 3318 qui
1917 3265 2052 3304 cum

405 3343 531 3412 ejus
559 3337 900 3394 infidelibus
946 3342 1151 3391 contra
1198 3335 1655 3406 prohibitionem
1708 3335 1872 3390 Pauli
1904 3338 2054 3392 tanti

399 3429 648 3503 apostoli
702 3428 772 3498 (II
797 3426 922 3481 Cor.
956 3430 1033 3497 v1)
1084 3424 1364 3496 pollutam
1409 3424 1635 3478 foederis
1683 3424 1887 3480 ineunt
1921 3428 2054 3481 uni—

397 3524 598 3574 tatem.
646 3519 790 3572 Cum
839 3514 996 3569 enim
1029 3515 1185 3585 regis
1235 3512 1656 3569 rebellionibus
1705 3530 2055 3586 quocunque

398 3601 707 3675 participio
741 3602 1206 3672 conjunguntur,
1238 3601 1455 3669 pariter
1499 3599 1824 3668 majestatis
1855 3600 2054 3654 crimi-

400 3689 1202 3760 nibusobnoxiijudicantur,
1219 3689 1461 3758 parique
1483 3689 2056 3744 sententiacondem-

403 3786 621 3835 nentur
673 3776 1086 3849 [puniuntur];
1132 3782 1416 3846 quantum
1469 3792 1502 3830 a
1550 3792 1791 3846 corpore
1838 3777 2054 3832 Christi

397 3868 723 3940 probantur
779 3864 1056 3931 extranei,
1106 3864 1206 3933 qui
1255 3864 1384 3933 ejus
1441 3863 1712 3918 hostibus
1759 3864 2050 3932 foederati,

393 3957 660 4012 membra
689 3954 878 4025 ipsius
907 3956 1071 4007 tanto
1092 3950 1492 4021 .perniciosius
1518 3951 1797 4020 lacerant,
1831 3957 2054 4022 quanto

391 4044 643 4100 vicinius
681 4039 940 4097 ecclesiae
978 4039 1074 4095 Dei
1115 4038 1530 4093 colliminant?
1574 4041 1722 4094 Item.
1754 4039 2052 4102 Quantum

394 4140 592 4190 autem
622 4133 736 4188 Deo
769 4133 844 4187 sit
873 4127 1228 4185 exsecrabile
1259 4143 1392 4182 cum
1427 4127 1608 4197 impio
1661 4127 1877 4182 foedera
1909 4145 2053 4198 pan:

395 4238 552 4293 gere,
583 4219 912 4276 luculenter
940 4235 1008 4273 ex
1029 4217 1140 4272 hoc
1163 4215 1623 4287 deprehenditur
1656 4231 1669 4269 :
1702 4215 1854 4286 quod
1885 4215 2053 4270 Josa-

395 4310 539 4380 phat
566 4325 666 4364 rex
691 4309 866 4375 Juda,
900 4308 1000 4378 qui
1049 4311 1136 4361 tot
1166 4307 1236 4360 de
1284 4309 1550 4360 anteacta
1598 4304 1711 4359 vita
1747 4305 2054 4375 preconiis

394 4397 716 4462 extollitur,
747 4397 816 4451 de
861 4395 1055 4450 Achab
1105 4394 1382 4449 amicitiis
1428 4394 1786 4465 increpatur,
1834 4410 1967 4448 cum
1999 4394 2051 4448 ei

2166 3378 2297 3454 CAP.
2331 3381 2422 3454 9ft.
2461 3411 2529 3454 -—A
2556 3384 2636 3436 De
2673 3379 2960 3436 exactione
3007 3381 3063 3434 in
3095 3381 3387 3454 (rusticum
3415 3397 3706 3454 paganum
3737 3387 3824 3454 fa.-

2236 3451 2446 3506 cienda.
2501 3451 2795 3519 Gregorius
2856 3453 3133 3509 Januario
3188 3451 3443 3523 episcopo
3492 3451 3825 3510 'Calaritano

2236 3524 2356 3593 (lib.
2387 3539 2472 3587 ιιι,
2505 3523 2664 3593 epist.
2696 3525 2811 3592 26).

2232 3611 2288 3664 Si
2307 3611 2623 3681 cujuslibet
2648 3610 2902 3683 episcOpi
2927 3627 3219 3682 paganum
3244 3612 3534 3667 rusticum
3557 3612 3820 3668 invenire

2163 3704 2384 3772 potero,
2415 3701 2473 3754 in
2523 3701 2794 3756 eumdem
2843 3699 3184 3771 episcopum
3231 3700 3462 3756 fortiter
3510 3701 3821 3758 vindicabo

2163 3790 2274 3858 (23,
2308 3807 2359 3859 q.
2391 3789 2445 3858 6,
2476 3805 2522 3843 c.
2553 3793 2683 3846 Jam
2711 3788 2880 3857 vero).
2927 3788 3058 3843 Jam
3107 3805 3240 3844 vero
3269 3788 3317 3843 si
3353 3788 3612 3845 rusticus
3642 3795 3819 3845 tantae

2165 3877 2338 3933 fuerit
2358 3877 2607 3950 perfidiae
2627 3882 2682 3933 et
2699 3877 3113 3933 obstinationis
3134 3878 3425 3946 inventus,
3451 3883 3518 3934 ut
3539 3881 3612 3934 ad
3638 3883 3818 3935 Deum

2165 3967 2406 4021 minime
2451 3966 2648 4021 venire
2697 3965 3045 4034 consentiat,
3098 3970 3255 4021 tanto
3306 3967 3605 4037 pensionis
3647 3985 3820 4024 onere

2163 4055 2495 4126 gravandus
2517 4059 2624 4121 est,
2651 4059 2715 4109 ut
2738 4055 2862 4126 ipsa
2889 4053 3209 4110 exactionis
3231 4071 3347 4110 suae
3366 4071 3537 4126 poma
3560 4056 3819 4129 compcl-

2165 4142 2320 4197 latur
2348 4143 2419 4197 ad
2453 4143 2867 4198 rectitudinem
2903 4142 3200 4198 festinare.

2164 4249 2299 4304 CAP.
2330 4250 2401 4304 95
2430 4249 2585 4320 (Vide
2627 4266 2793 4320 supra
2822 4265 2867 4303 c.
2902 4249 3016 4318 32).
3051 4279 3120 4288 —
3152 4249 3229 4304 De
3275 4249 3391 4304 zelo
3428 4253 3619 4305 contra
3647 4251 3818 4306 culto-

2234 4337 2321 4375 res
2353 4319 2630 4375 idolorum
2659 4319 2756 4376 eeu
2799 4323 3081 4391 aruspices
3111 4320 3384 4376 habendo.
3416 4325 3579 4392 Greg.
3621 4323 3822 4378 Janua-

2231 4392 2321 4447 rio
2349 4392 2603 4463 episcOpo
2633 4391 2914 4448 Sardian
2939 4393 3064 4463 (tib.
3101 4409 3203 4461 vn,
3233 4394 3395 4463 epist.
3430 4391 3541 4463 66);

393 4503 498 4558 per
524 4484 674 4539 Jehu
704 4483 987 4555 propheta
1012 4482 1224 4538 dicitur
1258 4499 1270 4537 :
1305 4483 1476 4554 lmpio
1503 4463 1721 4553 praebes
1744 4482 2053 4548 auxilium,
2086 4463 2133 4527 Ι)
2235 4482 2448 4538 Contra
2476 4482 2766 4538 idolorum
2809 4497 3044 4554 quoque
3090 4481 3368 4547 cultores,
3401 4483 3486 4539 vel
3521 4483 3821 4554 aruspices

393 4580 444 4630 et
503 4573 587 4628 his

398 4663 466 4732 (ll
500 4662 651 4717 Psal.
675 4663 816 4728 xxx).
843 4661 910 4716 Et
934 4660 1150 4716 idcirco
1174 4661 1320 4716 iram
1347 4661 1581 4730 quidem
1609 4659 1838 4716 Domini
1873 4677 2055 4716 mere-

397 4752 578 4821 baris,
611 4752 711 4806 sed
745 4751 898 4806 bona
928 4767 1103 4820 opera
1154 4750 1389 4805 inventa
1435 4755 1573 4805 sunt
1601 4749 1661 4804 in
1695 4754 1772 4815 te,
1806 4766 1872 4805 eo
1903 4750 2055 4820 quod

394 4839 721 4897 abstuleris
754 4837 919 4893 lucos
950 4839 1021 4893 de
1066 4843 1223 4894 terra
1248 4839 1420 4894 Juda.
1454 4839 1748 4902 Quantum
1782 4841 2058 4908 praeterea

399 4931 477 4986 sit
507 4930 624 4985 Deo
658 4925 999 4983 delectabile
1039 4927 1110 4982 ab
1161 4929 1536 4984 inimicorum
1570 4927 1664 4982 Dei
1697 4943 1837 4998 pace
1868 4926 2054 4982 desis-

395 5022 538 5087 tere,
565 5021 764 5072 noster
796 5013 1294 5085 Psalmographus
1327 5015 1683 5081 manifestat,
1709 5031 1843 5070 cum
1879 5015 2050 5071 dicit:

391 5107 582 5163 Nonne
604 5105 702 5178 qui
741 5105 974 5160 oderant
995 5108 1072 5170 te,
1115 5103 1359 5171 Domine,
1383 5102 1778 5172 oderamillos,
1812 5109 1862 5158 et
1889 5121 2055 5175 super

394 5196 654 5253 inimicos
687 5198 806 5249 tuos
835 5193 1173 5248 tabescebam
1194 5195 1218 5244 .9
1240 5192 1480 5261 perfecto
1509 5190 1630 5246 odio
1659 5192 1885 5247 oderam
1905 5193 2047 5260 illos,

390 5285 612 5342 inimici
637 5285 775 5355 lacti
803 5290 930 5337 sunt
971 5282 1122 5336 mihi
1148 5281 1322 5352 (Psal.
1355 5281 1650 5350 cxxxvux).
1684 5283 1762 5334 Ex
1793 5297 1928 5350 quo,
1959 5281 2048 5334 di-

390 5373 702 5430 lectissimi
739 5371 864 5439 filii,
889 5374 1156 5442 patenter
1176 5368 1530 5438 ostenditur,
1563 5373 1782 5438 quanto
1805 5368 2049 5424 crimine

392 5478 526 5518 curn
562 5460 834 5534 pessimis
866 5476 976 5532 pax
1008 5463 1262 5528 tenetur,
1293 5458 1343 5513 si
1391 5457 1676 5529 propheta
1707 5461 1904 5512 tantus
1937 5458 2046 5513 hoc

663 4573 761 4644 qui
815 4571 1052 4628 oderunt
1127 4571 1422 4626 Dominum
1497 4571 1752 4626 amicitia
1811 4571 2060 4642 Jungeris
2168 4575 2343 4643 atque
2366 4571 2677 4642 sortilegos
2701 4571 3124 4626 fraternitatem
3148 4577 3402 4627 vestram
3423 4571 3819 4629 vehementius

2168 4659 2444 4733 pastorali
2488 4660 2795 4716 hortamur
2843 4659 3149 4732 invigilare
3196 4661 3482 4732 custodia,
3513 4667 3691 4734 atque
3721 4680 3820 4734 pu-

2167 4749 2316 4805 blice
2347 4749 2405 4803 in
2440 4748 2653 4822 populo
2703 4752 2908 4805 contra
2955 4749 3136 4819 hujus
3167 4749 3248 4804 rei
3296 4749 3453 4806 viros
3483 4765 3813 4806 sermonem

2167 4838 2378 4906 facere,
2410 4854 2626 4910 eosque
2643 4856 2677 4894 a
2701 4839 2850 4894 tanti
2868 4837 2996 4893 labe
3025 4837 3316 4908 sacrilegii
3341 4843 3398 4894 et
3421 4837 3601 4894 divini
3632 4839 3815 4895 inten-

2166 4927 2385 4984 tatione
2409 4928 2640 4998 judicii,
2670 4933 2728 4982 et
2758 4925 3065 4999 praesentis
3102 4926 3235 4982 vita:
3263 4927 3518 4998 periculo
3551 4927 3814 4984 adhorta-

2163 5016 2322 5071 tione
2353 5033 2623 5087 suasoria
2670 5030 2956 5070 revocare.
3009 5015 3164 5079 Quos
3195 5017 3388 5070 tamen
3422 5015 3472 5070 si
3506 5016 3815 5072 emendare

2165 5121 2226 5159 se
2258 5122 2292 5160 a
2321 5105 2539 5160 talibus
2570 5108 2743 5174 atque
2763 5104 3055 5176 corrigere
3079 5102 3232 5159 nolle
3264 5103 3574 5176 repereris,
3593 5105 3813 5160 ferven-

2160 5193 2204 5246 ti
2256 5192 2750 5263 comprehendere
2803 5191 2923 5248 zelo
2973 5196 3030 5247 te
3060 5191 3354 5261 volumus,
3386 5197 3445 5248 et
3483 5192 3531 5248 si
3580 5193 3813 5264 quidem

2162 5282 2311 5338 servi
2363 5285 2522 5350 sunt,
2570 5280 2910 5336 verberibus
2957 5279 3437 5353 cruciatibusque
3483 5281 3702 5352 quibus
3739 5283 3809 5337 ad

2159 5370 2630 5425 emendationem
2657 5369 2961 5442 pervenire
2984 5368 3562 5442 valeant,castigare.
3595 5371 3655 5426 Si
3683 5387 3810 5427 vero

2158 5463 2297 5515 sunt
2330 5457 2519 5529 liberi,
2564 5459 2893 5515 inclusione
2943 5458 3122 5532 digna
3160 5457 3545 5532 districtaque
3585 5462 3807 5517 suntin

392 5549 552 5605 velut
580 5551 639 5604 in
675 5549 926 5605 hostiam
959 5552 1074 5604 Deo
1096 5547 1326 5618 obtulit,
1351 5548 1452 5619 qui
1476 5552 1680 5603 contra
1711 5563 1917 5619 pravos
1939 5564 2043 5618 pro
2153 5547 2497 5620 pmnite'ntia
2525 5549 2833 5621 religandi.
