4002 6054
229 275 342 328 777

1058 279 1370 333 DECRETI
1406 281 1594 333 PARS
1630 278 1732 331 XI.
1769 305 1833 315 —
1870 278 1965 329 DE
2000 278 2646 353 INCANTATORIBUS,
2685 287 2843 339 ETC.

3539 292 3647 347 778

232 400 371 456 CAP.
405 398 494 452 96.
529 428 598 437 —-
635 398 704 452 De
737 396 1358 486 idgtothy'tisznAmbros.
1393 401 1452 455 in
1490 404 1535 456 Ι.
1591 407 1751 469 epist.
1816 397 1885 453 ad
1916 400 1969 466 Α
2000 398 2058 453 in
2086 416 2436 475 quocunque
2467 405 2622 460 enim
2655 422 2830 478 opera
2862 406 3077 462 diaboli
3111 409 3327 467 fuerint
3383 413 3643 486 inventa,

784 468 1032 524 Corinth.
1058 471 1216 542 (Cap.
1258 473 1339 541 Χ).

1995 487 2121 543 sine
2152 490 2331 546 dubio
2364 493 2633 549 diabolus
2657 494 3045 566 appellandus
3103 504 3210 554 est.
3244 499 3448 573 Operis
3482 506 3642 563 enim

308 558 466 612 Licet
499 556 721 628 aliquid
745 556 1038 628 pollutum
1061 558 1136 613 sit
1154 575 1256 629 per
1287 559 1694 626 accidentium,
1720 558 1775 612 id
1801 561 1889 612 est
1997 592 2210 634 nomen
2242 583 2347 644 est,
2384 599 2495 637 non
2530 556 2773 638 ηθιιηῖδέ,

233 646 591 702 oblationem
623 645 788 712 idoli,
821 663 954 701 cum
987 646 1097 702 hoc
1130 651 1326 703 tamen
1359 648 1541 704 nescit
1591 646 1691 718 qui
1725 647 1888 716 emit,

234 735 467 791 nullum
501 734 724 806 patitur
783 734 1151 807 scrupulum,
1202 740 1259 791 et
1316 737 1470 808 apud
1530 735 1715 791 Deum
1775 735 1887 790 im-

232 824 434 878 munis
466 828 573 878 est.

228 926 357 976 Car.
384 920 473 975 97.
508 950 572 961 —
608 920 749 988 Quit
778 922 878 976 sit:
915 921 1053 977 Dies
1078 921 1402 978 observatis
1421 927 1477 978 et
1501 938 1753 989 menses,
1781 925 1880 977 etc.

305 997 421 1066 Em.
455 1007 620 1066 senm.
654 991 931 1066 Ambrosii
968 992 1035 1048 de
1067 993 1497 1066 Quadragcsima
1526 996 1623 1066 qui
1659 995 1739 1048 sic
1796 992 1884 1047 in-

305 1062 449 1134 cipit
475 1080 492 1116 :
530 1061 892 1118 Intellexisse
914 1079 1015 1118 vos
1046 1065 1219 1137 (106).

307 1151 634 1206 Observant
663 1152 820 1205 diem
851 1155 908 1205 et
939 1167 1226 1222 mensem,
1249 1152 1348 1224 qui
1373 1152 1649 1208 Kalendis
1668 1152 1885 1207 Janua-

234 1240 305 1296 rii
330 1245 434 1297 aut
448 1241 868 1311 nonjejunant,
886 1246 987 1295 aut
1003 1258 1113 1296 non
1131 1244 1453 1313 procedunt
1468 1244 1537 1298 ad
1554 1242 1883 1309 ecclesiam,

236 1330 336 1386 sed
358 1329 685 1401 procedunt
706 1330 775 1385 ad
801 1346 1098 1401 campum.
1123 1331 1293 1403 Ergo,
1322 1333 1553 1401 fratres,
1583 1332 1740 1387 omni
1767 1336 1887 1386 stu-

236 1419 332 1473 dio
359 1418 670 1490 gentilium
703 1418 1052 1475 festivitates
1082 1423 1140 1475 et
1184 1419 1358 1475 ferias
1407 1419 1788 1490 declinemus,
1822 1422 1887 1474 ut

233 1508 473 1578 quando
496 1506 580 1562 illi
615 1506 931 1579 epulantur
960 1512 1019 1563 et
1042 1507 1159 1563 laeti
1191 1513 1352 1575 sunt,
1386 1513 1528 1564 tunc
1560 1526 1668 1564 nos
1694 1509 1885 1563 simus

234 1595 418 1651 sobrii
448 1598 621 1667 atque
644 1594 877 1667 jejuni:
913 1612 1029 1667 quo
1051 1595 1386 1669 intelligant
1412 1596 1678 1653 laetitiam
1713 1613 1881 1652 suam

231 1688 438 1740 nostra
467 1684 829 1740 abstinentia
860 1685 1260 1741 condemnari.
1297 1686 1421 1741 Non
1456 1688 1649 1742 solum
1682 1690 1881 1741 autem

233 1772 568 1847 gentilium,
603 1774 701 1829 sed
727 1776 785 1829 et
813 1774 1151 1830 Judmorum
1185 1776 1480 1831 consortia
1495 1776 1679 1831 vitare
1710 1775 1879 1829 debe-
1909 1767 1957 1831 Β

233 1877 666 1933 mus,quorum
698 1861 874 1918 etiam
907 1862 1305 1918 confabulatio
1347 1869 1438 1919 est
1494 1879 1701 1934 magna
1750 1860 1876 1933 pol-

231 1952 403 2007 lutio.

240 2051 378 2106 ΟΑΡ.
402 2050 493 2103 98.
527 2080 592 2091 —
624 2050 701 2105 Ne
748 2048 1054 2104 Christiani
1082 2049 1145 2105 de
1175 2065 1306 2104 area
1352 2050 1438 2104 vel
1469 2049 1736 2104 torculari
1780 2065 1878 2105 suo

308 2120 524 2192 aliquid
579 2120 650 2175 ad
696 2120 1103 2175 immolandum
1158 2121 1321 2176 idolis
1361 2123 1513 2176 sumi
1554 2122 1874 2191 patiantur.

306 2194 537 2262 August.
565 2192 635 2247 ad
665 2192 1015 2247 Publicolam
1046 2193 1223 2263 (epist.
1261 2192 1404 2261 154).

307 2280 367 2336 Si
400 2281 471 2335 de
501 2296 637 2334 area
664 2280 755 2334 vel
787 2279 1063 2335 torculari
1095 2279 1318 2335 tollitur
1349 2279 1569 2351 aliquid
1602 2281 1671 2335 ad
1701 2280 1878 2335 sacri-

235 2369 368 2425 ficia
398 2368 823 2425 daemoniorum
857 2368 1078 2425 sciente
1100 2368 1451 2439 Christiano,
1478 2369 1607 2425 ideo
1630 2369 1711 2438 [in
1743 2370 1878 2441 Deo]

236 2462 436 2528 peccat
465 2458 514 2513 si
539 2457 661 2513 ﬁeri
681 2457 1082 2529 permittitubi
1106 2457 1455 2529 prohibendi
1488 2463 1743 2529 potestas
1767 2462 1877 2513 est.

235 2546 398 2609 Quod
432 2546 481 2601 si
513 2546 731 2601 factum
755 2563 870 2602 non
898 2546 1202 2617 comperit,
1222 2546 1687 2617 autprohibendi
1720 2551 1880 2616 pote-

236 2638 450 2689 statem
483 2650 597 2689 non
650 2633 882 2703 habuit,
915 2634 1101 2688 utitur
1159 2634 1396 2689 mundis
1457 2633 1703 2705 reliquis
1759 2635 1884 2688 fru-

234 2722 449 2792 ctibus,
474 2722 630 2778 unde
645 2721 743 2777 illa
763 2721 999 2777 sublata
1020 2727 1180 2777 sunt.
1204 2724 1335 2777 Item
1361 2722 1573 2778 Ibidem
1594 2723 1880 2793 aliquanto

232 2815 373 2883 post.
405 2811 461 2864 Si
494 2810 629 2882 quis
646 2811 715 2866 de
737 2809 937 2882 aliqua
958 2826 1129 2866 carne
1150 2810 1401 2876 dubitat,
1438 2814 1637 2865 utrum
1669 2811 1749 2864 sit
1778 2810 1883 2864 im-

238 2897 549 2969 molatitia,
583 2904 641 2954 et
670 2915 784 2954 non
816 2903 905 2954 est
926 2896 1317 2966 immolatitia,
1350 2898 1452 2953 sed
1484 2913 1614 2953 eam
1664 2899 1881 2970 cogita-

236 2988 460 3044 tionem
489 2987 745 3043 tenuerit
771 2987 925 3058 quod
959 2986 1357 3057 immolatitia,
1390 3004 1506 3042 non
1556 2986 1656 3055 sit,
1716 2991 1773 3041 et
1816 3003 1884 3042 ea

238 3079 529 3140 vescatur,
564 3090 678 3129 non
710 3073 915 3144 utique
943 3078 1170 3145 peccat:
1195 3074 1334 3145 quia
1356 3091 1470 3129 non
1501 3078 1608 3139 est,
1633 3090 1737 3129 nec
1770 3091 1879 3145 pu-

238 3167 400 3218 tatur
421 3164 546 3233 jam
577 3161 972 3231 immolatitia,
997 3162 1105 3217 etei
1132 3165 1304 3216 antea
1319 3163 1658 3233 putabatur.
1684 3162 1880 3233 Neque

238 3252 394 3307 enim
429 3268 543 3306 non
574 3250 708 3307 licet
737 3250 1025 3321 corrigere
1048 3249 1461 3322 cogitationem
1491 3268 1523 3306 a
1545 3250 1798 3307 falsitate
1822 3251 1882 3307 in

236 3339 559 3395 veritatem.
592 3338 651 3393 Si
708 3337 840 3410 quis
881 3342 1079 3393 autem
1129 3339 1420 3409 putaverit
1478 3339 1697 3395 bonum
1755 3357 1884 3396 esse

239 3428 397 3500 quod
431 3426 651 3483 malum
683 3431 794 3493 est,
833 3431 890 3483 et
920 3426 1120 3483 fecerit
1177 3425 1286 3482 hoc
1336 3429 1621 3499 putando,
1683 3429 1882 3499 utique

237 3519 440 3587 peccat
470 3531 483 3570 :
510 3521 567 3571 et
586 3532 656 3571 ea
678 3519 817 3571 sunt
846 3515 1044 3570 omnia
1067 3519 1305 3586 peccata
1326 3515 1673 3587 ignorantia:
1696 3533 1881 3589 quan-

237 3605 566 3676 doquisque
598 3605 743 3659 bene
775 3603 898 3659 ﬁeri
946 3608 1116 3675 putat
1147 3604 1303 3674 quod
1337 3603 1488 3660 male
1521 3605 1605 3660 lit.

237 3715 377 3766 CAP.
408 3710 499 3765 99.
538 3740 607 3750 —
635 3709 1211 3782 Quodqspiritualiter
1264 3710 1556 3767 homicidae
1600 3720 1729 3767 sunt
1785 3714 1883 3782 qui

313 3782 619 3852 baptizatos
647 3781 962 3851 sacrilegiis
982 3780 1392 3837 daemoniorum
1447 3782 1712 3852 obligant.
1772 3780 1879 3838 Ᾱιι-

306 3859 450 3920 gust.
486 3852 557 3906 ad
589 3853 936 3921 Bonifacium
967 3853 1282 3923 episcopum
1313 3853 1492 3923 (epist.
1526 3856 1638 3922 23).

309 3943 483 3994 Recte
515 3940 794 3994 dicuntur
823 3944 1094 4011 parentes
1126 3939 1215 3995 vel
1256 3940 1593 4013 quicunque
1627 3942 1878 4012 majores

242 4026 392 4082 filios
423 4044 525 4082 seu
561 4027 854 4099 quoslibet
887 4028 1160 4099 parvulos
1191 4028 1519 4099 baptizatos
1565 4029 1877 4084 daemonio-

236 4133 369 4171 rum
402 4116 721 4186 sacrilegiis
745 4115 1002 4186 obligare
1034 4119 1348 4184 conantes,‘
1363 4116 1749 4187 spiritualiter
1769 4116 1874 4172 ho-

233 4204 481 4259 micidae.
514 4204 654 4259 Nam
679 4204 737 4258 in
758 4203 875 4259 illis
898 4203 1136 4274 quidem
1162 4204 1626 4260 interfectionem
1653 4221 1767 4259 non
1793 4205 1876 4260 fa-

227 4292 411 4360 ciunt,
436 4292 539 4347 scd
568 4296 857 4364 quantum
887 4291 946 4346 in
975 4291 1120 4364 ipsis
1149 4296 1257 4360 est,
1279 4291 1686 4348 interfectores
1705 4292 1874 4348 ﬁunt.

233 4403 366 4454 CAP.
395 4399 516 4470 100.
539 4428 610 4439 -
630 4398 779 4466 Quod
806 4399 914 4470 soli
930 4398 991 4453 hi
1011 4397 1400 4470 ptagendisint
1421 4400 1520 4469 qui
1544 4416 1649 4470 per
1671 4401 1878 4457 scelera

307 4468 1026 4540 egrediunturEcclesiamI
1039 4468 1240 4526 Hieron
1259 4469 1328 4524 ad
1341 4468 1616 4526 Rusticum
1637 4471 1805 4543 (107).

305 4566 684 4638 Nequaquam
699 4565 936 4638 gentilis
950 4565 1317 4638 plangendus
1332 4571 1419 4624 est
1436 4571 1609 4639 atque
1622 4566 1884 4639 Judaeus,

238 4653 337 4726 qui
367 4655 426 4709 in
456 4653 716 4710 Ecclesia
747 4671 863 4709 non
897 4655 1154 4722 fuerunt,
1187 4658 1243 4710 et
1263 4656 1441 4711 semel
1471 4656 1689 4711 mortui
1721 4660 1882 4724 sunt,

239 4744 311 4798 de
345 4743 561 4814 quibus
593 4742 856 4799 Salvator
886 4742 1023 4798 dicit
1048 4759 1061 4797 :
1099 4744 1332 4798 Dimitte
1359 4753 1600 4800 mortuos
1627 4749 1689 4801 ut
1716 4761 1883 4817 sepe-

236 4830 388 4885 liant
418 4839 660 4888 mortuos
686 4846 811 4887 suos
841 4830 1065 4903 (Matth.
1093 4832 1245 4902 vni):
1277 4832 1377 4886 sed
1409 4832 1469 4886 hi
1503 4833 1602 4904 qui
1628 4850 1728 4905 per
1757 4849 1883 4888 sce-

237 4917 359 4977 lera
390 4924 565 4989 atque
597 4923 839 4991 peccata
868 4918 1252 4990 egrediuntur
1284 4921 1354 4975 de
1384 4919 1663 4987 Ecclesia,
1702 4926 1759 4977 at
1781 4938 1882 4977 no-

238 5007 374 5061 lunt
407 5006 563 5062 ultra
596 5007 804 5064 reverti
837 5008 911 5063 ad
959 5022 1089 5064 eam
1122 5007 1362 5081 [adeant
1413 5008 1883 5081 damnationem]

237 5095 618 5151 damnatione
645 5095 1093 5171 [dominatione]
1122 5096 1421 5153 vitiorum.

236 5207 376 5276 CAP.
416 5204 534 5276 101.
567 5234 635 5243 -
665 5204 923 5258 Diabolus
956 5205 1052 5276 qui
1090 5206 1454 5276 appellandus
1510 5206 1601 5261 sit.
1654 5206 1882 5276 August.

309 5273 390 5330 lib
423 5275 619 5342 Quaest.
660 5276 857 5331 Veteris
887 5282 937 5329 et
965 5273 1103 5329 Novi
1128 5273 1472 5333 'Testamenti
1529 5273 1752 5349 (quaest:
1771 5277 1883 5346 90.)

312 5370 593 5427 Diabolus
624 5388 740 5428 non
756 5369 1008 5443 speciale
1033 5386 1249 5426 nomen
1272 5377 1382 5440 est,
1403 5374 1500 5428 sed
1535 5389 1846 5430 commune
1871 5389 1884 5427 :

310 5497 463 5569 (106)
494 5497 558 5569 Id
589 5513 747 5553 nunc
773 5497 992 5569 legitur
1023 5511 1202 5569 ser_m.
1231 5498 1267 5549 7
1297 5497 1367 5554 de
1385 5498 1623 5555 Kalend.
1643 5499 1883 5565 Januar,

239 5569 414 5642 cujus
446 5568 685 5626 initium
722 5586 734 5624 :
768 5567 855 5623 Est
886 5568 1031 5623 mihi
1058 5567 1336 5625 adversus.

568 5697 829 5757 PATROL.
875 5696 1079 5757 CLXI.

2066 683 2200 767 gae.
2239 686 2359 739 102.
2394 717 2461 767 —_-
2484 689 2757 767 Quomodo
2788 691 3361 767 dwmoniaci‘cpurari
3404 700 3643 767 possint.

2066 754 2216 810 Beda
2236 772 2400 839 super
2429 754 2627 839 Lucam
2653 762 2748 816 lit).
2786 779 2868 829 ιιι,
2903 778 3022 834 cap.
3046 765 3081 817 5
3102 764 3221 834 (lib.
3247 783 3331 837 ιιι,
3363 754 3530 839 σῘ31)
3571 754 3646 826 ad

2064 842 2167 880 vm
2194 843 2240 882 c.
2275 830 2479 901 Lucae.)

2066 915 2263 971 Nostri
2299 918 2580 990 temporis
2611 921 2967 990 sacerdotes,
3015 923 3117 994 qui
3175 941 3279 995 per
3333 929 3645 986 exorcismi

1993 1003 2244 1073 gratiam
2278 1007 2573 1063 daemones
2602 1009 2809 1079 ejicere
2838 1016 3074 1082 norunt,
3102 1012 3294 1068 solent
3323 1014 3515 1072 dicere
3540 1035 3641 1089 pa-

1994 1091 2206 1148 tientes
2236 1110 2350 1150 non
2389 1096 2570 1152 aleter
2592 1097 2781 1155 valere
2814 1100 3025 1167 curari,
3055 1101 3168 1156 nisi
3199 1103 3512 1174 (quantum
3547 1124 3641 1162 sa-

1994 1196 2128 1252 pere
2151 1186 2415 1256 possunt)
2447 1202 2620 1241 omne
2661 1188 2816 1259 quod
2862 1189 2933 1244 ab
2972 1189 3297 1246 immundis
3330 1193 3639 1264 spiritibus

1991 1271 2143 1340 visu,
2177 1272 2404 1340 auditu,
2426 1280 2627 1345 gustu,
2653 1280 2829 1345 tactu,
2853 1277 2938 1333 vel
2956 1277 3067 1333 alio
3094 1279 3358 1349 quolibet
3377 1286 3641 1355 corporis

1991 1358 2079 1413 vel
2099 1360 2281 1415 animi
2301 1378 2476 1417 sensu
2499 1364 2805 1437 vigilantes
2829 1366 3256 1425 dormientesve
3268 1371 3641 1441 protulerint,

1992 1448 2320 1505 confitendo
2351 1455 2617 1522 patenter
2648 1458 2959 1525 exponant.
2989 1455 3059 1509 Et
3100 1457 3352 1514 maxime
3403 1464 3641 1532 quando

1992 1535 2079 1590 vel
2094 1536 2228 1592 viris
2260 1538 2319 1592 in
2355 1539 2547 1610 specie
2578 1540 2851 1611 feminea,
2877 1542 3043 1598 velin
3063 1544 3215 1600 virili
3241 1546 3449 1603 habitu
3473 1548 3641 1604 femi-

1992 1623 2081 1679 nis
2112 1630 2460 1696 apparentes
2481 1627 2653 1698 (quos
2685 1629 2979 1686 demones
3009 1632 3157 1687 Galli
3192 1633 3377 1689 dusz’os
3407 1637 3640 1708 vocant)
3740 1632 3745 1639 ’

1991 1712 2232 1769 infando
2268 1715 2549 1772 miraculo
2581 1717 2826 1789 spiritus
2858 1722 3184 1792 incorporei
3229 1724 3489 1794 corporis
3523 1725 3639 1780 hu-

1991 1802 2147 1858 mani
2178 1804 2554 1861 concubitum
2586 1811 2782 1878 petere
2809 1824 2871 1863 se
2902 1825 2967 1863 ac
3006 1813 3236 1879 patrare
3266 1813 3634 1886 contingunt.

1988 1892 2056 1945 Et
2089 1908 2298 1947 nomen
2332 1894 2615 1950 daemonis
2647 1912 2761 1967 quo
2792 1912 2853 1952 se
2883 1897 3103 1952 censeri
3137 1899 3367 1970 dixerit,
3391 1904 3448 1955 et
3478 1903 3635 1973 deje-

1989 1980 2156 2034 randi
2191 1982 2415 2048 modos,
2448 1982 2663 2054 quibus
2694 1985 2911 2040 amoris
2943 1986 3033 2041 sui
3066 1986 3257 2043 fmdus
3281 1988 3633 2046 alterutrum

1989 2069 2337 2142 pepigerint,
2371 2073 2701 2142 prodendos
2732 2090 2861 2129 esse
2891 2076 3258 2147 praecipiunt.
3306 2078 3439 2141 Quae
3468 2096 3630 2135 men-

1989 2157 2154 2214 dacio
2185 2158 2489 2215 simillima
2520 2177 2632 2232 res,
2665 2163 2765 2218 sed
2802 2164 2945 2220 adeo
2976 2181 3109 2220 vera
3139 2170 3194 2221 et
3241 2166 3632 2238 plurimorum

1987 2252 2074 2301 est
2106 2249 2479 2304 attestatione
2509 2250 2838 2321 notissima,
2873 2257 2937 2307 ut
2967 2254 3207 2327 quidam
3230 2255 3455 2313 vicinus
3486 2257 3635 2312 mihi

1990 2335 2293 2406 presbyter
2348 2337 2616 2394 retulerit
2664 2356 2725 2395 se
2771 2342 3066 2410 quandam
3131 2345 3639 2401 sanctimonialem

1990 2424 2269 2479 feminam
2303 2442 2336 2480 a
2367 2426 2655 2482 daemonio
2702 2445 2906 2484 curare
2937 2429 3205 2501 cmpisse,
3239 2433 3339 2487 sed
3374 2434 3637 2504 quandiu

1991 2526 2083 2566 res
2118 2511 2354 2580 latebat,
2382 2514 2527 2568 nihil
2550 2517 2702 2585 apud
2727 2533 2854 2571 eam
2879 2518 3155 2587 prolicere
3174 2519 3459 2590 potuisse.
3489 2522 3640 2577 Con-

1992 2598 2144 2653 fesso
2167 2604 2359 2653 autem
2385 2617 2500 2671 quo
2524 2602 2946 2658 molestabatur
2975 2604 3407 2674 phantasmate,
3427 2624 3561 2662 mox
3583 2613 3640 2664 et

1994 2687 2186 2757 ipsum
2221 2688 2585 2745 orationibus
2606 2691 2944 2762 ueterisque
2975 2710 3102 2763 quae
3134 2696 3440 2765 oportebat
3463 2696 3628 2766 puri-

1994 2775 2330 2830 ficationum
2364 2777 2677 2848 generibus
2709 2780 3021 2851 elfugasse,
3044 2782 3381 2852 etejusdem
3408 2784 3635 2839 feminae

1993 2879 2203 2934 corpus
2236 2866 2305 2919 ab
2341 2864 2633 2921 ulceribus
2667 2884 2794 2938 quae
2827 2868 3107 2924 daemonis
3139 2874 3295 2924 tactu
3338 2876 3637 2928 contraxe-

1994 2958 2102 3018 rat,
2138 2953 2470 3008 medieinali
2496 2955 2687 3010 studio
2711 2957 3009 3028 adjuncto,
3042 2957 3164 3013 sale
3197 2959 3501 3016 benedicta
3534 2977 3634 3015 cu-

1995 3057 2186 3095 rasse:
2212 3042 2311 3096 sed
2337 3042 2478 3097 dum
2502 3060 2685 3098 unum
2706 3045 2777 3099 de
2792 3044 3085 3102 ulceribus
3101 3048 3256 3117 quod
3280 3046 3637 3105 altiuslateri

1911 3125 1953 3189 (Γ.
1994 3130 2236 3186 inﬁxum
2256 3137 2568 3203 repererat,
2594 3132 2933 3191 nullatenus
2952 3142 3167 3208 posset,
3193 3137 3335 3208 quin
3357 3138 3635 3194 continuo

1993 3220 2364 3290 panderetur,
2389 3221 2699 3288 obducere,
2724 3223 2793 3277 ab
2825 3225 3028 3279 eadem
3062 3225 3189 3297 ipsa
3221 3242 3394 3297 quam
3428 3243 3637 3282 sanare

1990 3308 2238 3372 volebat,
2273 3309 2582 3365 consilium
2617 3328 2732 3382 quo
2759 3317 3068 3368 sanaretur
3100 3314 3414 3386 accepisse.
3437 3315 3518 3385 Si,
3554 3315 3639 3370 in-

1991 3396 2135 3466 quit,
2156 3395 2346 3451 oleum
2369 3415 2469 3469 pro
2485 3398 2736 3454 infirmis
2756 3406 3157 3456 consecratum
3176 3403 3365 3457 eidem
3385 3403 3638 3459 medica-

1993 3488 2185 3539 mento
2201 3486 2542 3556 asperseris,
2567 3487 2767 3559 sicque
2786 3504 2878 3543 mc
2895 3490 3147 3556 unxcris,
3172 3490 3372 3545 statim
3395 3491 3635 3547 sanitati

1990 3573 2288 3628 restituar.
2322 3573 2468 3629 Nam
2493 3575 2607 3629 vidi
2632 3577 2931 3646 quondam
2964 3593 3064 3648 per
3095 3578 3369 3649 spiritum
3403 3579 3461 3635 in
3494 3597 3636 3651 qua-

1988 3662 2121 3716 dam
2156 3661 2388 3732 longius
2420 3663 2610 3734 posita
2641 3664 2895 3733 civitate,
2925 3682 3102 3736 quam
3135 3684 3396 3738 unquam
3430 3685 3632 3740 corpo-

1990 3750 2209 3805 ralibus
2241 3751 2426 3807 oculis
2445 3752 2587 3819 vidi,
2612 3754 2870 3823 puellam
2891 3756 3206 3826 quamdam
3238 3757 3363 3827 pari
3392 3756 3630 3812 calami-

1988 3843 2103 3893 tate
2129 3839 2517 3905 laborantem,
2549 3841 2746 3896 taliter
2775 3860 2807 3897 a
2839 3843 3138 3898 sacerdote
3168 3850 3455 3901 curatam.
3481 3844 3633 3899 Fecit

1986 3930 2049 3978 ut
2072 3924 2171 3979 illa
2188 3932 2581 3998 suggesserat,
2606 3929 2926 4000 statimque
2945 3930 3111 3986 ulcus
3136 3932 3459 3986 remedium
3476 3932 3630 4003 quod

1988 4017 2123 4068 ante
2155 4019 2476 4084 respuerat,
2505 4015 2765 4087 accipere
2793 4018 3109 4073 consensit.
3502 4009 3506 4013 0

1986 4120 2119 4175 Car.
2157 4121 2278 4174 103.
2302 4152 2370 4160 -
2397 4122 2472 4175 Dc
2500 4124 2884 4177 communione
2916 4124 3282 4179 daamoniacis
3310 4124 3515 4180 danda.
3544 4127 3634 4181 Ea:

2390 4191 2688 4248 Collation.
2723 4193 2951 4263 Syricii,
2982 4211 3103 4264 cap.
3140 4196 3227 4250 13.

2054 4279 2541 4335 Communionem
2569 4286 3003 4336 sacrosanctam
3036 4282 3410 4338 daamoniacis
3442 4300 3476 4338 a
3532 4300 3628 4340 se-

1986 4366 2249 4421 nioribus
2280 4383 2585 4438 nunquam
2611 4369 2994 4426 meminimus
3014 4369 3409 4440 interdictam,
3436 4372 3637 4443 quini-

1913 4492 1959 4553 D
1989 4455 2138 4509 mosi
2158 4454 2441 4526 possibile
2468 4461 2623 4512 esset
2639 4456 2817 4513 etiam
2834 4460 3097 4529 quotidie
3118 4460 3203 4515 eis
3222 4460 3511 4532 impertiri
3533 4462 3639 4517 de-

2000 4544 2136 4598 bere
2167 4544 2504 4599 censebant.

1994 4642 2128 4696 CAP.
2182 4643 2303 4719 104.
2337 4672 2406 4682 --
2453 4646 2528 4719 Ne
2583 4644 2772 4719 clerici
2808 4645 3146 4719 daemoniaci
3203 4648 3273 4703 ad
3319 4651 3636 4719 superiores

2064 4713 2269 4783 gradus
2301 4715 2627 4771 ascendant.
2660 4717 2927 4772 Nicotaus
2957 4718 3169 4775 Atwino
3207 4713 3503 4775 Jovanensi
3539 4737 3637 4776 ar-

2064 4784 2427 4856 chiepiscopo.

2065 4872 2263 4928 Clerici
2298 4874 2400 4944 qui
2432 4873 2490 4928 in
2524 4875 2976 4933 adolescentiae
3009 4879 3377 4936 daemonibus
3424 4896 3640 4953 cogno-

1995 4970 2239 5017 seuutur
2267 4961 2514 5030 obsessi,
2574 4964 2645 5019 ad
2705 4965 3065 5036 superiorem
3126 4968 3280 5023 sacri
3335 4967 3641 5040 regiminis

1994 5049 2244 5121 gradum
2268 5050 2541 5106 accedere
2575 5068 2691 5107 non
2726 5059 2995 5124 possunt.

1994 5152 2124 5201 CAP.
2161 5146 2285 5201 105.
2316 5177 2385 5190 -
2415 5153 2491 5203 De
2533 5148 2680 5205 coitu
2737 5150 3052 5207 dwmonum
3109 5169 3235 5208 cum
3292 5154 3645 5209 mulieribus.

2065 5217 2316 5346 guggsztés
2340 5219 2437 5359 (ib.
2489 5222 2693 5288 Qumst.
2753 5238 2919 5294 super
2981 5226 3266 5281 Genesim.
3298 5227 3332 5279 3
3388 5225 3490 5295 (ad
3544 5238 3647 5280 vm

2065 5377 2519 5437 Credibiliusest
2544 5380 3046 5454 hominesjustos,
3070 5382 3399 5454 appellatos
3430 5382 3520 5439 vel
3542 5399 3651 5439 an-

2010 5573 2020 5581 .
2060 5502 2215 5628 ((37)
2245 5505 2427 5561 Tomo
2473 5506 2516 5574 Ι,
2550 5507 2719 5577 cujus
2766 5506 3052 5562 initium:
3107 5509 3252 5578 quod
3302 5508 3518 5580 ignotus
3575 5509 3653 5567 ad

2010 5589 2056 5628 to
2156 5590 2272 5628 um.

1999 5589 2272 5641 ignozum.

3256 5712 3335 5769 25
