4002 6054
366 296 475 349 779

1461 298 1527 348 D.
1570 293 1808 348 IVONIS
1843 290 2335 349 CARNOTEXSIS
2371 290 2688 349 EPISCOPI

3670 294 3779 351 780

362 419 543 491 gelos,
576 419 665 474 vel
698 418 850 473 filios
881 416 1501 490 Dei,{concupiscentia
1525 416 1720 489 lapsos
1743 432 2014 489 peccasse
2045 419 2095 485 Α
2129 417 2396 483 arbitror,
2430 417 2771 473 innumeros
2803 433 2931 472 vero
2956 431 3083 473 esse
3104 416 3361 489 subipso
3384 422 3647 489 agentes,
3672 419 3774 492 qui

367 524 503 564 cum
531 506 782 576 feminis,
819 524 994 578 quam
1028 504 1261 577 angelos
1294 522 1529 560 carnem
1582 522 1695 561 non
1729 506 2011 561 habentes

369 616 555 669 usque
612 597 680 652 ad
723 596 868 651 illud
948 604 1244 667 peccatum
1307 596 1659 650 descendere
1715 595 2009 666 potuisse:

370 686 722 760 quamvisde
745 685 1095 757 quibusdam
1119 684 1484 739 dmmonibus
1506 684 1603 756 qui
1629 683 2015 755 sintimprobi

371 775 737 844 mulieribus,
772 790 805 827 a
837 772 1039 827 multis
1072 775 1188 826 tam
1224 771 1411 827 multa
1444 773 1737 844 dicantur,
1781 774 1844 827 ut
1901 788 2015 827 non

372 866 541 922 facile
570 864 646 919 sit
675 863 744 917 de
776 861 883 916 hac
919 877 976 915 re
1010 860 1343 916 definienda
1364 862 1675 919 sententia.

373 974 501 1028 CAP.
540 971 657 1025 106.
690 998 758 1007 —
787 969 859 1022 De
890 967 1308 1039 multiplicz'tate
1358 970 1669 1024 darmonum
1698 968 1886 1039 fideles
1925 970 2019 1021 in-

441 1042 786 1114 festantium.
833 1038 1207 1114 Hieronymus
1237 1056 1401 1110 super
1427 1040 1556 1095 Iesu
1577 1038 1742 1109 Nave,
1775 1038 2019 1095 homelz'a

448 1110 529 1168 l5.
578 1112 749 1183 (Orig.
782 1125 851 1165 ex
879 1110 1101 1166 Hieron.
1138 1111 1638 1182 interpretatione.)

446 1217 587 1273 Mihi
618 1217 1125 1273 videturinfinitus
1152 1218 1394 1290 quidam
1421 1234 1551 1274 esse
1578 1234 1860 1273 numerus
1882 1234 2021 1273 con-

373 1308 687 1364 trariarum
718 1308 1025 1375 virtutum,
1060 1325 1161 1380 pro
1193 1324 1257 1363 eo
1292 1309 1443 1379 quod
1470 1305 1846 1379 persingulos
1879 1322 2024 1378 pene

374 1397 645 1453 homines
675 1399 815 1452 sunt
847 1395 1095 1469 spiritus
1127 1396 1553 1467 aliquidiversa
1586 1398 1641 1451 in
1674 1396 1744 1451 iis
1764 1400 2023 1467 peccato-

378 1503 507 1542 rum
541 1502 754 1558 genera
780 1485 1106 1542 molientes.
1142 1485 1315 1541 Verbi
1337 1502 1535 1552 causa,
1570 1490 1657 1540 cst
1688 1484 2025 1556 aliquisfor-

379 1574 690 1631 nicationis
723 1574 990 1647 spiritus,
1024 1578 1111 1629 est
1144 1574 1295 1629 alius
1324 1574 1568 1646 spiritus
1604 1573 1722 1643 irae,
1757 1573 1908 1628 alius
1934 1577 2026 1627 est

379 1662 655 1734 avaritiae,
679 1661 829 1719 alius
851 1680 983 1719 vero
1009 1663 1328 1735 superbiae;
1364 1663 1483 1718 etsi
1516 1663 1744 1718 eveniat
1772 1661 2025 1733 aliquem

381 1753 682 1809 hominem
705 1770 833 1809 esse
854 1752 949 1823 qui
974 1751 1065 1808 his
1086 1750 1363 1808 omnibus
1389 1751 1579 1822 malis,
1598 1751 1687 1807 vel
1706 1752 1880 1807 etiam
1903 1749 2027 1821 plu-

384 1843 549 1898 ribus
590 1842 861 1914 agitetur,
888 1857 1093 1897 omnes
1117 1840 1223 1895 bos
1254 1837 1341 1895 vel
1387 1839 1560 1895 etiam
1596 1839 1791 1912 plures
1852 1837 1910 1893 in
1970 1854 2031 1893 se

386 1931 601 1987 habere
630 1929 900 1986 inimicos
925 1930 1217 1999 putandus
1244 1934 1333 1984 est
1363 1928 1626 2000 spiritus.
1652 1927 1815 1983 Unde
1845 1930 1900 1982 et
1930 1942 2033 1998 per

389 2018 655 2091 singulos
680 2018 876 2091 plures
896 2034 1023 2073 esse
1042 2017 1315 2073 credendi
1339 2022 1496 2086 sunt,
1512 2018 1777 2089 quianon
1797 2014 2034 2087 singula

391 2107 604 2181 singuli
634 2108 901 2164 homines
932 2106 1148 2163 habent
1179 2106 1340 2175 vitia,
1372 2106 1459 2162 vel
1493 2111 1731 2179 peccata
1752 2104 2031 2162 commit-

388 2201 541 2269 tunt,
575 2198 673 2253 sed
707 2195 875 2268 plura
910 2197 982 2253 ab
1015 2213 1367 2268 unoquoque
1390 2194 1926 2251 videnturadmitti.
1960 2193 2029 2248 Et

387 2286 599 2341 iterum
625 2303 738 2341 non
771 2288 859 2341 est
885 2285 1213 2357 putandum
1251 2286 1405 2356 quod
1441 2302 1592 2339 unus
1625 2281 2027 2339 fornicationis

384 2374 631 2446 spiritus
660 2372 1071 2439 seducateum,
1098 2372 1619 2445 qui,verbigratia,
1648 2373 1703 2426 in
1728 2370 2028 2427 Britannia

383 2463 725 2531 fornicatur,
761 2466 816 2517 et
844 2461 1011 2517 illum
1047 2462 1147 2533 qui
1178 2462 1237 2516 in
1268 2462 1455 2531 India,
1489 2466 1547 2517 et
1575 2461 1632 2516 in
1668 2461 1799 2517 aliis
1858 2461 2022 2517 locis.

376 2554 578 2625 Neque
602 2556 740 2624 puto
775 2568 957 2607 unum
980 2568 1107 2607 esse
1137 2553 1231 2606 iraa
1262 2551 1536 2623 spiritum
1562 2550 1663 2623 qui
1693 2550 1939 2606 diversis
1964 2550 2024 2605 in

379 2640 523 2699 locis
556 2642 819 2698 diversos
848 2641 1123 2696 homines
1154 2640 1484 2696 inflammat
1511 2657 1523 2696 :
1558 2639 1657 2695 sed
1676 2643 1815 2711 puto
1835 2640 2025 2713 magis

376 2731 707 2803 principem
723 2729 960 2801 quidem
977 2728 1658 2800 fornicationisgspiritum
1675 2745 1856 2784 unum
1874 2745 2023 2797 esse,

381 2822 729 2876 innumeros
760 2836 893 2874 vero
927 2835 1056 2874 esse
1084 2817 1185 2889 qui
1219 2817 1277 2872 in
1310 2818 1419 2873 hoc
1452 2817 1502 2873 ei
1537 2817 1728 2873 ofﬁcio
1761 2823 2023 2888 pareant,

379 2912 435 2965 et.
459 2925 558 2980 per
570 2905 835 2980 singulos
851 2924 1115 2979 quosque
1136 2906 1404 2962 homines
1423 2906 1632 2961 diversi
1652 2906 1897 2977 spiritus
1915 2907 2024 2962 sub

379 3015 445 3054 eo
476 2996 765 3066 [diversos
788 2995 1034 3068 spiritus
1068 2995 1166 3073 qui
1192 2994 1304 3050 sub
1335 3011 1400 3051 eo
1431 2994 1847 3066 etc.]principe
1877 2995 2024 3051 mili-

376 3090 593 3154 tantes,
625 3086 695 3140 ad
730 3084 1140 3155 hujuscemodi
1173 3101 1271 3140 eos
1304 3088 1538 3155 peccata
1570 3082 1904 3139 sollicitent.
1936 3084 2021 3138 Si-

2124 523 2226 576 per
2256 506 2519 578 singulos
2552 522 2819 578 quosque
2877 505 3147 561 homines
3184 504 3595 577 hujuscemodi
3653 508 3780 564 vitii

2123 599 2359 667 peccata
2390 595 2770 651 succcndant.
2793 594 3144 651 Similiteret
3174 595 3452 667 avaritiae,
3485 600 3541 652 et
3569 614 3778 669 super-

2124 682 2254 754 biae,
2273 687 2330 740 et
2359 688 2695 741 caeterorum
2723 683 3049 753 malorum;
3080 686 3136 739 et
3159 683 3291 740 ideo
3309 701 3425 741 non
3445 703 3598 741 unus
3618 685 3785 758 prin-

2125 773 2352 844 cipatus
2384 771 2671 829 diciturin
2705 773 3017 829 contrariis
3048 773 3363 830 virtutibus
3380 773 3452 829 ab
3472 774 3776 847 Apostolo,

2127 864 2227 918 sed
2251 863 2468 934 plures,
2491 864 2769 919 adversus
2786 880 2930 935 quos
2945 862 3056 918 sibi
3079 879 3206 919 esse
3236 880 3493 936 pugnam
3526 868 3584 920 et
3603 863 3780 921 nobis

2127 951 2403 1006 omnibus
2434 952 2635 1007 scribit
2657 952 2868 1025 (Ephes.
2899 952 3004 1025 vr.)
3035 951 3176 1008 Esse
3199 955 3395 1007 tamen
3418 948 3776 1009 reorhorum

2128 1039 2390 1095 omnium
2412 1041 2733 1112 principem
2749 1040 2908 1097 velut
2921 1039 3364 1097 eminentiorem
3382 1042 3699 1112 quemdam
3719 1040 3782 1097 in

2130 1129 2542 1199 nequitia,etin
2561 1129 2778 1186 scelere
2792 1129 3123 1197 eelsiorem,
3140 1130 3241 1201 qui
3258 1134 3446 1186 totum
3463 1131 3778 1197 mundum,

2132 1233 2307 1288 quem
2332 1218 2427 1273 isti
2445 1219 2514 1273 ad
2534 1224 2767 1289 peccata
2790 1219 3010 1291 singuli
3037 1220 3253 1291 quique
3281 1236 3386 1291 per
3407 1224 3782 1293 peccatorum

2132 1307 2356 1377 species
2380 1325 2481 1378 per
2507 1314 2699 1379 partes
2731 1309 3072 1379 sollicitant,
3105 1308 3270 1364 solus
3303 1309 3462 1364 velut
3512 1309 3780 1365 omnium

2133 1395 2404 1466 princeps
2437 1401 2493 1450 et
2524 1397 2641 1452 dux
2663 1398 2852 1453 totius
2880 1396 3260 1469 [principium
3295 1398 3431 1467 dux,
3464 1402 3522 1453 et
3570 1398 3784 1469 totius]

2134 1485 2395 1539 nefandae
2429 1485 2648 1540 militiae
2682 1486 2983 1558 magister,
3016 1487 3455 1558 exagitet.Puto
3478 1503 3621 1543 sane
3645 1487 3787 1558 quia

2134 1574 2320 1629 sancti
2354 1574 2573 1647 quique
2617 1579 3016 1647 repugnantes
3045 1580 3249 1632 contra
3282 1575 3425 1632 istos
3452 1576 3784 1632 incentores

2135 1666 2505 1732 peccatorum
2537 1662 2802 1735 spiritus,
2834 1668 2891 1720 et
2911 1664 3206 1721 vincentes
3230 1680 3351 1733 eos,
3375 1668 3551 1736 atque
3572 1680 3779 1721 eorum

2141 1768 2626 1823 unumquemque
2657 1757 3024 1824 superantes,
3054 1752 3413 1809 imminuant
3459 1753 3781 1810 exercitum

2142 1840 2499 1911 daemonum,
2537 1846 2593 1895 et
2623 1841 2781 1897 velut
2819 1840 3295 1913 quamplurimos
3338 1858 3541 1898 eorum
3581 1841 3789 1898 interi-

2142 1934 2324 1986 mant.
2339 1930 2511 1986 Verbi
2534 1947 2731 2001 causa,
2752 1934 2817 1985 ut
2843 1930 2892 1987 is
2905 1930 3173 2002 quicaste
3194 1932 3521 2004 pudiceque
3541 1930 3787 1988 vivendo

2142 2019 2542 2075 fornicationis
2564 2018 2838 2091 spiritum
2870 2020 3185 2091 superavil,
3216 2037 3331 2076 non
3363 2020 3517 2076 ultra
3572 2022 3660 2076 fas
3709 2022 3789 2077 sit

2141 2106 2306 2163 illum
2323 2107 2597 2179 spiritum
2630 2107 2730 2178 qui
2768 2108 2841 2163 ab
2867 2107 2969 2164 illo
2992 2114 3194 2164 sancto
3224 2108 3416 2165 victus
3448 2114 3556 2178 est,
3591 2110 3788 2183 impu-

2139 2214 2318 2270 gnare
2346 2196 2557 2251 iterum
2589 2196 2768 2252 alium
2801 2196 3121 2265 hominem,
3152 2198 3252 2254 sed
3268 2198 3787 2270 sicutillispiritus

2139 2286 2423 2356 rogabant
2452 2285 2674 2352 Jesum,
2708 2302 2779 2340 ne
2811 2286 2869 2341 in
2893 2286 3175 2358 abyssum
3210 2287 3602 2352 mitterentur,
3623 2289 3778 2358 quod

2138 2377 2277 2429 tunc
2306 2373 2542 2429 interim
2576 2374 2859 2429 Dominus
2887 2391 2992 2445 pro
3039 2374 3309 2447 praesnti
3339 2375 3783 2447 dispensatione

2136 2463 2425 2518 concessit
2454 2463 2605 2534 (Luc.
2628 2465 2770 2533 vm),
2804 2463 2887 2518 ita
2915 2478 3283 2535 consequens
3314 2464 3564 2532 videtur,
3617 2465 3773 2536 quod

2135 2551 2352 2623 singuli
2384 2551 2601 2624 quique
2634 2551 2870 2622 maligni
2908 2552 3151 2623 spiritus
3183 2567 3318 2607 cum
3374 2553 3688 2607 vincuntur
3738 2568 3775 2608 ο.

2135 2642 2375 2708 sanctis,
2405 2641 2494 2696 vel
2527 2641 2586 2695 in
2617 2642 2917 2713 abyssum,
2950 2639 3039 2696 vel
3063 2641 3120 2695 in
3148 2640 3463 2698 exteriores
3481 2642 3775 2707 tenebras,

2132 2727 2223 2784 vel
2258 2733 2319 2784 ut
2342 2730 2589 2802 quisque
2619 2730 2717 2785 ille
2739 2730 2897 2785 locus
2927 2728 3010 2785 eis
3028 2729 3242 2801 dignus
3272 2733 3381 2800 est,
3415 2728 3778 2785 collocentur

2136 2833 2167 2872 a
2191 2818 2356 2888 justo
2381 2818 2580 2889 judice
2614 2817 2865 2874 Christo.
2899 2818 2969 2873 Et
3001 2818 3137 2873 inde
3169 2833 3299 2873 esse
3331 2818 3489 2889 quod
3521 2817 3780 2889 plurimo

2135 2906 2359 2961 damon
2372 2924 2465 2961 um
2481 2922 2725 2963 numero
2735 2907 2859 2977 jam
2879 2906 3125 2974 devicto,
3143 2907 3210 2962 ad
3228 2905 3630 2962 credulitatem
3645 2922 3786 2979 gen-

2132 2999 2219 3051 tes
2248 2997 2444 3052 venire
2476 2995 2838 3065 relaxentur;
2874 3011 3002 3068 quae
3035 2996 3236 3067 utique
3262 2994 3603 3051 nullatenus
3624 2995 3777 3051 sine-

2135 3090 2354 3155 rentur,
2380 3085 2431 3142 si
2459 3085 2699 3158 integras
2729 3101 2932 3142 eorum
2965 3084 3116 3141 sicut
3146 3085 3308 3157 prius
3340 3085 3592 3155 fuerant,
3632 3085 3779 3141 sub-

379 3174 597 3231 militer
611 3178 667 3230 et
696 3173 1018 3229 iracundiis
1048 3171 1324 3244 spiritum
1340 3172 1665 3244 principem
1691 3189 1872 3229 unum
1897 3189 2025 3229 esse
2050 3153 2092 3220 ο
2138 3175 2413 3231 sisterent
2441 3174 2724 3247 legiones.

1229 3512 1750 3606 DECRETI
1818 3512 2127 3607 PARS
2198 3514 2925 3609 DUODECIMA

379 3688 477 3752 De
511 3682 897 3752 mendacio
928 3685 998 3751 et
1030 3683 1372 3773 perjurio.
1434 3687 1529 3752 De
1563 3683 2131 3773 accusatoribus,
2191 3683 2281 3752 de
2326 3685 2826 3755 defensoribus
2857 3688 2926 3754 et
2967 3685 3172 3755 falsis
3202 3686 3530 3756 testibus.
3578 3688 3661 3754 Et
3688 3686 3777 3753 de

1605 3771 2066 3860 singulorum
2100 3773 2553 3861 paenitentia.

375 4075 503 4131 Car.
546 4076 594 4128 1.
627 4102 694 4113 --
721 4074 793 4127 De
822 4075 934 4126 octo
959 4069 1727 4142 generibus,mendaciorum.
1762 4070 2022 4140 Augusti-

674 4160 801 4209 nus,
834 4140 974 4199 libro
1002 4142 1070 4197 de
1099 4140 1393 4197 mendacio
1428 4142 1565 4213 (cap.
1604 4141 1712 4212 14.)

443 4256 553 4320 (22,
586 4269 637 4322 q.
668 4251 725 4318 2,
755 4266 804 4303 ε.
838 4250 1097 4304 Primum
1135 4250 1263 4313 est.)
1312 4248 1575 4303 Primum
1632 4251 1723 4304 est
1777 4247 2023 4319 capitale

379 4338 779 4404 mendacium,
837 4336 1131 4409 longeque
1185 4335 1555 4408 fugiendum,
1621 4338 1777 4408 quod
1842 4337 1908 4392 fit
1957 4337 2017 4391 in

371 4426 638 4484 doctrina
667 4425 992 4497 religionis,
1020 4426 1089 4480 ad
1116 4425 1270 4495 quod
1300 4423 1669 4480 mendacium
1696 4424 1859 4480 nulla
1887 4441 2020 4480 con-

2134 4070 2414 4128 Octavum
2446 4077 2535 4128 est
2555 4088 2743 4145 genus
2776 4075 3090 4142 mendacii,
3125 4076 3280 4147 quod
3312 4079 3369 4132 et
3424 4074 3572 4131 nulli
3612 4075 3777 4130 obest

2134 4166 2190 4217 et
2219 4163 2289 4217 ad
2321 4162 2429 4218 hoc
2462 4163 2701 4235 prodest
2729 4168 2792 4220 ut
2819 4164 2891 4221 ab
2924 4166 3309 4223 immunditia
3358 4164 3644 4239 corporali
3676 4164 3777 4220 ali-

2132 4267 2307 4323 quem
2335 4256 2566 4308 lueatur
2596 4252 2752 4324 (Ibid,
2794 4270 2840 4310 ε.
2866 4255 2957 4322 21)
2988 4255 3114 4311 Non
3146 4258 3236 4311 est
3274 4254 3456 4327 igitur
3485 4254 3778 4309 mentien-

2131 4339 2268 4394 dum
2302 4341 2359 4395 in
2392 4341 2655 4396 doctrina
2670 4341 2924 4413 pietatis,
2957 4344 3099 4414 quia
3131 4359 3414 4416 magnum
3443 4342 3640 4399 scelus
3661 4345 3773 4408 est,

2129 4423 2185 4475 et
2207 4421 2462 4492 primum
2499 4437 2682 4492 genus
2713 4422 3079 4480 detestabilis
3139 4422 3452 4480 mendacii.
3514 4427 3637 4479 Non
3688 4424 3781 4476 est

374 4516 595 4572 ditione
626 4515 940 4586 quisquam
974 4512 1145 4568 debet
1167 4513 1400 4568 adduci.
1423 4514 1777 4584 Secundum,
1811 4518 1875 4569 ut
1904 4512 2013 4569 ali-
2046 4499 2091 4564 Ι)
2123 4508 2526 4566 mentiendum
2542 4512 2795 4567 secundo
2811 4528 3045 4584 genere,
3070 4513 3210 4586 quia
3233 4513 3378 4570 nulli
3402 4511 3672 4568 facienda
3688 4515 3781 4566 est

374 4621 552 4677 quem
580 4602 753 4657 laedat
782 4603 1029 4672 injuste:
1084 4602 1238 4673 quod
1276 4602 1390 4657 tale
1411 4605 1501 4657 est
1522 4606 1585 4657 ut
1613 4608 1670 4658 et
1700 4602 1846 4657 nulli
1878 4619 2011 4673 pro-

372 4693 471 4762 sit,
497 4698 554 4749 et
584 4691 739 4748 obsit
769 4690 964 4747 alicui.
993 4689 1246 4746 Tertiam
1271 4691 1426 4762 quod
1460 4691 1540 4747 ita
1563 4691 1801 4762 prodest
1822 4690 2012 4758 alteri,

373 4788 439 4838 ut
468 4780 623 4838 obsit
653 4778 840 4851 alteri,
864 4780 1133 4851 quamvis
1156 4796 1269 4835 non
1296 4781 1366 4834 ad
1393 4780 1833 4834 immunditiam
1856 4778 2013 4835 obsit

372 4870 756 4944 corporalem.
777 4870 1059 4933 Quartum
1083 4868 1206 4924 solo
1227 4869 1546 4925 mentiendi
1570 4867 1924 4941 fallendique
1945 4866 2011 4921 li-

372 4960 757 5031 bidine,quod
778 4974 1006 5015 merum
1022 4959 1395 5013 mendacium
1415 4962 1523 5013 est.
1548 4958 1828 5023 Quintum
1852 4958 2008 5029 quod

372 5050 434 5105 tit
463 5048 729 5122 placendi
754 5046 1073 5119 cupiditate
1094 5046 1165 5101 de
1195 5046 1583 5119 suaviloquio.
1609 5045 1710 5102 His
1733 5046 2007 5102 omnibus

363 5138 598 5212 penitus
629 5137 864 5193 evitatis
904 5139 1079 5206 atque
1141 5135 1390 5205 rejectis,
1453 5134 1719 5205 sequitur
1773 5138 2005 5191 sextum

364 5244 572 5301 genus,
606 5226 761 5298 quod
793 5228 850 5280 et
879 5221 1026 5278 nulli
1061 5224 1227 5279 obest
1259 5229 1315 5278 et
1337 5223 1575 5294 prodest
1601 5221 1773 5278 alicui
1800 5240 1813 5278 :
1846 5224 2007 5279 velut

361 5318 411 5375 si
442 5316 736 5389 quispiam
768 5312 1077 5385 pecuniam
1131 5310 1383 5380 alicujus
1434 5310 1653 5380 injuste
1686 5310 2004 5368 tollendam

2122 4597 2356 4667 injuria.
2388 4598 2510 4655 Non
2544 4604 2630 4654 est
2661 4600 3064 4656 mentiendum
3102 4602 3273 4658 tertio
3333 4616 3566 4675 genere,
3629 4598 3779 4670 quia

2122 4684 2267 4740 nulli
2300 4702 2430 4741 cum
2448 4686 2688 4742 alterius
2721 4688 2940 4759 injuria
2969 4689 3398 4745 consulendum
3419 4685 3672 4745 est.Non
3686 4690 3777 4742 est

2121 4776 2522 4832 mentiendum
2555 4781 2765 4848 quarto
2794 4794 3029 4850 genere,
3055 4784 3293 4851 propter
3324 4775 3617 4835 mendacii
3640 4773 3774 4831 libi-

2120 4863 2340 4935 dinem,
2378 4882 2503 4937 quaa
2537 4881 2640 4937 per
2667 4883 2731 4922 se
2764 4867 2954 4939 ipsam
2984 4867 3319 4925 vitiosaest.
3343 4868 3470 4924 Non
3491 4869 3583 4923 est
3608 4880 3774 4920 men-

2123 4952 2379 5009 tiendum
2412 4954 2618 5026 quinto
2649 4971 2861 5027 genere
2886 4957 3026 5028 quia
3052 4973 3157 5015 nec
3189 4956 3321 5030 ipsa
3378 4956 3596 5014 veritas
3653 4953 3771 5009 fine

2118 5039 2386 5113 placendi
2419 5041 2759 5099 hominibus
2790 5044 3153 5101 enuntianda
3184 5051 3294 5116 est,
3327 5049 3549 5118 quanto
3572 5042 3773 5098 minus

2117 5131 2483 5186 mendacium
2503 5131 2656 5202 quod
2676 5147 2778 5203 per
2790 5149 2851 5188 se
2867 5132 3088 5204 ipsum,
3109 5134 3249 5207 quia
3267 5133 3641 5191 mendacium
3657 5133 3769 5198 est,

2116 5218 2318 5291 utique
2348 5222 2517 5291 turpe
2533 5225 2641 5275 est.
2659 5220 2784 5276 Non
2807 5225 2897 5277 est
2918 5223 3328 5279 mentiendum
3352 5228 3512 5280 sexto
3530 5235 3769 5295 genere,

2115 5325 2303 5381 neque
2334 5308 2489 5364 enim
2523 5313 2678 5365 recte
2709 5310 2887 5368 etiam
2927 5312 3252 5368 testimonii
3278 5313 3496 5371 veritas
3526 5329 3631 5387 pro
3664 5325 3771 5367 cu-

360 5406 575 5475 sciens,
596 5403 696 5459 ubi
720 5400 1032 5458 sitnescire
1057 5414 1117 5454 se
1139 5397 1478 5453 mentiatur.
1500 5398 1821 5469 Septimum
1848 5401 2002 5471 quod
2106 5400 2447 5470 juscunque
2472 5401 2778 5471 temporali
2800 5402 3106 5459 commodo
3126 5420 3190 5460 ac
3224 5404 3414 5461 salute
3436 5405 3772 5476 corrumpi-

366 5498 423 5550 et
451 5492 598 5549 nulli
629 5492 796 5547 obest
824 5494 882 5546 et
904 5488 1142 5561 prodest
1173 5486 1345 5542 alicui
1371 5503 1383 5541 :
1408 5485 1567 5543 velut
1595 5487 1642 5543 si
1664 5486 1868 5544 nolens
1899 5507 2001 5546 no-

362 5580 582 5638 minem
614 5580 687 5636 ad
717 5582 963 5635 mortem
995 5575 1307 5648 quaesitum
1338 5578 1599 5648 prodere,
1660 5580 1998 5636 mentiatur.

2112 5491 2325 5545 tur:ad
2344 5491 2765 5563 sempiternam
2783 5509 2917 5551 vero
2948 5494 3204 5553 salutem
3235 5496 3437 5554 nullus
3460 5496 3773 5554 ducendus

2111 5582 2200 5635 est
2247 5578 2572 5652 opitulante
2603 5583 2927 5641 mendacio.
2990 5587 3191 5656 Neque
3246 5585 3498 5659 septimo
3555 5600 3773 5659 genere
