4002 6054
265 318 370 374 781

1037 321 1348 375 DECRETI
1387 322 1571 376 PARS
1606 321 1730 375 XII.
1757 348 1822 359 —
1846 321 1945 374 ΠΒ
1981 321 2356 377 MENDACIO
2392 322 2485 376 ΕΤ
2522 325 2899 381 PERJURIO.

3569 327 3678 381 782

268 441 672 500 mentiendum
694 445 933 514 est,non
952 443 1110 499 enim
1140 443 1495 515 cujusquam
1526 444 1913 500 commoditas
1946 456 1995 522 Α
2025 446 2242 522 ολδ-5.
2276 475 2342 485 -
2374 445 2534 522 Quod
2562 447 2729 522 liceat
2746 450 3065 518 juramento
3114 448 3186 503 ad
3233 449 3473 506 aliorum
3516 452 3677 506 utili-

266 537 371 588 aut
402 532 563 588 salus
596 531 936 605 temporalis
995 531 1358 605 perficiendae
1391 532 1527 588 ﬁdei
1558 533 1917 605 praeferenda

264 623 378 689 est,
398 637 500 677 nec
519 622 567 678 si
590 621 906 694 quisquam
925 621 984 677 in
1004 624 1158 678 recte
1188 621 1358 677 factis
1382 624 1601 678 nostris
1625 629 1739 677 tam
1767 619 1918 676 male

262 714 556 776 movetur,
590 714 657 766 ut
688 710 792 766 ﬁat
823 710 1001 766 etiam
1037 709 1233 766 animo
1262 711 1533 779 deterior,
1568 709 1853 781 longeque
1885 726 1918 765 a

263 797 485 871 pietate
513 799 809 867 remotior,
844 802 1154 871 propterea
1197 803 1352 856 recte
1403 799 1555 855 facta
1598 798 1918 856 deserenda

260 892 428 944 sunt.
455 888 570 945 Nec
602 892 803 945 octavo
834 904 1044 961 genere
1066 888 1470 945 mentiendum
1492 891 1601 957 est,
1618 888 1758 959 quia
1778 890 1834 943 et
1854 885 1915 941 in

260 975 436 1033 bonis
458 975 699 1032 castitas
721 974 924 1042 animi,
948 975 1232 1048 pudicitia
1254 974 1543 1047 corporis:
1568 979 1624 1031 et
1652 974 1712 1029 in
1743 972 1917 1028 malis

258 1065 322 1121 id
355 1064 507 1138 quod
556 1063 672 1137 ipsi
716 1062 965 1120 facimus
994 1080 1060 1121 eo
1092 1065 1245 1137 quod
1278 1065 1401 1121 ﬁeri
1435 1064 1690 1120 sinimus
1721 1063 1915 1134 majus

257 1154 449 1211 est.In
482 1154 575 1211 his
604 1157 799 1211 autem
829 1161 956 1210 octo
988 1154 1303 1227 generibus
1334 1157 1501 1210 tanto
1533 1154 1779 1225 quisque
1801 1152 1913 1207 mi-

256 1260 372 1299 nus
397 1247 600 1316 peccat
630 1258 764 1299 cum
797 1245 1097 1310 mentitur,
1130 1247 1349 1315 quanto
1379 1243 1625 1315 emergit
1651 1242 1722 1297 ad
1755 1244 1914 1296 octa-

254 1349 417 1400 vum,
444 1336 608 1387 tanto
639 1331 919 1404 amplius,
945 1336 1163 1405 quanto
1203 1332 1417 1403 evergit
1466 1330 1722 1403 (mergit,
1755 1329 1911 1399 Vict.]

256 1423 329 1479 ad
345 1421 918 1495 primum.Quisquis
933 1426 1126 1479 autem
1153 1438 1282 1478 esse
1302 1420 1538 1492 aliquod
1560 1436 1741 1491 genus
1758 1436 1912 1475 men-

255 1509 411 1567 dacii
442 1511 594 1582 quod
625 1517 933 1583 peccatum
968 1528 1081 1567 non
1114 1511 1210 1581 sit,
1245 1510 1554 1583 putaverit,
1578 1508 1827 1581 decipiet
1849 1524 1913 1564 se

254 1599 458 1673 ipsum
481 1599 749 1672 turpiter,
766 1616 901 1656 cum
921 1600 1234 1657 honestum
1266 1615 1327 1655 se
1359 1599 1727 1669 deceptorum
1760 1595 1910 1652 arbi-

258 1692 451 1745 tratur
481 1689 753 1746 aliorum.

2094 520 2264 592 tatem
2282 519 2397 592 uti.
2428 518 2652 592 August.
2689 520 2778 575 De
2806 536 3055 576 sermone
3088 521 3312 576 Domini
3362 522 3421 576 in
3468 528 3671 592 monte,

2096 588 2192 643 lib.
2228 604 2246 642 1
2274 586 2419 659 (cap.
2462 586 2574 661 30).

2093 675 2207 746 (22,
2241 691 2295 747 q.
2330 678 2383 745 1,
2416 693 2465 733 c.
2502 679 2575 733 Tu
2603 695 2714 734 non
2742 679 3006 752 malum.)
3039 681 3126 735 Tu
3162 698 3274 737 non
3310 678 3533 737 malum
3584 684 3672 737 fa-

2025 764 2131 832 cis,
2155 765 2256 835 qui
2292 766 2437 822 bene
2466 767 2647 824 uteris
2670 769 3006 838 jurationc:
3040 786 3166 840 quas
3199 770 3380 842 [quia]
3414 770 3523 827 etsi
3555 788 3671 827 non

2025 852 2198 923 bona,
2230 857 2427 911 tamen
2474 858 2804 913 necessaria
2848 861 2960 928 est,
2994 863 3059 913 ut
3107 858 3272 914 alteri
3314 859 3669 931 persuadeas

2025 942 2180 1014 quod
2203 943 2423 999 utiliter
2439 945 2653 1001 suades
2675 962 2688 1001 :
2713 946 2814 1003 sed
2838 963 2872 1001 a
2896 947 3048 1002 malo
3078 951 3167 1002 est
3189 946 3368 1016 illius,
3394 949 3565 1016 cujus
3587 946 3671 1005 in-

2022 1030 2302 1088 ﬁrmitate
2324 1033 2525 1105 jurare
2555 1033 2804 1107 cogeris.

2020 1118 2157 1177 CAP.
2188 1123 2240 1176 6.
2274 1152 2340 1203 -έ
2369 1123 2679 1203 Quodnper
2725 1124 2894 1179 Deum
2941 1127 3018 1203 sit
3051 1124 3525 1203 jurandum,_non
3566 1143 3668 1198 per

2184 1202 2489 1250 creaturas.
2520 1192 2742 1251 Hieron.
2774 1211 2940 1266 super
2967 1192 3304 1264 Matthazum,
3338 1192 3432 1253 lib.
3465 1214 3505 1253 ι.

2092 1281 2409 1338 Considera
2428 1285 2583 1355 quod
2608 1282 2873 1339 Salvator
2887 1301 2998 1339 non
3016 1300 3117 1358 per
3133 1284 3528 1357 Deumjurare
3542 1304 3643 1359 pro
3657 1316 3673 1331 -

2020 1368 2296 1439 hibuerit,
2316 1373 2415 1427 sed
2441 1388 2544 1445 per
2564 1372 2793 1439 cmlum,
2810 1378 2865 1428 et
2890 1390 2990 1445 per
3011 1380 3245 1441 terram,
3263 1378 3319 1430 et
3342 1391 3442 1448 per
3465 1375 3666 1431 Hiero-

2019 1460 2330 1533 solymam,
2349 1467 2406 1517 et
2426 1477 2527 1533 per
2547 1466 2722 1533 caput
2746 1466 2912 1517 tuum
2938 1460 3158 1533 (Matth.
3188 1463 3341 1532 v).Et
3362 1463 3471 1521 hoc
3494 1466 3665 1536 quasi

2019 1548 2279 1621 parvulis
2309 1550 2498 1605 fuerat
2527 1546 2653 1621 lege
2683 1554 3136 1621 concessum,ut
3158 1569 3273 1624 quo
3306 1552 3478 1609 modo
3501 1554 3666 1610 victi-

2018 1653 2148 1693 mas
2170 1636 2554 1694 immolabant
2573 1638 2710 1707 Deo,
2736 1655 2805 1695 ne
2828 1655 2926 1695 eas
2950 1639 3322 1697 immolarent
3342 1639 3516 1698 idolis
3543 1659 3557 1698 :
3583 1642 3668 1699 sic

2016 1731 2074 1783 et
2105 1724 2300 1798 jurare
2331 1727 2809 1798 permitterentur
2839 1727 2898 1783 in
2931 1726 3137 1799 Deum,
3173 1747 3286 1786 non
3323 1732 3479 1803 quod
3513 1736 3666 1789 recte

256 1816 393 1873 CAP.
423 1819 479 1871 2.
509 1845 580 1858 -—
627 1816 702 1871 De
746 1814 1034 1873 soliditate
1071 1812 1401 1889 jurainenti.
1433 1814 1515 1867 Ea:
1543 1826 1693 1869 conc.
1734 1810 1904 1867 Tolet.
1934 1821 1983 1889 Β
2014 1814 2124 1871 hoc
2153 1815 2430 1887 facerent,
2452 1816 2552 1872 sed
2586 1816 2740 1888 quod
2769 1817 2979 1875 melius
3008 1823 3165 1875 esset
3192 1819 3306 1876 Deo
3340 1819 3397 1876 id
3429 1821 3666 1878 exhibe-

934 1903 1058 1953 vm,
1094 1903 1141 1941 c.
1172 1886 1226 1939 2.

329 1984 513 2040 Omne
541 1985 700 2056 quod
730 1984 790 2038 in
823 1982 983 2054 pacis
1014 1984 1231 2039 foedera
1259 1982 1437 2049 venit,
1480 1984 1617 2037 tunc
1655 1978 1902 2036 solidius

253 2073 719 2144 subsistit,cumj
730 2072 1007 2129 uramenti
1023 2072 1133 2129 hoc
1145 2070 1511 2144 interpositio
1528 2064 1901 2127 roborat.Sed

255 2167 312 2219 et
333 2179 508 2219 omne
529 2164 684 2236 quod
706 2162 936 2219 animos
960 2163 1285 2218 amicorum
1304 2159 1747 2229 conciliat,tunc
1768 2152 1905 2214 iide-

253 2251 371 2308 lius
397 2252 737 2321 durat,cum
761 2268 861 2308 eos
882 2249 1237 2308 sacramenti
1262 2247 1490 2305 vincula
1510 2247 1906 2321 ligant.0mne

253 2340 415 2398 enim
446 2340 601 2411 quod
632 2340 798 2396 testis
828 2339 1205 2410 astipulatur,
1241 2337 1436 2395 verius
1486 2339 1737 2404 constat,
1771 2352 1903 2391 cum

254 2428 315 2485 id
342 2430 591 2501 adjectio
612 2428 927 2500 jurationis
959 2429 1235 2484 afﬁrmat.
1260 2427 1422 2491 Quod
1454 2430 1511 2482 et
1541 2425 1592 2482 si
1624 2424 1789 2481 testis
1813 2424 1905 2480 de-

255 2518 435 2585 ﬁciat,
448 2518 778 2575 innocentis
794 2518 969 2576 fidem
987 2514 1512 2589 sclajurisjurandi
1534 2514 1752 2571 taxatio
1776 2530 1903 2569 ma-

258 2606 521 2664 nifestat.

253 2714 386 2771 Car.
419 2715 472 2769 3.
505 2744 572 2755 -
601 2715 991 2770 luramentum
1019 2729 1132 2769 non
1178 2728 1290 2769 esse
1334 2720 1524 2768 contra
1570 2717 1903 2771 prmeeptum

322 2732 386 2771 Ρ.
419 2726 472 2769 :5.
505 2744 572 2755 —
601 2726 991 2770 luramentum
1019 2729 1132 2769 non
1178 2728 1290 2769 esse
1334 2726 1524 2768 contra
1567 2726 1746 2837 prisce
1787 2726 1899 2764 tum

322 2787 565 2857 Domini.
588 2787 815 2854 August.
835 2801 1002 2857 super
1037 2785 1344 2857 Epistolam
1386 2783 1455 2837 ad
1484 2787 1562 2839 6a
1575 2726 1820 2857 μίας-(ἔῃ
1852 2795 1899 2857 _c.

330 2877 344 2913 ι
392 2856 490 2912 sub
547 2852 755 2926 ﬁnem;
803 2860 855 2913 et
899 2852 1008 2913 'lib.
1064 2852 1090 2912 ι’
1126 2856 1203 2912 De
1258 2870 1511 2911 sermone
1568 2854 1791 2909 Domini
1841 2852 1900 2906 in

326 2936 533 2994 monte,
564 2943 610 2983 ε.
644 2928 757 2999 30).

327 3027 440 3098 (22,
466 3042 522 3097 q.
554 3030 601 3094 1,
627 3041 676 3081 c.
702 3025 820 3081 Non
847 3033 926 3081 est
953 3025 1193 3096 contra.)
1230 3024 1355 3080 Non
1395 3026 1483 3080 est
1521 3025 1721 3079 contra
1752 3037 1899 3093 prce—

258 3120 493 3187 ceptum
536 3114 632 3170 Dei
676 3113 916 3185 juratio,
952 3131 1081 3186 quas
1113 3130 1146 3169 a
1172 3112 1323 3169 malo
1355 3117 1445 3169 est
1476 3129 1592 3168 non
1617 3111 1900 3183 jurantis,

2015 1920 2099 1976 re,
2131 1915 2309 1977 quam
2339 1905 2665 1962 daemoniis.

2018 1993 2146 2049 CAP.
2179 1994 2232 2048 7.
2256 2023 2325 2035 -
2351 1995 2472 2068 Non
2518 2011 2632 2052 esse
2674 1996 3084 2068 frequentanda
3117 1999 3450 2067 iuramenta.
3484 2000 3661 2056 Isido-

2194 2081 2312 2133 rus,
2338 2064 2753 2122 Sententiarum
2768 2064 2921 2124 'libro
2950 2064 3205 2136 secundo,
3237 2086 3355 2142 cap.
3389 2070 3479 2125 31.

2087 2154 2200 2224 (22,
2225 2172 2283 2226 q.
2321 2154 2371 2225 1,
2400 2171 2449 2210 c.
2482 2152 2597 2210 Non
2624 2157 2703 2211 est
2730 2157 2969 2229 contra.)
3012 2155 3135 2213 Non
3180 2163 3271 2214 est
3318 2154 3511 2215 conita
3561 2160 3657 2215 Dei

2017 2243 2612 2315 prisceptumjurare;
2640 2245 2740 2299 sed
2764 2244 2904 2299 dum
2931 2242 3172 2315 jurandi
3206 2264 3379 2303 usum
3410 2246 3661 2305 facimus

2016 2330 2257 2403 perjurii
2288 2331 2510 2387 crimen
2544 2332 2927 2389 incurrimus.

2014 2424 2150 2477 CAP.
2182 2421 2236 2476 8.
2260 2451 2337 2495 H—
2366 2421 2482 2476 Non
2513 2436 2627 2477 esse
2672 2421 2980 2495 furandum
3022 2424 3135 2477 nisi
3162 2440 3383 2495 (magna
3430 2430 3661 2483 necessi-

2087 2499 2217 2569 tate.
2247 2494 2330 2569 Ea:
2356 2495 2624 2569 serm._28
2666 2494 2894 2569 August.
2944 2493 3009 2548 de
3056 2494 3231 2569 verbis
3276 2493 3541 2568 Apostoli,
3569 2501 3666 2569 qui

2085 2562 2165 2617 sic
2196 2564 2430 2634 incipit:
2461 2564 2656 2619 Prima
2683 2563 2853 2620 lectio
2885 2581 3013 2636 quae
3046 2564 3238 2621 nobis.

2082 2651 2199 2722 (22,
2230 2668 2287 2723 q.
2325 2651 2375 2719 1,
2408 2668 2457 2706 c.
2488 2651 2559 2707 Si
2583 2656 2870 2723 peccatum
2916 2656 3093 2725 esset.)
3127 2653 3187 2709 Si
3236 2657 3539 2727 peccatum
3572 2672 3663 2712 es-

2014 2744 2103 2796 set
2126 2738 2370 2812 juratio,
2390 2756 2495 2795 nec
2526 2738 2583 2794 in
2616 2739 2797 2795 veteri
2830 2738 2953 2812 lege
2984 2740 3305 2799 diceretur:
3338 2740 3457 2799 Non
3480 2743 3658 2815 perju-

2013 2827 2186 2898 rabis,
2208 2826 2395 2884 reddes
2417 2834 2595 2884 autem
2618 2826 2846 2885 Domino
2862 2829 3258 2901 jusjurandum
3278 2829 3439 2887 tuum
3460 2830 3655 2903 (Leuit.

2012 2922 2297 2981 x1x):non
2330 2917 2485 2973 enim
2519 2922 2820 2990 peccatum
2845 2919 3255 2991 praeciperetur
3285 2919 3474 2976 nobis.
3499 2921 3655 2993 Item,

2010 3004 2211 3063 ibidem
2237 3014 2357 3078 post
2386 3007 2577 3078 aliqua
2621 3006 2815 3063 multa.
2850 3006 2973 3063 Non
3027 3009 3191 3064 vobis
3241 3008 3496 3065 dicimus
3546 3026 3654 3067 nos

2010 3112 2125 3150 non
2148 3095 2385 3166 jurare;
2414 3094 2462 3151 si
2495 3095 2650 3151 enim
2685 3094 2793 3152 hoc
2816 3094 3088 3168 dicimus,
3110 3096 3659 3163 mentimur.Quan-

254 3178 356 3259 sed
388 3178 818 3260 incredulitatis
849 3178 1038 3275 ejusa
1069 3219 1185 3275 quo
1228 3203 1424 3273 jurare
1473 3178 1720 3274 cogitur.
1751 3201 1897 3256 Nam

2021 3187 2136 3238 tum
2169 3182 2241 3238 ad
2276 3200 2365 3239 me
2398 3183 2849 3256 pertinet,juro,
2871 3185 2970 3240 sed
3005 3191 3294 3256 quantum
3326 3185 3474 3242 mibi
3501 3187 3659 3243 vide-

251 3293 390 3349 hinc
414 3291 763 3365 intelligitur
791 3293 874 3349 ita
902 3292 1220 3348 Dominum
1240 3291 1611 3364 prohibuisse
1642 3290 1899 3363 ajuran-

254 3382 326 3437 do
357 3380 573 3453 (Matth.
606 3381 686 3452 v),
719 3384 785 3436 ut
813 3383 1099 3453 quantum
1130 3379 1190 3434 in
1222 3378 1348 3452 ipso
1375 3383 1485 3445 est,
1511 3380 1762 3452 quisque
1783 3395 1897 3434 non

247 3470 428 3540 juret,
459 3469 612 3539 quod
644 3467 814 3524 multi
847 3468 1089 3539 faciunt,
1122 3467 1181 3523 in
1213 3484 1311 3523 ore
1341 3467 1622 3523 habentes
1646 3466 1899 3538 juratio-

255 3574 388 3614 nem
426 3562 705 3630 tanquam
741 3574 1023 3631 magnum
1056 3561 1113 3613 et
1143 3572 1319 3613 suave
1350 3555 1591 3627 aliquid.
1613 3559 1759 3611 Nam
1793 3556 1900 3611 uti-

248 3664 361 3720 quo
388 3645 703 3719 Apostolus
728 3650 968 3703 noverat
989 3649 1342 3718 praeceptum
1358 3644 1900 3716 Domini,etjuravit

247 3739 466 3792 tamen.
488 3740 613 3791 Non
634 3735 789 3791 enim
823 3735 1101 3791 audiendi
1134 3738 1275 3789 sunt
1307 3732 1407 3804 qui
1437 3733 1545 3788 has
1567 3731 1898 3803 jurationes

243 3841 373 3881 esse
406 3841 519 3880 non
552 3827 783 3897 putant.
808 3824 957 3888 Quid
990 3824 1145 3879 enim
1169 3820 1615 3878 facientdeilla:
1641 3820 1899 3892 Quotidie

238 3915 448 3970 morior
474 3928 572 3985 per
600 3917 843 3969 vestram
874 3912 1134 3982 gloriam,
1161 3914 1387 3983 fratres,
1417 3926 1581 3983 quam
1632 3912 1805 3968 habeo
1832 3912 1894 3967 in

242 4002 462 4059 Christo
484 4003 612 4058 Jcsu
648 4001 890 4058 Domino
919 4009 1102 4057 nostro
1133 4001 1180 4072 (ι
1216 4000 1337 4057 Cor.
1366 4007 1489 4069 xu):
1536 4016 1712 4072 quam
1735 4003 1891 4055 Ορω-

236 4108 303 4147 ca
369 4089 726 4163 exemplaria
794 4089 1346 4146 maniisstissimam
1378 4104 1506 4145 esse
1528 4089 1891 4160 jurationem

234 4178 641 4237 convincunt?
673 4179 971 4244 Quantum
1004 4193 1139 4250 ergo
1171 4178 1230 4233 in
1262 4177 1390 4250 ipso
1431 4181 1520 4234 est
1569 4194 1681 4233 non
1730 4178 1895 4249 jurat

228 4267 567 4340 Apostolus,
595 4285 712 4324 non
744 4268 901 4324 enim
936 4267 1156 4339 appetit
1176 4264 1537 4337 jurationem
1570 4265 1891 4338 cupiditate

234 4360 336 4413 aut
378 4356 765 4414 delectatione
809 4356 1076 4429 jurandi.
1109 4354 1377 4428 Amplius
1405 4359 1493 4411 est
1522 4355 1679 4411 enim
1713 4372 1890 4427 quam

230 4449 342 4517 est,
374 4448 497 4514 est;
532 4463 672 4518 non,
705 4463 822 4503 non
854 4445 1076 4518 (Matth.
1114 4444 1189 4517 v),
1220 4448 1277 4501 et
1319 4444 1444 4501 ideo
1494 4460 1528 4500 a
1574 4443 1727 4500 malo
1776 4448 1887 4511 est,

229 4534 332 4591 sed
364 4533 724 4592 infirmitatis
756 4539 858 4592 aut
887 4532 1314 4591 incredulitatis
1346 4549 1571 4601 eorum,
1592 4532 1693 4605 qui
1723 4531 1890 4589 aliter
1919 4554 1964 4618 Β

229 4626 539 4679 moventur
568 4624 639 4679 ad
669 4622 868 4680 ﬁdem.

224 4752 360 4806 ΟΑρ.
394 4748 447 4802 4.
479 4777 550 4789 -
577 4750 699 4804 Non
729 4747 1060 4819 iurandum,
1092 4751 1155 4803 ut
1182 4764 1346 4819 quam
1383 4746 1703 4819 longissime
1732 4748 1883 4803 absi-

294 4835 417 4875 mus
447 4837 482 4875 a
509 4819 784 4892 perjurio.
812 4820 952 4889 Aug.
976 4818 1046 4875 ad
1069 4816 1423 4877 Publicolam
1454 4818 1630 4890 (epist.
1667 4819 1809 4891 154).

296 4926 411 4997 (22,
443 4943 504 4998 q.
539 4926 590 4997 1,
622 4943 671 4982 c.
705 4927 770 4982 In
796 4940 933 4982 novo
969 4924 1347 4997 Testamento.)
1381 4925 1445 4980 In
1491 4924 1646 4980 Novo
1678 4924 1883 4980 Testa-

228 5019 427 5070 mento
476 5014 704 5073 dictum
734 5018 824 5071 est
851 5031 925 5071 ne
955 5013 1194 5072 omnino
1234 5014 1510 5085 juremus
1562 5011 1774 5084 (Matth.
1794 4999 1862 5083 ’v)

225 5101 381 5172 quod
413 5101 559 5156 mihi
596 5101 835 5173 quidem
863 5104 1172 5173 propterea
1205 5099 1429 5156 dictum
1481 5098 1735 5166 videtur,
1769 5114 1883 5153 non

227 5189 366 5258 quia
406 5189 607 5261 jurare
637 5193 943 5263 peccatum
989 5193 1097 5260 est,
1130 5189 1231 5244 sed
1273 5188 1415 5261 quia
1446 5188 1743 5260 perjurare
1774 5187 1885 5243 im-

228 5292 405 5334 mane
448 5281 757 5351 peccatum
787 5281 910 5346 est;
941 5295 977 5334 θ.
1001 5293 1115 5349 quo
1147 5293 1255 5334 nos
1286 5276 1457 5350 longe
1505 5292 1635 5333 esse
1676 5274 1882 5345 voluit,

226 5368 329 5440 qui
360 5370 600 5426 omnino
630 5385 703 5426 ne
725 5368 999 5441 juremus
1019 5368 1403 5423 commonuit.
1430 5368 1587 5437 Item,
1607 5366 1745 5423 ibid.
1766 5370 1887 5440 post

223 5458 441 5529 aliquot
494 5474 705 5515 versus.
746 5456 1023 5523 Quamvis
1072 5455 1293 5511 dictum
1339 5456 1436 5525 sit,
1470 5456 1552 5513 Ne
1596 5459 1884 5528 juremus,

223 5562 524 5620 nusquam
556 5549 619 5606 in
650 5546 969 5621 Scripturis
1019 5545 1241 5603 sanctis
1272 5545 1487 5619 legisse
1514 5563 1607 5604 me
1640 5547 1885 5605 memini

222 5653 300 5694 ne
325 5637 398 5695 ab
426 5636 541 5695 alio
558 5638 921 5710 jurationem
952 5634 1335 5709 accipiamus.

2009 3276 2127 3340 tur,
2154 3288 2367 3345 magna
2389 3271 2738 3328 necessitate
2761 3273 3121 3345 compulsus.
3145 3274 3288 3330 Cum
3312 3273 3510 3330 videro
3543 3274 3658 3331 nisi

2007 3361 2216 3416 faciam
2250 3358 2393 3415 mihi
2426 3377 2539 3416 non
2576 3360 2754 3427 credi,
2776 3365 2831 3416 et
2852 3361 2902 3417 ei
2923 3360 3019 3433 qui
3040 3358 3181 3417 mihi
3202 3376 3318 3417 non
3336 3363 3521 3419 credit
3538 3380 3657 3420 non

2007 3449 2277 3521 expedire
2309 3450 2459 3522 quod
2497 3466 2614 3505 non
2646 3448 2866 3517 credit;
2901 3449 3008 3505 hac
3041 3458 3326 3522 perpensa
3352 3449 3576 3507 ratione
3602 3457 3661 3507 et

2008 3535 2474 3593 consideratione
2505 3536 2742 3606 librata,
2774 3554 2906 3592 cum
2957 3554 3169 3607 magno
3217 3534 3426 3594 timore
3479 3539 3607 3596 dico
3641 3559 3654 3598 :

2008 3624 2214 3681 Coram
2247 3626 2384 3693 Deo,
2420 3631 2521 3681 aut
2552 3625 2744 3681 Testis
2775 3632 2867 3681 est
2896 3625 3071 3693 Deus,
3106 3633 3209 3682 aut
3237 3626 3359 3683 Scit
3387 3626 3657 3684 Christus

2008 3714 2163 3786 quod
2198 3714 2280 3769 sic
2313 3718 2403 3770 est
2434 3732 2561 3771 esse
2592 3713 2649 3769 in
2683 3713 2880 3770 animo
2913 3731 3058 3771 meo.
3081 3716 3155 3772 Et
3175 3716 3341 3772 video
3361 3717 3500 3788 quia
3522 3716 3656 3789 plus

2006 3806 2114 3872 est,
2140 3803 2196 3858 id
2222 3808 2331 3870 est,
2357 3803 2511 3876 quod
2545 3802 2803 3875 amplius
2836 3807 2927 3860 est
2960 3820 3168 3876 quam:
3204 3805 3320 3877 Est,
3352 3810 3470 3868 est;
3525 3822 3655 3876 non,

2006 3910 2114 3949 non
2132 3910 2152 3952 ;
2184 3893 2284 3948 sed
2318 3891 2425 3948 hoc
2457 3892 2601 3965 quod
2631 3892 2875 3964 amplius
2922 3903 3021 3962 est,
3055 3911 3092 3951 a
3124 3890 3270 3950 malo
3316 3901 3397 3952 est
3442 3895 3654 3965 (Matth.

2006 3982 2083 4054 v),
2115 3986 2171 4037 et
2201 3982 2250 4037 si
2283 4000 2399 4038 non
2433 4001 2466 4038 ιι
2498 3982 2651 4038 malo
2696 3984 2979 4054 jurantis,
3015 4001 3047 4039 a
3074 3982 3224 4040 malo
3256 3991 3344 4040 est
3375 4001 3491 4040 non
3524 4001 3652 4040 cre-

2004 4070 2219 4127 dentis.

2003 4164 2140 4217 CAP.
2169 4163 2224 4214 9.
2256 4191 2326 4200 —-
2350 4163 2681 4217 Juramenta
2723 4177 2846 4233 qua,”
2874 4165 3065 4217 contra
3091 4167 3354 4216 naturam
3388 4160 3515 4233 sunt
3543 4178 3654 4218 non

2142 4248 2255 4287 esse
2285 4233 2543 4289 tenenda.
2576 4235 2660 4288 Ea:
2688 4231 2835 4289 conc.
2871 4233 3120 4288 totetano
3150 4248 3272 4300 vm,
3303 4247 3423 4304 cap.
3455 4231 3509 4285 2.

2072 4321 2183 4390 (22,
2219 4337 2276 4391 q.
2308 4321 2361 4386 4,
2390 4337 2439 4374 ο.
2465 4320 2529 4376 Si
2555 4322 2841 4392 publicis.)
2870 4321 2926 4375 Si
2959 4320 3213 4393 publicis
3254 4325 3655 4377 sacramento-

1998 4423 2129 4462 rum
2148 4408 2329 4478 gestis
2348 4408 2525 4479 (quod
2544 4413 2765 4464 avertat
2782 4409 2982 4481 Deus!)
3004 4427 3037 4465 a
3059 4408 3423 4482 quibuslibet
3443 4406 3658 4467 illicita

1995 4494 2081 4551 vel
2115 4512 2231 4551 non
2260 4496 2415 4552 bona
2444 4498 2767 4554 exstitisset
2812 4498 3067 4555 conditio
3099 4497 3362 4571 alligata,
3392 4516 3520 4572 quas
3553 4503 3655 4555 aut

1986 4584 2263 4656 jugulare
2288 4584 2549 4641 animam
2573 4586 2757 4658 patris
2792 4591 2893 4643 aut
2923 4603 3091 4658 agere
3123 4585 3504 4660 compelleret
3532 4592 3653 4644 stu-

1991 4690 2162 4747 prum
2187 4674 2598 4730 sacratissimaa
2625 4676 2911 4748 [sacratzc]
2944 4676 3215 4749 virginis,
3236 4677 3504 4750 nunquid
3529 4694 3645 4733 non

1991 4762 2355 4854 tolerabilius
2379 4768 2537 4854 esset
2561 4764 2749 4820 stultae
2774 4765 3189 4837 promissionis
3221 4767 3462 4838 rejicerc
3491 4771 3648 4854 vota,

1992 4869 2170 4924 quam
2187 4868 2291 4924 per
2307 4852 2608 4908 inutilium
2632 4854 3061 4925 promissorum
3094 4856 3421 4911 custodiam
3443 4852 3651 4912 exhor-

1992 4942 2233 4998 rendam
2264 4941 2581 4997 criminum
2614 4941 2856 5014 implere
2888 4959 3228 5000 mensuram
3249 4944 3278 4999 ‘I

2026 5031 2158 5086 Cap.
2196 5034 2280 5087 10.
2314 5061 2380 5073 -
2415 5035 2490 5086 De
2520 5030 2713 5087 eadem
2754 5032 3205 5158 re.3/:)mbrosius,
3237 5033 3334 5089 lib.
3371 5031 3537 5104 Ofﬁc.
3571 5050 3608 5100 ι,

2693 5120 2816 5158 can.
2927 5147 2939 5158 .

2693 5120 2816 5175 cap.
2849 5120 2939 5158 δυ.

2064 5190 2173 5264 (22,
2209 5207 2264 5262 q.
2300 5190 2353 5258 4,
2388 5206 2438 5245 c.
2486 5190 2577 5246 Est
2606 5192 2782 5247 ctiam
2840 5193 3078 5263 contra.)
3109 5191 3210 5247 Est
3238 5193 3417 5248 etiam
3448 5196 3651 5248 contra

1993 5279 2250 5336 ofﬁcium
2264 5296 2682 5352 nonnunquam
2703 5279 3063 5352 promissum
3080 5280 3300 5337 solvere
3316 5294 3643 5337 sacramen-

1993 5373 2141 5438 tum,
2164 5372 2230 5424 ut
2250 5367 2528 5435 Herodes,
2552 5367 2652 5440 qui
2669 5368 2892 5440 juravit
2914 5369 3192 5439 quoniam
3230 5367 3518 5440 quidquid
3548 5383 3645 5439 pe-

1994 5457 2133 5513 titus
2160 5461 2336 5528 esset,
2370 5459 2536 5513 daret
2568 5457 2700 5512 ﬁlias
2732 5457 3077 5513 Herodiadis
3123 5456 3335 5528 (Matth.
3368 5456 3510 5529 xxv),
3543 5472 3646 5514 ne-

1993 5562 2118 5603 cem
2148 5547 2395 5603 Joannis
2428 5546 2745 5618 praestavit,
2779 5563 2851 5602 ne
2882 5546 3242 5619 promissum
3275 5553 3536 5620 negaret.

1992 5640 2128 5694 CAP.
2162 5634 2250 5692 lt.
2283 5666 2351 5677 —-
2380 5637 2516 5692 Item
2543 5635 2607 5691 de
2631 5635 2843 5691 eodem.
2867 5635 2950 5691 Ex
2996 5652 3159 5693 serm.
3194 5636 3427 5709 August.
3461 5639 3521 5695 in
3548 5638 3645 5696 de-
