3972 6064
369 321 475 375 783

438 441 734 499 collatione
751 434 930 492 sancti
947 429 1205 493 Joannis,
1224 415 1672 499 quisicﬂincipit:
1715 413 1858 464 Cum
1881 419 2018 461 san-

441 489 977 578 tuﬂmmlllvva'n'gelium
1011 489 1299 571 legeretur
1329 489 1496 562 (108).

660 563 794 666 4,;
820 592 969 663 Quod
992 563 1210 655 Dauid.)
1243 581 1424 635 Video
1472 572 1647 629 David
1697 569 1859 640 pium
1911 563 2017 662 ho-

442 649 555 674 \"'
581 649 635 672 Ἰ·
677 649 713 666 ’1
746 649 787 652 "
824 649 855 663 ἰ
1194 649 1203 655 .

373 692 593 746 minem
624 691 680 743 et
709 687 979 740 sanctum
1012 678 1070 732 in
1097 670 1456 746 jurationem
1473 658 1846 719 temerariam
1869 649 2016 708 ceci-

377 780 555 848 disse,
580 780 637 832 et
669 772 950 828 maluisse
974 783 1086 821 non
1112 764 1298 818 facere
1321 756 1475 830 quod
1493 750 1812 824 juraverat,
1838 756 2016 815 quam

378 828 555 848 ww",
585 828 633 832 -_
1341 828 1356 830 ν

370 865 732 938 jurationem
765 874 934 915 suam
953 856 1080 910 fuso
1103 846 1362 906 hominis
1395 838 1684 912 sanguine
1710 831 1953 904 implere
1975 828 2019 896 (l

1301 935 1308 938 ‘
1492 935 1501 938 -
1579 929 1598 938 “
1754 923 1787 938 ἰ
1847 916 2016 938 n-_-3J

725 950 876 1011 Item,
925 941 1131 1000 ibidem
1177 935 1342 1010 paulo
1386 935 1524 1004 post.
1574 923 1798 983 Juravit
1847 916 2021 974 David

378 1040 740 1111 temere,sed
758 1029 1156 1105 nonimplevit
1177 1009 1535 1099 jurationem
1569 1012 1778 1085 majori
1811 1009 2023 1082 pietate

381 1135 524 1190 Ecce
555 1128 737 1187 David
772 1127 1010 1182 sanctus
1044 1135 1156 1174 non
1190 1113 1427 1186 quidem
1459 1109 1647 1170 iratus,
1673 1099 2022 1172 sanguinem

376 1219 636 1277 hominis
667 1215 836 1283 fudit,
862 1212 962 1268 sed
985 1224 1118 1265 eum
1142 1204 1352 1260 falsum
1376 1200 1613 1270 jurasse
1644 1204 1858 1262 negare
1890 1184 2024 1256 quis

668 1307 744 1362 De
775 1272 1006 1358 duobus
1039 1291 1291 1368 peccatis
1333 1286 1510 1358 elegit
1550 1280 1886 1343 minimum,
1921 1272 2023 1328 sed

377 1362 586 1457 minus
608 1395 717 1452 fuit
747 1391 890 1448 illud
921 1388 982 1443 in
1007 1362 1441 1454 comparatione
1468 1370 1708 1442 majoris
1739 1362 2020 1437 [pejoris].

376 1491 522 1546 Nam
555 1502 657 1560 per
687 1500 748 1540 se
777 1481 973 1553 ipsum
1006 1484 1334 1546 appensum
1367 1476 1648 1534 magnum
1683 1455 1905 1512 malum
1937 1453 2026 1506 est

377 1579 526 1636 falsa
545 1578 766 1648 jurare.

380 1628 732 1723 77——
763 1659 908 1715 Idem
936 1653 1002 1708 de
1049 1649 1263 1776 celatim.
1300 1641 1536 1699 Isidorus
1581 1639 1643 1692 in
1691 1628 2028 1705 Synonymis

1129 1737 1146 1775 τ
1189 1761 1202 1774 .
1234 1735 1296 1772 ιι.

453 1827 515 1882 In
549 1821 721 1879 malis
755 1812 1059 1889 promissis
1091 1805 1350 1864 rescinde
1390 1802 1583 1868 ﬁdem,
1616 1797 1676 1851 in
1706 1791 1865 1863 turpi
1893 1792 2025 1844 voto

385 1920 548 1971 muta
577 1913 900 1966 decretum.
934 1899 1096 1969 Quod
1127 1897 1363 1951 incaute
1405 1886 1612 1945 vovisti
1662 1900 1778 1940 non
1825 1879 2024 1935 facias.

385 2003 572 2075 Impia
602 2004 691 2054 est
723 1990 1032 2068 promissio
1066 2003 1191 2059 quis
1224 1981 1438 2040 scelere
1470 1973 1847 2047 adimpletur.

385 2073 518 2166 Car.
558 2108 643 2161 13.
675 2132 744 2144 -
772 2103 906 2156 Item
936 2097 1001 2151 de
1028 2093 1217 2166 eadem
1249 2105 1328 2166 re.
1362 2085 1506 2166 Deda
1536 2085 1596 2166 in
1628 2079 1724 2166 lib.
1759 2073 2028 2166 Hognitria-

456 2146 994 2245 iinf'homiiid'is
1030 2146 1508 2235 '(in’dccottatione
1553 2155 1609 2208 S.
1655 2147 1883 2206 Joannis
1924 2146 2031 2198 Ba-

456 2248 687 2323 ptistae).

455 2308 567 2410 £22,
599 2308 659 2408 q:
690 2336 743 2400 4,
777 2349 827 2387 c.
858 2331 922 2384 Si
951 2323 1162 2397 aliquid
1191 2318 1376 2392 forte.)
1407 2316 1467 2371 Si
1499 2309 1721 2382 aliquid
1751 2308 1896 2362 forte
1923 2319 2030 2359 nos

385 2427 680 2484 incautius
703 2423 940 2492 jurasse
963 2410 1294 2483 contigerit,
1310 2405 1463 2479 quod
1482 2401 1853 2458 observatum
1875 2394 2032 2465 pejo-

385 2535 508 2575 rem
529 2511 808 2585 vergatin
827 2507 1071 2572 exitum,
1089 2481 1272 2556 libere
1296 2494 1441 2550 illud
1473 2487 1716 2547 consilio
1749 2481 2032 2540 salubrio-

385 2607 434 2662 ri
454 2601 805 2660 mutandum
827 2592 1186 2655 noverimus,
1208 2602 1272 2640 ac
1296 2581 1485 2654 magis
1509 2579 1763 2634 instante
1786 2569 2034 2628 necessi-

533 2687 913 2765 pejerandum
946 2679 1138 2747 nobis,
1163 2690 1339 2748 quam
1375 2687 1478 2742 pro
1508 2665 1744 2722 vitando
1776 2658 2031 2733 perjurio

388 2787 447 2842 in
481 2783 640 2840 aliud
672 2779 894 2835 crimen
926 2771 1160 2845 gravius
1177 2782 1305 2822 esse
1323 2751 2032 2821 divertendum.Denique

381 2871 605 2944 juravit
635 2866 814 2924 David
847 2841 956 2935 per
979 2857 1289 2914 Dominum
1339 2850 1600 2907 occidere
1629 2841 1812 2900 Nabal
1841 2841 2030 2895 virum

387 2929 636 3017 stultum
660 2961 717 3011 et
737 2929 1190 3023 impium,atque
1210 2941 1410 2999 omnia
1429 2955 1554 3009 quae
1580 2936 1651 2990 ad
1671 2931 1838 2988 illum
1861 2929 2034 3001 perti-

388 3052 591 3107 nerent
613 3039 905 3106 demoliri;
930 3037 1028 3094 sed
1046 3036 1113 3091 ad
1132 3033 1383 3105 primam
1399 3023 1879 3082 intercessionem
1896 3016 2034 3072 Abi-

1357 277 1360 279 Α
1461 298 1526 347 n.
1569 288 1808 344 IVONIS
1841 276 2339 335 CARNOTENSIS
2373 270 2691 327 EPISCOPI

2049 402 2100 467 Α
2131 399 2178 454 si
2213 399 2392 454 sentit
2423 411 2599 467 quam
2634 392 2832 462 inique
2865 386 2978 444 sibi
3008 387 3065 440 in
3095 384 3310 456 peccati
3345 383 3621 437 societate
3651 397 3788 436 ser-

3671 256 3789 313 784

2126 492 2260 543 vata
2283 503 2397 541 non
2423 482 2628 538 fuerit:
2658 479 2753 534 ille
2783 479 3001 550 quippe
3025 471 3337 542 utrobique
3361 471 3619 542 perﬁdus
3644 485 3785 540 pro-

2128 577 2276 630 fecto
2309 567 3019 639 sceleratiorjudicandus
3045 567 3149 618 est.
3176 563 3328 626 Item,
3355 559 3560 615 ibidem
3591 560 3785 612 codem

2129 681 2248 734 cap.
2283 663 2488 716 Mulier
2518 660 2564 714 si
2601 659 2711 712 fide
2754 652 3047 725 conjugali
3095 649 3311 705 violata
3360 649 3534 702 fidem
3585 651 3786 702 servet

2131 751 2415 815 adultero,
2439 747 2642 818 utique
2664 743 2818 799 mala
2840 746 2959 797 est:
2987 739 3090 795 sed
3133 737 3182 792 si
3224 752 3330 791 nec
3362 734 3646 800 adultero,
3675 749 3782 805 pe-

2126 842 2221 911 jor
2263 844 2368 894 est.
2403 839 2577 892 Porro
2611 834 2658 889 si
2692 848 2819 888 eam
2871 829 3071 898 ﬂagitii
3123 825 3423 898 poeniteat,
3457 828 3512 879 et
3560 824 3632 878 ad
3683 839 3783 877 ca-

2133 909 2388 984 stitatem
2422 925 2650 980 rediens
2680 918 3071 991 conjugalem,
3091 919 3260 988 pacta
3283 931 3347 969 ac
3371 911 3586 985 placita
3615 909 3786 966 adul-

2135 1017 2321 1073 terina
2344 1010 2854 1077 rescindat,miror
2880 1007 2927 1063 si
2959 1022 3086 1062 eam
3123 1003 3256 1059 fidei
3282 998 3784 1070 violatricem,vel

2133 1106 2257 1179 ipse
2288 1104 2516 1160 adulter
2545 1100 2794 1173 putabit.

2135 1216 2267 1270 CAP.
2306 1216 2388 1268 15.
2423 1244 2489 1253 ——
2519 1213 2589 1267 De
2612 1226 2745 1292 ‘non
2794 1205 3064 1292 servando
3098 1204 3410 1292 iuramento
3441 1201 3664 1272 injuste.
3699 1199 3787 1252 Ex

2539 1285 2751 1337 actione
2783 1281 2815 1332 4
2843 1294 2924 1332 vu
2956 1275 3164 1347 Synodi
3190 1273 3358 1343 (109).

2207 1378 2314 1446 (22,
2349 1391 2404 1445 q.
2439 1374 2493 1443 4,
2527 1389 2576 1426 c.
2610 1369 2832 1425 Actione
2873 1384 3000 1438 qua:
3020 1364 3126 1435 ta.)
3155 1364 3407 1418 Joannes
3458 1358 3784 1430 apocrisia-

2135 1465 2256 1519 rius
2288 1460 2669 1518 Orientalium
2701 1457 2933 1513 sedium
2965 1453 3142 1509 dixit:
3197 1475 3216 1501 ει
3247 1449 3550 1522 Signiﬁcat
3589 1463 3782 1503 sermo

2135 1552 2321 1608 Patris
2354 1552 2537 1606 nostri
2569 1545 2901 1619 Sophronii,
2935 1543 3093 1616 quod
3140 1539 3352 1596 melius
3383 1538 3780 1608 sitjurantem

2135 1642 2638 1714 perjurare,quam
2663 1650 3005 1690 conservare
3026 1632 3461 1687 sacramentum
3481 1628 3540 1682 in
3557 1627 3787 1682 confra-

2136 1730 2324 1786 ctione
2367 1732 2709 1784 sanctarum
2742 1722 3091 1794 imaginum.
3127 1723 3245 1772 Hoc
3275 1719 3468 1772 autem
3501 1715 3784 1780 dicimus,

2137 1817 2276 1889 quia
2306 1816 2545 1887 quidam
2582 1829 2643 1869 se
2672 1813 3040 1868 sacramento
3072 1808 3370 1862 excusant.
3399 1827 3425 1852 ››
3458 1801 3785 1858 Ήωτθεὶυε

2138 1905 2470 1979 patriarcha
2499 1903 2674 1959 dixit:
2711 1923 2738 1952 «
2771 1900 2916 1965 Quia
2945 1899 3116 1953 Pater
3147 1893 3509 1966 Sephronius
3543 1895 3788 1948 noverat

2136 1995 2455 2050 bonitatem
2485 1993 2601 2062 Dei,
2625 1994 2930 2063 propterea
2965 1984 3292 2057 transgredi
3318 1981 3504 2038 voluit
3535 1981 3786 2052 impium

2130 2085 2561 2156 juramentum.
2597 2103 2621 2132 »
2654 2083 2796 2136 Item
2830 2075 3154 2132 Tharasius
3211 2071 3543 2144 patriarcha
3589 2071 3737 2124 dixit
3770 2087 3783 2124 :

2141 2198 2168 2225 α
2198 2173 2455 2230 Herodes
2486 2169 2733 2227 servavit
2764 2169 3188 2235 jnramentum,
3223 2167 3278 2217 et
3309 2161 3481 2233 periit
3512 2179 3525 2216 :
3577 2165 3788 2215 Petrus

2140 2280 2272 2320 vero
2305 2261 2537 2333 negavit
2563 2275 2693 2314 cum
2721 2259 3080 2328 juramento,
3116 2257 3171 2308 et
3202 2267 3517 2306 conversus
3549 2249 3704 2303 ﬂevit
3732 2252 3790 2304 et

2142 2351 2402 2408 salvatus
2451 2355 2542 2405 est
2592 2345 3009 2420 (.llattli.xxv1).
3045 2343 3228 2397 Omne
3275 2340 3429 2395 enim
3479 2342 3786 2410 peccatum

2142 2442 2296 2497 Deus
2318 2438 2604 2509 indulget,
2631 2437 2677 2490 si
2705 2434 2835 2507 quis
2858 2451 2925 2489 ex
2946 2436 3064 2487 toto
3089 2431 3258 2485 corde
3281 2428 3616 2500 poeniteat.»
3641 2427 3789 2482 San-

2142 2535 2235 2586 cta
2265 2529 2524 2601 synodus
2557 2527 2734 2581 dixit:
2770 2549 2797 2574 «
2829 2524 2924 2579 Sic
2957 2523 3122 2576 docet
3152 2536 3258 2574 nos
3289 2523 3491 2573 saneta
3519 2518 3786 2587 Scriptu~

2143 2637 2260 2674 ra.»
2297 2623 2438 2672 Item
2476 2614 2751 2670 Leontius
2783 2610 3007 2666 Phocim
3038 2608 3350 2679 episc0pus
3373 2606 3544 2661 dixit:
3587 2605 3789 2660 «Scri-

2142 2711 2309 2779 ptum
2341 2710 2463 2760 est:
2495 2705 2877 2758 Juramcntum
2908 2697 3148 2752 mendax
3185 2711 3253 2750 ne
3298 2695 3554 2764 diligatis
3599 2693 3790 2765 (Zach.

2141 2794 2285 2864 νιιι).
2312 2795 2435 2860 Qua
2465 2793 2534 2846 de
2567 2807 2744 2846 causa
2778 2793 3040 2843 nostrum
3078 2786 3487 2856 juramentum
3542 2783 3795 2837 mendax

2143 2882 2516 2950 dissolvatur,
2545 2879 2709 2950 quasi
2744 2875 2968 2931 nullam
2999 2874 3224 2929 habens
3255 2871 3548 2927 virtutem.
3589 2895 3639 2926 ››.

2143 2989 2270 3045 CAP.
2306 2989 2393 3043 16.
2427 3017 2495 3028 --
2525 2984 2672 3054 Quod
2704 2986 2759 3039 in
2791 2982 2999 3037 duobus
3029 2980 3193 3054 matis
3222 2979 3409 3033 minus
3439 2980 3660 3033 malum
3694 2980 3796 3033 cti-

2321 3050 2556 3128 genduni
2587 3060 2686 3113 cst.
2720 3057 2801 3110 Ea:
2829 3054 3021 3110 concit.
3058 3052 3216 3106 Τοῖσι.
3250 3066 3371 3119 vm,
3404 3067 3524 3121 cap.
3556 3050 3610 3104 2.

384 3137 501 3210 gail
533 3132 763 3189 feminae
795 3123 1278 3200 prudentis,mox
1307 3114 1536 3171 remisit
1565 3110 2030 3176 minas,revoca-
2062 3131 2107 3199 α
2593 3110 2630 3113 τί
3358 3110 3368 3119 .
3395 3138 3405 3148 ν
3468 3110 3479 3121 .
3703 3138 3714 3148 ο

927 3214 936 3217 _
1393 3204 1427 3217 ..
1525 3201 1576 3217 ..
1695 3198 1796 3217 τά--
1839 3212 1892 3217 __
1928 3194 2028 3217 .-.ε
2214 3150 2376 3217 (Dist.
2417 3148 2496 3216 13,
2528 3163 2574 3200 c.
2616 3147 2729 3199 Duo
2763 3143 2956 3213 mala.)
2990 3146 3110 3195 Duo
3166 3137 3320 3193 mala
3371 3139 3504 3193 licet
3551 3155 3713 3192 omni

2364 3189 2376 3202 .
2417 3155 2496 3216 13,
2528 3163 2574 3200 c.
2616 3155 2729 3199 Uno
2763 3155 2956 3213 mata.)
2990 3155 3110 3195 uno
3166 3155 3320 3193 mala
3372 3155 3504 3193 licet
3551 3155 3797 3193 omnino

384 3225 464 3281 vit
489 3237 690 3280 ensem
720 3220 781 3273 in
811 3214 1105 3286 vaginem,
1137 3221 1325 3279 neque
1357 3201 1578 3274 aliquid
1621 3198 1804 3269 culpae
1836 3212 1897 3252 se
1928 3194 2033 3250 tali

383 3310 640 3386 perjurio
671 3302 1033 3364 contraxisse
1064 3295 1254 3353 doluit
1293 3295 1340 3362 (ι
1379 3298 1506 3361 Reg.
1535 3288 1685 3357 xxv).
1721 3287 1877 3351 Item,
1915 3290 2037 3355 post

381 3416 619 3458 versum.
651 3397 779 3452 Non
813 3391 1006 3448 solum
1041 3387 1099 3441 in
1124 3383 1400 3456 jurando,
1435 3379 1537 3434 sed
1569 3376 1630 3431 in
1667 3375 1826 3430 omni
1878 3373 2034 3444 quod

386 3490 619 3562 agimus
649 3486 772 3540 haec
803 3485 893 3536 est
923 3474 1245 3533 moderatio
1275 3467 1552 3526 solertius
1581 3462 2040 3529 observanda,ut

389 3579 439 3635 si
467 3578 528 3632 in
560 3574 734 3630 talem
767 3572 916 3625 forte
948 3567 1181 3638 lapsum
1213 3558 1434 3616 versuti
1452 3551 2039 3612 hostisinciderimus

392 3663 646 3730 insidiis,
668 3678 738 3717 ex
755 3675 870 3731 quo
901 3657 1029 3712 sine
1059 3652 1258 3723 aliqua
1289 3645 1509 3722 peccati
1539 3643 1884 3714 contagione
1909 3657 2040 3695 sur-

398 3771 532 3830 gere
562 3769 677 3808 uon
709 3748 1024 3823 possimus,
1057 3743 1222 3798 illum
1249 3739 1446 3812 potius
1476 3732 1758 3791 evadendi
1814 3731 2040 3786 aditum

399 3847 687 3917 petamus,
718 3837 780 3892 in
829 3850 974 3904 quos
1015 3831 1212 3886 minus
1245 3824 1488 3898 periculi
1523 3839 1629 3877 nos
1663 3833 2042 3891 perpessuros

394 3948 524 3989 esse
553 3926 871 3985 cernimus;

394 4022 526 4076 CAP.
566 4018 650 4073 14.
683 4045 752 4056 -—-
786 4014 976 4070 Utrum
1004 3998 1500 4079 ﬁdesappetlanda
1536 4000 1786 4079 situque?
1817 3997 1876 4050 in
1906 4009 2041 4063 pec-

459 4067 1339 4146 catis—admittendisadhibétur.
1361 4072 1612 4140 August.,
1633 4069 1708 4121 De
1740 4067 1874 4122 bono
1903 4082 2037 4120 con-

461 4161 663 4233 iugati,
694 4175 814 4228 cap.
847 4155 900 4208 4.

463 4227 575 4323 (22,
599 4265 658 4319 q.
682 4247 737 4311 4,
759 4227 809 4300 e.
834 4242 895 4297 Si
928 4239 998 4295 ad
1031 4231 1362 4308 peccatum.)
1394 4228 1455 4284 Si
1487 4227 1558 4283 ad
1594 4229 1899 4298 peccatum
1932 4228 2039 4281 ad-

394 4312 745 4396 mittendum
767 4318 1492 4388 adhibeturﬁdes,mirum
1524 4315 1574 4372 si
1609 4316 1750 4370 {idos
1783 4312 2040 4387 appella-

393 4431 510 4493 tur,
559 4423 962 4478 verumtamen
1013 4410 1440 4484 qualiscunque
1488 4404 1585 4474 sit,
1637 4404 1685 4458 si
1734 4407 1790 4458 et
1839 4407 2041 4458 contra

393 4491 584 4586 ipsam
619 4511 703 4578 lit,
737 4507 903 4580 pejus
945 4503 1027 4570 fit,
1063 4499 1172 4586 nisi
1205 4513 1336 4552 cum
1371 4498 1679 4566 propterea
1729 4491 2040 4557 deseritur,
2073 4497 2117 4561 υ

2145 3239 2264 3294 sint
2285 3236 2625 3291 cautissime
2648 3230 3243 3304 prmcavenda,tamen
3262 3225 3563 3298 sipericuli
3592 3244 3797 3282 neces-

2147 3328 2290 3382 sitas
2320 3343 2386 3381 ex
2418 3324 2508 3380 his
2546 3340 2727 3378 unum
2762 3327 3087 3391 temperare
3122 3322 3388 3387 [tentare,
3419 3317 3562 3371 alias
3612 3320 3797 3370 teme-

2147 3416 2295 3486 rare]
2319 3412 2687 3484 compulerit,
2715 3410 2771 3464 id
2797 3409 3080 3463 debemus
3104 3404 3581 3475 resolvere,quod
3608 3404 3797 3458 mino-

2149 3506 2194 3560 ri
2223 3521 2373 3559 nexu
2395 3500 2657 3557 noscitur
2677 3497 2954 3569 obligare.
2979 3494 3126 3560 Quid
3163 3498 3354 3548 autem
3378 3492 3564 3548 levius
3587 3509 3656 3548 ex
3679 3492 3797 3562 his,

2149 3593 2357 3665 quidve
2379 3592 2455 3647 sit
2475 3589 2709 3663 gravius
2733 3603 2888 3658 puros
2913 3583 3152 3639 rationis
3183 3581 3452 3637 acumine
3482 3582 3800 3653 investige-

2152 3698 2305 3736 mus.
2335 3679 2560 3735 Etenim
2592 3678 2733 3732 dum
2767 3675 3064 3745 perjurare
3097 3669 3525 3742 compellimur,
3559 3673 3802 3726 Creato-

2150 3786 2272 3826 rem
2306 3768 2538 3840 quidem
2571 3763 2942 3828 oll‘cndimus,
2967 3761 3065 3816 sed
3101 3776 3206 3815 nos
3236 3759 3645 3814 tantummodo
3680 3776 3801 3813 ma.

2153 3859 2439 3915 culamus.
2468 3856 2610 3910 Cum
2643 3869 2776 3908 vero
2808 3850 2976 3906 noxia
3009 3847 3299 3919 promissa
3329 3847 3720 3918 complemus,
3745 3856 3802 3902 et

2153 3947 2251 4002 Dei
2275 3948 2445 4016 jussa
2476 3942 2726 4015 superbe
2757 3937 3287 4007 contemnimus,et
3304 3935 3585 4007 proximis
3615 3936 3802 4008 impia

2151 4033 2494 4090 crudelitate
2526 4045 2826 4093 uocemus,
2849 4031 2906 4082 et
2927 4042 3033 4080 nos
3065 4025 3225 4096 ipsos
3256 4023 3566 4079 crudeliori
3589 4024 3798 4080 mortis

2150 4126 2344 4199 gladio
2377 4121 2762 4187 trucidamus;
2782 4117 2904 4172 illic
2927 4115 3083 4173 enim
3109 4115 3328 4186 duplici
3351 4114 3660 4186 culparum
3686 4115 3799 4172 telo

2150 4213 2531 4286 percutimur,
2563 4209 2657 4264 hic
2688 4205 2994 4279 tripliciter
3015 4203 3386 4275 jugulamur.

2149 4325 2273 4377 Car.
2317 4321 2398 4374 17.
2429 4349 2498 4357 -
2546 4317 2660 4372 Νοη
2710 4329 2924 4383 semper
2979 4311 3258 4383 promissa
3305 4310 3492 4365 omnia
3538 4311 3799 4366 solvenda

2362 4406 2495 4446 esse.
2553 4386 2749 4442 Amor.
2785 4382 2882 4439 tib.
2918 4383 3088 4452 Ofﬁc.
3122 4382 3243 4448 (tib.
3276 4398 3360 4452 ιιι,
3394 4397 3437 4435 c.
3475 4382 3582 4451 12).

2223 4480 2327 4549 (22,
2362 4495 2418 4548 q.
2453 4478 2505 4547 4,
2537 4493 2586 4531 c.
2623 4471 3049 4544 Unusquisque.)
3088 4469 3510 4539 Unusquisque
3568 4469 3797 4540 simpli-

393 4557 584 4586 ,νυ-..η
619 4557 703 4578 ην,
739 4557 823 4580 ,πυ
1015 4557 1026 4570 ,
1371 4557 1390 4566 -
1481 4557 1498 4566 -

393 4604 460 4654 ut
488 4598 559 4653 ad
593 4595 764 4649 lide‘r:
789 4606 983 4646 veram
1005 4585 1443 4655 legitimumque
1466 4579 1756 4648 redeatur,
1783 4577 1840 4631 id
1863 4582 2040 4632 estut
2073 4557 2105 4561 —
2149 4585 2273 4623 cem
2297 4580 2628 4622 sermonem
2652 4562 3034 4634 proferat,vas
3047 4574 3222 4613 suum
3250 4557 3309 4612 in
3333 4557 3798 4613 sanctiﬁcatione

391 4689 694 4760 peccatum
727 4679 1070 4737 emendetur
1093 4670 1411 4728 voluntatis
1441 4667 1724 4739 pravitate
1760 4669 2036 4735 correcta,

390 4780 673 4844 tanquam
698 4770 744 4824 si
770 4767 899 4838 quis
922 4781 1052 4820 cum
1074 4761 1374 4817 hominem
1399 4755 1558 4811 solus
1581 4751 1898 4823 exspoliare
1921 4769 2036 4807 non

389 4861 594 4935 possit,
616 4856 875 4914 inveniat
905 4853 1129 4909 socium
1158 4843 1516 4918 iniquitatis,
1539 4846 1596 4898 et
1627 4857 1760 4897 cum
1785 4857 1849 4896 eo
1881 4841 2038 4911 paci-

387 4929 589 5007 scatur
621 4952 686 5004 ut
716 4942 893 5002 simul
927 4942 985 4996 id
1018 4939 1255 5004 faciant,
1275 4932 1648 5005 spoliumque
1671 4929 2033 5002 partiuntur:

388 5057 506 5114 quo
540 5037 794 5095 facinore
823 5030 1139 5088 commisso
1170 5030 1360 5081 totum
1391 5020 1553 5076 solus
1585 5019 1846 5089 auferat;
1879 5017 2039 5074 dolet.

387 5131 626 5204 quidem
649 5127 829 5193 ille,et
850 5124 1025 5178 fidem
1047 5117 1160 5175 sibi
1183 5116 1471 5171 servatam
1496 5127 1609 5166 non
1633 5126 1760 5166 esse
1783 5126 2035 5181 conque-

385 5222 558 5288 ritur,
590 5231 797 5276 verum
838 5215 896 5268 in
945 5211 1076 5282 ipsa
1118 5223 1226 5262 sua
1273 5198 1512 5272 querela
1559 5199 1812 5270 cogitare
1842 5199 2032 5269 debet,

386 5287 582 5382 potius
614 5307 673 5362 in
703 5306 860 5361 bona
895 5300 1017 5357 vita
1059 5295 1170 5370 ipsi
1223 5293 1493 5347 humanae
1541 5288 1807 5344 societati
1855 5287 2032 5343 ﬁdem

383 5401 567 5458 fuisse
589 5396 940 5455 servandam
965 5407 1037 5447 ne
1059 5385 1254 5460 praeda
1273 5381 1479 5452 iniqua
1500 5396 1566 5435 ex
1590 5378 1826 5434 homine
1846 5379 2030 5450 fieret,

451 5541 602 5611 (108)
633 5538 908 5611 Sermtit
941 5535 1012 5611 de
1043 5524 1480 5611 sanctis,_eujus
1505 5521 1857 5596 principium
1890 5525 1978 5578 est
2011 5538 2024 5577 :

376 5599 602 5683 propter1
630 5611 794 5665 hunc.
828 5609 891 5663 la
923 5607 1080 5662 calce
1109 5599 1254 5659 tomi
1285 5602 1358 5653 X.

2150 4657 2467 4732 possideat,
2502 4671 2605 4710 nec
2665 4654 2900 4707 fratrem
2950 4647 3497 4719 circumscriptione
3555 4647 3799 4703 inducat

2147 4748 2474 4812 verborum,
2501 4742 2645 4798 nihil
2676 4738 2978 4814 promittat
3005 4736 3419 4807 inhonestum;
3444 4741 3548 4791 aut
3580 4737 3630 4791 si
3665 4753 3795 4807 pro-

2149 4839 2396 4906 miserit,
2426 4832 2790 4892 tolerabilius
2848 4836 2934 4886 est
2992 4829 3352 4901 promissum
3412 4844 3530 4884 non
3585 4828 3793 4894 facere,

2149 4945 2326 5000 quam
2356 4929 2543 4982 facere
2590 4921 2744 4994 quod
2793 4924 2963 4991 turpe
3012 4918 3108 4974 sit.
3137 4923 3297 4990 Saepe
3343 4916 3610 4989 plerique
3661 4933 3794 4972 con-

2147 5007 2930 5088 stringuntsejurisjurandi
2954 5010 3345 5072 sacramento,
3361 5009 3562 5063 etcum
3579 5006 3693 5078 ipsi
3713 5023 3796 5062 co-

2145 5107 2450 5180 gnoverint
2481 5099 2944 5176 promittendum
2973 5114 3088 5153 non
3111 5096 3314 5166 fuisse,
3339 5097 3692 5152 sacramenti
3717 5101 3797 5152 ta-

2145 5213 2277 5252 men
2307 5191 2800 5264 contemplatione
2848 5187 3072 5245 faciunt
3125 5186 3284 5258 quod
3327 5187 3797 5259 spoponderunt,

2144 5286 2294 5341 sicut
2314 5286 2383 5340 de
2406 5282 2629 5338 Herode
2651 5295 2834 5351 supra
2855 5275 3338 5349 scripsimus,qui
3354 5275 3642 5332 saltatrici
3663 5291 3797 5349 pra!-

2142 5376 2325 5430 mium
2347 5371 2595 5443 turpiter
2609 5365 3222 5442 promisit,crudeliter
3234 5365 3436 5437 solvit(
3444 5366 3640 5423 Matth.
3658 5368 3794 5435 xxv).

2210 5517 2357 5589 (109)
2391 5515 2586 5586 Longe
2625 5515 2778 5584 post.
2815 5509 2946 5567 init.
2979 5507 3234 5566 multum
3261 5508 3449 5565 variat
3480 5507 3538 5564 in
3570 5509 3792 5566 Graeco.
