4002 6054
200 314 320 369 785

198 442 400 509 Turpe
451 434 604 506 quod
656 440 901 497 regnum
952 435 1055 491 pro
1116 411 1428 470 saltatione
1479 400 1861 475 promittitur,

201 489 444 583 crudele
470 489 630 594 quod
664 532 824 571 mors
880 507 1175 582 prophetae
1226 516 1329 572 pro
1356 489 1747 565 jurisjurandi
1782 504 1866 540 re-

202 576 437 688 ligione
479 576 753 666 donatur.
807 576 1035 666 Quanto
1089 586 1455 649 tolerabilius
1505 580 1606 636 tali
1664 576 1872 672 fuisset

207 663 540 779 pzrjurium
581 690 899 752 homicidio
922 688 949 741 ?
1000 684 1051 740 si
1080 686 1277 736 tamen
1328 670 1652 746 perjurium
1685 663 1873 737 possit

987 773 999 779 ‘
1104 771 1115 779 ·
1370 767 1379 779 ι
1442 758 1583 779 ς.--)
1619 754 1868 779 -..ξ-...ιηη

205 754 519 861 δὶοἱ¹,ᾳυοᾱ
549 784 749 841 ebrius
780 779 933 834 inter
949 767 1409 841 vinajuraverat,
1432 758 1588 831 quod
1616 754 1870 811 eviratus

205 842 741 937 interjsvaltanlium
775 868 985 924 choros
1017 856 1387 933 promiserat.
1421 847 1675 937 (Ibidem,
1703 842 1871 937 paulo

207 929 666 1044 lii—fertur
709 960 871 1014 disco
920 929 1214 1025 pro—phetze
1261 944 1459 1040 caput,
1489 936 1683 1044 etphooc
1713 929 1871 1044 iisti-

209 1023 443 1114 matum
497 1056 586 1109 est
634 1048 767 1105 fidei
816 1023 965 1108 esse,
1020 1037 1172 1110 quod
1228 1028 1495 1087 amicitia:
1545 1025 1672 1079 fuit.
1718 1023 1869 1114 Item.

558 1158 604 1196 c.
656 1140 770 1194 Non
817 1108 1070 1202 semperj.
1123 1128 1249 1179 Non
1299 1133 1533 1189 semper
1584 1108 1873 1219 promissa

208 1197 326 1219 κτνι
363 1197 410 1216 ‘1'
494 1197 506 1212 1
926 1197 941 1202 -
1030 1197 1038 1200 .

208 1236 417 1293 omnia
446 1227 725 1287 solvenda
761 1224 919 1280 sunt.
972 1214 1237 1285 Denique
1283 1210 1411 1280 ipse
1442 1202 1726 1260 Dominus
1757 1197 1868 1250 fre-

207 1326 465 1397 quenter
495 1333 661 1375 suam
715 1313 905 1368 mutat
958 1300 1334 1369 sententiam,
1383 1296 1536 1351 sicut
1572 1289 1872 1359 Scriptura

209 1414 437 1470 indicat
467 1411 653 1482 (Num.
690 1408 827 1471 XIV).

208 1528 349 1583 CAP.
386 1526 471 1579 18.
506 1553 574 1563 -
604 1523 677 1576 De
722 1515 1060 1590 paenitentia
1092 1505 1353 1590 perjurii.
1403 1498 1663 1590 ξιφοᾳὲ
1693 1494 1869 1590 [iure-

323 1595 600 1653 lianensis
631 1608 699 1647 ιιι
722 1565 971 1660 ῗεηιρονε
997 1565 1339 1640 ξὶιίιάὶὸενιὶ
1366 1565 1534 1642 redis,
1565 1583 1684 1639 cap.
1707 1565 1761 1619 8.

284 1712 366 1766 De
397 1706 655 1780 perjurio
685 1718 821 1760 vero
850 1700 909 1755 id
944 1694 1287 1755 censuimus
1320 1682 1773 1749 observandum,
1807 1680 1870 1733 ut

215 1801 267 1856 si
302 1799 437 1871 quis
468 1795 717 1852 clericus
750 1793 807 1847 in
841 1788 1034 1845 causis
1082 1800 1208 1856 qu
1243 1779 1351 1835 sub
1378 1770 1766 1847 jurejurando
1801 1766 1869 1821 fi-

213 1858 443 1945 niendis
490 1888 648 1950 sunt,
686 1878 998 1954 praebuerit
1039 1873 1398 1944 juramenta,
1428 1870 1485 1920 et
1530 1864 1662 1934 post
1691 1858 1866 1912 rebus

217 1976 588 2034 evidentibus
620 1951 914 2041 detegitur
962 1965 1315 2037 perjurasse,
1347 1951 1565 2010 biennii
1608 1954 1869 2017 tempore

217 2085 253 2123 a
278 2062 694 2122 communione
726 2057 997 2131 pellatur.

215 2188 353 2239 CAP.
392 2183 476 2236 19.
499 2210 566 2219 -
589 2176 737 2246 Quod
767 2174 945 2231 omnis
965 2158 1574 2246 contrarius-verbooDe‘i
1593 2151 1871 2246 An‘lighri-

317 2225 551 2309 slusvest.
576 2225 1248 2320 du-gviisiivsuperepistola
1268 2232 1521 2301 Joannis,
1544 2230 1703 2284 tract.
1728 2225 1780 2278 3.

292 2362 590 2429 Quotquot
632 2355 812 2410 habet
859 2348 1117 2406 Ecclesia
1164 2344 1451 2416 perjuros,
1483 2336 1873 2405 fraudatores,

222 2448 545 2514 maleficos,
574 2435 1282 2509 veneﬁcos,inquisitorcs
1313 2442 1627 2501 nugarum,
1659 2422 1874 2478 adulte-

222 2554 341 2605 ros,
375 2535 655 2599 ebriosos,
691 2533 1068 2595 feneratores,
1088 2535 1434 2592 mangones,
1458 2520 1513 2571 et
1534 2511 1731 2570 omnia
1752 2528 1874 2581 qua:

223 2641 569 2683 enumerare
613 2640 729 2679 non
778 2632 1118 2692 possumus,
1153 2614 1201 2667 si
1235 2608 1530 2667 contraria
1577 2606 1715 2660 sunt
1741 2603 1876 2656 doc-

224 2718 392 2772 trinae
442 2711 680 2780 Christi,
733 2707 1023 2766 contraria
1065 2706 1205 2759 sunt
1250 2699 1421 2754 verbo
1468 2694 1587 2749 Dei.
1622 2692 1876 2745 Verbum

225 2810 423 2861 autem
454 2802 555 2858 Dei
592 2778 860 2855 Christus
890 2799 998 2852 est.
1033 2790 1314 2862 Quisquis
1347 2790 1541 2841 autem
1572 2780 1748 2836 verbo
1782 2778 1875 2833 Dei

226 2893 557 2950 contrarius
588 2892 698 2955 est,
729 2884 1131 2942 Antichristus
1163 2882 1272 2934 est.

227 3019 361 3073 CAP.
397 3016 485 3068 20.
521 3045 583 3053 —
619 3011 770 3079 Quod
812 3017 962 3064 tutus
988 3005 1058 3059 sit
1111 3021 1142 3057 a
1188 2997 1566 3079 perj_urio_qui
1596 3009 1879 3079 nunquam

290 3092 474 3160 jural‘.
508 3087 590 3160 Ea:
623 3067 888 3160 sermone
916 3081 1141 3160 August:
1188 3067 1264 3160 ira
1279 3067 1475 3127 decoll.
1507 3067 1876 3160 spncli'goan-

297 3138 389 3214 fnis
422 3158 701 3227 Baptistae,
725 3153 918 3227 quisic
949 3138 1149 3217 in'eipil
1179 3162 1196 3201 :
1230 3143 1663 3227 CC‘llr‘SanClum
1692 3138 1875 3190 Evan-

301 3230 413 3302 gel.
446 3214 746 3298 legeretur
774 3223 871 3295 (ad
904 3214 1122 3276 calcem
1157 3216 1302 3271 tomi
1333 3214 1428 3284 X).

300 3337 445 3390 Tam
496 3347 779 3403 magnum
830 3330 1135 3399 peccatum
1187 3326 1277 3377 est
1316 3320 1515 3389 jurare
1549 3313 1785 3377 falsum,
1819 3316 1884 3365 ut

233 3429 470 3495 propter
499 3401 728 3476 reatum
764 3416 920 3473 falsae
946 3410 1265 3485 jurationis
1296 3406 1578 3463 Dominus
1602 3401 1884 3473 prohibu-

234 3490 602 3570 eritvomnem
628 3505 987 3578 jurationem
1020 3499 1229 3572 (Matth.
1261 3497 1336 3567 v).
1372 3496 1520 3559 Item,
1555 3491 1756 3546 ibidem
1777 3490 1884 3542 ali-

236 3609 442 3671 quanto
469 3604 609 3669 post.
647 3596 772 3651 Non
821 3597 909 3648 est
942 3594 1243 3662 peccatum
1298 3599 1501 3637 verum
1529 3582 1748 3650 jurare,
1782 3578 1882 3631 sed

239 3690 377 3761 quia
398 3688 619 3759 grande
642 3688 946 3755 peccatum
970 3683 1059 3733 est
1081 3676 1291 3730 falsum
1309 3672 1529 3742 jurare,
1555 3668 1721 3737 longe
1744 3670 1832 3720 est
1853 3682 1886 3719 a

238 3781 475 3849 peccato
509 3767 998 3842 falsumjurandi,
1028 3765 1126 3836 qui
1152 3761 1389 3817 omnino
1415 3758 1882 3832 nonjurat;pro-

238 3844 489 3936 pinquat
518 3862 676 3917 falsa)
701 3855 988 3930 jurationi
1038 3853 1135 3923 qui
1192 3849 1279 3905 vel
1310 3864 1511 3903 verum
1538 3846 1721 3916 jurat.
1756 3844 1886 3897 Item

240 3928 465 4025 (ibidem
492 3952 661 4022 paulo
694 3928 973 4020 inferius).
995 3938 1324 4012 Aliquando
1359 3934 1561 3989 nolens
1584 3933 1757 3986 homo
1781 3928 1884 4000 [αι.

242 4022 367 4108 boc,
407 4042 557 4112 Vict.]
584 4043 748 4110 jurat
778 4053 911 4092 cum
943 4048 1144 4089 verum
1170 4032 1337 4102 putat
1362 4041 1490 4080 esse
1522 4022 1675 4095 quod
1704 4023 1884 4091 jurat.

240 4138 365 4188 Non
397 4138 486 4186 est
533 4108 769 4199 quidem
820 4127 1042 4179 tantum
1088 4121 1390 4191 peccatum
1442 4116 1727 4184 quantum
1760 4108 1886 4178 ejus

241 4224 340 4295 qui
372 4221 481 4276 scit
513 4220 725 4272 falsum
753 4230 903 4277 esse,
936 4216 993 4266 et
1027 4215 1219 4264 tamen
1247 4207 1423 4275 jurat.

240 4345 368 4393 CAP.
402 4338 490 4390 2i.
525 4365 592 4374 ——
632 4330 781 4400 Quod
825 4318 1470 4400 perjuriumgadullerio
1517 4318 1885 4385 comparetur.

659 4391 880 4457 Hieron.
910 4391 1077 4467 super
1111 4391 1475 4449 Malae/ciam.

311 4513 695 4582 Nequaquam
727 4509 1007 4578 putemus
1062 4498 1210 4555 levia
1241 4513 1367 4551 esse
1417 4497 1647 4565 peccata
1693 4490 1886 4561 perju-
1923 4488 1966 4550 D

245 4604 419 4667 rium,
452 4608 507 4654 et
538 4595 862 4651 mercedem
914 4607 1027 4645 non
1078 4588 1318 4641 reddere
1364 4581 1672 4649 laboranti,
1707 4584 1760 4633 et
1792 4594 1883 4632 ca-

243 4666 521 4745 lumniari
564 4685 798 4739 viduam
834 4684 889 4734 et
936 4675 1251 4748 pupillum,
1286 4678 1340 4726 et
1386 4670 1715 4740 opprimere
1744 4666 1885 4721 alie-

244 4778 515 4848 nigenam
544 4782 596 4827 et
642 4768 1037 4841 peregrinum,
1073 4778 1203 4834 quae
1254 4757 1559 4820 maleficio,
1593 4758 1650 4809 et
1681 4756 1887 4808 veneti-

245 4865 374 4932 ciis,
407 4866 466 4916 et
497 4858 782 4915 adulterio
813 4855 1250 4924 comparantur.

243 4980 373 5035 CAP.
406 4977 498 5030 22.
530 5005 598 5013 —
629 4971 888 5043 Quidsit
914 4967 1244 5043 perjuriumI.
1296 4960 1514 5042 Hieron.
1547 4973 1713 5043 super
1739 4957 1888 5010 Iere-

516 5031 710 5113 miam,
743 5042 840 5096 lib.
872 5058 890 5093 1-
914 5031 1019 5110 ’(ηιὶ
1043 5055 1089 5092 c.
1123 5053 1179 5090 1v
1210 5035 1267 5088 in
1300 5031 1616 5099 principio).

314 5156 424 5225 (‘22,
461 5170 511 5223 q.
542 5152 598 5221 2,
647 5168 693 5205 c.
747 5140 1353 5209 Animadvertendum).
1410 5135 1889 5191 Animadverten-

247 5222 384 5297 dum
420 5222 507 5297 est
538 5240 693 5311 quod
730 5232 1154 5307 jusjurandum
1206 5229 1313 5283 hos
1359 5226 1568 5280 habeat
1599 5222 1842 5275 comites
1879 5237 1890 5274 :

248 5309 573 5397 veritatem,
616 5324 929 5397 judicium,
984 5324 1158 5389 atque
1202 5314 1519 5386 justitiam.
1564 5311 1620 5365 Si
1654 5309 1766 5363 ista
1797 5309 1893 5361 de-

251 5418 512 5485 fecerint,
545 5426 916 5485 nequaquam
944 5408 1349 5478 juramentum
1402 5401 1531 5469 erit,
1563 5399 1660 5454 sed
1696 5396 1894 5468 perju-

251 5511 423 5564 rium.

322 5606 459 5660 CAP.
493 5602 582 5655 23.
614 5630 678 5639 —
712 5596 864 5665 Quod
894 5596 1040 5650 testis
1070 5607 1187 5646 esse
1207 5605 1315 5644 non
1344 5587 1515 5659 possit
1546 5588 1640 5657 qui
1668 5584 1901 5657 perjurii

990 291 1297 347 DECRETI
1338 284 1521 338 PARS
1557 277 1681 332 XII.
1713 300 1779 314 -ο
1811 272 1906 324 DE
1949 262 2320 321 MENDACIO
2357 263 2450 313 ET
2488 255 2860 310 PERJURIO.

1895 395 1948 458 Α
2047 388 2323 445 convictus
2396 385 2589 454 fuerit.
2676 380 3079 449 Capilulurium
3154 378 3251 432 lib.
3314 395 3353 445 ι,
3422 394 3539 449 cap.
3600 380 3634 431 9

3527 251 3634 305 786

2052 467 2189 530 (cap.
2223 458 2333 525 63).

2048 552 2159 621 (22,
2191 564 2241 618 q.
2270 548 2326 615 5,
2359 561 2404 599 c.
2439 541 2704 608 Parvuli).
2741 537 2970 594 Parvuli
3005 537 3103 608 qui
3140 537 3266 592 sine
3300 537 3632 592 rationabili

1978 641 2145 693 aetate
2178 637 2316 691 sunt
2347 649 2460 686 non
2494 627 2996 700 coganturjurare
3033 643 3045 680 :
3080 629 3139 680 et
3162 624 3262 696 qui
3294 625 3473 680 semel
3506 641 3634 697 per-

1972 728 2209 798 juratus
2251 721 2444 786 fuerit,
2482 735 2585 773 nec
2636 716 2803 772 testis
2835 714 2913 770 sit
2944 718 3076 785 post
3126 713 3271 780 haec,
3303 730 3409 769 nec
3435 715 3505 768 ad
3539 731 3630 769 sa-

1981 816 2350 869 cramentum
2385 807 2641 873 accedat,
2665 822 2768 860 nec
2801 804 2857 857 in
2893 820 2997 857 sua
3030 801 3336 869 causa,vel
3369 801 3636 872 alterius,

1971 905 2202 974 jurator
2233 899 2462 954 existat.

1981 997 2112 1047 CAP.
2146 990 2234 1043 24.
2269 1019 2336 1028 --
2379 988 2491 1041 Non
2540 987 2619 1037 ita
2663 998 2777 1036 esse
2825 979 3233 1047 indulgendum
3280 979 3544 1048 perjuris,
3578 988 3639 1033 ut

2047 1057 2383 1134 perjurandi
2411 1058 2573 1134 detur
2615 1052 2842 1110 occasio.
2892 1051 3204 1106 Alexander
3232 1052 3280 1105 II
3311 1050 3635 1121 Landulp/zo

2049 1128 2101 1189 et
2127 1128 2349 1187 Arialdo
2380 1128 2615 1183 clericis.

2052 1228 2379 1277 Possumus
2410 1218 2467 1271 in
2504 1215 2763 1288 perjurio
2796 1212 2994 1284 aliquo
3028 1210 3273 1265 crimine
3303 1209 3487 1281 lapsis
3520 1208 3633 1263 mi-

1981 1309 2307 1368 sericordiae
2341 1322 2582 1362 manum
2614 1304 2931 1376 porrigere,
2965 1301 3066 1356 sed
3100 1316 3215 1354 non
3248 1298 3531 1353 debemus
3563 1298 3635 1353 ad

1981 1402 2189 1456 futura:
2222 1395 2565 1471 perditionis
2597 1390 3055 1465 [prohibitionis]
3086 1387 3420 1459 exemplum
3452 1386 3636 1441 licen-

1981 1492 2124 1545 tiam
2157 1489 2312 1543 dare.

1980 1580 2115 1635 CAP.
2147 1579 2239 1631 25.
2271 1605 2341 1617 —-
2370 1575 2443 1651 De
2472 1572 2720 1651 vindicta
2757 1568 3021 1651 perjurii:
3050 1567 3317 1651 Honorius
3343 1582 3489 1637 papa
3521 1566 3634 1636 IIy-

2316 1648 2455 1701 satio
2485 1642 2718 1717 patricio
2749 1638 2802 1697 et
2830 1638 3068 1697 ἐπανιτὴο
3098 1638 3296 1693 Italiae.

1902 1767 1950 1831 Β
2052 1737 2452 1803 Quorumdam
2484 1731 2721 1803 scriptis
2744 1728 3059 1786 didicimus
3092 1727 3377 1799 quosdam
3411 1726 3629 1797 episco-

1979 1845 2085 1901 pos
2116 1828 2176 1882 in
2208 1821 2621 1896 transpadanis
2654 1819 2922 1891 partibus
2954 1817 3222 1888 quaedam
3256 1814 3429 1870 verba
3469 1814 3629 1886 epis-

1981 1917 2167 1988 copali
2201 1915 2354 1970 actui
2385 1911 2625 1967 inimica
2642 1910 2808 1964 Petro
2826 1906 2991 1961 Pauli
3022 1904 3140 1960 ﬁlio
3162 1904 3433 1969 edixisse,
3451 1906 3629 1974 atque

1982 2006 2211 2062 monitu
2238 2001 2431 2073 impiae
2462 1997 2757 2055 suasionis
2789 1996 3033 2051 innuero
3066 2010 3079 2049 :
3114 1996 3443 2049 asserentes
3475 1992 3536 2045 in
3569 2006 3631 2047 se

1982 2093 2224 2167 perjurii
2255 2095 2485 2147 reatum
2516 2088 2836 2158 suscipere,
2864 2087 2929 2139 ut
2949 2100 3064 2138 non
3095 2079 3464 2137 Adulubaldo
3488 2079 3633 2150 regi,

1982 2184 2081 2239 sed
2117 2180 2311 2253 potius
2354 2175 2652 2249 Ariopalto
2703 2178 2952 2246 tyranno
2983 2169 3362 2227 consentiret.
3396 2169 3462 2224 Et
3493 2184 3633 2239 quo-

1984 2273 2142 2329 niam
2171 2269 2451 2343 praefatus
2477 2265 2769 2338 gloriosus
2792 2264 2995 2318 Petrus
3019 2259 3215 2332 pravis
3233 2274 3436 2314 eorum
3459 2257 3533 2327 (si
3557 2257 3641 2311 fas

1986 2366 2075 2418 est
2106 2361 2316 2429 dicere}
2361 2356 2735 2412 sacerdotum
2789 2349 3016 2423 respuit
3060 2348 3441 2404 suasionibus
3472 2345 3641 2400 incli-

1987 2450 2132 2519 nari,
2155 2449 2255 2504 sed
2290 2446 2480 2517 magis
2502 2444 2871 2498 sacramenta
2889 2456 3014 2511 quae
3036 2444 3187 2493 Cono
3221 2438 3455 2507 [Acono,
3486 2436 3641 2504 νέαι]

1987 2540 2107 2611 regi
2140 2536 2288 2610 patri
2321 2532 2578 2606 praedicti
2610 2528 2964 2586 Adulubaldi
3000 2525 3372 2599 praestiterat,
3396 2523 3647 2577 firmiter

1987 2625 2391 2684 custodire.Et
2420 2623 2559 2693 quia
2586 2624 2815 2674 tantum
2850 2616 3079 2672 facinus
3114 2616 3224 2669 Deo
3257 2618 3313 2668 et
3342 2612 3457 2683 piis
3490 2625 3646 2665 men"

1988 2718 2147 2772 tibus
2179 2718 2267 2769 est
2299 2710 2626 2778 inimicum,
2658 2712 2721 2761 ut
2751 2706 2811 2760 hi
2834 2704 2935 2775 qui
2967 2703 3075 2757 hoc
3107 2703 3178 2757 ab
3212 2700 3345 2756 aliis
3376 2699 3645 2771 prohibe-

1989 2822 2049 2861 re
2076 2804 2402 2859 debuerant
2434 2815 2506 2853 ne
2536 2797 2746 2852 fuisset
2776 2792 3183 2857 commissum,
3216 2789 3330 2861 ipsi
3361 2787 3559 2859 potius
3579 2791 3645 2841 ut

1992 2895 2151 2949 fieret
2182 2889 2394 2946 hortati
2429 2891 2588 2943 sunt.
2626 2889 2766 2939 Cum
2802 2886 2949 2937 nutu
2984 2896 3249 2951 supernae,
3278 2875 3516 2931 virtutis
3545 2891 3642 2930 vo-

1989 2984 2080 3039 bis
2110 2978 2521 3036 laborantibus
2573 2974 2849 3046 praifatus
2899 2967 3305 3024 Adulubaldus
3356 2966 3416 3020 in
3467 2981 3644 3019 suum

1992 3086 2238 3142 regnum
2272 3066 2445 3121 fuerit
2478 3062 2807 3125 restitutus,
2826 3057 3096 3129 praefatos
3114 3053 3419 3125 episcopos
3449 3051 3509 3105 in
3538 3050 3647 3105 has

1994 3138 2290 3215 Romanas
2320 3158 2515 3227 partes
2546 3150 2861 3221 adjuvante
2890 3162 2994 3200 vos
3025 3145 3162 3207 Deo,
3196 3140 3495 3196 destinare
3524 3138 3647 3208 dig-

1994 3246 2218 3303 namini
2266 3261 2279 3299 :
2325 3243 2463 3315 quia
2511 3234 2855 3310 hujusmodi
2905 3233 3095 3291 scelus
3146 3229 3311 3286 nulla
3358 3229 3649 3299 patiemur

1996 3338 2217 3391 ratione
2247 3332 2525 3387 inultum.

1994 3444 2128 3498 CAP.
2162 3441 2253 3495 26.
2288 3470 2353 3479 —
2385 3439 2457 3492 De
2505 3430 3098 3498 excommunicatione,
3129 3440 3322 3498 eorum
3358 3424 3469 3498 (qui
3510 3423 3650 3477 alios
3702 3472 3707 3477 .

2065 3496 2249 3567 secum
2275 3512 2335 3564 in
2360 3502 2957 3580 periurium_t_ral_iynt_,
2990 3507 3040 3553 et
3068 3497 3131 3552 de
3160 3496 3397 3579 infamia
3421 3509 3649 3580 congen-

2066 3564 2475 3639 tientium.'Eai
2518 3573 2757 3631 concilio
2807 3564 3187 3627 Matisconensi
3216 3572 3458 3638 tempore
3501 3564 3647 3619 Gun-

2066 3654 2261 3709 tranni
2289 3652 2451 3719 regis,
2483 3665 2530 3702 c.
2562 3648 2626 3700 21
2662 3647 2833 3716 (conc.
2868 3642 3077 3696 Matisc.
3110 3656 3155 3694 c.
3193 3639 3264 3710 1).

2067 3744 2177 3815 (22,
2213 3759 2263 3811 q.
2292 3740 2348 3806 5,
2379 3756 2427 3793 c.
2459 3736 2523 3792 Si
2553 3736 2674 3805 quis
2704 3730 3022 3801 convictus).
3076 3728 3135 3783 Si
3184 3726 3317 3798 quis
3347 3724 3649 3781 convictus

1997 3832 2173 3887 fuerit
2201 3829 2346 3884 alios
2371 3828 2442 3882 ad
2474 3824 2624 3879 falsa
2674 3818 3017 3877 testimonia
3063 3816 3148 3872 vel
3181 3814 3442 3887 perjuria
3470 3817 3649 3868 attra-

1996 3922 2171 3986 xisse,
2206 3921 2307 3973 aut
2337 3928 2690 3987 quacunque
2721 3908 3094 3979 corruptione
3126 3904 3498 3967 sollicitasse,
3526 3901 3651 3972 ipse

1999 4010 2236 4081 quidem
2268 4020 2456 4076 usque
2481 4004 2551 4058 ad
2584 4000 2805 4056 exitum
2832 4014 2946 4052 non
2974 3992 3389 4050 communicet.
3416 3989 3482 4043 Hi
3515 4004 3650 4042 vero

1998 4099 2100 4170 qui
2145 4097 2196 4152 ei
2240 4096 2299 4150 in
2340 4090 2598 4165 perjurio
2647 4085 3022 4143 consensisse
3074 4082 3419 4153 probantur,
3452 4079 3655 4148 postea

2000 4189 2071 4244 ab
2103 4185 2263 4242 omni
2294 4178 2629 4238 testimonio
2661 4179 2801 4231 sunt
2833 4170 3191 4235 removendi,
3223 4174 3281 4224 et
3324 4166 3651 4223 secundum

1996 4278 2181 4349 legem
2218 4270 2463 4327 infamia
2494 4266 2875 4321 notabuntur.

1998 4384 2131 4438 CAP.
2161 4381 2252 4436 27.
2298 4408 2368 4418 —-
2417 4377 2491 4430 De
2536 4370 2779 4427 vindicta
2822 4368 2935 4437 ejus
2982 4366 3084 4438 qui
3128 4362 3297 4418 alteri
3317 4360 3654 4438 periurium

2071 4431 2275 4531 injuste
2330 4449 2591 4503 intentat.
2654 4431 2903 4495 Gelasius
2956 4431 3150 4506 Ruﬁno
3198 4443 3250 4489 et
3303 4431 3453 4490 Iusto
3512 4431 3653 4503 epis-

2067 4538 2236 4593 copis.

2068 4592 2344 4666 Honorati
2377 4610 2433 4660 et
2458 4599 2721 4675 primarii
2743 4596 3049 4653 Verulana).
3081 4594 3333 4650 civitatis
3365 4592 3514 4648 fusis
3546 4608 3652 4646 no-

1998 4702 2089 4757 bis
2106 4698 2376 4771 precibus
2394 4691 2827 4764 supplicarunt,
2846 4686 2999 4741 sicut
3017 4684 3271 4738 habetur
3294 4683 3351 4736 in
3374 4681 3651 4742 subditis.

2000 4770 2223 4853 Quibus
2255 4784 2432 4840 etiam
2466 4775 2963 4847 subscriptionem
2989 4771 3284 4844 pr0priam
3313 4770 3651 4826 commoda-

2000 4881 2161 4941 runt,
2196 4892 2257 4929 se
2288 4874 2357 4927 ab
2392 4867 2632 4942 Agnello
2673 4865 2917 4921 diacono
2969 4861 3130 4933 gravi
3164 4858 3653 4915 contumeliarum

2001 4980 2210 5038 genere
2233 4961 2412 5016 fuisse
2429 4951 2864 5019 maceratos,uti
2881 4950 3058 5006 etiam
3078 4966 3208 5004 reos
3228 4945 3658 5021 perjurii(sicut

2000 5036 2113 5124 ipsi
2148 5049 2372 5118 dicunt)
2399 5063 2459 5103 se
2491 5046 2758 5100 asserant
2801 5038 3136 5095 inclinatos.
3164 5037 3232 5090 Et
3263 5036 3412 5105 ideo,
3448 5037 3657 5089 fratres

2004 5123 2358 5197 charissimi,
2408 5133 2733 5190 secundum
2783 5128 3040 5201 petitorii
3093 5124 3403 5196 [petitoris]
3457 5123 3654 5189 fidem,

2004 5228 2338 5299 supradicto
2360 5225 2601 5278 diacono
2624 5221 2694 5275 ad
2718 5223 2975 5273 vestrum
2994 5213 3284 5286 judicium
3310 5210 3655 5267 imminente

2008 5315 2310 5373 Laurentio
2330 5319 2600 5369 Romanis
2620 5306 2884 5363 Ecclesia:
2906 5304 3211 5358 defensore
3229 5316 3362 5354 mox
3379 5299 3651 5362 deducto,

2005 5405 2263 5461 veritatis
2282 5401 2603 5457 assertione
2626 5397 2914 5457 discussa,
2932 5391 2981 5445 si
3006 5384 3654 5457 constiteritintegritas

2008 5489 2492 5562 supplicantium,
2526 5488 2625 5540 aut
2653 5482 2880 5535 intenta
2900 5479 3101 5531 doceat
3122 5475 3427 5543 diaconus,
3458 5479 3558 5528 aut
3582 5473 3651 5527 de

2009 5581 2135 5650 ejus
2159 5577 2531 5650 protervitate
2551 5570 2823 5627 noveritis
2845 5580 2973 5621 esse
2994 5563 3432 5634 vindicandum,
3448 5566 3651 5634 quate-
