3972 6064
327 268 434 320 787

1415 269 1482 318 D.
1525 263 1763 318 IVONIS
1804 254 2304 314 CARNOTENSIB
2339 257 2657 313 EPISCOPI

3641 265 3776 320 788

333 407 444 445 nus
477 390 548 444 de
587 388 769 444 tantis
821 389 1158 445 excessibus
1209 391 1543 444 memoratas
1593 385 1871 454 improbae
1905 387 1985 438 te-
2017 379 2072 445 Α
2103 379 2230 434 cida
2257 384 2366 437 est.
2399 379 2501 436 llle
2534 381 2691 437 enim
2741 397 2802 438 se
2857 399 2963 439 suo
2995 383 3251 456 perjurio
3302 385 3618 459 interimit;
3652 392 3773 448 sed

335 478 623 534 meritatis
655 476 929 533 exclusus
955 477 1096 532 ultio
1121 477 1298 549 digna
1325 477 1636 532 comitetur
1670 491 1682 529 :
1718 479 1772 529 et
1802 474 1902 544 qui
1926 490 1988 529 se

336 568 616 624 conviciis
649 568 978 624 trivialibus
1028 566 1366 639 implicavit,
1401 583 1578 622 sacrae
1619 565 1984 622 communio-

335 657 428 712 nis
459 660 652 713 arceat
677 656 1029 711 accessibus.

329 752 465 804 CAP.
498 747 588 801 28.
622 777 690 786 -—
723 745 874 814 Quod
901 745 1054 814 peior
1084 745 1154 799 sit
1206 743 1486 799 homicida
1517 746 1614 815 qui
1641 744 1706 798 ab
1737 759 1796 799 eo
1816 744 1984 816 jura-

398 823 645 873 mentum
671 817 929 887 postulat,
966 831 1122 884 quem
1151 817 1253 869 scit
1274 816 1675 886 pejeraturum.
1707 817 1790 871 Ex
1807 817 1980 871 Serm.

397 895 534 959 Aug.
571 891 629 943 in
653 889 1016 942 decollatiouc
1045 889 1201 942 Jozm.
1232 889 1495 957 Baptistae
1527 888 1696 959 (110).

400 980 453 1033 Si
489 977 618 1050 quis
647 976 1044 1048 provocaverit
1071 980 1126 1031 te
1154 976 1222 1030 ad
1243 977 1625 1047 jurationem,
1651 981 1713 1030 ut
1737 977 1880 1032 forte
1899 976 1981 1032 sic

331 1067 446 1122 sibi
477 1066 773 1121 existimet
804 1065 1076 1120 satisﬁeri
1111 1082 1280 1136 posse
1311 1082 1324 1122 :
1359 1066 1410 1120 si
1434 1067 1726 1138 juraveris
1759 1067 1829 1122 de
1854 1066 1983 1138 ipsa

326 1173 388 1211 re
423 1173 599 1228 quam
634 1159 802 1226 putat
827 1159 878 1209 te
906 1155 1276 1212 commisisse
1299 1172 1362 1210 ac
1391 1155 1618 1220 fecisse,
1653 1160 1708 1211 et
1741 1155 1980 1212 forsitan

329 1262 444 1300 non
478 1242 690 1312 fecisti,
722 1259 793 1297 ne
825 1248 1116 1297 remaneat
1140 1243 1196 1296 in
1231 1260 1294 1299 eo
1321 1243 1476 1299 mala
1508 1244 1788 1317 suspicio,
1815 1245 1861 1300 si
1883 1246 1979 1316 ju-

329 1332 566 1401 raveris,
600 1337 663 1388 tu
697 1349 809 1386 non
843 1332 925 1387 sic
945 1348 1146 1404 peccas
1171 1335 1464 1405 quomodo
1496 1334 1616 1400 1110,
1642 1334 1742 1406 qui
1768 1339 1821 1389 te
1849 1351 1979 1406 pro-

327 1421 573 1478 vocavit.
608 1424 763 1492 Item,
811 1422 1031 1476 ibidem.
1081 1422 1141 1476 Si
1174 1423 1244 1476 ab
1297 1423 1407 1478 alio
1440 1422 1587 1495 [illo]
1633 1429 1978 1493 provocatus

327 1511 534 1582 fueris,
568 1511 638 1566 ab
668 1509 858 1582 ipsius
899 1508 1052 1565 malo
1080 1510 1189 1564 erit
1237 1512 1389 1582 quod
1414 1513 1608 1584 juras,
1640 1514 1822 1584 11011ζο
1852 1517 1975 1570 1110.

330 1603 480 1666 Item,
515 1599 736 1654 ibidem.
772 1598 873 1655 Ille
905 1599 1079 1656 homo
1115 1599 1215 1672 qui
1248 1600 1448 1668 alium
1481 1606 1754 1676 provocat
1782 1603 1850 1657 ad
1877 1603 1976 1674 ju-

331 1687 639 1758 rationcm,
673 1692 730 1742 et
760 1689 868 1743 scit
899 1704 1033 1744 eum
1065 1688 1280 1746 falsum
1312 1704 1441 1746 esse
1465 1689 1829 1762 juraturum,
1852 1691 1979 1748 vin-

328 1777 406 1833 cit
436 1777 815 1846 homicidam,
841 1778 940 1849 qui
971 1778 1268 1834 homicida
1291 1795 1502 1852 corpus
1534 1781 1975 1852 occisurus-est,
2011 1753 2058 1816 B

325 1865 424 1921 ille
455 1866 736 1933 animam,
767 1866 882 1923 imo
915 1867 1063 1921 duas
1095 1867 1344 1936 animas,
1368 1872 1424 1923 et
1452 1869 1580 1940 ejus
1613 1886 1785 1940 quem
1809 1871 1974 1941 jura-

323 1970 385 2009 re
414 1955 763 2024 provocavit,
784 1959 841 2010 et
867 1972 1058 2012 suam.
1077 1957 1201 2012 Scis
1233 1974 1435 2014 verum
1469 1975 1597 2016 esse
1628 1961 1786 2030 quod
1810 1960 1976 2028 dicis,

320 2041 538 2098 falsum
591 2059 721 2100 esse
769 2045 923 2115 quod
983 2045 1125 2101 dicit
1171 2045 1289 2114 ille,
1324 2049 1605 2118 etjurare
1652 2049 1975 2122 compellis.

317 2135 462 2186 Ecce
483 2133 670 2203 jurat,
698 2148 830 2189 ecce
861 2134 1144 2205 psi-jurat,
1177 2151 1308 2192 ecce
1350 2138 1518 2208 perit,
1553 2143 1614 2194 tu
1643 2138 1978 2210 quidjnve-

325 2221 516 2276 nisti?
545 2221 663 2278 imo
697 2222 838 2294 quia
880 2227 935 2278 et
965 2227 1028 2278 tu
1078 2224 1328 2296 periisti,
1361 2227 1456 2298 qui
1487 2227 1559 2282 de
1608 2227 1765 2286 illius
1798 2234 1980 2286 morte

327 2309 529 2366 satiari
561 2309 819 2366 voluisti.

329 2401 459 2454 CAP.
491 2399 582 2480 29.
617 2401 1169 2480 —.Cui_prodendus_
1195 2406 1270 2459 sit
1317 2421 1474 2480 quem
1501 2407 1708 2463 scimus
1735 2411 1978 2480 pejeras-

399 2486 475 2596 ie.
507 2471 732 2614 illisqust.
769 2471 865 2528 tib.
902 2477 1111 2544 Quaest.
1149 2475 1207 2530 in
1251 2471 1423 2534 Le'vit.
1459 2481 1674 2551 (quaest.
1711 2471 1748 2535 1’
1770 2471 1837 2537 a'd
1868 2498 1914 2536 ο.
1947 2497 1981 2536 ν

445 2558 527 2597 θυι
559 2585 570 2597 ,
604 2585 616 2597 .

445 2558 616 2597 ουιι.1.

405 2630 518 2701 (22,
550 2646 600 2706 q.
633 2630 688 2696 5,
709 2648 756 2687 c.
791 2634 896 2689 Hoc
923 2635 1184 2706 videtur).
1209 2637 1326 2693 Hoc
1348 2639 1578 2696 videtur
1599 2642 1820 2700 dicere:
1847 2660 1977 2716 pec-

336 2735 468 2776 care
499 2719 815 2789 hominem,
850 2739 965 2795 quo
1007 2727 1279 2783 audiente
1311 2731 1466 2801 jurat
1497 2730 1710 2804 aliquis
1745 2734 1980 2803 falsum,

337 2811 393 2864 et
410 2809 522 2863 scit
550 2825 685 2865 eum
709 2809 922 2866 falsum
938 2814 1159 2882 jurare,
1186 2820 1240 2870 et
1262 2820 1430 2872 tacet.
1454 2819 1615 2875 Tunc
1638 2826 1832 2878 autem
1852 2824 1982 2892 scit,

335 2898 385 2952 si
421 2895 471 2950 ei
502 2896 584 2950 rei
615 2898 686 2952 de
719 2915 835 2970 qua
857 2900 1096 2969 juratur
1125 2904 1291 2960 testis
1334 2906 1463 2975 fuit,
1499 2913 1599 2965 aut
1628 2910 1849 2979 videns,
1885 2917 1985 2967 aut

333 2984 605 3040 conscius
636 2986 765 3057 fuit,
791 2988 847 3041 id
871 2993 960 3043 est
982 2990 1176 3062 aliquo
1208 2994 1380 3050 modo
1404 2999 1686 3067 cognovit,
1715 3005 1815 3055 aut
1845 3019 1982 3056 ocu-

329 3071 404 3172 lis
436 3071 561 3128 suis
592 3075 910 3146 conspexit,
944 3083 1044 3132 aut
1076 3078 1172 3133 ille
1203 3080 1330 3150 ipse
1349 3083 1625 3153 quijurat
1651 3085 1732 3140 illi
1766 3087 1982 3144 indica'
2011 3119 2054 3186 α

327 3159 408 3214 vit
441 3178 454 3217 :
489 3161 571 3216 ita
599 3163 756 3218 enim
789 3165 974 3235 potuit
1005 3183 1134 3221 esse
1163 3171 1453 3226 conscius.
1479 3173 1588 3229 Sed
1623 3176 1772 3230 inter
1801 3177 1976 3233 timo-

245 3261 250 3266 '
326 3265 450 3304 rem
468 3249 646 3320 hujus
665 3254 906 3323 peccati,
926 3258 981 3309 et
1011 3255 1278 3312 timorem
1299 3261 1647 3330 proditionis
1670 3264 1976 3324 hominum

330 3355 447 3392 non
480 3355 656 3408 parva
705 3341 902 3396 existit
951 3345 1295 3417 plerumque
1343 3352 1606 3408 tentatio.
1661 3358 1975 3413 Possumus

329 3427 486 3482 enim
516 3432 783 3500 paratum
818 3432 886 3485 ad
917 3432 1238 3504 perjurium
1266 3437 1632 3497 admonendo
1665 3443 1749 3498 vel
1773 3446 1974 3518 prohi-

329 3516 521 3572 bendo
553 3535 586 3574 a
615 3522 735 3574 tam
785 3519 943 3590 gravi
994 3528 1230 3593 peccato
1278 3542 1566 3588 revocare.
1621 3532 1728 3588 Sed
1777 3516 1824 3589 si
1859 3553 1974 3591 non

331 3605 601 3673 audierit,
635 3611 692 3660 et
720 3623 915 3666 coram
950 3611 1120 3667 nobis
1154 3614 1223 3669 de
1255 3631 1312 3670 re
1345 3633 1520 3687 quam
1571 3623 1836 3680 novimus
1869 3625 1974 3680 fal-

330 3709 464 3750 sum
487 3695 791 3766 juraverit,
827 3701 1021 3754 utrum
1047 3702 1401 3770 prodendus,
1428 3707 1476 3762 si
1501 3711 1766 3778 proditus
1797 3715 1972 3770 etiam

329 3781 388 3836 in
421 3781 743 3852 periculum
777 3787 982 3842 mortis
1015 3789 1294 3860 incurrat,
1325 3795 1677 3854 difficillima
1729 3805 1974 3871 quaestio

326 3874 436 3927 est.
469 3871 580 3930 Sed
613 3873 752 3944 quia
783 3873 876 3934 1110
910 3892 1022 3930 11011
1051 3880 1353 3947 expressit,
1386 3883 1477 3938 cui
1514 3884 1620 3942 hoc
1648 3888 1972 3954 indicatum

324 3959 422 4030 sit,
444 3964 644 4020 utrum
674 3960 759 4020 illi
782 3963 1148 4036 cuijuratur,
1173 3984 1246 4024 an
1278 3971 1692 4040 sacerdoti,vel
1716 3979 1970 4049 cuipiam

323 4048 424 4119 qui
455 4066 570 4105 non
607 4051 797 4110 solum
831 4068 962 4110 eum
992 4057 1266 4127 persequi
1299 4075 1413 4116 non
1438 4065 1630 4131 potest
1661 4048 1971 4138 irrogando

320 4138 698 4210 supplicium,
723 4141 822 4196 sed
847 4143 1022 4204 etiam
1047 4161 1212 4200 orare
1237 4163 1340 4218 pro
1365 4148 1462 4204 illo
1491 4156 1716 4220 potest:
1743 4156 1972 4216 videtur

320 4227 465 4281 mihi
497 4229 651 4299 quod
671 4246 733 4284 se
765 4230 836 4284 ab
864 4231 971 4287 hoc
992 4233 1180 4292 solvat
1198 4237 1418 4306 peccati
1442 4238 1717 4309 vihiculo,
1741 4243 1790 4300 si
1812 4245 1969 4302 indi-

320 4317 410 4369 cet
442 4315 794 4388 talibus,qui
831 4320 1017 4392 magis
1043 4324 1272 4394 possint
1299 4327 1574 4399 prodesse
1605 4347 1778 4400 quam
1803 4335 1967 4396 obes-

319 4420 382 4458 se
429 4405 663 4474 perjuro
719 4425 732 4461 :
784 4409 903 4465 sive
955 4411 1026 4466 ad
1079 4414 1491 4483 corrigendum
1541 4435 1696 4489 eum,
1731 4423 1850 4484 sive
1893 4428 1963 4484 ad

2099 467 2207 523 iste
2238 485 2481 526 manum
2523 470 2927 529 interﬁcientis
2977 477 3033 528 et
3083 473 3389 547 impressit
3419 478 3768 551 [expressit]

2098 562 2154 612 et
2185 561 2418 630 pressit.
3252 583 3256 588 '

2095 648 2228 704 CAP.
2261 649 2464 732 311—.
2486 649 2659 732 super
2685 653 2883 732 quibus
2903 653 3064 732 rebus
3081 653 3614 732 juramentumﬁeri
3627 676 3765 732 pos-

2306 723 2396 777 sit.
2428 722 2581 778 Actio
2621 741 2638 782 1
2670 724 2867 796 synodi
2903 741 2921 780 1
2953 722 3224 797 Stephani
3245 743 3410 800 papae
3437 722 3530 786 III.

2164 807 2622 881 Christcpborus
2679 811 3052 884 primicerius
3109 816 3474 873 notariorum
3523 819 3673 875 dixit
3743 839 3757 877 :

2099 914 2120 942 α
2149 896 2350 954 Allatis
2380 902 2775 957 sacrosanctis
2821 907 3076 975 quatuor
3106 903 3454 979 Evangeliis,
3487 913 3542 964 et
3573 926 3760 966 vene-

2092 985 2262 1041 rabili
2296 987 2629 1060 chrismate,
2664 994 2720 1045 et
2774 991 2996 1050 caeteris
3047 993 3146 1049 Dei
3196 996 3514 1067 mysteriis,
3547 1015 3757 1054 sacra-

2094 1079 2356 1131 mentum
2416 1081 2622 1134 mutuo
2677 1080 3063 1152 praebuimus,
3123 1084 3279 1156 quod
3338 1085 3536 1142 nullus
3594 1087 3755 1144 alius

2091 1167 2252 1219 extra
2284 1166 2602 1224 Romanam
2654 1166 2998 1227 electionem
3049 1171 3453 1242 pontiﬁcatum
3505 1176 3752 1249 egisset,

2091 1255 2192 1308 sed
2224 1270 2356 1310 eum
2390 1272 2561 1326 quem
2596 1273 2663 1316 ex
2703 1259 3004 1320 communi
3053 1260 3298 1322 consilio
3329 1262 3522 1318 divina
3551 1267 3745 1338 provi-

2090 1342 2288 1398 dentia
2318 1345 2624 1401 tribuisset
2654 1363 2723 1402 ex
2765 1364 3002 1418 corpore
3055 1355 3269 1411 nostrae
3301 1357 3514 1412 sanctae
3545 1355 3750 1412 Eccle-

2090 1432 2207 1502 siae,
2240 1432 2509 1489 videlicet
2537 1435 2608 1490 de
2639 1438 3064 1509 sacerdotibus,
3100 1441 3522 1509 cardinalibus,
3555 1443 3754 1500 diaco-

2088 1521 2479 1594 nibus,juxta
2528 1523 2704 1595 hujus
2757 1527 3085 1598 apostolicae
3135 1529 3292 1586 sedis
3343 1533 3748 1602 traditionem,

2088 1610 2258 1666 nobis
2287 1610 2637 1683 elegerimus
2672 1614 3021 1673 antistitem.
3058 1638 3085 1667 »

2090 1720 2223 1800 Car.
2258 1719 2346 1800 $2.
2380 1751 2447 1800 —_
2476 1726 2554 1776 De
2576 1723 2846 1800 supplicio
2869 1726 2986 1796 ejus
3007 1725 3106 1797 qui
3123 1743 3221 1799 per
3249 1729 3521 1800 capitium
3545 1731 3646 1787 Dei
3662 1734 3756 1788 vel

2163 1789 2388 1846 barbam
2415 1790 2591 1864 jurat.
2624 1789 2980 1851 Novellarum
3005 1789 3332 1854 constitutio.
3349 1801 3441 1866 68,
3463 1818 3584 1874 cap.
3621 1807 3674 1858 1.

2158 1880 2273 1949 (21,
2305 1896 2356 1953 q.
2396 1884 2443 1934 1.
2476 1883 2540 1936 Si
2567 1883 2692 1952 quis
2719 1898 2816 1954 per
2859 1883 3186 1954 capillum).
3239 1885 3298 1941 Si
3329 1887 3462 1960 quis
3511 1905 3617 1960 per
3645 1907 3754 1945 ca-

2089 1967 2296 2039 pillum
2345 1969 2436 2024 vel
2486 1971 2728 2027 barbam
2779 1972 2878 2028 Dei
2921 1974 3229 2044 juraverit,
3276 1973 3365 2030 vel
3416 1976 3529 2033 alio
3571 1980 3754 2035 modo

2089 2060 2290 2112 contra
2321 2057 2504 2113 Deum
2529 2059 2895 2130 blasphemia
2916 2061 3112 2134 aliqua
3143 2080 3287 2119 usus
3321 2064 3518 2132 fuerit,
3549 2066 3752 2124 ofﬁcio

2088 2147 2343 2221 praefecti
2375 2147 2539 2203 urbis
2569 2148 2777 2204 ultimo
2807 2150 3096 2222 supplicio
3127 2153 3497 2223 subjiciatur.
3523 2155 3577 2212 Si
3609 2157 3752 2227 quis

2088 2237 2281 2288 autem
2314 2232 2614 2290 hominem
2645 2236 2822 2292 talem
2856 2254 2970 2293 non
3004 2239 3486 2311 manifestaverit,
3519 2260 3634 2299 non
3656 2249 3752 2300 est

2088 2321 2333 2377 dubium
2363 2323 2513 2394 quod
2547 2323 2744 2380 divina
2761 2327 3244 2386 condemnaticne
3276 2331 3550 2389 similiter
3579 2349 3747 2389 coer-

2089 2411 2212 2466 cebi
2221 2415 2334 2465 tur.

2089 2499 2221 2555 CAP.
2255 2499 2342 2556 33.
2375 2530 2446 2542 —
2477 2503 2540 2581 tit
2581 2505 2957 2582 uuasquisque
2992 2505 3225 2582 jejunus
3243 2510 3418 2582 jurat.
3451 2511 3744 2582 Capitula-

2454 2572 2602 2628 rium
2631 2572 2801 2641 tibfl,
2835 2572 2954 2648 cap.
2986 2572 3065 2631 60'
3087 2572 3373 2652 (cap.'63).

2162 2660 2274 2731 (22,
2308 2677 2358 2731 q.
2391 2662 2446 2727 5,
2479 2677 2528 2717 c.
2563 2664 2897 2734 Honestum).
2930 2665 3037 2729 Qui
3077 2667 3135 2722 in
3188 2669 3409 2726 sanctis
3439 2670 3614 2726 habet
3637 2673 3742 2743 ju-

2091 2765 2239 2816 rare,
2271 2749 2380 2805 hoc
2404 2751 2646 2821 jejunus
2679 2753 2875 2822 faciat,
2907 2758 2964 2811 et
2994 2772 3126 2812 cum
3159 2759 3318 2814 omni
3349 2758 3654 2817 honestate
3688 2766 3749 2818 et

2092 2839 2300 2894 timore
2330 2839 2452 2896 Dei.

2093 2926 2231 3008 Car.
2262 2927 2350 3010 3:4.
2370 2959 2437 3010 -__—
2470 2928 2627 2995 Quod
2654 2931 2907 3010 perjurus
2923 2934 3008 3010 est
3029 2934 3127 3003 qui
3151 2950 3251 3010 per
3279 2936 3515 3010 lapidem
3535 2939 3746 3010 falsum

2165 2998 2665 3080 iurat.uErc_serm.'
2689 2998 2918 3080 august.
2974 2998 3051 3080 De
3073 2998 3184 3080 η,οὴ
3223 2998 3490 3077 jurando,
3523 2998 3622 3080 qui
3657 3013 3744 3067 sic

2163 3068 2361 3147 incipit
2402 3089 2418 3124 :
2460 3070 2654 3126 Prima
2703 3068 2893 3145 lectio,
2943 3077 3044 3132 etc.
3095 3068 3279 3147 (serm.
3332 3080 3400 3134 30
3441 3068 3748 3137 D'e'verbis

2161 3141 2387 3212 Apost.).

2159 3232 2317 3284 Itane
2339 3246 2470 3285 vero
2494 3231 2766 3302 quisquis
2797 3249 2858 3288 es
2888 3235 3049 3305 pravi
3080 3239 3137 3291 et
3160 3239 3413 3308 perversi
3437 3241 3651 3310 cordis,
3686 3243 3739 3297 si

2085 3317 2245 3372 dicas
2269 3321 2371 3372 Per
2394 3319 2594 3387 Deum,
2612 3320 2781 3390 juras
2807 3339 2818 3376 :
2847 3321 2894 3377 si
2921 3323 3302 3392 dicas,Testis
3321 3332 3410 3384 est
3430 3329 3736 3397 Deus,non

2079 3407 2293 3476 juras?
2340 3407 2485 3470 Quid
2538 3408 2694 3464 enim
2744 3416 2853 3481 est,
2901 3429 3002 3482 per
3049 3415 3250 3484 Deum,
3298 3416 3412 3471 nisi
3444 3417 3612 3474 testis
3643 3425 3735 3475 est

2083 3495 2238 3550 Deus
2254 3494 2282 3548 ?
2302 3499 2420 3550 Aut
2443 3497 2582 3568 quid
2608 3501 2715 3566 est,
2739 3500 2907 3556 testis
2929 3507 3018 3557 est
3040 3502 3214 3574 Deus,
3241 3505 3354 3560 nisi
3375 3522 3479 3576 per
3509 3512 3689 3562 Deum
3705 3509 3735 3563 Ἰ

2085 3584 2231 3648 Quid
2257 3589 2451 3640 autem
2474 3586 2796 3656 estjurare,
2821 3589 2930 3645 nisi
2948 3591 3049 3662 jus
3071 3591 3186 3647 Deo
3209 3594 3472 3663 reddere,
3499 3597 3738 3668 quando

2085 3687 2185 3742 per
2209 3677 2384 3727 Deum
2405 3674 2574 3743 juras
2603 3677 2734 3744 :jus
2757 3677 2932 3732 saluti
2955 3683 3070 3735 tuae
3094 3682 3354 3752 reddere,
3371 3685 3606 3754 quando
3629 3701 3737 3756 per

2083 3761 2332 3816 salutem
2368 3764 2710 3832 tuamjuras
2745 3766 2884 3835 :jus
2902 3763 3041 3824 filiis
3071 3770 3189 3825 tuis
3208 3771 3468 3840 reddere,
3499 3774 3740 3843 quando

2085 3866 2184 3921 per
2200 3849 2347 3905 ﬁlios
2371 3853 2729 3922 tuosjuras?
2750 3855 2912 3919 Quod
2934 3859 3236 3928 autemjus
3259 3859 3540 3916 debemus
3559 3861 3740 3918 saluti

2083 3943 2314 4005 nostrae,
2344 3937 2478 3993 filiis
2503 3941 2740 4007 nostris,
2766 3946 2878 3998 Deo
2902 3949 3124 4015 nostro,
3149 3945 3261 4001 nisi
3285 3947 3611 4019 cbaritatis,
3633 3967 3732 4006 ve-

2081 4027 2296 4093 ritatis,
2331 4031 2385 4081 et
2417 4045 2530 4083 non
2581 4029 2854 4087 falsitatis
2876 4031 2904 4086 ‘i'
2952 4033 3199 4090 Maxime
3230 4039 3427 4092 autem
3460 4054 3594 4094 cum
3626 4056 3732 4110 per

2081 4115 2264 4170 Deum
2301 4115 2384 4183 fit,
2422 4115 2550 4188 ipsa
2580 4122 2665 4172 est
2693 4121 3095 4191 verajuratio.
3128 4123 3273 4187 Quia
3313 4129 3372 4181 et
3416 4143 3549 4182 cum
3583 4129 3728 4184 dicit

2080 4203 2328 4275 quisque
2346 4208 2452 4260 Per
2471 4223 2522 4260 m
2534 4222 2654 4261 eam
2674 4207 3125 4279 salutem,suam
3146 4216 3258 4268 Deo
3276 4213 3523 4287 obligat:
3545 4234 3730 4289 quan-

2077 4293 2148 4348 do
2181 4293 2321 4348 dicit
2355 4298 2461 4350 Per
2484 4295 2635 4351 ﬁlios
2658 4312 2838 4365 meos,
2863 4299 3209 4370 oppignerat
3229 4302 3381 4360 ﬁlios
3413 4321 3552 4362 suos
3574 4306 3725 4364 Deo:

2076 4385 2140 4434 ut
2171 4381 2279 4436 hoc
2327 4381 2521 4437 veniat
2571 4383 2629 4438 in
2679 4390 3106 4456 caputeorum,
3160 4392 3315 4462 quod
3365 4393 3480 4447 exit
3529 4395 3599 4450 de
3628 4412 3727 4452 ore

319 4492 505 4546 Deum
538 4510 640 4563 pro
689 4511 754 4549 eo
800 4496 1174 4566 placandum,
1320 4509 1376 4558 et
1408 4505 1531 4576 ipse
1579 4477 1964 4570 congg’ﬁ};
1997 4486 2041 4549 D
2076 4477 2620 4576 iPSius‘.‘siverum,
2661 4488 2900 4576 verum,
2953 4492 3003 4530 01
3036 4477 3273 4576 falsum,
3309 4480 3544 4576 falsum.
3579 4485 3724 4540 Cum

322 4580 598 4636 adhibeat
630 4583 1000 4640 medicinam.

319 4671 452 4753 Car.
485 4671 662 4753 39η-
695 4672 842 4753 Quod
859 4674 1130 4753 homicida
1145 4683 1330 4749 estqui
1353 4685 1494 4753 cogit
1518 4687 1758 4742 alterum
1777 4693 1959 4747 scien-

387 4741 658 4823 ter'fa'ls"!
676 4745 991 4833 ρςτὶεινατζθῖ
1015 4747 1186 4833 san?“
1209 4741 1437 4833 4:“0‘585:
1464 4757 1538 4812 De
1566 4774 1674 4833 γέοη
1688 4741 1955 4833 .jw'aaiid.

383 4813 484 4937 qui
509 4813 602 4937 stici
629 4813 823 4955 incipit
852 4833 870 4869 .·
905 4816 1097 4875 Prima
1128 4813 1316 4878 lectio.
1347 4823 1528 4894 (serm.
1579 4829 1646 4882 30
1676 4813 1748 4886 De
1781 4813 1958 4890 uerbi;

425 4900 525 4955 pos
552 4900 579 4940 ο
611 4927 622 4938 .
658 4925 669 4938 .

425 4900 669 4956 poma).

374 4972 485 5043 (22,
519 4989 569 5045 q.
601 4973 658 5040 5,
709 4990 754 5028 ε.
810 4975 1156 5064 Quiexigit).
1211 4983 1317 5046 Qui
1369 4985 1950 5064 exigitjurationem,

301 5060 557 5120 multum
590 5061 833 5118 interest
861 5063 911 5118 si
945 5066 1130 5121 nescit
1155 5067 1319 5124 illum
1347 5073 1688 5140 juraturum
1714 5060 1952 5152 falsum,

303 5166 375 5203 an
409 5150 537 5204 scit.
567 5149 621 5204 Si
651 5151 803 5205 enim
837 5153 1040 5222 nescit,
1073 5159 1128 5209 et
1158 5155 1287 5210 ideo
1321 5160 1460 5214 dicit
1493 5177 1504 5216 :
1538 5163 1680 5219 Jura
1711 5167 1852 5223 mihi
1887 5149 1953 5225 ut

306 5238 448 5294 fides
481 5239 528 5294 ei
565 5238 658 5308 sit,
709 5258 820 5295 non
857 5243 1040 5297 audeo
1075 5244 1264 5301 dicere
1315 5265 1426 5302 non
1464 5267 1590 5307 esse
1624 5261 1947 5326 peccatum,

303 5331 500 5383 tamen
527 5329 1047 5386 humanatcntutio
1073 5339 1185 5401 est;
1214 5335 1477 5392 siautem
1505 5341 1611 5394 scit
1635 5347 1948 5402 0011110010-

306 5434 389 5487 se,
423 5418 581 5472 novit
612 5420 993 5486 fecisse,vidit
1026 5422 1321 5490 fecisse,et
1353 5427 1946 5500 cogitjurare,homi-

2068 4575 2209 4630 ergo
2241 4557 2392 4612 ﬁlios
2424 4575 2585 4623 suos,
2608 4560 2693 4616 vel
2723 4566 2900 4633 caput
2930 4581 3127 4636 suum,
3150 4567 3239 4622 vel
3269 4568 3515 4624 salutem
3547 4588 3722 4630 suam

2074 4650 2326 4721 quisque
2355 4646 2414 4701 in
2441 4648 2735 4716 iuratione
2766 4652 3100 4721 nominans,
3135 4655 3420 4728 quidquid
3453 4660 3725 4718 nominat

2067 4736 2287 4807 obligat
2317 4736 2454 4801 Deo,
2497 4742 2720 4806 quanto
2773 4741 2962 4812 magis
3008 4745 3246 4812 quando
3281 4746 3444 4815 jurat
3471 4749 3723 4819 [peierat

2067 4825 2264 4880 habent
2312 4826 2501 4880 excusi
2547 4825 2778 4884 codices.
2828 4829 2971 4886 Ibid.
3005 4832 3105 4887 sub
3129 4834 3340 4906 ﬁnem]
3391 4852 3492 4907 per
3519 4837 3717 4908 ipsum

2064 4912 2295 4968 Deum?
2342 4915 2475 4970 Item
2526 4915 2634 4985 (‘22,
2667 4932 2719 4985 q.
2750 4916 2805 4984 5,
2854 4931 2974 4980 cap.
3024 4921 3154 4976 Ecce
3184 4923 3354 4994 dico).
3409 4925 3552 4980 Ecce
3583 4927 3715 4982 dico

2063 5000 2335 5058 charitati
2365 5006 2586 5072 vestrm,
2619 5010 2673 5058 et
2703 5004 2800 5074 qui
2848 5022 2953 5078 per
2997 5006 3254 5081 lapidem
3286 5011 3500 5069 falsum
3525 5015 3710 5084 jurat,

2063 5091 2334 5160 perjurus
2366 5095 2473 5147 est.
2509 5091 2671 5147 Unde
2704 5091 2813 5149 hoc
2839 5093 3013 5153 dico?
3041 5097 3190 5161 Quia
3219 5099 3388 5156 multi
3421 5106 3478 5157 et
3511 5103 3570 5158 in
3603 5103 3711 5161 hoc

2062 5177 2367 5249 falluntur,
2401 5183 2456 5234 et
2489 5184 2698 5251 putant
2725 5183 2862 5252 quia
2891 5182 3037 5239 nihil
3069 5190 3159 5242 est
3177 5203 3279 5258 per
3311 5191 3463 5262 quod
3491 5192 3711 5263 iurant,

2061 5281 2176 5321 non
2208 5283 2270 5322 se
2301 5267 2543 5323 crimine
2576 5270 2756 5324 teneri
2781 5272 3042 5341 perjurii.
3069 5278 3316 5334 Prorsus
3333 5280 3606 5350 perjurus
3626 5299 3708 5349 es,

2058 5355 2197 5422 quia
2220 5372 2322 5425 per
2351 5356 2408 5410 id
2441 5357 2594 5426 quod
2628 5363 2899 5417 sanctum
2927 5378 3040 5417 non
3075 5366 3705 5439 putas,falsumjuras.

2057 5441 2165 5496 Sed
2200 5458 2304 5513 ego
2339 5443 2484 5497 illud
2514 5450 2782 5501 sanctum
2804 5464 2917 5504 non
2937 5454 3097 5520 puto.
3121 5457 3397 5510 Sanctum
3422 5463 3593 5528 putas
3613 5461 3704 5514 cui

381 5544 522 5614 (110)
556 5545 739 5600 Serm.
782 5548 834 5601 11
873 5547 951 5602 De
981 5549 1201 5603 sanctis
1246 5551 1370 5619 ejus
1405 5553 1635 5612 initium
1671 5574 1683 5613 :
1720 5565 1949 5632 Propter
1986 5565 2131 5621 hunc
2161 5567 2335 5624 locum
2367 5587 2386 5623 :
2418 5569 2474 5626 in
2508 5569 2662 5627 calce
2693 5576 2832 5630 tom.
2866 5573 2930 5629 Χ.
