4002 6054
226 264 350 319 789

1020 267 1330 320 DECRETI
1368 268 1554 321 PARS
1592 268 1718 321 XII.
1746 294 1813 304 --
1842 269 1938 320 DE
1975 267 2347 325 MENDACIO
2382 271 2477 323 ET
2514 271 2879 324 PERJURIO.

3557 269 3663 323 790

219 391 423 473 juras.
458 388 584 443 Non
616 386 772 443 enim
803 388 1038 457 quando
1061 390 1231 458 juras
1262 390 1363 445 tibi
1392 392 1693 460 juras,aut
1715 390 1898 462 lapidi
1932 393 1985 458 Α
2016 396 2159 462 tare,
2193 410 2369 464 quam
2402 394 2753 466 promissam
2790 396 3020 449 fuerant
3052 394 3350 449 retenturi.
3378 395 3659 450 Mentisn-

221 478 426 545 Juras,
462 478 564 533 sed
600 476 861 547 proximo
886 478 1055 547 juras
1086 493 1098 532 :
1135 478 1359 533 homini
1399 480 1567 548 juras
1590 483 1721 533 ante
1750 480 1896 550 lapi-

2009 482 2167 537 tibus
2194 500 2329 554 ergo
2362 486 2517 556 quod
2550 484 2873 554 longinqua
2906 488 3057 537 terra
3090 484 3158 537 ad
3194 500 3291 538 eos
3338 486 3657 552 venissent,

229 568 399 634 dem,
433 568 534 623 sed
571 565 839 637 nunquid
874 583 987 621 non
1019 570 1155 622 ante
1186 568 1419 623 Deum?
1449 569 1573 623 Non
1625 573 1679 623 te
1734 569 1899 624 audit
1997 572 2443 640 juraverunteis
2469 572 2775 626 lsraelitm:
2807 575 3006 642 postea
3027 587 3354 643 veroquam
3375 590 3656 644 cognove-

228 659 392 730 lapis
427 658 787 730 loquentem,
822 654 925 713 sed
954 658 1124 729 punit
1160 662 1214 713 te
1247 660 1401 714 Deus
1430 659 1897 714 fallentemJtem

226 748 492 819 (ibidem,
524 765 634 803 non
659 748 856 819 procul
886 764 919 803 a
948 748 1467 819 prinoipio).Ream
1492 748 1755 819 linguam
1778 766 1890 804 non

228 837 379 893 facit
409 837 523 892 nisi
559 854 728 893 mens
760 854 879 894 rea.

224 946 374 1000 CAP.
409 945 497 998 35.
541 975 601 985 -
633 944 782 1011 Quod
812 945 996 998 minus
1025 945 1236 999 malum
1287 948 1365 999 est
1404 960 1501 1013 per
1544 944 1668 998 deos
1717 945 1895 1013 falsos

294 1019 502 1087 jurare
530 1016 997 1087 veraciter,quam
1024 1031 1123 1086 per
1154 1032 1338 1072 verum
1368 1018 1541 1071 Deum
1575 1017 1765 1087 iurare
1784 1017 1894 1083 fal-

310 1088 533 1231 iangter.
564 1090 646 1143 Ex
673 1086 910 1161 epistola
940 1089 1166 1159 August.
1200 1089 1276 1145 ad
1326 1086 1681 1143 Publicolam
1711 1087 1889 1159 (epist.

346 1180 414 1215 0⁵1
445 1202 457 1216 ο

346 1180 457 1216 Olli.

310 1260 421 1330 (:22,
455 1277 505 1331 q.
540 1260 591 1325 1,
618 1275 737 1329 cap.
770 1258 976 1325 Movet.)
1032 1258 1218 1314 Movet
1266 1262 1320 1312 te
1371 1261 1566 1312 utrum
1618 1260 1745 1329 ejus
1778 1257 1891 1312 ﬁde

228 1350 517 1403 utendum
551 1348 643 1414 sit,
678 1347 779 1418 qui
812 1351 875 1402 ut
905 1364 1033 1403 eam
1069 1352 1257 1403 servet
1281 1364 1382 1421 per
1414 1346 1699 1402 daemonia
1723 1348 1887 1417 jura-

228 1437 402 1492 verit.
438 1436 543 1495 Ubi
577 1440 630 1492 te
662 1435 788 1490 volo
821 1435 985 1507 prius
1016 1435 1406 1503 considerare,
1428 1444 1621 1491 utrum
1655 1434 1703 1490 si
1732 1435 1886 1506 quis-

229 1525 396 1596 piam
420 1540 519 1598 per
542 1526 679 1581 deos
710 1523 1184 1595 falsosjuraverit
1202 1541 1262 1585 se
1294 1526 1469 1579 ﬁdem
1493 1528 1883 1592 servaturum,

228 1625 290 1677 et
321 1635 447 1675 eam
480 1634 593 1673 non
628 1615 961 1685 servaverit,
994 1632 1107 1671 non
1160 1615 1266 1670 tibi
1313 1615 1582 1670 videatur
1630 1616 1719 1670 bis
1751 1629 1883 1685 pec-

227 1726 421 1767 casse.
453 1708 513 1764 Si
544 1706 699 1762 enim
731 1705 835 1760 tali
876 1705 1173 1773 juratione
1225 1705 1577 1776 promissam
1625 1707 1883 1760 servaret

226 1802 433 1865 ﬁdem,
466 1798 593 1853 ideo
624 1799 853 1851 tantum
887 1810 1169 1866 peccasse
1200 1795 1586 1865 judicaretur,
1618 1795 1754 1864 quia
1785 1810 1887 1865 per

226 1890 383 1948 tales
413 1890 550 1945 deos
576 1886 821 1958 juravit.
862 1883 1006 1938 illud
1043 1887 1237 1939 autem
1280 1900 1449 1939 nemo
1498 1884 1884 1955 reprehendet

227 1979 373 2051 quia
404 1978 577 2032 ﬁdem
609 1974 856 2030 servavit
887 1991 899 2030 :
937 1989 1091 2028 nunc
1124 1989 1255 2028 vero
1288 1972 1424 2042 quia
1457 1977 1512 2028 et
1538 1974 1757 2042 juravit
1784 1989 1884 2044 per

228 2084 383 2141 quos
415 2083 529 2121 non
561 2063 784 2133 debuit,
825 2066 881 2118 et
930 2066 1132 2118 contra
1178 2061 1498 2133 pollicitam
1541 2061 1674 2117 fecit
1707 2063 1880 2119 ﬁdem

228 2158 388 2230 quod
416 2172 531 2211 non
564 2152 786 2220 debuit,
819 2152 909 2207 bis
952 2152 1157 2222 utique
1205 2153 1485 2222 peccavit.
1531 2153 1610 2207 Ac
1643 2168 1745 2222 per
1773 2152 1881 2207 hoc

228 2251 335 2322 qui
367 2250 553 2305 utitur
583 2247 695 2301 ﬁde
726 2244 887 2299 illius
916 2260 1086 2315 quem
1120 2246 1595 2315 constatjurasse
1626 2260 1726 2315 per
1743 2245 1881 2301 deos

228 2342 435 2410 falsos,
468 2344 525 2396 et
556 2338 746 2394 utitur
776 2353 890 2392 non
922 2337 992 2392 ad
1028 2336 1269 2405 malum,
1305 2338 1405 2393 sed
1456 2338 1526 2392 ad
1568 2336 1795 2391 licitum
1827 2342 1882 2394 et

230 2432 597 2497 bonum,non
633 2430 868 2498 peccato
896 2425 1055 2482 illius
1088 2441 1148 2481 se
1181 2428 1361 2483 sociat
1394 2443 1509 2497 quo
1542 2443 1643 2497 per
1672 2428 1881 2482 dromo-

230 2522 332 2577 nia
353 2518 697 2592 juravit,sed
731 2519 879 2572 bono
902 2523 1069 2587 pacto
1102 2516 1231 2586 ejus
1263 2534 1378 2588 quo
1402 2518 1574 2573 ﬁdem
1608 2516 1877 2572 servavit.

230 2612 431 2681 Neque
452 2610 547 2663 hic
565 2624 690 2662 eam
714 2607 890 2661 ﬁdem
917 2605 1047 2660 dico
1071 2606 1287 2660 servari
1314 2624 1431 2677 qua
1455 2606 1653 2660 ﬁdeles
1678 2622 1879 2660 vocan-

227 2704 348 2765 tur,
382 2699 481 2769 qui
513 2695 887 2768 baptizantur
919 2695 978 2749 in
1010 2694 1375 2750 Christo.llla
1404 2695 1555 2749 enim
1580 2694 1749 2765 longe
1767 2694 1881 2748 alia

228 2786 625 2857 est,longeque
647 2784 896 2840 discreta
922 2800 954 2837 a
976 2783 1088 2837 ﬁde
1106 2783 1502 2838 humanorum
1528 2780 1876 2853 placitorum

229 2880 405 2948 atque
426 2879 727 2945 pactorum
758 2876 1192 2928 :verumtamen
1220 2873 1344 2927 sine
1375 2870 1495 2926 ulla
1516 2871 1880 2926 dubitatione

229 2965 430 3021 minus
460 2963 684 3019 malum
715 2965 804 3018 est
834 2977 936 3032 per
968 2962 1106 3017 deos
1138 2961 1316 3016 falsos
1348 2962 1547 3031 jurare
1577 2960 1877 3029 veraciter,

2006 665 2142 714 runt
2164 677 2263 715 eos
2286 661 2361 714 ibi
2392 661 2785 723 habitare,ubi
2811 676 3015 714 omnes
3040 676 3187 730 quos
3206 660 3550 715 invenerant
3572 678 3655 716 se-

2004 751 2260 805 cundum
2293 751 2390 805 Dei
2428 756 2777 821 praeceptum
2805 749 3095 804 debellare
3119 750 3656 820 oportebat,nolue-

2004 843 2339 893 runttamen
2356 839 3092 909 frangerejurationem.Et
3114 839 3247 894 licet
3265 856 3363 894 eos
3379 840 3655 895 mentitos

2000 930 2752 1000 essedidicissent,parcere
2768 928 3103 983 maluerunt
3121 930 3652 998 causajurationis,

2000 1034 2131 1073 cum
2166 1022 2405 1089 possent
2433 1020 2635 1089 utique
2664 1018 2852 1073 dicere
2872 1034 2932 1072 se
2959 1022 3241 1087 tanquam
3262 1014 3378 1072 illis
3402 1019 3649 1087 iurasse,

2002 1124 2148 1178 quos
2180 1122 2276 1163 eos
2309 1123 2436 1163 esse
2460 1107 2848 1174 crediderant,
2884 1106 2939 1159 id
2973 1111 3061 1161 est
3092 1108 3163 1161 de
3204 1106 3526 1178 longinquo
3557 1123 3651 1162 ve-

1999 1196 2243 1253 nientes.
2280 1197 2422 1252 Cum
2456 1214 2586 1252 vero
2636 1196 2791 1251 aliud
2846 1198 3244 1266 cognoverint,
3295 1202 3648 1268 praceptum

1999 1287 2228 1341 Domini
2261 1288 2413 1341 circa
2460 1304 2559 1342 eos
2590 1287 2958 1357 implendum
3006 1291 3147 1353 erat,
3184 1292 3249 1341 ut
3279 1286 3433 1341 sicut
3461 1287 3650 1341 caateri

1998 1382 2493 1446 expugnarentur.
2528 1377 2680 1431 Deus
2732 1381 2927 1430 autem
2982 1375 3091 1430 hoc
3140 1376 3505 1447 approbavit,
3542 1392 3647 1432 nec

1996 1464 2370 1534 parcentibus
2397 1464 2735 1519 succensuit
2754 1464 3155 1535 [contradixit]
3182 1482 3193 1532 ;
3222 1464 3489 1535 quamvis
3511 1481 3644 1520 eum

1993 1569 2108 1606 non
2142 1551 2606 1622 interrogassent
2638 1552 2882 1622 quinam
2917 1551 2999 1605 illi
3033 1558 3251 1619 essent,
3297 1558 3353 1608 et
3385 1553 3514 1609 ideo
3546 1570 3644 1609 eos

1990 1640 2075 1694 illi
2109 1640 2307 1695 fallere
2335 1641 2846 1695 valuissent.Unde
2877 1658 2990 1697 non
3024 1643 3413 1715 inepportune
3443 1643 3645 1713 utique

1917 1764 1963 1829 Β
1994 1730 2267 1785 credendi
2299 1734 2457 1800 sunt,
2492 1733 2547 1784 et
2578 1731 2626 1785 si
2660 1730 2856 1786 fallere
2879 1730 3148 1788 homines
3179 1750 3281 1803 pro
3314 1749 3421 1787 sua
3451 1731 3643 1786 salute

1993 1818 2323 1889 voluerunt,
2356 1836 2470 1873 non
2502 1823 2701 1873 tamen
2734 1818 3021 1876 fallaciter
3059 1826 3241 1876 Deum
3273 1821 3545 1877 timuisse
3578 1821 3636 1875 in

1993 1908 2206 1980 populo
2228 1909 2355 1979 ejus
2391 1924 2405 1964 :
2439 1913 2744 1980 propterea
2762 1926 2867 1965 nec
2891 1910 3228 1965 succensuit
3254 1911 3640 1979 Dominusju-

1992 1998 2261 2053 rentibus
2293 2004 2393 2053 aut
2414 2000 2626 2069 [atque]
2652 2000 3064 2069 parcentibus;
3100 2003 3162 2054 ut
3194 1992 3395 2071 postea
3421 2000 3643 2055 Gabao-

1992 2086 2145 2142 nitas
2176 2088 2358 2157 ipsos,
2391 2091 2671 2158 tanquam
2706 2087 2904 2159 populi
2932 2088 3020 2142 sui
3048 2087 3320 2143 homines
3351 2089 3421 2143 de
3448 2089 3651 2143 domo-

1991 2176 2129 2230 Saul
2162 2174 2733 2243 vindicaverit,sicut
2766 2192 3079 2246 regnorum
3116 2176 3376 2231 ostendit
3400 2176 3650 2232 historia

1988 2264 2060 2335 (Il
2096 2267 2219 2334 Reg.
2254 2267 2388 2335 xxx).
2430 2266 2495 2319 Et
2522 2264 2799 2335 quoniam
2846 2265 3068 2335 juratio
3126 2266 3211 2321 sic
3257 2273 3487 2321 servata
3540 2271 3649 2335 est,

1992 2354 2257 2425 quamvis
2293 2354 2347 2407 in
2382 2352 2720 2411 hominibus
2752 2355 2849 2424 qui
2882 2355 3111 2411 mentiti
3142 2360 3301 2421 sunt,
3337 2360 3402 2411 ut
3431 2356 3502 2411 ad
3527 2355 3651 2410 ole-

1992 2444 2270 2497 mentiam
2320 2444 2615 2496 sententia
2656 2443 3004 2511 ﬁecterelur,
3040 2461 3152 2499 non
3184 2443 3488 2515 displicuit
3509 2445 3646 2499 Deo'

1990 2532 2131 2587 Nam
2164 2531 2213 2585 si
2245 2547 2274 2584 e
2304 2530 2593 2585 contrario
2620 2532 2923 2601 jurassent
2962 2531 3190 2600 aliquos
3215 2548 3276 2587 se
3300 2532 3646 2587 interfectu-

1990 2636 2261 2689 ros,quos
2293 2618 2646 2673 Gabaonitas
2669 2619 2727 2673 in
2762 2624 2915 2674 terra
2947 2620 3359 2691 promissionis
3385 2636 3514 2675 osse
3533 2636 3639 2691 pu-

1988 2708 2353 2775 tavissent,et
2377 2713 2577 2780 postea
2608 2708 2957 2765 didicissent
2982 2726 3080 2765 eos
3103 2725 3233 2765 esse
3256 2711 3327 2765 ab
3357 2708 3459 2766 illa
3481 2714 3640 2765 terra

1989 2802 2375 2867 extraneos,et
2406 2800 2475 2853 de
2506 2798 2826 2869 longinquo
2852 2800 2920 2854 ad
2942 2816 3003 2854 se
3023 2799 3444 2866 venisse,nullo
3466 2800 3640 2855 modo

1989 2888 2397 2943 arbitrandum
2430 2892 2519 2943 est
2549 2888 2699 2958 quod
2735 2904 2833 2943 eos
2864 2892 3062 2943 essent
3092 2887 3441 2944 debellaturi
3461 2904 3643 2944 causa

1982 2978 2294 3048 jurationis
2328 2975 2636 3048 implendas
2670 2994 2689 3039 ;
2720 2994 2853 3031 cum
2888 2981 3129 3048 prppter
3154 2978 3342 3048 ipsam
3362 2974 3641 3048 parcendi

230 3070 407 3126 quam
442 3070 542 3126 Per
571 3058 753 3108 Deum
786 3067 986 3105 verum
1022 3049 1567 3113 fallacum-Quanto
1598 3048 1752 3103 enim
1776 3066 1880 3120 Per
1917 3132 1947 3138 _
1988 3066 2362 3123 clementiam
2396 3071 2637 3121 sanctus
2667 3066 2845 3121 David
2869 3066 3042 3121 etiam
3064 3070 3195 3138 post
3224 3066 3400 3122 verba
3425 3065 3641 3137 quibus

230 3145 382 3217 (ἰυοά
408 3145 649 3215 iuratur
688 3140 876 3211 magis
917 3143 1189 3194 δθηθίυῖη
1221 3143 1330 3206 δεῖν
1376 3142 1535 3193 tum"
1568 3138 1756 3210 magis
1788 3142 1876 3194 οδί
1906 3132 1949 3199 C
1991 3174 2052 3212 se
2083 3154 2265 3212 Nabal
2302 3155 2743 3210 interfecturum
2781 3171 2906 3210 esse
2930 3132 3234 3224 jura'verat
3257 3156 3301 3221 (I
3330 3132 3459 3224 Reg:
3489 3157 3639 3224 xxv).

231 3234 456 3308 pcenale
488 3228 970 3304 perjurium.Alia
989 3245 1123 3301 ergo
1154 3229 1398 3299 quaestio
1423 3233 1735 3296 est,utrum
1760 3245 1877 3284 non

234 3327 432 3396 peccet
464 3322 564 3392 qui
598 3336 703 3392 per
727 3319 903 3375 falsos
926 3319 1064 3373 deos
1085 3318 1401 3388 sibijurari
1429 3316 1591 3372 fecit:
1623 3318 1762 3389 quia
1784 3316 1879 3373 ille

235 3412 334 3483 qui
367 3411 417 3467 ei
443 3411 605 3481 jurat
629 3407 808 3462 falsos
841 3408 979 3461 deos
1008 3406 1274 3461 colit.Cui
1301 3406 1605 3475 quaestioni
1631 3409 1879 3475 possunt

234 3499 338 3555 illa
367 3497 705 3555 testimonia
732 3494 1038 3565 suffragari
1068 3511 1194 3566 quin
1228 3494 1351 3564 ipse
1403 3494 1876 3548 commemorasti

224 3591 294 3644 de
327 3590 522 3643 Laban
555 3592 610 3643 et
640 3584 998 3650 Abimelech,
1050 3583 1099 3638 si
1149 3587 1343 3636 tamen
1390 3580 1724 3636 Abimelech
1776 3598 1877 3652 per

221 3680 361 3733 deos
394 3693 532 3731 suos
558 3675 801 3746 juravit,
844 3674 999 3729 sicut
1030 3672 1228 3727 Laban
1281 3688 1383 3742 per
1430 3672 1613 3725 Deum
1646 3672 1875 3726 Nachor

224 3768 432 3837 (Genes.
467 3782 620 3832 xxvr,
653 3764 827 3833 xxxx).

223 3877 354 3928 CAP.
388 3874 474 3927 36.
518 3900 586 3911 ——
614 3868 769 3938 Quod
800 3868 937 3923 Deus
962 3868 1046 3923 sic
1064 3869 1449 3937 juramentum
1473 3866 1701 3938 occipit,
1733 3865 1875 3920 sicut

298 3945 397 3999 ille
424 3945 520 3997 cui
541 3937 768 4012 juralur
808 3939 1088 4009 intelligit.
1141 3938 1409 4003 Isidorus,
1458 3937 1873 3992 Sententiarum

304 4016 401 4070 lib.
433 4031 495 4084 II,
526 4030 644 4084 cap.
680 4014 768 4067 31.

297 4112 408 4179 ('22,
442 4128 491 4181 q.
534 4116 578 4176 l,
612 4126 659 4166 ε.
697 4109 802 4175 Qui
833 4108 1038 4179 jurat.)
1090 4109 1447 4177 Quacunque
1496 4109 1619 4159 arte
1668 4106 1869 4160 verbo-

232 4215 359 4254 rum
393 4197 644 4269 quisque
670 4198 850 4267 juret,
883 4196 1038 4249 Deus
1088 4200 1303 4263 tamen,
1352 4194 1451 4263 qui
1504 4194 1869 4248 conscientiae

229 4288 397 4341 testis
428 4285 625 4355 est,ita
656 4285 763 4339 hoc
788 4282 1179 4354 accipit,sicut
1210 4282 1306 4337 ille
1340 4280 1872 4351 cuijuraturintel-

228 4374 372 4445 ligit-
407 4374 729 4445 Dupliciter
768 4382 960 4428 autem
994 4388 1125 4426 reus
1177 4372 1261 4436 ﬁt,
1315 4371 1453 4440 quia
1487 4371 1633 4440 [qui]
1687 4376 1743 4424 et
1772 4370 1872 4425 Dei

233 4479 442 4519 nomen
474 4464 532 4517 in
564 4479 779 4518 vanum
804 4460 1074 4525 assumit,
1105 4464 1159 4514 et
1190 4459 1515 4530 proximum
1543 4458 1672 4513 dolo
1697 4459 1870 4530 capit.

228 4550 349 4605 Non
383 4555 471 4605 est
502 4551 929 4605 observandum
954 4552 1387 4602 sacramentum
1418 4563 1531 4618 quo
1552 4548 1769 4600 malum
1792 4548 1873 4601 in-

231 4645 395 4693 caute
427 4639 792 4710 promittitur
815 4654 826 4691 :
853 4636 1031 4692 veluti
1054 4635 1100 4689 si
1123 4635 1414 4706 quispiam
1451 4634 1725 4689 adulteras
1746 4652 1869 4705 per-

227 4732 465 4797 petuam
513 4743 649 4782 eum
708 4743 774 4781 ea
833 4724 1211 4795 permanendi
1274 4722 1447 4777 ﬁdem
1510 4722 1871 4793 polliceatur.

226 4815 611 4870 Tolerabilius
663 4822 746 4869 est
805 4812 963 4868 enim
996 4828 1109 4866 non
1146 4811 1387 4882 implere
1415 4819 1870 4880 sacramentum,

234 4920 407 4974 quam
450 4918 793 4975 permanere
822 4902 881 4957 in
914 4900 1104 4973 stupri
1140 4900 1379 4971 ﬂagitio.

233 5012 364 5066 CAP.
399 5011 488 5065 37.
508 5038 573 5052 -
600 5009 747 5077 Quod
776 5010 951 5079 magis
985 5008 1084 5062 Deo
1114 5009 1287 5078 placet
1319 5021 1425 5059 non
1467 5022 1684 5079 servare
1703 5005 1871 5073 jura-

297 5086 548 5136 mentum
576 5083 850 5148 nocivum,
876 5078 1049 5150 quam
1079 5078 1869 5149 servare.AuguleibQuwsl.

299 5169 466 5223 super
494 5155 618 5209 Jesu
648 5154 792 5206 Nave
823 5152 1031 5221 (quwsl.
1075 5151 1155 5215 l3,
1188 5151 1243 5204 in
1280 5167 1333 5203 1x
1362 5150 1569 5220 Josue).

296 5240 479 5303 Quzeri
533 5244 720 5311 potest
770 5239 1062 5310 quomodo
1102 5238 1458 5307 jurationem
1525 5236 1869 5291 servandam

231 5346 354 5383 esse
388 5330 743 5385 crediderint
763 5327 981 5383 Hebrzei
1005 5326 1587 5398 Gabaonitis,quibus
1620 5326 1873 5394 itajura-

230 5428 426 5473 verant
475 5423 760 5490 tanquam
817 5418 887 5470 de
947 5415 1229 5485 loginqua
1285 5420 1437 5468 terra
1480 5414 1869 5479 venientibus,

232 5508 379 5561 sicut
414 5507 495 5561 illi
530 5508 759 5563 mentiti
780 5503 1306 5561 fuerant.8ciebant
1329 5504 1479 5557 enim
1503 5521 1561 5557 se
1586 5503 1875 5559 debellan-

235 5596 413 5666 dos,si
447 5598 743 5668 cognitum
766 5601 917 5651 esset
948 5593 1203 5649 Hebrzeis
1238 5592 1294 5646 in
1328 5610 1395 5646 ea
1426 5598 1579 5647 terra
1603 5594 1875 5647 eosliabi-

1989 3248 2195 3317 utique
2250 3244 2440 3300 sciens
2492 3260 2667 3314 quem
2716 3244 2907 3299 fuerat
2954 3244 3362 3309 intefecturus,
3402 3259 3641 3315 parcere

1988 3336 2218 3404 maluit,
2253 3351 2356 3390 nec
2381 3334 2435 3388 in
2470 3351 2531 3389 re
2554 3334 2787 3389 duriore
2820 3334 3638 3405 implerejuramentum,ma-

1987 3428 2076 3498 gis
2110 3428 2221 3481 Deo
2254 3424 2479 3495 placere
2507 3424 2930 3492 existimans,si
2964 3424 3117 3493 quod
3151 3424 3231 3479 ita
3262 3423 3640 3493 perturbatus

1985 3517 2056 3571 ad
2091 3514 2417 3569 nocendum
2449 3512 2765 3581 juravurat,
2801 3528 2915 3566 non
2950 3511 3391 3581 iecisset,quam
3424 3511 3473 3567 si
3506 3527 3637 3581 per-

1982 3604 2233 3660 fecisset.

1982 3720 2117 3775 CAP.
2170 3720 2257 3771 38.
2304 3748 2372 3757 -—-
2424 3717 2494 3771 De
2541 3720 2879 3771 sacramento
2931 3716 3306 3787 Christophori
3352 3717 3634 3783 cuiusdam

2070 3790 2398 3858 primicerii.
2434 3788 2581 3842 Actio
2614 3789 2645 3841 3
2685 3788 2881 3858 synodi
2912 3805 2928 3842 ι
2960 3789 3224 3860 Stephani
3250 3804 3410 3860 papae
3438 3791 3531 3844 ΙΙΙ.

2052 3902 2507 3974 Christophorus
2528 3901 2898 3973 primicerius
2915 3902 3077 3957 dixit:
3101 3930 3125 3952 υ
3150 3904 3391 3965 Quando
3412 3920 3518 3958 nos
3534 3904 3633 3957 ab-

1982 3993 2153 4049 solvit
2183 3992 2627 4053 Constantinus,
2662 3990 2741 4044 ita
2772 3989 2852 4043 illi
2889 4007 3084 4045 coram
3127 3991 3401 4045 omnibus
3434 4007 3633 4045 sacra-

1980 4086 2241 4138 mentum
2274 4081 2494 4152 praabui
2538 4080 2737 4133 dicens
2772 4095 2784 4133 :
2820 4079 2965 4141 Quia
3010 4096 3112 4149 per
3142 4078 3322 4131 Deum
3359 4078 3633 4149 omnipo-

1980 4175 2196 4225 tentem
2232 4168 2421 4223 ﬁdelis
2454 4184 2583 4222 sum
2618 4172 2673 4221 et
2704 4183 2934 4235 semper
2965 4182 3060 4220 ero
3085 4169 3298 4219 sancta:
3320 4164 3419 4219 Dei
3439 4165 3632 4221 Eccle-

1982 4259 2102 4325 sire,
2137 4262 2191 4311 et
2221 4258 2389 4312 beato
2412 4258 2577 4311 Petro
2609 4259 2785 4324 atque
2820 4255 3081 4308 Romano
3115 4252 3460 4323 pontiﬁci,et
3485 4271 3631 4310 nun—

1983 4362 2157 4417 quam
2191 4361 2317 4416 ego,
2350 4344 2437 4399 vel
2473 4343 2627 4397 ﬁlius
2658 4359 2821 4397 meus
2848 4342 3107 4413 Sergius,
3129 4346 3328 4397 contra
3360 4346 3625 4399 sanctam

1983 4441 2301 4489 Romanam
2336 4433 2857 4502 Ecclesiam,atque
2882 4430 3157 4502 populum
3178 4431 3505 4485 Romanum
3528 4431 3629 4486 ad-

1907 4503 1948 4565 D
1980 4540 2145 4577 versa
2176 4538 2409 4591 quoque
2442 4522 2613 4573 modo
2638 4519 3006 4590 pereogitabo
3039 4523 3212 4590 atque
3239 4520 3629 4589 pertractabo,

1984 4618 2038 4666 et
2062 4613 2293 4683 penitus
2312 4627 2523 4664 nomen
2544 4608 2731 4679 ipsius
2763 4607 3123 4662 Constantini
3151 4607 3309 4663 nullo
3330 4610 3500 4663 modo
3525 4627 3628 4664 no-

1985 4701 2258 4768 minabo;
2294 4700 2391 4754 sed
2425 4703 2621 4752 tamen
2656 4698 2930 4769 [tantum]
2966 4702 3159 4751 certus
3192 4698 3498 4769 sum,quia
3530 4714 3628 4752 sa-

1984 4794 2350 4845 cramentum
2380 4788 2523 4841 illud
2559 4788 2733 4842 habet
2776 4791 3205 4856 argumentum,
3240 4790 3295 4841 et
3325 4787 3454 4841 ideo
3485 4804 3625 4841 con-

1984 4879 2297 4934 fessionem
2322 4877 2484 4931 vobis
2511 4876 2656 4931 facio
2682 4891 2772 4931 me
2792 4874 3110 4945 deliquisse
3128 4892 3231 4948 pro
3256 4880 3627 4932 sacramento

1984 4970 2113 5039 [per
2144 4968 2624 5035 sacramentum].
2659 4987 2686 5015 ››

1984 5083 2116 5136 CAP.
2153 5082 2239 5135 30.
2276 5112 2342 5120 ——
2375 5082 2509 5148 Qum
2538 5079 2804 5136 distantia
2838 5082 2911 5135 sit
2961 5082 3105 5136 inter
3133 5097 3258 5136 eum
3306 5082 3403 5151 qui
3444 5096 3631 5135 verum

2053 5156 2224 5223 putat,
2260 5161 2310 5205 et
2340 5154 2543 5223 falsum
2569 5154 2724 5223 jurat
2746 5169 2765 5212 ,'
2799 5155 2849 5206 et
2879 5169 3003 5206 eum
3037 5155 3137 5223 qui
3164 5153 3373 5221 falsum
3412 5153 3516 5206 scit
3547 5152 3632 5203 vel

2052 5229 2237 5294 putat,
2294 5232 2345 5276 et
2393 5240 2490 5294 pro
2534 5239 2657 5278 vero
2696 5226 2874 5294 jurat.
2926 5226 3064 5292 Aug,
3120 5224 3193 5277 De
3239 5223 3381 5279 vcrb.
3427 5230 3627 5293 apost.,

2053 5312 2213 5351 serm.
2248 5296 2335 5347 28.
2379 5314 2394 5324 ·

2055 5412 2166 5481 (:22,
2197 5428 2246 5482 (Ι.
2289 5412 2343 5477 ‘2,
2377 5426 2422 5465 ε.
2469 5409 2770 5476 Homines.)
2824 5408 3095 5460 Homines
3153 5406 3360 5459 falsum
3402 5406 3626 5474 jurant,

1986 5501 2070 5554 vel
2104 5516 2236 5554 cum
2268 5498 2587 5565 fuilunt,vcl
2622 5514 2753 5550 cum
2793 5494 3116 5548 falluntur:
3154 5498 3253 5548 aut
3284 5494 3436 5549 enim
3466 5500 3628 5566 putat

1988 5590 2159 5643 homo
2192 5605 2388 5642 verum
2423 5603 2549 5641 esse
2574 5586 2725 5653 quod
2755 5583 2964 5638 falsum
2989 5589 3073 5637 est
3109 5589 3161 5637 et
3203 5589 3417 5638 temere,
3442 5587 3627 5654 jnrut;
