3972 6064
325 251 426 304 701

1409 249 1474 297 D.
1517 246 1758 299 IVONIS
1793 244 2286 299 CARNOTENSIS
2325 247 2644 301 EPISCOPI

3630 246 3750 298 792

332 383 428 428 aut
460 373 570 428 scit
602 371 686 426 vel
723 374 885 436 putat
919 369 1133 423 falsum
1168 385 1316 433 esse,
1351 373 1406 422 et
1448 373 1642 422 tamen
1694 385 1796 438 pro
1844 384 1976 422 vero
2007 371 2061 434 Α
2094 372 2280 422 tamen
2317 369 2450 424 licet
2480 386 2882 440 perversorum
2925 369 3296 425 infestatione
3329 369 3496 439 quasi
3529 370 3587 423 in
3624 369 3750 439 pri-

325 465 510 534 jurat,
538 467 594 517 et
626 459 1015 514 nihilominus
1038 475 1170 512 cum
1197 457 1856 526 scclerejurat.Distant
1879 474 1981 511 au-

333 557 452 607 tem
485 551 600 604 ista
630 548 888 620 perjuria
927 564 1053 618 qua:
1095 547 1216 613 duo
1265 546 1737 601 commemoravi.
1777 547 1881 600 Fac
1915 544 1983 599 il-

335 641 459 695 lum
483 640 688 710 jurare
720 637 818 708 qui
852 653 1051 692 verum
1087 640 1251 706 putat
1283 652 1410 690 esse
1442 651 1544 705 pro
1577 635 1986 705 quojurat,ve-

336 745 467 783 rum
501 731 664 798 putat
692 729 913 792 esse,et
953 730 1148 779 tamen
1183 721 1391 778 falsum
1429 723 1674 778 est.Non
1699 738 1766 777 ex
1789 722 1985 776 animo

335 817 447 872 iste
498 816 784 886 perjurat,
828 812 1068 880 fallitur,
1101 811 1212 867 hoc
1263 829 1366 883 pro
1414 828 1548 866 vero
1599 811 1793 877 habet,
1829 812 1985 880 quod

339 905 558 959 falsum
591 911 828 967 est,non
864 918 966 972 pro
999 917 1058 955 re
1092 899 1237 954 falsa
1267 900 1461 955 sciens
1503 901 1861 970 jurationem
1897 899 1986 954 in-

343 991 620 1063 terponit.
646 992 729 1045 Da
755 990 958 1059 alium,
980 991 1092 1044 scit
1124 988 1336 1043 falsum
1373 1005 1520 1057 esse,
1548 995 1601 1044 et
1624 990 1765 1043 dicit
1785 1006 1986 1043 verum

344 1098 461 1148 ese,
487 1084 544 1134 et
566 1081 732 1148 jurat
763 1085 1046 1148 tanquam
1079 1094 1280 1131 verum
1311 1079 1406 1144 sit,
1433 1079 1586 1147 quod
1629 1078 1739 1132 scit
1774 1078 1987 1132 falsum

345 1185 494 1226 esse.
547 1168 770 1223 Videtis
805 1185 980 1239 quam
1014 1167 1127 1222 ista
1149 1169 1492 1222 detestanda
1515 1167 1589 1221 sit
1616 1166 1828 1230 bellua,
1848 1171 1904 1222 et
1921 1167 1990 1220 de

343 1259 520 1314 rebus
551 1257 830 1312 humanis
863 1257 1332 1312 exterminanda.
1366 1256 1504 1321 Quis
1538 1256 1693 1310 enim
1726 1255 1833 1310 hoc
1867 1256 1991 1310 ﬁeri

343 1347 480 1418 [sibi
505 1347 654 1416 ﬁeri)
687 1345 864 1400 velit?
891 1347 1108 1400 Omnes
1139 1344 1405 1399 homines
1436 1345 1576 1399 talia
1607 1345 1990 1399 detestantur.

351 1437 456 1490 Fac
490 1434 693 1505 alium,
721 1438 888 1506 putat
921 1433 1129 1488 falsum
1163 1450 1311 1502 esse,
1335 1434 1568 1502 etjurat
1597 1437 1875 1504 tanquam
1899 1449 1992 1488 ve-

347 1541 476 1578 rum
503 1524 600 1594 sit,
626 1528 681 1578 et
705 1525 850 1578 forte
879 1539 1081 1577 verum
1122 1526 1226 1576 est.
1250 1521 1423 1576 Verbi
1455 1523 1665 1592 gratia,
1689 1527 1753 1575 ut
1778 1520 1996 1576 intelli-

349 1613 541 1684 gatis:
579 1611 731 1684 pluit
781 1613 839 1666 in
890 1611 989 1666 illo
1038 1611 1184 1680 loco,
1217 1611 1541 1681 interrogas
1593 1610 1908 1679 hominem,
1943 1614 2000 1666 et

2095 457 2295 512 mitiva
2333 459 2590 514 Ecclesia
2621 460 2731 514 hoc
2765 458 2888 514 fieri
2920 460 3227 530 potuisset,
3262 458 3491 513 nullum
3543 466 3747 514 tamen

2093 547 2422 618 exemplum
2446 548 2505 603 in
2533 553 2832 620 posterum
2859 547 3110 620 relinqui
3135 549 3354 603 debuit.
3381 546 3502 610 Quo
3525 548 3748 604 etenim

2095 643 2295 692 sancto
2319 637 2588 704 concilio,
2608 637 2694 693 vel
2719 639 2890 709 cujus
2914 637 3185 693 catholici
3217 643 3275 692 et
3305 637 3610 709 apostolici
3632 637 3747 691 viri

2096 724 2324 780 decreto
2357 726 2651 781 sancitum
2683 727 2778 794 sit,
2811 727 3143 782 sacerdotes
3193 725 3289 781 Dei
3332 742 3364 780 a
3393 725 3748 780 criminibus

2095 814 2316 869 absolvi
2365 831 2480 869 non
2530 833 2716 886 posse,
2750 815 2864 871 nisi
2913 815 3272 871 confratrum
3323 813 3746 883 satisfactione,

2097 903 2332 974 penitus
2349 903 2710 974 ignoramus.
2737 906 2881 961 Cum
2905 905 3060 960 enim
3083 909 3452 960 sacramenta
3469 904 3752 959 omnibus

2094 990 2406 1046 interdicta
2455 993 2574 1047 sint
2621 993 2990 1061 Christianis,
3022 993 3188 1048 valde
3233 991 3628 1064 perniciosum
3661 998 3753 1047 est

2099 1081 2430 1136 sacerdotes
2479 1082 2550 1136 ad
2600 1081 2722 1136 hac
2771 1082 2943 1137 etiam
2993 1081 3140 1137 alios
3182 1097 3407 1152 cogere,
3438 1082 3594 1136 unde
3625 1085 3750 1135 tam

2101 1183 2163 1222 se
2194 1170 2512 1236 custodire,
2547 1186 2721 1240 quam
2755 1174 2809 1224 et
2841 1170 2971 1226 illos
3005 1171 3331 1225 debuerunt
3361 1185 3619 1241 arguere.

2102 1285 2232 1338 CAP.
2266 1285 2354 1340 41.
2377 1315 2446 1325 -
2477 1285 2648 1341 Omne
2694 1285 3039 1341 mendacium
3080 1285 3399 1341 cavendum.
3434 1285 3758 1354 Gregorius,

2494 1358 2589 1411 lib.
2622 1374 2757 1411 xvm
2804 1357 3114 1426 Moralium,
3145 1375 3267 1428 cap.
3299 1361 3353 1410 2.

2175 1443 2558 1514 Summopere
2615 1446 2936 1500 cavendum
2987 1451 3076 1501 est
3129 1462 3302 1501 omne
3351 1444 3756 1514 mendacium,

2107 1532 2375 1601 quamvis
2408 1549 2833 1605 nonnunquam
2867 1534 2944 1588 sit
2972 1533 3208 1605 aliquod
3245 1533 3533 1589 mendacii
3566 1548 3757 1604 genus

2107 1620 2291 1690 culpae
2322 1621 2576 1692 levioris,
2599 1622 2648 1676 si
2673 1622 2984 1693 quisquam
3014 1623 3195 1676 vitam
3227 1622 3555 1692 praestando
3591 1636 3761 1675 men-

353 1705 520 1798 putat
549 1700 793 1798 pluisse,
828 1707 882 1798 et
912 1701 992 1798 ad.
1018 1698 1556 1798 ῐιριεςοῐὶυξιη.ἰρεπιίιέεπἰ
1603 1699 1904 1798 connectit,
1936 1703 2001 1753 ut
2035 1735 2081 1798 Β
2111 1709 2308 1764 tiatur.
2345 1711 2454 1765 Sed
2488 1711 2626 1781 quia
2652 1711 2935 1782 scriptum
2970 1715 3095 1766 est:
3149 1714 3225 1766 Os
3273 1710 3415 1782 quod
3462 1711 3760 1775 mentitur,

353 1791 512 1845 dicat
548 1789 726 1860 Pluit,
751 1789 852 1844 sed
897 1792 1064 1859 putat
1087 1804 1199 1842 non
1225 1786 1466 1858 pluisse.
1493 1787 1721 1842 Dicitur
1741 1787 1820 1842 ei:
1865 1787 2004 1842 Vere

357 1879 547 1950 pluit?
572 1879 738 1948 Vere,
764 1878 1019 1946 etjurat,
1045 1881 1100 1931 et
1119 1880 1315 1930 tamen
1340 1876 1493 1947 pluit
1513 1876 1614 1947 ibi,
1638 1878 1737 1932 sed
1778 1876 1874 1932 ille
1914 1892 2010 1930 ne-

358 1968 490 2032 scit,
525 1971 580 2020 et
630 1970 796 2037 putat
845 1982 959 2020 non
1010 1964 1254 2036 pluisse,
1308 1967 1578 2036 perjurus
1627 1965 2011 2020 est.Interesl

358 2056 858 2126 quemadmodum
891 2054 1133 2110 verbum
1166 2056 1442 2126 procedat
1473 2071 1541 2109 ex
1572 2054 1787 2110 animo.
1828 2056 2006 2110 Ream

356 2144 620 2215 linguam
656 2161 772 2200 non
805 2143 962 2210 facit,
997 2143 1112 2198 nisi
1143 2159 1241 2198 rea
1268 2160 1456 2198 mens.

351 2283 478 2333 CAP.
511 2280 599 2331 40.
624 2308 690 2318 -
717 2277 987 2345 Quomodo
1027 2277 1336 2332 sacerdotes
1382 2293 1438 2332 se
1485 2284 1825 2332 sacramento
1871 2295 2006 2348 pur-

423 2365 556 2417 gare
586 2349 834 2404 debeant.
869 2349 1222 2419 Smaragdus,
1247 2350 1321 2404 De
1348 2351 1629 2420 prcssuris
1676 2351 2005 2405 ecclesiasti-

425 2423 527 2487 cis,
558 2431 718 2491 parte
749 2439 786 2474 ι.

426 2536 594 2590 Nunc
657 2535 836 2606 (quod
871 2535 1091 2607 absque
1123 2535 1342 2605 injuria
1371 2539 1584 2590 sanctas
1616 2534 1715 2590 Dei
1743 2535 2013 2591 Ecclesiae

357 2624 548 2680 dicere
566 2641 682 2680 non
703 2626 1048 2696 possumus)
1077 2625 1223 2680 heu!
1251 2625 1308 2678 in
1328 2629 1559 2679 tantum
1582 2625 1690 2680 hoc
1722 2625 2007 2696 aboletur,

355 2717 422 2768 ut
452 2714 787 2769 inordinata
835 2714 1010 2768 etiam
1060 2714 1430 2770 accusatione
1461 2714 1552 2768 vix
1580 2713 1742 2769 locus
1776 2720 2012 2770 maneat

355 2801 633 2873 legitima;
657 2802 1038 2856 defensionis.
1065 2803 1181 2856 Nec
1201 2802 1860 2872 approbandajudicant
1883 2819 2009 2874 quae

356 2889 560 2959 inique
578 2889 884 2958 objiciunt,
903 2891 1002 2943 sed
1029 2888 1436 2944 tantummodo
1454 2890 1750 2945 vindicare
1767 2907 2011 2962 quaeque

357 2977 523 3032 illata
565 2981 852 3046 quaerunt.
887 2979 1049 3040 Quod
1102 2977 1149 3032 si
1201 2979 1272 3032 de
1321 2979 1657 3034 defensione
1709 2980 1861 3048 apud
1910 2995 2010 3033 eos

2115 1796 2314 1852 occidit
2342 1799 2590 1852 animam
2621 1798 2880 1869 (Sap.1);
2913 1803 3006 1853 et:
3057 1798 3256 1854 Perdes
3301 1814 3485 1853 omnes
3531 1800 3630 1869 qui
3679 1800 3763 1852 Ioo

2118 1889 2362 1956 quunlur
2388 1887 2738 1942 mendacium
2765 1888 2939 1956 (Psal.
2963 1887 3037 1958 v),
3060 1886 3167 1941 hoc
3203 1904 3436 1958 quoque
3466 1886 3766 1942 mendacii

2117 1991 2299 2042 genus
2331 1976 2568 2046 perfecti
2599 1975 2705 2029 viri
2737 1991 3110 2046 summopere
3137 1976 3395 2046 fugiunt,
3425 1979 3488 2030 ut
3533 1990 3604 2030 ne
3647 1975 3773 2029 vita

2118 2064 2434 2134 cujuslibet
2466 2081 2567 2136 per
2598 2081 2797 2120 eorum
2832 2065 3119 2120 fallaciam
3153 2066 3522 2136 defendatur,
3543 2082 3616 2120 ne
3648 2081 3771 2121 suae

2118 2155 2324 2208 animm
2386 2159 2663 2224 noceant,
2743 2155 2882 2210 dum
2946 2159 3222 2225 prmstare
3280 2155 3440 2209 carni
3500 2154 3776 2209 nituntur

2120 2243 2348 2299 alienae:
2385 2259 2724 2316 quanquam
2754 2243 2863 2299 hoc
2897 2244 3091 2316 ipsum
3127 2243 3347 2314 peccati
3379 2259 3566 2314 genus
3596 2240 3773 2297 facil-

2117 2332 2254 2389 lime
2284 2332 2578 2389 credimus
2611 2333 2878 2390 relaxari.
2913 2334 3060 2390 Nam
3094 2333 3142 2388 si
3178 2332 3458 2404 quaelibet
3482 2332 3659 2404 culpa
3691 2348 3780 2387 se-

2119 2422 2321 2492 quenti
2355 2421 2501 2478 solet
2529 2423 2626 2494 pia
2657 2422 2998 2494 operatione
3028 2421 3290 2494 purgari,
3326 2424 3542 2492 quanto
3577 2420 3771 2491 magis

2118 2511 2242 2566 haec
2272 2510 2440 2566 facile
2467 2511 2847 2582 abstergitur,
2865 2526 3039 2582 quam
3072 2513 3262 2565 mater
3280 2508 3418 2564 boni
3437 2509 3631 2581 operis
3653 2507 3778 2580 pie-

2119 2603 2208 2655 tas
2243 2601 2370 2672 ipsa
2397 2599 2729 2654 comitatur.

2119 2717 2368 2773 CAR/12.
2405 2746 2472 2756 -
2507 2715 2656 2784 Quod
2711 2732 2880 2772 causa
2938 2717 3278 2772 humilitatis
3334 2730 3492 2770 nemo
3541 2715 3778 2768 mentiri

2297 2787 2502 2842 debeat.
2537 2789 2696 2857 Aug.,
2731 2789 2807 2842 De
2836 2789 2980 2843 verb.
3019 2789 3272 2859 apostoli,
3302 2802 3469 2841 serm.
3501 2785 3590 2839 29.

2188 2886 2300 2956 (22,
2325 2901 2380 2956 q.
2404 2887 2460 2952 2,
2486 2901 2536 2939 c.
2565 2885 2703 2939 Cum
2739 2885 3124 2956 humilitatis.)
3153 2886 3296 2941 Cum
3338 2899 3475 2955 ergo
3527 2883 3776 2937 humili-

2119 2976 2253 3029 tatis
2279 2991 2456 3030 causa
2479 2974 2770 3042 mentiris,
2795 2975 2842 3029 si
2868 2992 2982 3029 non
3005 2991 3134 3030 eras
3161 2978 3431 3046 peccator
3455 2977 3780 3042 antequam

359 3063 660 3134 quaeritur,
691 3065 849 3119 omni
899 3065 1162 3135 synodali
1205 3082 1455 3120 censura
1504 3067 1845 3138 postposita,
1881 3067 2006 3121 suis
2047 3098 2090 3164 Ο
2127 3063 2478 3127 mentireris,
2507 3064 2839 3118 mentiendo
2871 3063 3120 3118 afficeris
3145 3063 3300 3134 quod
3323 3061 3596 3115 evitaras.
3620 3059 3784 3114 Veri-

359 3151 876 3207 adinventionibus
908 3151 1087 3207 talem
1122 3153 1244 3208 fieri
1269 3153 1617 3224 dijudicant,
1642 3171 1816 3224 quam
1843 3171 2008 3210 accu-

360 3239 475 3294 sati
507 3238 750 3310 implere
783 3241 1021 3294 minime
1051 3240 1405 3310 valeant,vel
1432 3258 1558 3312 quae
1583 3242 1862 3312 illosjure
1885 3244 2012 3298 offi-

363 3327 436 3382 cii
465 3327 706 3384 omnino
737 3327 1085 3400 impediant,
1109 3329 1254 3384 utin
1281 3331 1612 3386 sacerdotes
1644 3331 1743 3386 Dei
1776 3332 2015 3388 liberius

364 3417 633 3472 saeviant:
660 3418 875 3489 quippe
892 3434 1025 3472 cum
1047 3419 1369 3473 secundum
1401 3418 1649 3474 Paulum
1682 3421 2010 3490 apostolum

363 3505 478 3576 ipsi
509 3504 623 3560 sibi
655 3506 773 3560 sint
804 3504 895 3560 lex
927 3507 1096 3575 (Rom.
1142 3507 1225 3574 ιι),
1269 3511 1656 3574 accusatores,
1691 3509 1918 3578 judices
1958 3514 2012 3564 et

364 3596 544 3647 testes
577 3609 692 3647 non
725 3592 972 3661 ratione,
998 3595 1097 3648 sed
1123 3595 1173 3648 vi
1204 3595 1316 3665 ipsi
1341 3595 1516 3651 simul
1534 3596 1811 3652 existunt.
1839 3597 2017 3652 Satis-

366 3680 677 3736 factionem
701 3680 844 3752 igitu
857 3699 880 3735 r
903 3683 1159 3738 accusati
1173 3685 1494 3740 sacerdotis
1509 3685 1778 3755 subjurej
1791 3687 2012 3740 urando

368 3767 614 3824 minime
636 3769 838 3826 dicunt
868 3770 1076 3837 valere,
1101 3771 1214 3827 nisi
1247 3772 1445 3843 plures
1475 3773 1649 3828 etiam
1683 3775 2016 3830 sacerdotes

366 3873 567 3912 secum
593 3857 909 3930 compellat
937 3859 1154 3929 jurare.
1181 3860 1240 3914 In
1267 3861 1484 3930 quibus
1505 3861 1626 3916 haec
1647 3867 2014 3918 assumentes

364 3946 423 4000 in
449 3945 878 4016 testimonium,
898 3950 1054 4019 quod
1080 3950 1303 4003 factum
1327 3966 1387 4002 se
1411 3949 1622 4019 legisse
1647 3951 1924 4020 jactitant
1953 3951 2012 4005 in

363 4034 594 4091 actibus
628 4036 1028 4092 Romanorum
1063 4037 1592 4108 pontificum.Nam
1625 4040 1782 4108 quod
1814 4039 1884 4094 de
1909 4039 2016 4094 Da-

362 4139 548 4191 maso,
574 4128 632 4180 et
653 4125 832 4195 Sixto,
860 4130 916 4180 et
938 4125 1284 4197 Symmacho
1309 4125 1741 4182 venerabilibus
1779 4128 2012 4199 pontifi-

364 4212 532 4268 cibus
566 4213 965 4277 invenitur,eo
983 4213 1137 4283 quod
1171 4214 1311 4266 dum
1344 4230 1378 4267 a
1407 4212 1761 4284 quibusdam
1786 4232 2014 4286 perver-

365 4301 449 4355 sis
481 4301 552 4354 de
581 4301 928 4355 criminibus
960 4305 1395 4372 accusarentur,
1420 4301 1675 4358 collectis
1707 4305 2015 4376 episcopo-

367 4404 500 4442 rum
549 4388 830 4455 conciliis,
867 4389 1142 4459 synodice
1186 4390 1419 4462 purgati
1471 4390 1609 4446 sint.
1643 4391 1772 4446 Haac
1816 4408 1876 4448 se
1924 4393 2014 4448 his

2124 3157 2211 3207 tas
2244 3153 2297 3206 in
2334 3157 2390 3206 te
2423 3168 2537 3205 non
2573 3156 2679 3218 est,
2719 3151 2831 3206 nisi
2864 3155 2920 3206 te
2953 3151 3033 3207 ita
3060 3151 3278 3206 dixeris
3309 3151 3786 3222 peccatorem,ut

2121 3241 2297 3296 etiam
2330 3255 2457 3294 esse
2489 3255 2827 3309 cognoscas.
2860 3240 3086 3294 Veritas
3146 3244 3343 3295 autem
3394 3239 3518 3308 ipsa
3566 3240 3677 3303 est,
3716 3240 3786 3290 ut

2121 3333 2272 3402 quod
2307 3346 2368 3384 es
2395 3329 2590 3397 dicas;
2644 3345 2778 3384 nam
2827 3330 3121 3400 quomodo
3173 3333 3262 3384 est
3307 3325 3644 3396 humilitas,
3678 3324 3783 3380 ubi

2123 3422 2327 3490 regnat
2361 3417 2586 3473 falsitas
2609 3417 2636 3472 ?

2121 3534 2252 3589 CAP.
2286 3533 2374 3587 43.
2397 3563 2465 3572 -
2497 3531 2646 3602 Quod
2693 3530 2982 3587 mendacia
3014 3546 3135 3602 quae
3167 3531 3278 3598 ioco
3309 3528 3593 3602 dicuntur,
3623 3543 3782 3602 men-

2192 3599 2529 3728 daciaﬂgon
2582 3605 2714 3658 sint.
2745 3605 2885 3671 Aug.
2920 3599 3252 3670 libIQumst.
3287 3615 3456 3671 super
3502 3599 3779 3667 Gcnesim,

2192 3692 2311 3728 can.
2394 3697 2411 3727 ι
2459 3715 2471 3728 .

2192 3692 2311 3746 cap.
2349 3692 2372 3728 1
2385 3692 2471 3728 ao.

2196 3765 2304 3834 (22,
2339 3779 2394 3834 q.
2426 3764 2480 3833 2,
2510 3779 2558 3818 c.
2591 3762 2754 3831 Quod
2799 3761 2924 3830 ait.)
2974 3761 3136 3826 Quod
3189 3759 3272 3815 ait
3321 3758 3600 3814 fratribus
3651 3756 3780 3812 suis

2121 3852 2333 3922 Joseph
2383 3852 2532 3919 (Gen.
2564 3852 2751 3919 xuv):
2802 3849 3164 3904 Nesciebatis
3217 3846 3359 3919 quia
3407 3863 3523 3902 non
3575 3850 3666 3900 est
3716 3845 3778 3899 in

2123 3940 2368 4012 augurio
2399 3939 2575 3994 homo
2607 3938 2798 4008 qualis
2827 3940 2980 4008 ego?
3028 3941 3104 3992 De
3153 3952 3269 4008 quo
3313 3934 3560 4007 augurio
3594 3934 3776 3989 etiam

2125 4028 2424 4083 mandavit
2449 4027 2531 4082 eis
2562 4027 2875 4081 dicendum
2907 4043 3008 4097 per
3036 4025 3336 4079 hominem
3370 4039 3582 4077 suum:
3633 4022 3780 4090 quid

2124 4117 2235 4173 sibi
2265 4115 2607 4186 velitquzeri
2637 4114 2804 4183 solet,
2833 4131 2904 4168 an
2947 4114 3087 4185 quia
3133 4130 3248 4168 non
3299 4114 3450 4167 serio
3499 4111 3600 4166 sed
3645 4112 3780 4181 joco

2125 4206 2343 4260 dictum
2379 4209 2489 4270 est,
2523 4207 2586 4257 ut
2638 4203 2826 4258 exitus
2877 4202 3097 4268 docuit,
3131 4219 3247 4256 non
3297 4204 3385 4256 est
3436 4199 3777 4253 habendum

2125 4293 2518 4349 mendacium.
2553 4291 2856 4346 Mendacia
2899 4292 3054 4345 enim
3106 4308 3139 4344 a
3189 4288 3573 4344 mendacibus
3626 4287 3780 4342 serio

2127 4387 2401 4453 aguntur,
2428 4398 2538 4435 non
2580 4381 2735 4450 joco.
2761 4379 2906 4434 Cum
2941 4386 3136 4434 autem
3169 4395 3298 4450 qua:
3327 4395 3440 4432 non
3476 4381 3616 4431 sunt
3647 4383 3777 4430 tan-

367 4476 560 4530 verbis
577 4477 813 4545 penitus
837 4476 1161 4550 intelligere
1184 4461 1458 4549 fatentur,
1481 4482 1633 4551 quod
1656 4497 1860 4536 omnes
1875 4499 2005 4552 prae-

2181 4487 2295 4524 iam
2321 4471 2454 4540 joco
2489 4469 2782 4538 dicuntur,
2807 4484 2922 4522 non
2953 4468 3313 4537 deputantur
3342 4463 3676 4520 mendacia.

369 4563 474 4618 fati
506 4563 764 4635 episcopi
797 4581 926 4620 cum
948 4565 1092 4636 ipsis
1112 4567 1486 4637 pontiﬁcibus
1506 4586 1608 4639 pro
1628 4568 2020 4638 illatisjuras-

371 4656 504 4706 sent
533 4651 920 4710 criminibus:
957 4657 1123 4726 quasi
1166 4673 1282 4711 non
1331 4674 1428 4712 eos
1481 4658 1714 4729 propria
1761 4663 2021 4712 tantum-

373 4740 544 4796 modo
572 4741 904 4796 absolveret
934 4744 1275 4810 satisfactio,
1303 4743 1415 4799 nisi
1453 4745 1571 4800 hzec
1600 4747 1773 4800 etiam
1811 4746 2020 4816 praadi-

370 4833 594 4884 ctorum
627 4831 984 4886 confratrum
1023 4833 1280 4888 firmaret
1327 4834 1560 4901 iuratio.
1595 4833 1771 4889 Nobis
1822 4839 2017 4889 tamen

369 4919 525 4986 quod
550 4918 636 4973 sic
661 4917 1108 4988 intelligendum
1132 4922 1229 4985 sit,
1251 4938 1309 4975 re
1331 4937 1466 4976 vera
1489 4939 1601 4976 non
1642 4928 1816 4994 patet.
1843 4923 2019 4978 Plane

370 5005 572 5061 enima
593 5007 884 5077 praedictis
913 5009 1202 5079 episc0pis
1235 5011 1506 5079 praafatos
1541 5012 1844 5081 pontifices
1875 5030 2016 5082 pur-

370 5098 540 5167 gatos
569 5095 929 5166 accepimus,
953 5097 1051 5150 sed
1087 5097 1346 5167 ipsorum
1381 5099 1753 5168 suggestione
1782 5103 2019 5170 propria

371 5185 780 5241 tantummodo
812 5185 1230 5253 satisfactione,
1261 5185 1408 5256 ipsis
1451 5187 1620 5241 etiam
1667 5188 2013 5254 faventibus,

371 5289 469 5328 eos
501 5271 722 5328 alienos
753 5292 786 5329 a
817 5274 1165 5329 criminibus
1198 5274 1380 5328 fuisse
1415 5275 1708 5329 firmatum
1761 5280 1867 5330 est.
1903 5276 2012 5329 Sed

374 5361 424 5415 si
453 5379 554 5432 pro
577 5362 994 5432 alicujusjusti
1031 5362 1361 5417 innocentia
1393 5363 1567 5416 alicui
1600 5363 2018 5432 placuitsacra-

375 5455 639 5507 mentum
673 5455 926 5524 praebere
961 5452 1262 5507 charitatis
1294 5468 1490 5516 causa,
1517 5457 1575 5506 ut
1600 5469 1732 5506 eum
1764 5452 1847 5505 vel
1880 5451 1961 5505 sic
1984 5468 2016 5505 a

373 5541 858 5608 persequentibus
879 5541 1536 5608 liberaret,omnimodis
1559 5541 2016 5612 placet.Verum-

2132 4588 2265 4642 CAP.
2297 4586 2385 4639 44.
2418 4615 2485 4624 —-
2520 4586 2582 4640 Ut
2611 4585 2800 4638 nullus
2835 4582 3018 4636 alium
3061 4583 3297 4652 decipiat
3343 4581 3653 4648 artiﬁcioso
3685 4594 3780 4632 δία

2201 4657 2408 4712 callido
2457 4656 2759 4710 mendacio.
2813 4655 3164 4723 August.,De
3211 4653 3467 4720 conﬂictu
3515 4652 3780 4705 vitiorum

2201 4735 2364 4798 atque
2389 4727 2679 4794 virtutum,
2713 4741 2758 4779 c.
2796 4726 2882 4779 19.

2202 4827 2313 4896 (22,
2357 4842 2412 4895 q.
2439 4828 2493 4894 2,
2527 4842 2576 4880 c.
2611 4825 2716 4878 Nec
2745 4823 3084 4892 artiﬁcioso.)
3115 4821 3230 4876 Nec
3263 4819 3581 4875 artificioso
3619 4834 3780 4871 men-

2129 4914 2315 4979 dacio,
2349 4931 2453 4968 nec
2483 4912 2738 4983 simplici
2772 4913 2946 4966 verbo
2986 4914 3216 4981 oportet
3263 4907 3531 4977 decipere
3575 4922 3780 4976 quem-

2129 5019 2339 5072 quam;
2377 5003 2513 5071 quia
2545 5002 2801 5071 quolibet
2834 5001 3008 5054 modo
3041 4997 3324 5052 mentitur
3355 4995 3598 5067 quis,os
3624 4995 3778 5064 quod

2129 5090 2409 5143 mentitur
2430 5089 2639 5143 occidit
2661 5088 2917 5142 animam
2942 5087 3228 5157 (Sap.1),et
3250 5084 3525 5139 omnibus
3541 5083 3778 5137 menda-

2128 5178 2315 5245 cibus,
2342 5195 2476 5248 pars
2497 5177 2729 5231 illorum
2764 5177 2870 5231 erit
2893 5178 2948 5230 in
2975 5180 3181 5246 stagno
3223 5173 3375 5244 ignis
3416 5171 3700 5236 ardentis,
3726 5174 3784 5223 et

2125 5266 2409 5337 sulphure
2438 5269 2617 5336 (Apoc.
2646 5269 2784 5332 xxu).

2125 5384 2258 5437 CAP.
2293 5383 2378 5435 45.
2415 5412 2478 5420 -
2512 5381 2623 5434 Non
2657 5397 2771 5434 esse
2797 5384 3079 5451 peccatum
3130 5381 3189 5432 in
3243 5376 3572 5448 quibusdam
3616 5373 3778 5428 rebus

2425 5468 2630 5507 errare.
2666 5456 2798 5522 Aug.
2833 5454 2893 5506 in
2923 5452 3259 5512 Enchiridio,
3296 5465 3342 5504 c.
3379 5451 3468 5501 2|.

2195 5541 2304 5610 (‘22,
2334 5554 2390 5610 (ι.
2417 5543 2471 5610 2,
2505 5558 2554 5596 c.
2586 5542 2646 5596 In
2677 5539 2919 5612 quibus.)
2950 5538 3013 5594 In
3047 5539 3263 5610 quibus
3293 5535 3469 5592 rebus
3500 5531 3649 5588 nihil
3681 5531 3775 5585 in-
