4002 6054
181 268 307 321 703

966 270 1277 323 DECRETI
1317 270 1499 322 PARS
1535 268 1662 323 XII.
1698 296 1763 305 --
1793 270 1889 321 DE
1926 266 2298 320 MENDACIO
2336 267 2427 319 ET
2464 264 2835 319 PERJURIO.

3500 262 3609 315 794

189 398 382 450 terest
429 396 500 448 ad
554 394 984 465 capessendum
1036 394 1133 449 Dei
1186 410 1455 466 regnum,
1490 399 1687 449 utrum
1723 411 1846 449 cre-
1880 394 1932 460 Α
1965 410 2120 463 sum,
2164 407 2269 447 nec
2307 396 2372 446 ut
2393 395 2631 462 prmstes
2652 392 2776 460 [per
2806 392 2984 443 testes
3015 387 3184 459 orig.|
3218 387 3451 442 mentiri
3476 392 3602 443 stu-

192 484 438 551 dantur,
483 500 554 537 an
588 500 726 550 non,
759 487 816 537 et
846 488 1044 537 utrum
1079 500 1213 538 vera
1244 483 1363 538 sint
1395 482 1514 537 sive
1546 486 1845 553 putentur,

196 588 275 625 an
312 570 497 626 falsa:
524 572 579 625 in
604 571 696 626 his
718 588 933 637 errare,
966 571 1023 625 id
1058 577 1146 627 est
1177 570 1333 626 aliud
1357 588 1460 643 pro
1485 570 1597 627 alio
1622 574 1846 642 putare,

192 676 317 714 non
354 664 441 713 est
475 660 885 714 arbitrandum
938 676 1065 715 esse
1114 665 1419 731 peccatum
1455 677 1467 715 :
1505 664 1604 715 aut
1652 660 1700 714 si
1741 666 1846 726 est,

195 748 521 803 minimum
553 765 679 804 esse
711 754 886 819 atque
914 749 1303 805 levissimum.

196 858 333 910 CAP.
367 856 457 909 46.
492 884 560 895 --
591 856 731 923 Quid
763 855 925 911 distet
970 857 1113 910 inter
1158 859 1407 924 mentiri,
1440 861 1492 911 et
1541 872 1732 910 verum
1761 870 1850 911 oc-

390 926 623 982 cultare.
659 929 883 996 August.
917 929 977 981 in
1005 928 1206 998 psalm.
1240 946 1297 995 ν,
1329 928 1401 983 ad
1431 943 1571 982 vers.
1603 929 1657 983 7.

278 1016 390 1086 (22,
425 1034 481 1086 q.
514 1016 568 1079 2,
602 1033 651 1070 c.
685 1019 767 1071 Ne
799 1018 965 1087 quis.)
998 1017 1079 1072 Ne
1128 1017 1263 1088 quis
1307 1018 1622 1072 arbitretur
1666 1018 1853 1088 perfec

203 1110 369 1158 ctum
402 1109 458 1158 et
483 1104 853 1176 spiritualcm
878 1106 1177 1161 hominem
1230 1123 1333 1177 pro
1381 1107 1496 1161 ista
1548 1105 1855 1177 temporali

201 1192 347 1260 vita,
383 1193 441 1247 in
476 1194 643 1263 cujus
678 1198 862 1249 morte
893 1211 1008 1249 non
1041 1195 1341 1250 occidetur
1363 1196 1578 1260 anima,
1608 1196 1728 1250 sive
1750 1210 1859 1249 sua

204 1281 332 1337 sive
365 1280 606 1337 alterius
627 1282 838 1337 debere
864 1282 1119 1338 mentiri.
1145 1284 1255 1338 Sed
1282 1284 1554 1355 quoniam
1580 1282 1738 1338 aliud
1770 1286 1861 1338 est

210 1369 473 1436 mentiri,
501 1368 659 1425 aliud
696 1374 783 1425 est
812 1386 1013 1425 verum
1049 1371 1361 1441 occultare,
1386 1372 1678 1443 siquidem
1700 1371 1859 1425 aliud

206 1462 301 1514 est
331 1458 544 1513 falsum
578 1458 790 1525 dicere,
817 1459 974 1514 aliud
998 1476 1199 1515 verum
1223 1465 1413 1516 tacere
1439 1476 1453 1516 :
1480 1460 1531 1515 si
1560 1460 1692 1530 quis
1714 1460 1863 1514 forte

205 1546 301 1602 vel
334 1548 405 1602 ad
439 1548 610 1602 istam
655 1548 944 1603 visibilem
993 1553 1238 1604 mortem
1272 1566 1387 1605 non
1410 1548 1533 1603 vult
1562 1548 1862 1603 hominem

209 1637 481 1707 prodere,
510 1640 751 1707 paratus
781 1654 908 1692 esse
939 1638 1111 1693 debet
1140 1655 1338 1693 verum
1386 1638 1697 1705 occultare,
1746 1655 1862 1692 non

1956 483 2113 547 deas,
2148 498 2253 536 nec
2286 479 2546 551 qualibet
2568 477 2795 533 fallacia
2811 477 2991 531 vitam
3010 475 3263 545 alicujus
3303 476 3602 530 defendas.

1957 571 2104 625 Cave
2137 568 2507 624 mendacium
2549 568 2607 621 in
2643 564 2936 621 omnibus.
3000 569 3157 620 Item.
3217 562 3455 618 Nullum
3499 565 3602 633 ju-

1959 664 2111 715 stum
2148 657 2515 714 mendacium
2563 672 2575 709 :
2611 670 2782 710 omne
2814 653 3188 708 mendacium
3224 655 3549 724 peccatum.

2021 792 2156 848 CAP.
2187 793 2277 846 50.
2301 822 2369 832 —
2397 792 2471 845 De
2500 789 2708 845 eodem.
2740 790 2994 844 Joannes.
3028 788 3087 841 in
3125 788 3257 841 Vita
3289 788 3539 841 Patrum.

2031 908 2365 964 Cavendum
2397 904 2672 961 omnibus
2705 904 2897 959 modis
2926 901 3325 970 mendacium,
3360 901 3478 956 sive
3500 918 3605 972 pro

1964 998 2116 1054 malo
2148 997 2264 1053 sive
2292 995 2468 1050 etiam
2501 1009 2604 1064 pro
2635 992 2787 1046 bono
2821 990 3061 1062 proferri
3115 989 3416 1057 videatur;
3467 991 3607 1060 quia

1964 1104 2135 1144 omne
2166 1085 2535 1140 mendacium
2570 1098 2683 1137 non
2716 1084 2803 1135 est
2832 1097 2864 1133 a
2896 1080 3034 1145 Deo,
3068 1078 3169 1132 sed
3221 1077 3373 1131 sicut
3401 1076 3607 1131 Salva-

1965 1180 2055 1232 tor
2085 1175 2245 1242 dicit,
2278 1190 2310 1227 a
2340 1172 2492 1227 malo
2520 1175 2609 1225 est
2638 1170 2841 1239 (Matth.
2870 1168 2949 1239 v).

1967 1315 2099 1367 CAP.
2132 1310 2223 1364 51.
2258 1340 2325 1349 -
2360 1309 2431 1361 De
2462 1306 2813 1361 distinctione
2846 1304 2993 1357 inter
3033 1299 3169 1371 falli
3196 1308 3245 1355 et
3275 1299 3521 1367 mentiri,
3562 1305 3614 1355 et

2038 1383 2373 1506 volunitgtem
2394 1378 2632 1448 fallendi
2659 1380 2710 1431 et
2739 1375 2886 1444 falli.
2921 1375 3172 1442 August.,
3193 1374 3248 1426 in
3262 1371 3609 1442 Enchiridio,

2040 1470 2157 1522 cap.
2267 1493 2280 1506 .

2040 1566 2321 1627 Nonnulli
2354 1583 2419 1622 eo
2452 1580 2640 1635 usque
2672 1562 3149 1635 progrediuntur,
3166 1562 3231 1614 ut
3262 1560 3614 1629 etpejerarc,

1973 1660 2120 1717 etde
2144 1657 2319 1713 rebus
2341 1656 2411 1711 ad
2436 1655 2537 1709 Dei
2566 1652 2789 1708 cultum
2815 1650 3265 1723 pertinentibus,
3302 1664 3366 1702 ac
3387 1649 3456 1702 de
3488 1648 3617 1719 ipsa

211 1726 433 1780 falsum
465 1724 657 1830 .d‘icfre
690 1730 803 1826 ε.οῐ
834 1743 1021 1798 neque
1048 1728 1258 1797 ρῐόἀθί
1290 1744 1480 1798 neque
1521 1727 1860 1830 ῐηθῐξξίθθςυτν
1894 1766 1940 1830 Β
1973 1750 2072 1805 Dei
2104 1751 2316 1803 natura
2336 1744 2548 1800 falsum
2582 1741 2801 1813 aliquid
2834 1741 3048 1805 dicere,
3072 1753 3496 1808 nonnunquam
3517 1736 3618 1791 bo-

212 1831 326 1871 nec
356 1814 584 1869 occidat
631 1816 887 1869 animam
937 1833 1105 1870 suam
1156 1833 1259 1887 pro
1311 1832 1549 1888 corpore
1599 1816 1860 1874 alterius.

217 1905 446 1971 Ibidem,
474 1906 645 1975 paulo
678 1906 933 1975 inferius.
967 1908 1120 1961 Item.
1148 1912 1270 1961 Duo
1299 1910 1438 1961 sunt
1468 1923 1681 1979 genera
1699 1923 1861 1961 men-

218 1994 528 2049 daciorum
558 1995 614 2047 in
648 1995 866 2065 quibus
897 2012 1011 2050 non
1047 2012 1261 2067 magna
1292 1996 1463 2068 culpa
1494 2001 1603 2061 est,
1638 1997 1736 2051 sed
1773 2001 1865 2051 ta-

217 2098 356 2138 men
388 2097 504 2137 non
537 2086 675 2137 sunt
704 2082 831 2137 sine
863 2082 1035 2154 culpa
1066 2100 1078 2137 :
1114 2101 1245 2139 cum
1294 2089 1391 2139 aut
1432 2085 1721 2155 jocamur,
1766 2088 1864 2139 aut

216 2189 324 2243 pro
356 2171 621 2243 proximo
654 2171 995 2227 mentimur.
1035 2172 1185 2227 Illud
1220 2173 1472 2243 primum
1507 2173 1564 2227 in
1606 2174 1860 2243 jocando

208 2260 344 2314 ideo
369 2276 484 2313 non
508 2264 597 2315 est
618 2259 1035 2330 perniciosum,
1063 2260 1165 2333 qui
1189 2278 1302 2317 non
1328 2261 1498 2316 fallit.
1517 2262 1682 2316 Novit
1704 2262 1860 2317 enim

206 2347 307 2403 ille
340 2348 806 2418 cuidiciturjoci
834 2366 1013 2404 causa
1056 2366 1185 2404 esse
1217 2350 1439 2405 dictum
1476 2368 1487 2406 :
1533 2351 1859 2406 secundum

212 2441 410 2491 autem
446 2437 572 2492 ideo
606 2437 804 2492 minus
835 2437 1083 2510 [mitius,
1123 2439 1273 2508 Vict.J
1328 2442 1432 2505 est,
1466 2439 1607 2509 quia
1651 2439 1862 2493 retinet

209 2524 558 2580 nonnullam
585 2526 1073 2582 benevolentiam.
1096 2526 1245 2583 Illud
1271 2544 1403 2583 vero
1427 2528 1583 2599 quod
1617 2544 1731 2581 non
1756 2527 1860 2581 ha-

208 2616 310 2669 bet
341 2614 555 2686 duplex
577 2631 693 2683 cor,
728 2632 831 2670 nec
866 2617 1239 2671 mendacium
1274 2617 1514 2689 quidem
1548 2616 1860 2671 dicendum

211 2706 303 2758 est
329 2719 340 2755 :
366 2707 645 2773 tanquam
676 2705 831 2759 verbi
858 2706 1067 2775 gratia,
1093 2705 1141 2759 si
1177 2704 1268 2759 cui
1300 2704 1532 2776 gladius
1564 2722 1860 2760 commen-

215 2793 471 2858 detur,et
492 2793 794 2863 promittat
816 2810 878 2848 se
905 2793 1272 2848 redditurum
1298 2810 1431 2848 cum
1454 2793 1551 2849 ille
1576 2794 1674 2865 qui
1707 2810 1860 2849 com-

218 2880 515 2935 mendavit
555 2882 917 2951 poposcerit:
944 2883 992 2938 si
1044 2883 1187 2937 forte
1211 2882 1470 2954 gladium
1507 2899 1679 2937 suum
1708 2899 1863 2953 repe-

215 2972 302 3022 tat
335 2970 555 3038 furens,
579 2970 956 3026 manifestum
981 2976 1069 3026 est
1091 2988 1203 3026 non
1231 2988 1357 3029 esse
1381 2973 1764 3040 reddendum,
1791 2988 1863 3026 ne

213 3055 303 3110 vel
336 3072 397 3110 se
420 3058 647 3111 occidat
669 3057 753 3111 vel
774 3056 945 3122 alios,
978 3059 1160 3113 donec
1175 3059 1223 3112 ei
1247 3059 1470 3113 sanitas
1496 3058 1857 3113 restituatur.

218 3145 334 3198 lloc
367 3145 493 3199 ideo
528 3162 643 3199 non
675 3145 851 3200 habet
882 3120 1094 3217 duplex
1124 3163 1241 3213 cor,
1277 3147 1416 3217 quia
1446 3146 1542 3201 ille
1572 3147 1665 3201 cui
1697 3163 1857 3202 com-
1891 3120 1932 3185 C

216 3233 491 3288 modatus
508 3233 1005 3303 estgladius,cum
1023 3235 1399 3306 promittebat
1417 3252 1477 3290 se
1493 3236 1859 3290 redditurum

216 3321 501 3392 poscenti,
536 3339 651 3376 non
685 3324 981 3393 cogitabat
1028 3325 1316 3378 furentem
1371 3340 1541 3395 posse
1580 3328 1858 3394 repetere.

215 3410 589 3464 Manifestum
621 3416 710 3466 est
742 3429 854 3467 non
892 3428 1021 3467 esse
1054 3411 1415 3484 culpandum
1435 3412 1748 3482 aliquando
1774 3429 1862 3467 ve-

217 3514 349 3553 rum
380 3501 588 3567 tacere,
626 3499 839 3554 falsum
900 3504 1094 3554 autem
1153 3501 1341 3556 dicere
1398 3518 1512 3556 non
1570 3501 1866 3556 invenitur

218 3603 563 3642 concessum
599 3589 841 3643 sanctis.

218 3692 351 3747 CAP.
385 3694 451 3746 47
460 3734 471 3747 .
502 3724 570 3733 -
602 3694 749 3761 Quod
778 3696 987 3764 tropica
1017 3694 1215 3749 locutio
1246 3710 1357 3749 non
1384 3698 1457 3750 sit
1484 3696 1859 3750 mendacium.

710 3766 932 3834 August.
968 3765 1037 3819 ad
1072 3769 1378 3821 Oceanum.

290 3852 462 3907 Nullo
495 3853 667 3907 modo
700 3852 845 3906 mihi
894 3854 1122 3908 videtur
1170 3856 1456 3925 tropicam
1510 3855 1863 3909 locutionem

220 3944 373 3995 recte
405 3940 517 3994 dici
574 3957 739 4011 posse
795 3942 1189 3997 mendacium.
1242 3943 1365 3997 Non
1415 3943 1571 3998 enim
1622 3943 1863 3998 menda-

218 4027 376 4084 cium
410 4033 498 4084 est
528 4046 660 4083 cum
695 4030 892 4085 laetum
947 4031 1098 4087 diem
1154 4032 1431 4100 dicimus,
1487 4032 1637 4102 quod
1699 4032 1864 4086 laetos

218 4132 324 4171 nos
358 4117 573 4171 faciat:
610 4122 711 4171 aut
760 4118 925 4173 triste
977 4118 1269 4190 lupinum,
1322 4121 1474 4189 quod
1526 4124 1862 4191 gustantem

215 4221 413 4260 amaro
473 4222 679 4277 sapore
736 4207 1062 4262 contristet.
1118 4208 1503 4278 Nequaquam
1563 4208 1679 4263 ista
1724 4213 1865 4264 sunt

218 4294 543 4349 mendacia.

218 4381 351 4435 CAP.
386 4384 473 4438 48.
499 4384 889 4454 —Descriptio
922 4385 1219 4439 mendacii.
1254 4386 1618 4455 Augustinus,
1653 4387 1864 4441 Contra

751 4455 1124 4525 mendacium,
1157 4472 1204 4510 c.
1241 4459 1327 4510 12,

294 4540 476 4608 (Ibid.,
512 4558 559 4594 c.
596 4543 707 4613 17.)
737 4543 1108 4597 Mendacium
1164 4550 1253 4598 est
1313 4544 1460 4599 falsa
1517 4544 1868 4616 significatio

226 4643 357 4680 cum
390 4628 685 4686 voluntate
728 4631 985 4687 fallendi.
1031 4634 1185 4687 IIem.
1222 4632 1417 4688 Faciat
1465 4634 1641 4688 homo
1691 4634 1868 4687 etiam

226 4731 329 4785 pro
360 4719 662 4788 temporali
713 4719 1017 4774 hominum
1052 4719 1259 4785 salute,
1294 4722 1444 4789 quod
1482 4726 1689 4793 potest.
1724 4722 1867 4776 Cum

226 4808 420 4859 autem
452 4806 521 4860 ad
559 4806 711 4862 hunc
750 4808 1062 4863 articulum
1114 4816 1349 4863 ventum
1406 4810 1596 4877 fuerit,
1650 4815 1713 4864 ut
1763 4808 1868 4863 tali

225 4892 399 4946 saluti
431 4895 733 4949 consulere
792 4896 900 4950 nisi
964 4898 1258 4968 peccando
1321 4914 1434 4951 non
1497 4897 1701 4969 possit,
1743 4900 1866 4967 jam

222 4995 283 5032 se
313 4978 608 5035 existimet
639 5000 752 5035 non
806 4983 1022 5039 habere
1066 4984 1207 5054 quid
1266 4986 1463 5051 faciat,
1520 4985 1754 5055 quando
1814 4985 1870 5038 id

222 5067 512 5137 reliquum
552 5085 679 5124 esse
740 5073 1121 5142 prospexerit,
1185 5076 1340 5144 quod
1405 5078 1556 5128 recte
1616 5091 1729 5129 non
1792 5075 1870 5127 l'a-

224 5157 359 5210 ciat.

224 5246 367 5322 CAP._
392 5246 479 5322 {19.
506 5279 572 5286 ——
604 5248 772 5303 Omne
815 5265 983 5318 genus
1033 5252 1308 5305 mendacii
1360 5251 1691 5322 fugiendum
1736 5266 1870 5305 esse.

296 5317 550 5460 xigor???
611 5322 671 5374 in.
728 5317 1080 5391 Synonymis,
1142 5322 1281 5376 libro
1355 5317 1533 5392 primo
1605 5324 1727 5394 (lib.
1810 5338 1872 5391 ιι,

314 5406 423 5460 γαρ.
460 5406 569 5460 1U).

300 5479 414 5548 (22,
449 5498 501 5551 q.
536 5486 589 5550 2,
621 5498 668 5536 c.
704 5482 871 5536 Omne
902 5482 1120 5552 genus.)
1151 5482 1334 5538 Omne
1365 5499 1552 5554 genus
1586 5482 1874 5537 mendacii

234 5585 606 5639 summOpcre
639 5571 788 5640 fuge.
815 5570 929 5627 Nec
960 5588 1097 5628 casu
1131 5589 1235 5629 nec
1266 5573 1462 5630 studio
1492 5573 1755 5644 loquaris
1778 5571 1877 5628 fal-

1973 1855 2116 1895 num
2145 1837 2428 1909 piumque
2460 1850 2608 1904 opus
2636 1847 2763 1886 esse
2817 1829 3194 1884 contendant.
3229 1826 3373 1881 Mihi
3418 1830 3615 1880 autem

1970 1928 2203 1983 videtur
2231 1927 2533 1997 peccatum
2566 1919 2801 1991 quidem
2835 1934 2964 1973 esse
2994 1933 3166 1972 omne
3190 1914 3565 1970 mendacium
3602 1930 3615 1969 :

1973 2018 2074 2072 sed
2106 2014 2361 2070 multum
2393 2012 2675 2065 interesse
2705 2025 2819 2079 quo
2869 2006 3087 2071 animo,
3113 2009 3169 2060 et
3189 2004 3258 2059 de
3281 2002 3498 2074 quibus
3526 2017 3615 2057 re-

1970 2106 2081 2160 bus
2114 2104 2364 2175 quisque
2395 2098 2734 2154 mentiatur.
2782 2096 2909 2151 Non
2942 2094 3095 2150 enim
3131 2093 3215 2148 sic
3268 2095 3470 2163 peccat
3513 2091 3615 2162 qui

1973 2190 2341 2261 consulendi,
2390 2188 2684 2261 quomodo
2730 2184 2827 2240 ille
2875 2184 2973 2257 qui
3025 2182 3270 2238 nocendi
3314 2180 3617 2236 voluntate

1972 2282 2303 2338 mentitur:
2336 2283 2437 2335 aut
2494 2281 2725 2332 tantum
2784 2290 2919 2330 vero
2971 2275 3142 2329 nocet
3186 2271 3286 2342 qui
3336 2269 3617 2324 viatorem

1972 2370 2306 2426 mentiendo
2337 2368 2394 2421 in
2429 2366 2721 2421 diversum
2746 2364 2857 2418 iter
2879 2360 3082 2425 mittit,
3115 2361 3402 2430 quantum
3431 2357 3482 2412 is
3515 2355 3618 2427 qui

1969 2460 2122 2515 viam
2170 2457 2295 2512 vita}
2329 2455 2631 2511 mendacio
2666 2452 2899 2507 fallente
2932 2451 3229 2520 depravat.
3262 2447 3443 2501 Nemo
3476 2460 3619 2499 sane

1972 2546 2261 2603 mentiens
2286 2543 2651 2615 judicandus
2674 2545 2763 2596 est
2792 2539 2887 2608 qui
2912 2536 3287 2592 dicitfalsum
3320 2534 3473 2604 quod
3509 2548 3615 2603 pu-

1970 2641 2057 2692 tat
2084 2651 2285 2691 verum
2318 2632 2597 2704 quoniam
2630 2636 2915 2700 quantum
2947 2626 3006 2680 in
3038 2626 3165 2697 ipso
3197 2626 3285 2678 est
3315 2638 3432 2676 non
3466 2620 3618 2675 fallit

1973 2727 2119 2798 ipse,
2152 2724 2253 2779 sed
2286 2721 2528 2778 fallitur.
2560 2720 2686 2774 Non
2737 2719 2934 2788 itaque
2986 2711 3296 2779 mendacii,
3358 2710 3459 2798 sed
3505 2708 3617 2763 ali-

1973 2797 2204 2883 quantae
2228 2807 2577 2865 temeritatis
2601 2804 2935 2877 arguendus
2967 2806 3057 2857 est
3080 2801 3217 2872 quia
3238 2798 3384 2853 falsa
3406 2797 3615 2852 incau-

1970 2900 2089 2955 tius
2120 2899 2307 2955 credit
2336 2914 2402 2953 ac
2434 2914 2536 2968 pro
2558 2895 2707 2949 veris
2740 2893 2915 2947 habet
2935 2890 3249 2962 potiusque
3272 2905 3301 2943 e
3326 2884 3617 2942 contrario

1972 2986 2486 3060 quantuminipso
2505 2982 2711 3039 estille
2736 2981 3039 3046 mentitur,
3090 2977 3190 3049 qui
3237 2976 3379 3031 dicit
3415 2990 3616 3029 verum

1974 3078 2128 3150 quod
2163 3079 2330 3148 putat
2352 3074 2588 3129 falsum.
2610 3072 2908 3135 Quantum
2933 3068 3088 3123 enim
3114 3067 3183 3122 ad
3204 3065 3465 3120 animum
3490 3063 3618 3132 ejus

1973 3166 2202 3233 attinet,
2233 3164 2369 3235 quia
2388 3179 2502 3217 non
2528 3162 2681 3233 quod
2705 3159 2885 3215 sentit
2922 3158 3034 3212 hoc
3071 3155 3233 3225 dicit,
3267 3170 3383 3208 non
3415 3168 3617 3206 verum

1971 3254 2132 3322 dicit,
2167 3252 2437 3324 quamvis
2465 3266 2669 3306 verum
2716 3248 3047 3303 inveniatur
3092 3260 3220 3300 esse
3268 3242 3421 3313 quod
3453 3240 3615 3295 dicit.

1971 3346 2085 3396 Nec
2114 3340 2233 3396 ullo
2267 3339 2435 3395 modo
2478 3337 2626 3391 liber
2662 3340 2751 3390 est
2779 3332 3082 3387 mendacio
3107 3330 3205 3401 qui
3230 3345 3325 3383 ore
3351 3325 3619 3382 nesciens

1970 3446 2175 3485 verum
2208 3427 2490 3498 loquitur,
2525 3425 2716 3479 sciens
2750 3426 2945 3477 autem
2977 3418 3276 3473 voluntate
3307 3414 3615 3479 mentitur,

1972 3521 2126 3587 Item,
2148 3506 2349 3571 ibidem
2368 3514 2532 3585 paulo
2570 3516 2707 3582 post.
2748 3512 2803 3564 In
2841 3509 3103 3580 ipsarum
3155 3501 3620 3560 consideratione

1974 3620 2168 3661 rerum
2204 3620 2329 3675 qum
2360 3602 2660 3666 dicuntur,
2696 3602 2923 3651 tantum
2985 3597 3233 3649 interest
3291 3608 3407 3664 qua
3454 3591 3511 3645 in
3563 3605 3621 3644 re

1975 3694 2222 3765 quisque
2254 3690 2490 3745 fallatur
2520 3689 2637 3743 sive
2661 3687 2999 3752 mentiatur,
3035 3686 3099 3737 ut
3128 3699 3260 3736 cum
3290 3680 3410 3735 falli
3443 3696 3619 3751 quam

1976 3782 2209 3837 mentiri
2237 3780 2433 3833 minus
2456 3777 2534 3831 sit
2569 3776 3117 3844 malum,quantum
3137 3770 3387 3842 pertinet
3419 3769 3489 3822 ad
3524 3769 3622 3822 ho-

1976 3872 2153 3928 minis
2176 3870 2761 3936 voluntatem,tamen
2783 3865 2953 3935 longe
2986 3864 3062 3919 sit
3082 3858 3620 3917 tolerabiliusinbis

1976 3980 2102 4034 quas
2125 3980 2155 4015 a
2185 3960 2464 4031 religione
2486 3964 2625 4013 sunt
2648 3956 2914 4026 sejuncta
2937 3952 3193 4019 mentiri,
3228 3965 3403 4020 quam
3436 3948 3494 4001 in
3529 3946 3621 3999 his

1975 4052 2101 4106 sine
2124 4066 2373 4121 quorum
2413 4048 2524 4102 ﬁde
2570 4045 2657 4101 vel
2702 4044 2907 4099 nctitia
2935 4043 3091 4096 Deus
3119 4038 3229 4094 coli
3264 4054 3375 4092 non
3404 4038 3618 4105 potest,

1976 4138 2118 4193 falli.
2144 4138 2298 4201 Item,
2332 4136 2559 4201 ibidem,
2592 4150 2638 4187 c.
2670 4134 2761 4185 22.
2806 4131 2987 4185 Homo
3012 4144 3124 4182 non
3166 4126 3355 4179 solum
3388 4122 3619 4192 quando

1973 4227 2083 4283 scit
2111 4227 2236 4298 ipse
2269 4225 2423 4296 quod
2456 4238 2655 4277 verum
2688 4220 2879 4275 sitsed
2904 4218 3076 4271 etiam
3118 4214 3351 4286 quando
3375 4215 3529 4266 errat
3560 4212 3618 4264 et

1974 4315 2196 4369 fallitur
2228 4313 2381 4367 sicut
2404 4312 2604 4375 homo,
2636 4310 2745 4362 hoc
2795 4307 2963 4361 debet
3017 4304 3175 4374 loqui
3226 4302 3376 4371 quod
3426 4300 3619 4353 animo

1974 4403 2144 4474 gerit,
2173 4402 2292 4455 sive
2324 4399 2468 4453 illud
2501 4413 2700 4451 verum
2734 4397 2810 4449 sit
2838 4395 2960 4448 sive
2994 4396 3231 4464 putetur
3263 4394 3320 4444 et
3356 4405 3469 4443 non
3503 4388 3618 4442 sit:

1898 4500 1945 4563 D
1977 4491 2170 4545 omnis
2204 4495 2399 4543 autem
2430 4487 2527 4557 qui
2563 4485 2864 4552 mentitur,
2917 4486 3123 4536 contra
3150 4480 3207 4534 id
3242 4478 3398 4550 quod
3427 4477 3622 4532 animo

1980 4579 2156 4633 sentit
2185 4578 2448 4648 loquitur
2477 4574 2774 4629 voluntate
2810 4571 3071 4627 fallendi.

1976 4696 2114 4751 CAP.
2144 4696 2233 4748 52.
2268 4725 2334 4732 -—
2369 4691 2516 4759 Quod
2545 4706 2651 4744 non
2684 4689 2924 4757 sufﬁciat
2972 4703 3160 4741 verum
3211 4686 3381 4755 loqui,
3415 4683 3547 4759 nisi
3575 4686 3625 4759 et

2049 4766 2206 4820 corde
2221 4767 2317 4889 ἔξω
2346 4753 2641 4817 sentiatur.
2706 4753 2955 4827 August,
3004 4762 3062 4812 in
3114 4753 3339 4811 Psalum
3390 4772 3483 4809 xxv
3531 4753 3623 4824 (ad

2052 4854 2188 4889 vers.
2286 4879 2297 4889 .

2052 4854 2188 4892 vers.
2221 4854 2297 4905 ό).

2051 4950 2326 5006 Nonnulli
2362 4950 2581 5004 habent
2610 4948 2667 5002 in
2704 4947 2877 5001 labiis
2908 4947 3237 5008 veritatem,
3270 4948 3325 4997 et
3357 4942 3414 4994 in
3456 4942 3627 4996 corde

1984 5059 2097 5096 non
2130 5040 2364 5093 habent.
2400 5040 2708 5108 Tanquam
2772 5036 2820 5091 si
2881 5035 3092 5105 aliquis
3131 5034 3329 5089 dolose
3360 5031 3629 5085 ostendat

1982 5131 2159 5193 viam,
2192 5128 2383 5183 sciens
2415 5127 2471 5180 in
2507 5143 2574 5181 ea
2605 5143 2733 5181 esse
2780 5125 3060 5192 latrones,
3103 5128 3159 5177 et
3205 5123 3357 5177 dicat
3389 5138 3399 5173 :
3426 5120 3481 5175 Si
3519 5120 3626 5172 hac

1983 5218 2120 5272 ieris
2151 5236 2182 5272 a
2213 5217 2539 5271 latronibus
2569 5220 2733 5269 tutus
2783 5216 2920 5278 eris,
2973 5219 3026 5267 et
3084 5216 3351 5281 contegat
3393 5216 3458 5263 ut
3496 5221 3627 5261 vere

1987 5325 2097 5362 non
2134 5306 2504 5359 inveniantur
2534 5303 2829 5359 latrones:
2868 5319 3067 5355 verum
3099 5300 3199 5353 ille
3232 5298 3464 5352 locutus
3514 5300 3625 5361 est,

1985 5397 2085 5450 sed
2120 5413 2232 5449 non
2268 5394 2323 5448 in
2358 5395 2530 5448 corde
2555 5410 2681 5447 suo.
2716 5392 2885 5445 Aliud
2921 5390 3074 5444 enim
3106 5388 3369 5459 putabat,
3423 5388 3478 5438 et
3527 5398 3625 5437 ne-

1985 5487 2175 5539 sciens
2206 5501 2404 5538 verum
2439 5482 2601 5536 dixit.
2639 5479 2784 5551 Ergo
2816 5494 3018 5551 parum
3069 5482 3157 5532 est
3190 5489 3390 5529 verum
3442 5472 3626 5544 loqui,

1988 5572 2099 5628 nisi
2134 5573 2306 5628 etiam
2341 5574 2395 5626 in
2431 5571 2603 5626 corde
2630 5570 2710 5625 ita
2736 5569 2830 5624 sit.
