3972 6064
378 262 486 318 ’795

1467 265 1534 314 D.
1574 262 1815 318 IVONIS
1848 260 2347 317 CARNOTENSIS
2384 263 2700 318 BPIBCOPI

3677 264 3795 320 796

381 392 516 443 CAP.
548 386 640 440 53.
674 385 836 440 —De
868 384 1122 440 utilitate
1151 383 1441 459 cujusdam
1486 385 1780 442 mendacii.
1833 385 2026 443 Hiero-
2054 388 2110 456 Α
2140 385 2419 441 monendi
2467 389 2606 441 sunt
2647 400 2873 455 omnes,
2932 383 3244 456 diligenter
3302 390 3542 442 caveant
3582 389 3788 459 perju-

798 472 952 528 nym.
987 473 1150 528 super
1176 457 1454 527 psalmum
1487 473 1602 512 νιιι.
1630 506 1641 514 .

451 547 796 603 Brevitatem
831 547 1234 620 promisimus,
1265 550 1322 602 et
1353 547 1702 603 necessitate
1734 548 2023 620 compulsi

382 654 590 693 sumus
620 637 797 693 latius
827 637 1126 707 disputare
1157 654 1170 691 :
1207 636 1435 692 mentiti
1466 653 1699 706 sumus,
1731 639 1832 693 sed
1866 654 2024 694 men-

383 725 615 780 dacium
648 725 1028 780 utilissimum
1060 729 1164 780 est.
1202 725 1435 780 Utinam
1467 727 1721 782 Herodes
1741 727 2023 782 mentitus

383 818 536 870 esset
569 818 624 870 et
644 816 994 884 perjurasset
1020 814 1228 885 (Matt/1.
1262 815 1399 886 xxv).
1436 817 1501 870 Et
1532 832 1637 871 nos
1666 816 1847 887 igitur
1867 833 2023 872 nunc

384 903 610 960 minora
668 903 1076 975 promisimus,
1121 909 1178 959 et
1233 905 1538 962 orantibus
1591 905 1752 962 vobis
1803 908 2026 977 majora

382 992 761 1064 praebuimus.

380 1101 512 1154 CAP.
544 1100 634 1153 54.
658 1128 728 1175 -_-
759 1100 908 1175 Quod
934 1103 1106 1175 prosit
1127 1102 1424 1175 aliquando
1453 1118 1576 1158 vera
1610 1108 1814 1160 tacere.
1843 1104 1978 1175 Greg
2011 1147 2025 1174 ,

685 1173 743 1226 in
775 1173 1078 1243 Pastorali,
1113 1174 1207 1228 lib.
1243 1191 1306 1229 ιιι
1338 1175 1583 1246 (culmen.
1613 1177 1721 1245 12).

454 1259 756 1314 Laudandi
792 1265 933 1316 sunt
964 1262 1284 1334 simplices,
1348 1265 1501 1336 quod
1547 1265 1821 1320 studeant
1869 1283 2023 1320 nun-

383 1364 564 1423 quam
597 1348 744 1405 falsa
775 1349 968 1407 dicere
998 1367 1010 1406 :
1047 1351 1147 1406 sed
1180 1352 1530 1409 admonendi
1564 1359 1722 1420 sunt,
1757 1359 1818 1409 ut
1850 1371 2022 1410 nove-

383 1439 500 1493 rint
532 1456 956 1511 nonnunquam
982 1457 1114 1496 vera
1135 1441 1392 1496 reticere.
1428 1441 1590 1497 Sicut
1616 1443 1771 1502 enim
1794 1460 2028 1516 semper

384 1528 676 1584 dicentem
725 1529 953 1585 falsitas
986 1529 1151 1600 laesit,
1195 1529 1278 1585 ita
1319 1547 1744 1602 nonnunquam
1778 1533 2023 1603 quibus-

382 1616 518 1672 dam
551 1618 753 1673 audita
782 1635 916 1674 vera
945 1618 1272 1674 nocuerint.
1308 1619 1468 1675 Unde
1500 1637 1693 1676 coram
1718 1621 2025 1694 discipulis

380 1703 668 1762 Dominus
696 1707 1052 1764 locutionem
1085 1725 1256 1764 suam
1286 1707 1515 1766 silentio
1539 1715 1873 1782 temperans
1904 1712 2022 1770 ait:

2130 474 2308 542 rium,
2343 493 2456 531 non
2488 474 2675 530 solum
2707 474 2767 529 in
2789 472 2960 530 altari
2985 489 3086 528 seu
3111 477 3450 530 sanctorum
3491 475 3781 548 reliquiis,

2131 565 2232 619 sed
2266 564 2324 619 in
2359 564 2658 620 communi
2689 563 2942 634 loquela.
2992 565 3153 618 Item.
3205 563 3537 619 Cavendum
3569 573 3653 620 est
3708 583 3783 621 ne

2132 651 2348 725 aliquis
2378 653 2509 725 plus
2541 670 2750 708 aurum
2770 653 3016 708 honoret
3038 669 3216 723 quam
3232 652 3674 726 altare,cum[ne
3701 656 3780 721 ei,

2135 742 2289 812 Vict.)
2326 742 2607 798 Dominus
2629 743 2786 798 dicat
2813 757 2826 798 :
2881 741 3086 810 Stulte,
3120 744 3214 812 qui
3243 743 3429 813 majus
3451 748 3528 798 est
3549 761 3777 812 aurum,

2133 847 2206 886 an
2228 830 2431 899 altare,
2455 829 2594 901 quod
2615 831 2933 902 sanctiﬁcat
2961 847 3165 886 aurum
3198 831 3401 903 (Matth.
3448 836 3630 904 nm).

2133 939 2267 994 CAP.
2323 939 2412 993 60.
2454 969 2522 980 -
2553 941 2626 993 De
2658 937 2777 993 illis
2828 941 2923 1010 qui
2948 954 3049 1010 per
3076 939 3428 1012 cupiditatem
3458 941 3782 1012 perjurium

2413 1011 2666 1080 fecerint.
2700 1015 2785 1066 Ea:
2822 1010 3201 1067 Pcenitentiali
3230 1010 3489 1067 Romano.

2204 1099 2262 1154 Si
2295 1099 2427 1171 quis
2459 1115 2563 1171 per
2593 1099 2974 1172 cupiditatem
3008 1101 3417 1171 perjuraverit,
3449 1117 3652 1156 omnes
3683 1118 3783 1157 res

2135 1205 2274 1244 uas
2303 1188 2513 1244 vendat
2542 1193 2598 1244 et
2629 1187 2984 1260 pauperibus
3018 1189 3354 1256 distribuat,
3391 1192 3446 1245 et
3480 1194 3780 1246 monaste-

2135 1278 2289 1333 rium
2322 1277 2628 1349 ingressus
2659 1278 2780 1349 iugi
2813 1276 3170 1348 paenitentia:
3209 1295 3270 1333 se
3299 1279 3534 1333 subdat.

2133 1387 2266 1444 CAP.
2297 1387 2388 1440 6t.
2414 1417 2482 1426 ——-
2503 1388 2577 1441 De
2609 1387 2728 1441 illis
2757 1384 2858 1456 qui
2876 1385 3200 1456 jubentibus
3228 1385 3472 1441 dominis
3507 1386 3621 1441 suis
3649 1402 3779 1457 per-

2195 1457 2694 1600 }urium/ecerint.
2746 1457 2826 1510 Ex
2870 1457 3071 1512 decret.
3118 1457 3212 1513 Pii
3255 1473 3590 1530 papae,cap.
3621 1458 3657 1511 2
3688 1459 3775 1527 (in

2229 1546 2407 1599 ragm.
2443 1570 2454 1584 .

2229 1546 2407 1599 ragm.
2417 1546 2454 1599 ).

2205 1620 2318 1689 (22,
2353 1635 2410 1690 q.
2443 1620 2496 1686 5,
2529 1635 2578 1674 c.
2615 1621 2722 1687 Qui
2770 1621 3128 1691 compulsus.)
3186 1618 3295 1682 Qui
3353 1618 3695 1690 compulsus
3749 1635 3784 1675 ιι

2134 1707 2372 1763 domino
2405 1708 2666 1779 perjurat
2697 1725 2760 1765 se
2791 1709 3006 1774 sciens,
3039 1707 3276 1778 utrique
3298 1712 3439 1763 sunt
3459 1707 3784 1778 perjuri,et

382 1795 552 1850 Multa
607 1795 784 1852 habeo
840 1798 988 1852 vobis
1043 1798 1247 1868 dicere,
1300 1801 1403 1854 sed
1450 1816 1600 1854 nunc
1642 1815 1751 1856 non
1800 1803 2026 1872 potestis
2057 1785 2102 1850 Β
2136 1797 2410 1853 dominus
2441 1801 2499 1852 et
2530 1795 3061 1865 miles:dominus,
3083 1797 3222 1868 quia
3249 1795 3778 1868 prsecepihmileﬂs

376 1885 479 1940 illa
514 1895 738 1956 portare
768 1888 945 1956 (Joan.
974 1888 1109 1960 xw).

380 1989 513 2046 CAP.
546 1991 640 2071 55.
661 2020 728 2033 --
759 1993 833 2047 De
862 1993 1074 2071 eodem.
1115 1995 1477 2071 Augustinus.
1507 1997 1580 2071 De
1626 1999 1889 2067 conﬂictu
1939 2000 2024 2055 vi-

593 2066 799 2118 tiorum
831 2069 993 2136 atque
1019 2066 1307 2122 virtutum.
1341 2083 1386 2121 c.
1419 2068 1487 2122 20
1528 2069 1667 2139 (cap.
1693 2066 1809 2140 2'3).

451 2151 658 2208 Modus
715 2154 1002 2209 tenendus
1061 2159 1150 2211 est
1207 2155 1267 2212 in
1326 2155 1639 2226 loquendo,
1675 2162 1732 2212 et
1763 2159 1834 2214 ab
1883 2157 2024 2228 ipsis

381 2257 809 2314 nonnunquam
870 2242 1118 2298 utilibus
1171 2244 1364 2300 verbis
1433 2246 1814 2317 parcendum,
1872 2247 2025 2304 sicut

382 2329 702 2386 Psalmista
733 2331 877 2388 dicit
929 2349 942 2387 :
998 2333 1335 2390 Humilialus
1377 2351 1518 2403 sum,
1562 2340 1611 2390 et
1640 2336 1777 2392 silui
1803 2352 1839 2392 a
1870 2338 2024 2393 bonis

378 2419 560 2491 (Psal.
594 2422 851 2490 xxxvm).

377 2528 510 2584 CAP.
541 2528 630 2583 56.
657 2558 725 2604 έη
757 2528 907 2597 Quod
934 2545 1329 2604 nonnunquam
1375 2532 1435 2587 in
1481 2531 1581 2604 hac
1613 2533 1723 2588 vita
1746 2549 1901 2589 error
1928 2550 2021 2590 ne-

464 2601 737 2656 cessarius
767 2610 865 2657 est.
900 2601 1247 2671 August.,'in
1277 2602 1612 2660 Enchiridio
1639 2609 1780 2676 (cap.
1819 2607 1922 2674 t7).

445 2688 794 2760 Diligentius
827 2691 1196 2747 considerata
1224 2693 1485 2760 veritate,
1520 2711 1652 2749 cum
1687 2692 1841 2749 aliud
1877 2694 2023 2750 nihil

375 2778 453 2833 sit
475 2795 665 2834 errare
698 2796 876 2850 quam
899 2797 1099 2836 verum
1133 2787 1336 2852 putare
1368 2783 1522 2853 quod
1543 2782 1758 2839 falsum
1781 2787 1889 2853 est,
1917 2783 2018 2840 fal-

374 2883 505 2924 sum
526 2868 676 2936 quod
696 2885 898 2924 verum
917 2874 1005 2924 est
1034 2887 1045 2926 :
1075 2869 1163 2926 vel
1182 2881 1406 2926 certum
1429 2871 1642 2928 habere
1657 2890 1760 2947 pro
1778 2873 2021 2941 incerto,

377 2955 668 3010 incertum
694 2973 826 3012 vero
860 2975 962 3030 pro
996 2963 1173 3024 certo,
1207 2959 1326 3015 sive
1377 2959 1590 3016 falsum
1624 2961 1745 3016 sive
1794 2961 1872 3017 sit
1924 2978 2021 3018 ve-

381 3061 512 3099 rum
549 3063 562 3100 :
599 3045 770 3114 idque
801 3050 920 3101 tam
955 3047 1032 3101 sit
1063 3047 1120 3101 in
1155 3048 1351 3103 animo
1401 3049 1660 3105 deforme
1709 3054 1881 3120 atque
1929 3051 2021 3106 in-

378 3134 611 3202 decens,
637 3151 811 3205 quam
846 3134 1158 3206 pulchrum
1189 3141 1364 3208 atque
1395 3138 1669 3194 decorum
1693 3156 1820 3195 esse
1840 3141 2022 3197 senti-
2054 3151 2096 3217 ρ

379 3237 514 3276 mus
546 3222 632 3276 vel
664 3223 721 3276 in
754 3222 1066 3294 loquendo,
1092 3224 1177 3281 vel
1208 3226 1266 3280 in
1294 3227 1662 3283 assentiendo
1679 3231 1886 3298 estest,
1907 3246 2022 3285 non

379 3327 532 3380 non;
568 3312 823 3384 profecto
856 3312 928 3368 ob
961 3312 1068 3368 hoc
1128 3313 1321 3385 ipsum
1383 3320 1469 3371 est
1517 3317 1634 3370 vita
1664 3316 1777 3372 ista
1808 3318 2026 3374 misera

379 3416 497 3472 qua
527 3400 797 3468 vivimus,
831 3402 983 3472 quod
1016 3402 1065 3456 ei
1098 3419 1520 3475 nonnunquam
1554 3409 1617 3460 ut
1647 3423 1760 3460 non
1795 3409 2025 3464 amitta-

376 3493 494 3555 tur,
526 3507 688 3545 error
717 3494 807 3545 est
834 3492 1225 3546 necessarius.

379 3596 515 3670 CAP.
548 3596 638 3649 57.
664 3625 732 3634 ——
763 3597 922 3670 Quod
943 3613 1130 3670 terum
1160 3605 1347 3654 tacere
1387 3600 1696 3670 aliquando
1738 3603 1810 3656 sit
1858 3604 2020 3658 utile.

451 3668 678 3737 August.
710 3684 874 3738 super
903 3669 1205 3740 Epistolam
1235 3672 1308 3726 ad
1334 3668 1558 3726 Galatas
1589 3674 1671 3741 (in
1699 3688 1822 3744 cap.
1867 3675 1950 3744 ιι).

453 3754 687 3811 Falsum
721 3757 912 3812 dicere
951 3756 1095 3812 nihil
1129 3758 1263 3815 licet
1312 3759 1628 3831 aliquando
1677 3765 1871 3816 autem
1918 3761 2022 3818 ali-

382 3844 524 3916 quid
557 3845 676 3899 veri
701 3851 890 3901 tacere
921 3846 1064 3902 utile
1093 3851 1201 3903 est.

382 3952 519 4008 CAP.
552 3954 735 4009 58.—
766 3953 914 4019 Quod
971 3953 1040 4008 ad
1098 3957 1391 4011 memorias
1447 3959 1756 4026 martyrum
1811 3959 2027 4027 periuri

451 4027 962 4150 zwpeadﬁmonio
1009 4029 1414 4098 corripiantur.
1475 4033 1563 4083 Ex
1604 4029 1835 4084 concilio
1884 4029 2023 4084 Mel-

491 4107 702 4150 ensz.c.
801 4138 816 4150 .

491 4107 630 4166 ensi,
656 4113 702 4150 ε.
729 4107 816 4154 1υ.

455 4190 529 4241 Ut
561 4184 1354 4257 multiplexjuramentorum
1397 4192 1453 4242 et
1475 4188 1865 4258 perjuriorum
1887 4205 2023 4244 con-

383 4275 557 4343 fusio,
588 4291 689 4346 per
719 4291 894 4346 quam
935 4275 1249 4330 multorum
1284 4275 1542 4330 ﬁdelium
1579 4277 1785 4331 animo:
1813 4277 1871 4332 in
1904 4281 2024 4334 toto

382 4363 491 4417 hoc
524 4379 700 4434 regno
734 4363 969 4433 perditae
1014 4380 1140 4418 esse
1176 4369 1518 4432 noscuntur,
1553 4381 1727 4436 quam
1763 4366 1835 4420 sit
1867 4367 2023 4421 dete-

383 4453 596 4508 standa
625 4457 683 4507 et
713 4452 828 4507 Deo
860 4451 1116 4518 odibilis,
1152 4451 1432 4506 attentius
1483 4454 1757 4508 omnibus
1789 4472 2025 4510 annun-

382 4541 580 4595 tietur.
607 4540 860 4594 Tantum
885 4555 1138 4608 namque
1166 4539 1272 4594 hoc
1308 4539 1525 4596 malum
1559 4547 1666 4609 est,
1695 4547 1758 4597 ut
1788 4544 1858 4597 ad
1891 4560 2024 4598 san-

382 4629 609 4684 ctuaria
633 4632 957 4698 martyrum
992 4627 1086 4681 ubi
1124 4627 1485 4684 diversorum
1521 4631 1896 4701 aegritudines
1928 4650 2024 4687 sa-

383 4715 718 4784 nantur,ibi
749 4715 991 4786 perjuri,
1016 4715 1149 4770 licet
1177 4717 1482 4773 manifeste
1512 4719 1806 4774 interdum
1833 4721 2024 4775 vexari

387 4820 502 4860 non
534 4803 860 4867 videantur,
921 4804 1084 4872 justo
1119 4805 1212 4860 Dei
1244 4806 1460 4876 judicio
1483 4825 1514 4861 ει
1537 4809 1902 4866 dmmonibus
1933 4827 2023 4866 ar-

383 4892 692 4964 ripiantur.
727 4893 792 4946 Et
821 4891 975 4946 sicut
1007 4899 1243 4949 sanctus
1276 4897 1587 4968 Gregorius
1619 4897 1782 4963 dicit,
1817 4899 1884 4952 ad
1919 4897 2023 4954 ho-

382 4999 513 5036 rum
549 4997 790 5052 corpora
821 4980 958 5052 trgri
991 4982 1235 5038 veniunt
1266 4990 1323 5040 et
1354 4989 1652 5056 curantur,
1688 4987 1905 5058 perjuri
1936 5005 2025 5044 ve-

381 5070 553 5127 niunt
584 5075 640 5126 et
669 5089 697 5126 a
729 5069 1016 5126 dzemonio
1048 5075 1349 5129 vexantur.

377 5181 514 5236 CAP.
543 5179 631 5234 59.
657 5209 724 5219 ——
748 5184 824 5234 De
852 5179 969 5233 illis
998 5180 1096 5252 qui
1125 5195 1323 5233 nomen
1350 5179 1446 5234 Dei
1470 5181 1528 5234 in
1551 5197 1755 5238 vanum
1776 5187 2020 5237 sumunt.

948 5251 1030 5305 ex.
1059 5251 1190 5306 dict.
1236 5252 1456 5307 Hieron.

453 5346 564 5414 (23,
600 5359 656 5414 q.
698 5348 744 5408 1,
779 5359 827 5396 c.
865 5340 1173 5408 Habemus.)
1205 5341 1500 5395 Habemus
1529 5341 1583 5395 in
1620 5341 1743 5412 lege
1794 5341 2026 5396 Domini

378 5436 669 5506 scriptum
707 5449 716 5488 :
754 5437 871 5488 Non
903 5429 1212 5501 perjurabis
1244 5431 1300 5483 in
1335 5431 1554 5498 npmine
1597 5447 1734 5495 meo,
1783 5446 1880 5484 nec
1906 5431 2022 5502 pol-

384 5523 500 5575 lues
533 5539 728 5575 nomen
760 5521 982 5575 Domini
1014 5518 1108 5573 Dei
1136 5519 1221 5572 lui
1249 5519 1394 5588 (ch.
1434 5520 1546 5587 xix)
1576 5537 1588 5587 ;
1623 5524 1678 5573 et
1708 5535 1720 5574 :
1754 5521 1826 5574 Ne
1874 5537 2023 5574 assu-

381 5626 507 5665 mas
540 5626 735 5663 nomen.
770 5609 864 5662 Dei
893 5610 976 5662 lui
1003 5611 1056 5662 in
1107 5623 1309 5661 mnu»:
1337 5606 1539 5676 (Exod.
1577 5608 1689 5677 xx).
1741 5608 1870 5662 Ideo
1921 5610 2024 5663 ad-

2135 1885 2275 1956 quia
2305 1885 2438 1957 plus
2470 1887 2775 1943 dominum
2807 1903 2984 1958 quam
3018 1887 3273 1942 animam
3298 1885 3519 1942 dilexit.
3542 1885 3598 1940 Si
3632 1884 3786 1941 liber

2136 1979 2246 2040 est,
2281 1975 2670 2047 quadraginta
2701 1977 2826 2032 dies
2860 1977 2919 2031 in
2954 1991 3104 2048 pane
3135 1979 3191 2031 et
3221 1991 3375 2045 aqua
3403 1975 3699 2047 poeniteat,
3726 1978 3786 2030 et

2135 2067 2357 2134 septem
2408 2069 2724 2136 sequentes
2746 2083 2951 2122 annos.
3009 2065 3069 2121 Si
3103 2081 3306 2120 servus
3337 2068 3448 2136 est,
3479 2068 3600 2120 tres
3633 2080 3784 2135 qua-

2136 2151 2498 2223 dragesimas
2525 2158 2580 2208 et
2611 2151 2905 2225 legitimas
2941 2153 3116 2210 ferias
3143 2153 3438 2224 pmniteat.

2136 2249 2271 2305 CAP.
2302 2253 2392 2305 62.
2426 2281 2494 2291 --
2539 2253 2614 2306 De
2660 2252 2778 2306 illis
2825 2252 2924 2322 qui
2951 2253 3316 2323 perjurantse
3341 2250 3404 2306 in
3432 2267 3604 2306 manu
3634 2250 3783 2321 epis-

2203 2323 2345 2392 εορί,
2379 2330 2476 2378 aut
2506 2324 2564 2377 in
2593 2339 2755 2378 cruce
2781 2329 3114 2394 consecrata,
3147 2328 3242 2380 aut
3280 2340 3393 2378 non
3440 2326 3778 2380 consecrata.

2204 2394 2286 2447 Ex
2307 2395 2598 2465 pwnilent.
2633 2395 2910 2450 Theodori.

2203 2481 2316 2553 (22,
2349 2499 2406 2556 q.
2437 2484 2493 2550 5,
2526 2499 2575 2538 c.
2613 2482 2718 2551 Qui
2771 2484 3068 2556 perjurat.)
3129 2482 3234 2547 Qui
3294 2483 3556 2554 perjurat
3608 2497 3670 2538 se
3718 2481 3780 2537 in

2134 2587 2311 2626 manu
2337 2572 2618 2644 episcopi,
2649 2577 2752 2628 aut
2777 2573 2835 2627 in
2866 2589 3035 2629 cruce
3067 2576 3427 2641 consecrata,
3450 2575 3569 2627 tres
3592 2588 3782 2627 annos

2133 2660 2432 2731 poeniteat.
2456 2662 2513 2716 Si
2533 2678 2664 2718 vero
2683 2663 2742 2718 in
2762 2678 2932 2718 cruce
2957 2679 3072 2718 non
3093 2666 3647 2732 consecrata,unum
3674 2678 3782 2715 an-

2135 2767 2277 2806 num
2310 2752 2605 2822 paeniteat.
2641 2751 2748 2815 Qui
2781 2756 2980 2807 autem
3012 2752 3291 2808 seductus
3321 2751 3495 2808 fuerit
3535 2757 3590 2806 et
3620 2750 3786 2822 igno-

2135 2856 2272 2895 rans
2303 2857 2364 2896 se
2397 2841 2801 2912 perjuraverit,
2833 2846 2890 2897 et
2921 2846 3121 2912 postea
3151 2839 3469 2912 cognoscit,
3492 2844 3612 2896 tres
3636 2855 3786 2910 qua-

2134 2929 2498 3000 dragesimas
2529 2929 2826 3002 poeniteat.

2132 3017 2267 3072 CAP.
2299 3019 2390 3074 63.
2417 3051 2484 3058 —
2513 3020 2586 3073 De
2603 3018 2725 3074 illis
2756 3022 2853 3091 qui
2879 3035 2975 3090 pro
2997 3020 3108 3074 vita
3127 3017 3448 3091 redimenda
3463 3017 3786 3089 perjurium

2409 3092 2666 3160 fecerint.
2703 3090 2784 3144 Ea:
2824 3090 3212 3146 Poenitentiali
3244 3091 3502 3144 Romano.

2209 3179 2318 3249 (22,
2353 3196 2408 3250 q.
2441 3181 2496 3246 5,
2529 3196 2578 3236 c.
2615 3180 2814 3252 Siquis
2843 3181 3106 3251 coactus.)
3134 3179 3191 3234 Si
3225 3179 3356 3251 quis
3404 3189 3636 3235 coactus
3677 3195 3784 3250 pro

2133 3267 2248 3323 vita
2279 3267 2640 3338 redimenda,
2663 3268 2750 3323 vel
2781 3286 2884 3341 pro
2915 3268 3177 3340 qualibet
3205 3285 3386 3324 causa
3405 3267 3493 3322 vel
3525 3266 3785 3322 necessi-

2133 3360 2252 3410 tate
2283 3373 2343 3412 se
2375 3357 2657 3428 perjurat,
2692 3358 2828 3428 quia
2881 3357 3014 3429 plus
3065 3374 3276 3429 corpus
3306 3372 3483 3429 quam
3515 3357 3778 3411 animam

2133 3443 2351 3513 dilexit,
2387 3448 2504 3501 tres
2539 3447 3023 3518 quadragesimas
3055 3446 3348 3517 poeniteat.
3381 3443 3782 3514 Aliijudicant

2133 3536 2253 3589 tres
2286 3551 2492 3602 annos,
2528 3552 2712 3590 unum
2745 3552 2811 3590 ex
2844 3534 2937 3590 his
2967 3535 3025 3589 in
3060 3549 3209 3606 pane
3253 3538 3310 3588 et
3350 3550 3524 3606 aqua.

2131 3625 2267 3678 CAP.
2299 3624 2388 3677 64.
2413 3655 2477 3664 -—
2505 3625 2580 3678 De
2610 3623 2734 3678 illis
2765 3625 2860 3694 qui
2905 3623 3117 3690 iniusta
3169 3631 3290 3677 vota
3330 3623 3653 3692 juramento
3684 3622 3780 3690 ﬁr-

2282 3695 2576 3750 maverint.
2612 3699 2698 3750 Ea:
2725 3695 2960 3750 concilio
2990 3697 3247 3750 Toletano
3279 3695 3421 3765 (vm,
3453 3710 3502 3748 c.
3531 3697 3609 3761 2).

2207 3784 2318 3854 (2t,
2351 3801 2408 3854 q.
2441 3785 2497 3852 5,
2531 3800 2579 3838 ο.
2612 3783 2878 3853 Necesse.)
2931 3783 3180 3839 Necesse
3234 3787 3324 3838 est
3353 3783 3511 3838 enim
3536 3787 3600 3836 ut
3632 3781 3784 3838 male

2125 3873 2334 3942 jurans
2367 3871 2610 3942 dignam
2644 3871 3046 3942 pmnitentiam
3078 3875 3231 3943 agat,
3264 3887 3328 3926 eo
3357 3871 3512 3943 quod
3547 3887 3781 3925 nomem

2135 3959 2364 4015 Domini
2389 3964 2588 4014 contra
2619 3959 3148 4032 praeceptumillius
3177 3959 3432 4031 sumpsit
3454 3960 3511 4013 in
3540 3975 3781 4014 vanum.

2135 4049 2282 4114 Quia
2311 4049 2369 4103 in
2403 4049 2594 4104 Exodo
2648 4048 2936 4120 scriptum
2991 4053 3080 4104 est
3113 4065 3125 4103 :
3160 4050 3264 4104 Nec
3319 4048 3469 4104 enim
3509 4047 3784 4102 insontem

2133 4138 2353 4194 habebit
2382 4139 2649 4194 Dominus
2679 4154 2801 4193 eum
2835 4140 2930 4209 qui
2952 4140 3309 4209 assumpserit
3335 4153 3534 4192 nomen
3561 4138 3786 4192 Domini

2133 4229 2233 4282 Dei
2250 4229 2342 4282 sui
2367 4229 2580 4297 frustra
2607 4226 2803 4298 (Exod.
2839 4231 2950 4296 xx).
2984 4228 3052 4281 Et
3080 4227 3137 4282 in
3174 4226 3423 4282 Levitico
3460 4243 3473 4281 :
3508 4227 3627 4281 Non
3659 4241 3784 4297 per-

2125 4316 2346 4387 jnrabis
2401 4319 2461 4369 in
2514 4319 2735 4371 nomine
2763 4331 2898 4382 meo,
2956 4331 3051 4371 nec
3096 4316 3310 4384 pollues
3335 4331 3533 4370 nomen
3563 4314 3787 4370 Domini

2133 4405 2236 4472 tui;
2266 4420 2357 4474 ego
2389 4406 2651 4460 Dominus
2681 4406 2876 4473 (Leuit.
2912 4407 3046 4472 χιχ).
3102 4403 3321 4459 Malum
3370 4408 3567 4458 tamen
3621 4403 3783 4474 quod

2054 4521 2104 4586 Β
2135 4495 2423 4550 facturum
2454 4511 2517 4550 se
2543 4497 2908 4550 sacramento
2939 4494 3267 4562 devoverat,
3299 4491 3536 4548 omnino
3563 4508 3679 4546 non
3706 4491 3788 4545 fa-

2135 4584 2269 4651 ciat,
2299 4583 2439 4654 quia
2463 4581 2646 4638 stulta
2674 4589 2808 4639 vota
2840 4582 3162 4652 frangenda
3193 4586 3348 4636 sunt.

2135 4681 2269 4736 CAP.
2309 4681 2398 4733 65.
2433 4711 2500 4720 —-
2527 4680 2600 4734 De
2632 4696 2742 4735 non
2786 4678 3096 4749 recrpiendo
3145 4679 3204 4732 in
3255 4677 3630 4732 testimonium
3668 4693 3788 4747 per-

2195 4753 2346 4822 juro.
2375 4755 2459 4807 Ea:
2489 4751 2714 4806 decretis
2735 4749 2972 4805 Fabiani
2999 4765 3176 4821 papae,
3204 4765 3251 4802 c.
3287 4752 3344 4804 11
3381 4750 3459 4819 (in
3482 4751 3712 4818 fragm).

2205 4840 2547 4909 Quicunque
2580 4839 2773 4894 sciens
2823 4855 2884 4893 se
2934 4838 3341 4909 perjuraverit,
3393 4836 3788 4908 quadraginta

2135 4930 2261 4985 dies
2293 4931 2352 4983 in
2388 4945 2537 5001 pane
2568 4933 2624 4983 et
2671 4944 2845 4998 aqua,
2879 4932 2934 4983 et
2965 4931 3187 4999 septem
3237 4943 3420 4982 annos
3469 4929 3786 4996 sequentes

2135 5019 2431 5090 poeniteat,
2465 5023 2523 5072 et
2552 5032 2855 5087 nunquam
2887 5015 2965 5071 sit
2993 5017 3119 5070 sine
3152 5014 3512 5087 pmnitentia,
3549 5017 3606 5068 et
3637 5030 3786 5068 nun-

2135 5123 2313 5178 quam
2343 5108 2402 5160 in
2437 5104 2846 5161 testimonium
2880 5103 3220 5176 recipiatur,
3240 5107 3296 5158 et
3325 5107 3459 5174 post
3488 5102 3609 5156 haec
3627 5117 3785 5157 com-

2136 5197 2473 5252 munionem
2505 5193 2790 5266 percipiat

2135 5286 2280 5361 CAP.
2313 5286 2401 5339 66.
2457 5315 2522 5324 —
2572 5284 2646 5338 De
2705 5282 3204 5361 poenitentia_eju_s
3261 5283 3359 5352 qui
3387 5281 3784 5361 inperjurium

2207 5359 2357 5480 (ιιὶίὶδ1
2392 5371 2569 5410 secum
2614 5354 2984 5425 pertraxerit.
3029 5355 3112 5407 Ea:
3142 5353 3343 5408 dccrct.
3380 5353 3598 5424 Pelagii
3624 5366 3785 5426 papa?

2207 5445 2250 5481 (ν.
2373 5467 2384 5479 .

2208 5517 2318 5587 (22,
2355 5533 2409 5586 q.
2443 5516 2497 5584 5,
2533 5532 2580 5569 c.
2614 5515 2677 5568 Si
2706 5515 2877 5586 quis.)
2899 5514 2959 5569 Si
2992 5513 3126 5586 quis
3177 5530 3238 5569 se
3287 5513 3696 5584 perjuraverit,
3731 5516 3786 5566 et

2139 5605 2282 5662 alios
2302 5604 2492 5660 sciens
2528 5605 2583 5658 in
2615 5601 3231 5675 perjurium,duxeiit,
3266 5601 3787 5671 quadragintadics
