3972 6064
390 279 493 332 799

1471 273 1538 322 Ι).
1579 267 1822 320 IVONIS
1858 259 2352 315 σΑΒΝοΤΕΝεΙε
2385 262 2709 318 ΒΡΙΒΕὉΡΙ

3692 263 3808 317 800

389 404 590 473 velpro
614 394 1386 469 factojuramento,orig.jin
1410 391 1566 446 aliud
1591 389 1812 445 crimen
1837 386 2032 455 majus
2062 386 2114 449 Α
2145 383 2265 438 dico
2305 387 2474 450 vobis,
2519 403 2630 441 non
2665 389 2865 457 jurare
2913 389 3158 454 omnino,
3204 404 3380 458 neque
3423 404 3525 459 per
3574 391 3804 456 caelum,

390 507 519 547 esse
550 488 981 544 divertendum.

391 581 525 635 CAP.
559 581 649 633 76.
678 608 746 618 —
778 581 855 632 De
885 575 971 628 his

465 659 612 706 rant.
647 651 732 704 Ea:
761 645 990 717 epistola
1010 639 1270 700 'Fulberti
1297 645 1535 714 episcOpi
1554 641 1624 697 ad
1656 639 2032 695 Guillelmum.

463 719 790 793 Aquitaniae
818 718 1028 771 ducem.

461 813 573 880 (22,
607 827 660 880 q.
693 809 748 876 5,
779 823 828 860 c.
865 811 945 860 De
971 807 1157 875 forma
1175 804 1519 874 ﬁdelitatis.)
1539 803 1619 857 De
1640 803 1828 856 forma
1849 797 2034 854 ﬁdeli-

394 900 529 955 tatis
560 894 780 966 aliquid
814 893 1068 948 scribere
1103 892 1384 960 monitus,
1421 891 1541 946 haec
1571 888 1733 945 vobis
1764 904 1891 959 qua:
1943 902 2034 940 se-

393 991 653 1058 quuntur
683 982 935 1038 breviter
977 999 1049 1036 ex
1093 980 1349 1036 liborum
1403 980 1748 1035 auctoritate
1804 976 2024 1031 notavi.

392 1076 497 1139 Qui
529 1073 766 1129 domino
801 1087 906 1126 suo
937 1070 1278 1126 ﬁdelitatem
1306 1071 1486 1140 jurat,
1520 1069 1635 1123 ista
1661 1084 1761 1122 sex
1804 1082 2034 1136 semper

387 1165 444 1218 in
467 1162 748 1218 memoria
769 1160 984 1215 habere
1007 1158 1213 1225 debet;
1240 1158 1552 1222 incolume,
1577 1161 1792 1222 tutum,
1818 1155 2032 1210 hones—

387 1258 534 1318 tum,
569 1251 731 1317 utile,
765 1248 955 1316 facile,
982 1247 1281 1319 possibile.
1317 1245 1612 1302 Incolume
1641 1243 1910 1299 videlicet
1961 1257 2033 1297 ne

386 1342 462 1397 sit
492 1341 549 1395 in
583 1341 865 1394 damnum
899 1338 1139 1392 domino
1172 1337 1243 1391 de
1275 1351 1514 1407 corpore
1547 1351 1692 1400 suo;
1723 1338 1938 1396 tutum,
1961 1349 2033 1387 ne

349 1483 356 1487 .
386 1431 463 1486 sit
493 1431 543 1484 ei
579 1431 635 1484 in
669 1429 954 1483 damnum
987 1427 1058 1481 de
1087 1430 1312 1481 secreto
1331 1441 1458 1490 suo,
1483 1423 1570 1478 vel
1595 1424 1667 1477 de
1691 1421 2031 1477 munitioni-

385 1519 496 1575 bus
528 1536 629 1590 per
659 1533 808 1589 quas
839 1520 1005 1571 tutus
1028 1531 1156 1570 esse
1179 1518 1372 1586 potest
1395 1533 1409 1583 ;
1429 1513 1853 1577 honestum,ne
1882 1510 1959 1566 sit
1980 1510 2031 1565 ei

385 1609 444 1663 in
477 1609 761 1663 damnum
790 1607 860 1661 de
892 1622 998 1660 sua
1023 1604 1279 1675 justitia,
1311 1602 1397 1658 vel
1429 1603 1500 1656 de
1531 1601 1662 1656 aliis
1685 1601 1879 1655 causis
1901 1617 2032 1670 quae

384 1699 455 1753 ad
488 1697 858 1752 honestatem
877 1696 1005 1764 ejus
1029 1693 1316 1766 pertinere
1340 1692 1647 1758 videntur;
1672 1690 1834 1761 utile,
1860 1706 1932 1744 ne
1953 1690 2030 1744 sit

383 1786 434 1841 ei
466 1785 525 1840 in
557 1787 846 1840 damnum
869 1784 940 1838 de
988 1783 1113 1838 suis
1158 1781 1673 1853 possessionibus;
1727 1779 1893 1834 facile
1941 1778 2029 1834 vel

379 1873 683 1945 possibile,
717 1888 789 1927 ne
819 1872 877 1925 id
911 1872 1128 1926 bonum
1161 1870 1313 1941 quod
1346 1868 1619 1923 dominus
1652 1885 1796 1924 suus
1828 1867 2030 1923 leviter

382 1962 570 2016 facere
596 1964 824 2032 poterat
856 1960 1029 2014 faciat
1060 1959 1111 2015 ei
1143 1958 1403 2023 difﬁcile,
1437 1974 1578 2014 neve
1607 1956 1663 2012 id
1699 1958 1853 2029 quod
1891 1973 2030 2029 pos-

383 2049 554 2105 sibile
583 2053 728 2115 erat,
756 2048 963 2104 reddat
983 2048 1034 2103 ei
1060 2046 1451 2120 impossibile.
1476 2047 1547 2102 Ut
1569 2046 1758 2102 ﬁdelis
1779 2046 1899 2100 baac
1921 2061 2027 2101 no-

383 2143 659 2195 cumenta
688 2141 887 2193 caveat
908 2137 1141 2207 justum
1182 2140 1290 2204 est,
1323 2136 1423 2190 sed
1475 2151 1590 2190 non
1645 2134 1776 2189 ideo
1833 2151 2029 2190 cassa-

381 2231 646 2282 mentum
672 2226 1164 2296 [causamentum}
1187 2227 1458 2279 meretur.
1475 2223 1601 2280 Non
1620 2222 1775 2277 enim
1813 2223 2032 2278 sufﬁcit

383 2315 679 2371 abstinere
712 2331 746 2369 a
773 2313 952 2380 malo,
985 2313 1123 2368 uisil
1157 2313 1260 2367 ﬁat
1295 2312 1446 2384 quod
1477 2311 1696 2366 bonum
1746 2316 1836 2366 est
1860 2312 2030 2382 (Psal.

381 2422 560 2460 xxxm
591 2408 645 2460 et
676 2404 888 2473 xxxvx).
930 2403 1131 2458 Restat
1160 2418 1297 2472 ergo
1330 2405 1394 2455 ut
1420 2400 1479 2455 in
1512 2401 1727 2455 eisdem
1778 2417 1880 2455 sex
1931 2418 2031 2455 su-

384 2493 670 2566 pradictis
695 2491 1010 2548 concilium
1036 2495 1093 2546 et
1119 2489 1404 2546 auxilium
1419 2489 1654 2545 domino
1669 2506 1774 2545 suo
1789 2489 2036 2545 ﬁdeliter

381 2587 641 2655 praestet,
671 2583 721 2638 si
753 2581 1036 2636 beneﬁcio
1068 2580 1283 2652 dignus
1313 2578 1495 2633 videri
1545 2576 1687 2645 vult,
1719 2583 1775 2634 et
1833 2578 2031 2634 salvus

381 2689 511 2728 esse
540 2672 611 2728 de
635 2671 916 2726 ﬁdelitate
940 2685 1116 2740 quam
1135 2667 1377 2739 juravit.
1400 2667 1682 2722 Dominus
1705 2684 1939 2740 quoque
1962 2668 2030 2722 ﬁ-

381 2761 497 2816 deli
528 2777 634 2816 suo
667 2760 728 2814 in
759 2759 852 2814 his
882 2758 1157 2812 omnibus
1187 2757 1369 2812 vicem
1392 2757 1631 2812 reddere
1653 2757 1842 2811 debet.
1867 2759 2028 2821 Quod

379 2849 427 2902 si
462 2865 577 2902 non
613 2847 833 2913 fecerit,
869 2847 1073 2901 merito
1105 2846 1441 2901 censebitur
1469 2844 1814 2914 maleﬁdus;
1877 2845 2030 2901 sicut

383 2935 502 3000 ille,
534 2936 583 2988 si
615 2935 673 2988 in
711 2951 912 2990 eorum
949 2934 1420 3004 praevaricatione
1475 2933 1558 2988 vel
1617 2934 1881 2990 faciendo
1937 2934 2027 2988 vel

379 3022 794 3077 consentiendo
826 3021 1228 3092 deprehensus
1263 3019 1436 3074 fuerit
1469 3020 1740 3090 perjurus
1789 3024 1845 3075 et
1893 3036 2028 3092 per-

379 3110 554 3164 ﬁdus.

375 3198 510 3252 CAP.
541 3197 632 3252 77.
667 3228 722 3237 -
765 3198 1017 3264 Qualiter
1036 3197 1344 3252 sacerdotes
1360 3198 1551 3265 iurare
1571 3197 1819 3252 debeant.
1841 3197 2018 3269 Epist.

705 3269 951 3324 Cornelii
976 3284 1156 3340 papae,
1189 3285 1310 3339 cap.
1347 3269 1380 3322 3
1407 3269 1586 3339 (epist.
1614 3269 1691 3338 2).

1002 573 1098 644 qui
1125 573 1448 644 ﬁdelitatem
1494 569 1895 644 domin_is__s_u_is
1943 565 2034 632 iu-

455 3357 761 3414 Cornelius
779 3358 1110 3429 episcopus,
1146 3357 1293 3412 Rufo
1311 3356 1674 3429 coepiscopo,
1699 3358 1757 3413 in
1778 3359 2023 3414 Domino

375 3444 651 3502 salutem.
691 3444 912 3516 «Exigit
941 3445 1176 3501 dilectio
1202 3449 1324 3512 tua,
1361 3445 1540 3500 frater
1567 3445 1932 3516 charissime,
1964 3452 2026 3502 ut

371 3551 441 3590 ex
472 3533 814 3589 auctoritate
837 3534 995 3589 sedis
1017 3535 1349 3605 apostolica
1375 3533 1492 3589 tuis
1515 3534 1860 3591 deberemus
1887 3553 2026 3592 con-

374 3621 546 3676 sultis
579 3623 954 3692 respondere.
989 3623 1151 3688 Quod
1179 3623 1314 3679 licet
1346 3641 1460 3679 non
1496 3623 1732 3695 prolixe,
1767 3625 1866 3680 sed
1899 3641 2028 3680 suc-

372 3709 559 3765 cincte
589 3726 758 3781 agere
789 3711 1201 3767 festinaremus
1236 3716 1474 3783 propter
1503 3713 1784 3782 quasdam
1807 3719 2026 3784 impor-

371 3797 680 3868 tunitates,
714 3815 840 3869 quae
873 3799 1090 3855 nostris
1124 3800 1616 3871 praepedientibus
1666 3801 1918 3872 peccatis
1965 3802 2026 3857 in

375 3901 480 3941 nos
513 3903 920 3958 supervenere,
952 3888 1071 3943 tuis
1101 3893 1300 3943 tamen
1335 3888 1664 3959 perreliqua
1685 3896 2026 3946 sanctorum

373 3978 606 4030 Patrum
625 3975 897 4031 instituta
923 3975 1137 4032 studiis
1163 3976 1492 4047 perquirere
1516 3975 1694 4031 latius
1712 3982 1768 4032 et
1789 3977 2028 4033 investi-

369 4080 506 4136 gare
536 4064 982 4121 committimus.
1015 4065 1139 4120 Non
1173 4066 1328 4120 enim
1375 4068 1564 4136 potest
1610 4081 1776 4120 mens
1807 4066 2026 4133 attrita,

371 4154 428 4207 et
449 4153 725 4209 oneribus
748 4157 924 4225 atque
946 4152 1496 4225 importunitatibus
1518 4157 1778 4224 gravata,
1794 4157 2026 4208 tantum

372 4240 508 4297 boni
533 4258 827 4314 peragere,
852 4245 1138 4314 quantum
1165 4241 1450 4297 delectata
1471 4248 1527 4297 et
1545 4241 2028 4313 oppressionibus

374 4328 590 4384 soluta.
622 4331 749 4386 Non
783 4347 920 4401 ergo
952 4331 1067 4386 ista
1099 4330 1170 4385 ob
1204 4330 1261 4385 id
1291 4329 1677 4401 praetulimus,
1709 4334 1774 4384 ut
1800 4329 1924 4385 haec
1973 4334 2030 4386 et

373 4415 492 4471 alia
522 4434 648 4488 quae
684 4419 1015 4474 necessaria
1037 4419 1157 4474 fore
1183 4419 1651 4490 cognoverimus,
1677 4423 1789 4473 tuas
1809 4419 2026 4475 sancti-

370 4503 478 4558 tati
510 4505 758 4560 velimus
785 4506 1112 4578 denegare;
1142 4507 1239 4562 sed
1266 4509 1419 4578 quod
1457 4507 1546 4561 hic
1578 4507 1777 4562 minus
1807 4507 2023 4563 inveni-

366 4596 484 4660 tur,
517 4592 697 4648 latius
728 4595 1125 4665 perquiratur.
1146 4599 1586 4651 Sacramenlum
1607 4601 1801 4651 autem
1827 4595 2021 4651 hacte-

370 4698 483 4737 nus
514 4682 767 4738 summis
800 4684 1205 4739 sacerdotibus
1229 4683 1316 4739 vel
1341 4684 1581 4755 reliquis
1607 4684 1702 4738 Dei
1730 4684 2021 4739 ministris

369 4771 540 4838 exigi,
573 4770 687 4825 nisi
721 4787 823 4841 pro
856 4772 970 4826 ﬁde
1000 4776 1177 4838 recta,
1205 4771 1447 4827 minime
1490 4772 1892 4843 cognovimus,
1916 4787 2020 4827 nec

367 4863 575 4930 sponte
603 4859 1008 4930 [spontaneos,
1042 4861 1579 4930 orig.]eosjurasse
1600 4860 2016 4932 comperimus.

367 4949 754 5018 Summopere
785 4963 921 5018 ergo
953 4952 1193 5002 sanctus
1215 4948 1469 5003 Jacobus
1499 4949 1800 5020 apostolus
1822 4949 2018 5020 prohi-

366 5037 511 5092 bens
543 5040 979 5092 sacramentum
1016 5035 1276 5106 loquitur
1311 5037 1509 5091 dicens
1538 5053 1550 5090 :
1613 5041 1750 5092 Ante
1807 5040 2015 5108 omnia,

363 5128 568 5198 fratres
599 5127 730 5192 mei,
755 5125 929 5180 nolite
938 5125 1162 5195 jurare,
1187 5141 1362 5194 neque
1377 5142 1475 5195 per
1495 5126 1710 5194 caelum,
1734 5142 1908 5198 neque
1919 5142 2020 5198 per

363 5224 571 5271 terram
622 5230 797 5285 neque
852 5213 1007 5268 aliud
1065 5213 1422 5284 quodcunque
1471 5214 1879 5284 juramenlum.
1933 5215 2018 5269 Sit

363 5310 551 5361 autem
581 5319 758 5359 sermo
788 5311 959 5358 vester
988 5305 1079 5359 Est
1109 5311 1207 5369 est,
1242 5304 1357 5357 Non
1391 5319 1520 5371 non,
1554 5311 1615 5357 ut
1642 5319 1752 5358 non
1782 5304 1878 5357 sub
1917 5304 2014 5374 ju-

364 5393 507 5450 dicio
537 5392 802 5448 decidatis
835 5396 980 5458 (Jac.
1015 5396 1094 5460 v).
1128 5396 1199 5447 Et
1245 5389 1524 5446 Dominus
1582 5391 1639 5444 in
1699 5391 2013 5462 Evangelio

2144 473 2273 542 quia
2305 474 2537 529 thronus
2569 479 2669 531 Dei
2691 481 2810 535 est;
2839 492 3010 547 neque
3036 493 3133 548 per
3160 482 3386 544 terram,
3420 481 3548 548 quia
3581 480 3803 535 scabel-

2147 563 2262 617 lum
2289 565 2488 634 pedum
2517 568 2634 635 ejus
2663 575 2777 628 est;
2817 583 2993 638 nepue
3024 583 3122 637 per
3147 567 3609 638 Hierosolymam,
3656 569 3804 639 quia

2141 652 2340 708 civitas
2369 656 2558 725 magni
2591 657 2754 724 Regis
2777 661 2854 710 est
2874 673 2896 717 ;
2925 673 3096 726 neque
3124 674 3223 728 per
3250 666 3414 728 caput
3445 666 3625 727 tuum,
3660 659 3800 729 quia

2144 758 2250 796 non
2270 747 2425 814 poles
2484 761 2656 798 unum
2687 745 2954 815 capillum
2981 745 3172 799 album
3198 759 3402 816 facere,
3434 751 3533 800 aut
3564 749 3802 815 nigrum

2142 830 2224 884 Sit
2255 837 2443 887 autem
2475 849 2651 888 sermo
2683 839 2905 903 vestrer,
2938 836 3027 889 Est
3055 839 3156 898 est,
3190 835 3308 889 Non
3340 851 3468 890 non.
3504 837 3663 903 Quod
3695 855 3802 890 au-

2142 924 2251 975 tem
2285 922 2370 975 his
2395 923 2767 976 abundantius
2796 931 2895 986 est,
2927 941 2957 976 a
2990 925 3135 977 malo
3166 929 3240 977 cst
3265 925 3473 991 (Matth.
3507 928 3588 992 γ),
3626 926 3683 979 id
3713 934 3802 980 est

2141 1009 2211 1063 ab
2243 1010 2525 1079 exigente,
2560 1019 2612 1065 et
2644 1028 2675 1066 a
2697 1011 2955 1081 jurante.
3005 1012 3150 1076 llazc,
3184 1013 3361 1067 frater
3417 1013 3800 1080 cbarissime,

2141 1099 2266 1169 ipse
2296 1098 2582 1154 Dominus
2614 1099 2880 1171 prohibet
2908 1101 3218 1170 [perliibet,
3258 1104 3453 1170 Vict],
3473 1103 3526 1156 id
3548 1107 3798 1172 est,non

2135 1188 2338 1257 jurare
2371 1189 2600 1242 debere.
2639 1191 2770 1243 Haec
2802 1189 3052 1259 apostoli
3112 1189 3366 1245 maxime
3404 1207 3612 1245 omnes
3673 1191 3800 1246 hare

2143 1276 2328 1330 sancli
2363 1277 2468 1330 viri
2498 1277 2954 1347 praedecessores
2985 1280 3173 1332 nostri
3218 1279 3317 1349 qui
3378 1278 3516 1333 huic
3574 1286 3798 1334 sanctae

2143 1365 2461 1419 universali
2482 1366 2811 1436 apostolicae
2837 1366 3101 1422 Ecclesia:
3127 1367 3643 1437 praefuerunt,th
3668 1386 3800 1440 prn-

2141 1453 2351 1524 phetaz,
2383 1460 2438 1508 et
2471 1454 2684 1525 reliqui
2736 1455 2924 1510 sancti
2981 1456 3249 1511 doctores
3297 1473 3400 1527 per
3449 1457 3794 1512 universum

2145 1543 2436 1596 mundum
2470 1542 2722 1614 dispersi
2755 1545 2823 1597 ad
2848 1544 3645 1615 praedicandumjuramenta
3670 1546 3794 1600 ﬁeri

2139 1635 2358 1685 vetant.
2394 1631 2651 1692 Quorum
2687 1649 2792 1688 nos
2815 1632 3079 1703 exempla
3100 1634 3146 1686 si
3176 1632 3525 1703 cmperimus
3548 1648 3795 1689 enume-

2143 1736 2290 1788 rare,
2308 1720 2481 1774 autin
2505 1719 2790 1776 schedula
2809 1721 2917 1776 hac
2940 1722 3216 1789 inserere,
3237 1725 3373 1775 ante
3398 1721 3632 1776 deﬁciet
3648 1721 3795 1777 hora

2141 1810 2256 1866 diei
2289 1824 2464 1880 quam
2494 1825 2692 1864 eorum
2727 1810 2997 1881 exempla
3027 1810 3098 1864 de
3129 1809 3240 1864 hac
3269 1826 3449 1865 causa
3504 1810 3791 1866 exhibita.

2137 1904 2270 1964 Quis
2304 1915 2412 1954 nos
2442 1902 2754 1968 sequentes
2772 1903 3109 1954 sanctorum
3131 1898 3528 1970 apostolorum
3548 1916 3790 1957 eorum-

2139 2007 2253 2061 que
2284 2004 2694 2044 successurum
2736 1988 2876 2058 jura
2922 1987 3252 2057 ﬁrmamus,
3305 1992 3362 2043 et
3409 1995 3788 2044 sacramenta

2137 2078 2370 2134 incauta
2399 2075 2522 2131 ﬁeri
2558 2075 2960 2147 prohibemus.
2986 2076 3149 2132 Unde
3174 2081 3232 2132 et
3261 2075 3387 2148 ipse
3418 2076 3708 2133 Dominus
3729 2079 3787 2133 in

2137 2166 2358 2223 tabulis
2387 2165 2636 2236 lapideis
2672 2181 2819 2235 quas
2850 2164 3035 2236 Moysi
3092 2165 3274 2230 dedit,
3305 2167 3544 2237 propria
3603 2183 3786 2222 manu

2139 2256 2378 2327 scripsit
2408 2254 2608 2309 dicens
2632 2269 2646 2308 :
2683 2254 2825 2308 Vide
2852 2270 2921 2308 ne
2949 2271 3198 2309 assumas
3221 2271 3418 2310 nomen
3447 2256 3546 2310 Dei
3601 2257 3689 2310 tui
3727 2257 3788 2310 in

2140 2361 2340 2399 vanum
2393 2343 2590 2414 (Exod.
2624 2345 2742 2411 xx),
2773 2346 2831 2396 et
2877 2341 3122 2412 reliqua.
3157 2341 3581 2414 Unusquisque
3624 2344 3786 2399 enim

2137 2432 2435 2504 propriam
2455 2431 2874 2486 conscientiam
2901 2430 3185 2486 mundam
3207 2431 3377 2486 debet
3397 2447 3630 2486 servare
3649 2437 3786 2500 Deo,

2138 2526 2196 2580 et
2223 2522 2283 2576 in
2315 2521 2602 2576 memoria
2631 2519 2916 2575 retinere:
2953 2520 3019 2575 0s
3066 2519 3207 2590 quod
3260 2520 3530 2574 mentitur
3585 2522 3788 2575 occidit

2139 2611 2391 2667 animam
2421 2610 2571 2680 (Sap.
2596 2610 2659 2680 ι).
2692 2611 2760 2662 Et
2777 2608 3092 2678 Apostolus
3114 2608 3194 2662 ait
3217 2625 3229 2661 :
3254 2609 3790 2680 Loquiminiverita-

2140 2709 2245 2756 tem
2275 2701 2649 2769 unusquisque
2677 2714 2799 2752 cum
2843 2698 3096 2767 proximo
3150 2713 3267 2764 suo,
3302 2700 3563 2768 quoniam
3595 2715 3788 2754 sumus

2138 2791 2377 2844 invicem
2405 2788 2654 2842 membra
2683 2786 2896 2855 (Ephes.
2929 2786 3004 2856 xv)
3031 2811 3044 2852 ;
3073 2790 3129 2840 et
3152 2785 3290 2841 alibi
3317 2787 3532 2842 :Nolite
3551 2789 3788 2842 mentiri

2139 2878 2376 2932 invicem
2407 2876 2631 2945 (Coloss.
2666 2877 2770 2942 ιιι).
2804 2877 2936 2928 Haec
2982 2879 3270 2945 praecepta
3325 2879 3464 2929 sunt
3516 2875 3786 2930 Salvato-

2138 2965 2376 3031 ris,haac
2397 2962 2838 3036 prophetarum,
2862 2960 2981 3015 haac
3002 2965 3338 3016 sanctorum
3363 2963 3601 3017 Patrum
3627 2964 3792 3018 insti-

2137 3058 2264 3109 tuta
2285 3070 2412 3125 quae
2435 3053 2485 3106 si
2508 3051 2637 3122 quis
2661 3050 2720 3104 in
2745 3066 2961 3105 vanum
2984 3049 3236 3115 duxerit,
3256 3050 3442 3106 hostis
3461 3055 3551 3106 est
3570 3051 3788 3106 animae

2139 3159 2280 3209 suas,
2332 3141 2471 3212 quia
2510 3154 2683 3194 nemo
2727 3142 2934 3193 contra
2982 3137 3323 3209 prophetas,
3358 3155 3529 3194 nemo
3578 3144 3791 3195 contra

2135 3228 2497 3302 Apostolum,
2533 3243 2704 3281 nemo
2728 3229 2932 3281 contra
2957 3225 3340 3297 Evangelium
3381 3227 3518 3281 facit
3557 3226 3788 3298 aliquid

2133 3319 2357 3389 absque
2386 3315 2667 3388 periculo.
2690 3336 2718 3363 »

2134 3407 2270 3462 CAP.
2299 3405 2390 3459 78.
2421 3435 2492 3446 —
2523 3408 2606 3459 De
2635 3403 2756 3458 illis
2789 3405 2884 3474 qui
2913 3406 3322 3457 sacramentum
3351 3405 3500 3473 regis
3547 3403 3785 3460 violant.

2595 3477 2678 3530 Ex
2706 3475 2876 3530 dictis
2907 3476 3053 3528 beati
3082 3475 3310 3542 August.

2205 3567 2317 3637 (22,
2345 3581 2400 3636 q.
2433 3565 2488 3631 5,
2522 3581 2571 3619 c.
2604 3563 2666 3618 Si
2694 3565 2816 3634 quis
2847 3563 3066 3632 laicus.)
3097 3561 3155 3615 Si
3203 3561 3338 3632 quis
3381 3561 3567 3617 laicus
3608 3564 3788 3633 jura-

2136 3661 2401 3710 mentum
2432 3653 2704 3710 violando
2727 3652 2994 3723 profanat
3015 3653 3170 3723 quod
3198 3652 3315 3722 regi
3340 3657 3396 3707 et
3418 3652 3656 3708 domino
3674 3670 3788 3708 suo

2130 3747 2313 3815 jurat,
2334 3749 2389 3799 et
2406 3743 2782 3813 spotmodum
2803 3757 3074 3812 perverse
3091 3742 3216 3810 ejus
3235 3757 3479 3811 regnum
3503 3746 3559 3796 et
3582 3741 3788 3798 dolose

2136 3833 2494 3897 tractaverit,
2527 3835 2584 3886 et
2615 3831 2673 3884 in
2708 3835 2953 3885 mortem
2984 3829 3169 3900 ipsius
3217 3830 3416 3900 aliquo
3474 3830 3787 3886 machina-

2138 3925 2335 3978 mento
2366 3919 2694 3986 insidiatur,
2726 3919 2862 3989 quia
2893 3917 3260 3986 sacrilegium
3294 3917 3517 3990 peragit
3538 3934 3787 3973 manum

2138 4027 2306 4066 suam
2336 4010 2394 4063 in
2427 4008 2709 4063 christum
2743 4006 2974 4062 Domini
3009 4006 3272 4073 mittens,
3314 4005 3630 4062 anathema
3683 4009 3788 4074 sit,

2138 4099 2253 4155 nisi
2295 4114 2396 4168 per
2425 4098 2662 4168 dignam
2696 4096 3157 4150 satisfactionem
3193 4095 3548 4166 poenitentiae
3579 4111 3788 4151 emen-

2139 4187 2380 4253 daverit,
2413 4185 2587 4240 sicuti
2607 4184 2988 4238 constitutum
3008 4201 3042 4239 a
3057 4188 3259 4239 sancta
3277 4184 3500 4256 synodo
3513 4189 3604 4239 est
3626 4184 3684 4238 id
3699 4189 3794 4240 est

2137 4275 2416 4333 saeculum
2449 4273 2756 4344 relinquat,
2792 4289 2954 4327 arma
2980 4273 3254 4341 deponat,
3278 4273 3335 4326 in
3359 4272 3790 4328 monasterium

2140 4369 2252 4431 eat,
2287 4369 2343 4419 et
2373 4363 2645 4430 paeniteat
2673 4361 2949 4416 omnibus
2981 4361 3189 4416 diebus
3219 4360 3348 4416 vita:
3381 4377 3520 4415 sum.
3548 4361 3793 4416 Verum-

2055 4465 2100 4528 Ι)
2131 4459 2329 4510 tamen
2353 4451 2828 4506 communionem
2851 4450 2908 4503 in
2933 4450 3091 4504 exitu
3116 4451 3245 4504 vitae
3273 4467 3406 4504 cum
3429 4449 3792 4506 eucharistia

2135 4541 2402 4612 accipiat.
2437 4539 2762 4609 Episcopus
2787 4553 2943 4606 vero,
2979 4539 3300 4609 presbyter,
3331 4537 3420 4592 vel
3473 4538 3786 4606 diaconus,

2131 4629 2184 4686 si
2215 4629 2324 4684 hoc
2357 4627 2588 4682 crimen
2609 4626 3048 4697 perpetraverit,
3078 4625 3448 4697 degradetur.

2130 4730 2265 4782 CAP.
2294 4727 2385 4780 79.
2420 4756 2487 4765 —
2515 4726 2588 4778 De
2618 4725 2715 4778 illo
2762 4725 2859 4793 qui
2906 4723 3146 4778 audierit
3184 4739 3367 4777 vocem
3412 4723 3784 4793 periurantis,

2425 4801 2480 4852 et
2510 4811 2792 4850 assensum
2821 4794 3040 4865 praebet.
3073 4795 3242 4849 Levit.
3275 4809 3393 4865 cap.
3429 4810 3478 4848 v.

2201 4886 2417 4940 Anima
2449 4901 2574 4955 quae
2608 4883 2950 4954 peccaverit,
2981 4887 3039 4937 et
3067 4883 3320 4938 audierit
3348 4897 3548 4936 vocem
3583 4883 3787 4953 perju~

2129 4974 2335 5040 rantis,
2370 4979 2425 5028 et
2458 4973 2629 5028 testis
2663 4971 2856 5037 fuerit,
2892 4970 3048 5041 quod
3083 4976 3184 5026 aut
3215 4971 3340 5042 ipse
3363 4971 3632 5025 viditaut
3653 4989 3790 5026 con-

2129 5064 2289 5118 scius
2307 5062 2539 5132 est,nisi
2557 5059 3185 5130 indicaverit,portabit
3200 5059 3572 5129 iniquitatem
3590 5077 3784 5115 suam.

2127 5162 2264 5214 CAP.
2295 5160 2385 5214 80.
2422 5189 2490 5199 —
2525 5160 2678 5226 Quod
2705 5156 2952 5225 deﬁnitio
2982 5156 3208 5212 incauta
3249 5156 3507 5212 solvenda
3562 5158 3660 5222 sit,
3693 5158 3789 5212 scd

2200 5232 2490 5286 temeritas
2519 5228 2872 5301 corrigenda.
2919 5230 3002 5282 Ex
3049 5243 3198 5284 conc.
3227 5227 3569 5284 Eliberilano
3600 5245 3722 5299 cap.
3758 5232 3780 5283 1

2207 5304 2293 5372 (in
2321 5301 2558 5372 fragm.)

2195 5390 2307 5460 (22,
2336 5407 2392 5460 q.
2417 5391 2468 5459 4,
2493 5405 2610 5460 cap.
2636 5388 2936 5458 Deﬁnitio.)
2959 5387 3230 5443 Deﬁnitio
3254 5387 3490 5442 incauta
3511 5387 3783 5442 laudabi-

365 5481 445 5536 ait
469 5481 893 5554 :Audistisqnia
915 5481 1121 5536 dictum
1141 5485 1215 5536 est
1238 5482 1484 5551 antiquis
1507 5498 1524 5533 :
1547 5483 1670 5536 Non
1699 5481 2014 5551 perjurabis
2121 5478 2255 5534 liter
2285 5477 2564 5534 solvenda
2599 5475 3005 5550 [dissolvitur],
3048 5493 3152 5533 nec
3213 5477 3613 5547 prmvaricatio
3665 5482 3782 5543 est,

367 5568 552 5624 reddes
595 5575 778 5626 autem
839 5573 1068 5628 Domino
1125 5572 1445 5639 iuramenta
1493 5577 1609 5626 tua.
1665 5571 1771 5640 Ego
1828 5573 2014 5626 autem

2125 5567 2226 5624 sed
2255 5566 2606 5624 temeritatis
2638 5565 2987 5622 emendatio.
