4002 6054
235 272 342 325 801

1009 278 1319 330 DECRETI
1359 278 1542 329 PARS
1580 276 1702 331 XII.
1736 303 1802 313 —-
1834 279 1927 331 DE
1965 278 2338 331 MENDACIO
2375 279 2467 331 ET
2505 277 2881 332 PERJURIO.

3549 284 3655 337 802

237 397 376 451 CAP.
410 397 498 449 81.
528 427 595 435 —
629 398 703 451 De
731 397 918 453 eadem
950 414 1036 474 re.
1062 398 1170 474 -Εαςί
1201 399 1382 455 eodem
1424 400 1677 465 concilio,
1709 416 1826 471 cap.
1862 400 1895 454 3
1924 403 1977 469 Α
2004 399 2228 471 perdam
2260 400 2423 457 illud.
2455 402 2517 456 Si
2541 402 2927 473 paenitentiam
2956 403 3128 471 egerit
3157 418 3288 474 gens
3318 404 3417 459 illa
3448 422 3481 459 a
3510 408 3655 462 malo

958 469 1202 524 ibidem).

958 473 1156 524 ibidem
1191 512 1202 524 .

315 558 373 613 Si
409 556 600 625 puella
631 557 745 611 sita
775 558 830 611 in
852 473 1243 628 pugrilimtite
1276 558 1333 613 in
1366 560 1536 614 domo
1571 558 1893 630 patris,illo

238 646 566 711 nesciente,
602 663 663 699 se
704 648 1042 716 juramento
1091 647 1525 717 constrinxerit,
1558 654 1615 702 et
1652 648 1700 702 si
1734 652 1897 719 pater

238 736 442 791 statim
480 740 543 788 nt
575 733 822 788 audierit
852 736 1287 804 contradixerit,
1319 741 1449 791 vota
1488 738 1616 807 ejus
1649 742 1705 791 et
1734 738 1891 808 jura-

240 828 447 880 menta
476 823 644 877 irrita
674 828 864 891 erunt,
900 831 956 878 et
988 825 1215 881 facilius
1247 826 1676 881 emendabitur.

238 930 376 986 CAP.
406 932 490 985 82.
528 961 595 970 —
624 932 700 985 De
729 930 913 985 eadem
959 947 1036 985 re.
1088 934 1179 985 Ea:
1208 931 1440 987 concilio
1474 932 1890 998 Aurelianensi,

959 1020 1077 1073 cap.
1114 1004 1167 1055 2.

310 1090 716 1147 Juramentum
755 1090 857 1145 lilii
885 1096 942 1146 et
975 1091 1102 1145 filice
1134 1092 1431 1147 nesciente
1464 1096 1645 1163 patre,
1678 1096 1734 1146 et
1766 1095 1891 1145 vota

237 1181 511 1237 monachi
542 1182 829 1236 nesciente
862 1181 1088 1248 abbate,
1114 1186 1169 1235 ct
1192 1182 1532 1251 juramenta
1564 1180 1726 1252 pueri
1760 1180 1888 1234 irri-

233 1274 295 1323 ta
330 1273 487 1323 sunt.

235 1376 368 1431 CAP.
401 1376 491 1430 83.
523 1407 592 1415 ——
636 1376 910 1431 Omnibus
958 1376 1132 1431 modis
1163 1376 1464 1431 cavendum
1513 1394 1628 1432 esse
1668 1378 1889 1432 menda-

716 1447 885 1501 cium.
922 1447 1215 1520 Gregorius
1246 1448 1396 1505 dicit.

315 1558 341 1585 ‹‹
372 1535 515 1606 Noli,
551 1535 652 1605 fili,
699 1552 911 1608 negare
942 1537 1191 1609 gratiam
1224 1537 1345 1605 Dei,
1382 1552 1452 1592 ne
1485 1538 1751 1594 incurras
1782 1555 1884 1609 pro

237 1622 393 1679 bono
424 1625 478 1678 in
516 1623 758 1695 malum,
783 1642 885 1695 pro
908 1625 1240 1681 humilitate
1272 1626 1329 1680 in
1362 1627 1749 1681 mendacium.
1779 1628 1882 1682 Ca-

235 1713 490 1767 vendum
525 1728 779 1784 namque
810 1718 900 1769 est
943 1716 1215 1770 omnibus
1264 1716 1455 1769 modis
1491 1716 1883 1783 mendacium,

234 1800 357 1855 sive
389 1818 491 1872 pro
522 1801 694 1870 malo,
729 1802 851 1857 sive
890 1802 1063 1857 etiam
1098 1819 1199 1873 pro
1231 1803 1383 1858 bono
1418 1804 1658 1873 proferri
1690 1804 1883 1858 videa-
1919 1774 1963 1836 Β

236 1894 353 1957 tur,
403 1890 543 1961 quia
574 1907 746 1947 omne
797 1892 1169 1946 mendacium
1221 1909 1334 1947 non
1383 1897 1471 1947 est
1502 1909 1569 1947 ex
1612 1893 1750 1958 Deo,
1784 1893 1882 1947 sed

235 1978 391 2033 sicut
421 1978 684 2034 Salvator
715 1980 878 2047 dicit,
910 1997 941 2034 a
969 1979 1124 2034 malo
1156 1984 1245 2035 est
1273 1982 1449 2048 (Joan.
1487 1981 1630 2051 vm).
1664 2001 1690 2029 »

234 2087 370 2141 CAP.
406 2088 495 2140 84.
527 2118 595 2127 —
627 2089 759 2142 Item
788 2088 851 2141 de
874 2088 1195 2157 juramento
1224 2087 1489 2142 servando
1520 2088 1601 2141 vel
1632 2103 1737 2141 non
1769 2104 1881 2143 scr-

422 2158 618 2213 vando.
646 2161 728 2213 Ex
757 2159 993 2213 concilio
1031 2160 1291 2214 Toletano
1323 2176 1443 2227 vui,
1476 2176 1596 2229 cap.
1629 2160 1685 2212 2.

308 2247 537 2301 Etenim
571 2248 709 2301 dum
743 2249 1039 2318 perjurare
1091 2246 1520 2318 compellimur,
1553 2248 1882 2302 Creatorem

234 2335 473 2406 quidem
504 2336 877 2402 offendimus,
912 2338 1012 2391 sed
1046 2353 1150 2391 nos
1179 2337 1592 2391 tantummodo
1626 2335 1883 2391 macula-

238 2442 393 2480 mus.
424 2426 571 2480 Cum
606 2443 738 2481 vero
773 2425 945 2480 noxia
975 2425 1266 2497 promissa
1295 2424 1676 2496 complemus,
1702 2430 1758 2480 et
1784 2424 1884 2480 Dei

225 2515 401 2583 jussa
422 2516 671 2586 superbe
695 2516 1153 2585 contemnimus,
1172 2519 1228 2569 et
1252 2514 1531 2585 proximis
1556 2514 1737 2585 impia
1758 2530 1885 2568 cru-

232 2603 471 2657 delitate
520 2619 820 2667 nocemus,
855 2608 911 2658 et
961 2620 1066 2657 nos
1099 2603 1258 2673 ipsos
1311 2602 1635 2658 crudeliora
1679 2603 1882 2657 mortis

231 2690 427 2761 gladio
451 2691 837 2746 trucidamus.
869 2691 990 2746 lllic
1008 2692 1163 2746 enim
1183 2690 1401 2762 duplici
1433 2690 1742 2761 culparum
1770 2690 1881 2745 telo

229 2779 615 2848 percutimur,
647 2780 742 2835 hic
774 2780 1080 2850 tripliciter
1114 2778 1481 2851 jugulamur.
1520 2780 1718 2834 Restat
1747 2796 1881 2850 ergo

230 2872 293 2921 ut
324 2884 390 2922 eo
424 2873 623 2924 nostra
653 2873 859 2939 pergat
882 2869 1191 2938 sententia,
1215 2884 1329 2939 quo
1355 2868 1770 2923 misericordiae
1789 2885 1883 2938 pa-

226 2957 407 3011 tuerit
441 2958 553 3012 via.
570 2959 703 3021 Quis
734 2958 816 3012 ita
838 2958 1083 3012 Domino
1109 2959 1390 3029 probatur
1413 2962 1651 3027 accepta
1667 2960 1732 3011 ut
1749 2956 1881 3027 plus

226 3061 354 3101 eam
379 3046 575 3118 cupiat
594 3063 771 3117 quam
797 3047 1084 3101 sacriﬁcia
1104 3047 1454 3111 veneranda,
1476 3046 1706 3101 dicente
1728 3045 1874 3117 ipso:

2004 506 2101 545 suo
2132 491 2271 562 quod
2306 493 2518 547 locutus
2547 507 2668 544 sum
2697 490 2955 545 adversus
2985 507 3131 561 eam,
3159 509 3321 561 agam
3350 502 3399 549 et
3427 511 3519 565 ego
3539 514 3654 568 pce-

2003 580 2293 634 m‘tentiam
2334 596 2499 649 super
2553 580 2698 634 malo
2758 579 2897 650 quod
2942 582 3174 650 cogitavi
3222 586 3284 637 ut
3327 584 3565 651 [acerem
3604 590 3658 641 ei

2003 670 2135 740 (Jer.
2162 671 2341 740 xvm).
2391 670 2456 723 Et
2486 685 2589 740 per
2634 669 2991 725 Ezechielem
3028 686 3041 725 :
3075 670 3134 725 Si
3182 671 3406 740 dixero,
3440 672 3653 744 inquit,

1994 759 2145 828 justo
2174 759 2323 829 quod
2342 758 2455 813 vita
2475 759 2638 827 vivat,
2658 762 2711 812 et
2727 760 2964 828 conﬁsus
2993 764 3329 825 [conversus
3353 762 3656 832 ajuslitia]

2006 848 2063 901 in
2092 848 2308 916 iustitia
2335 863 2436 901 sua
2455 848 2645 917 fecerit
2675 847 3040 917 iniquitatem,
3066 863 3253 903 omnes
3281 850 3504 905 iustitiae
3537 852 3653 920 eius

2002 935 2268 991 oblivioni
2296 935 2603 1004 tradentur,
2635 943 2687 990 et
2716 938 2775 990 in
2820 936 3111 1006 iniquitate
3139 953 3241 991 sua
3269 954 3431 1007 quam
3462 955 3649 1009 opera-

2002 1033 2089 1079 tus
2118 1033 2216 1095 est,
2264 1025 2321 1079 in
2371 1027 2490 1095 ipsa
2538 1025 2828 1080 morietur.
2882 1025 2941 1079 Si
2970 1034 3152 1081 autem
3204 1026 3396 1082 dixero
3430 1028 3647 1100 impio:

1998 1115 2276 1181 Morieris,
2308 1122 2357 1169 et
2405 1114 2575 1184 egerit
2620 1116 3031 1184 paenitentiam,
3080 1115 3193 1169 vita
3246 1118 3388 1171 vivet
3434 1126 3490 1171 et
3536 1135 3647 1172 non

1997 1204 2267 1259 morietur
2296 1204 2519 1274 (Ezech.
2553 1203 2777 1274 xxxm).
2828 1205 2887 1258 Si
2919 1220 3055 1275 ergo
3099 1208 3299 1259 nostra
3348 1207 3647 1261 conversio

1999 1293 2083 1348 sic
2138 1292 2397 1348 divinam
2460 1297 2649 1348 mutat
2706 1293 3078 1361 sententiam,
3138 1310 3241 1348 cur
3297 1294 3645 1350 miserorum

1996 1383 2171 1435 tantm
2203 1380 2474 1452 lacrymae
2498 1381 2584 1435 vel
2619 1397 2907 1451 pressurae
2941 1385 3060 1435 tam
3094 1381 3328 1435 crudam
3356 1398 3469 1436 non
3501 1386 3647 1437 tem-

1997 1472 2201 1540 perent
2232 1485 2300 1523 ex
2331 1468 2705 1524 miseratione
2736 1469 3101 1524 vindictam?

1995 1585 2129 1640 CAP.
2163 1585 2253 1638 85.
2277 1615 2345 1625 —-
2374 1588 2450 1639 De
2474 1584 2559 1639 his
2590 1586 2685 1655 qui
2727 1593 2916 1639 contra
2945 1587 3219 1656 episcOpos
3248 1601 3372 1639 suos
3420 1587 3645 1655 conspi-

2065 1658 2331 1742 raverint.
2366 1659 2447 1712 Ea:
2475 1658 2632 1727 epist.
2669 1658 2890 1711 Calixli
2924 1672 3101 1727 papae,
3134 1656 3202 1711 ad
3233 1673 3419 1712 omnes
3453 1657 3648 1713 Gallia:

2065 1744 2368 1799 episcOpos.

2066 1816 2134 1886 (l,
2167 1834 2219 1886 q.
2256 1817 2306 1885 1,
2336 1834 2382 1871 c.
2420 1816 2943 1888 Conspirat-ionum.)
2973 1816 3484 1887 Conspirationum
3515 1834 3647 1873 vero

1995 1904 2243 1959 crimina
2263 1906 2472 1960 vestris
2494 1905 2552 1959 in
2577 1905 2841 1977 partibus
2865 1906 3059 1975 vigere
3081 1905 3431 1972 audivimus,
3454 1912 3511 1961 et
3532 1906 3647 1977 ple-

1994 1993 2096 2048 bes
2128 1997 2329 2049 contra
2360 1993 2663 2064 episcopos
2687 2010 2825 2048 suos
2849 1993 3187 2065 conspirare
3211 1993 3377 2048 nobis
3401 1996 3648 2050 manda-

1995 2086 2121 2136 tum
2154 2086 2259 2136 est.
2294 2082 2474 2152 Cujus
2525 2081 2791 2137 criminis
2830 2082 3071 2151 astutia,
3105 2099 3218 2137 non
3269 2080 3463 2137 solum
3496 2082 3650 2138 inter

1992 2170 2357 2225 Christianos
2382 2169 2794 2226 abominabilis
2817 2175 2926 2239 est,
2950 2172 3051 2225 sed
3084 2170 3260 2225 etiam
3296 2171 3445 2225 inter
3467 2171 3651 2227 ethni-

1994 2276 2111 2326 cos,
2146 2264 2201 2314 et
2230 2260 2301 2313 ab
2333 2260 2543 2314 exteris
2585 2258 2708 2329 lege
2761 2260 3074 2329 prohibita.
3107 2260 3174 2313 Et
3223 2258 3439 2313 idcirco
3472 2260 3650 2330 hujus

1992 2348 2256 2402 criminis
2290 2365 2439 2417 reos,
2476 2365 2589 2402 non
2623 2348 2815 2402 solum
2862 2348 3296 2412 ecclesiasticm,
3332 2349 3432 2403 sed
3466 2349 3642 2403 etiam

1992 2436 2191 2491 saeculi
2223 2436 2508 2490 damnant
2542 2435 2722 2505 leges,
2756 2440 2811 2489 et
2842 2452 2955 2489 non
2988 2436 3179 2490 solum
3214 2436 3643 2506 conspirantes,

1994 2525 2094 2579 sed
2125 2533 2177 2578 et
2210 2524 2641 2579 consentientes
2690 2524 2795 2578 eis.
2828 2527 3243 2579 Antecessores
3275 2539 3407 2578 vero
3459 2526 3640 2580 nostri

1992 2629 2125 2668 cum
2160 2611 2411 2681 plurima
2441 2613 2615 2667 turba
2637 2613 3043 2683 episcoporum
3078 2613 3415 2683 quicunque
3440 2630 3639 2668 eorum

1992 2702 2049 2756 in
2083 2701 2431 2756 sacerdotali
2464 2702 2665 2755 ordine
2715 2702 2835 2755 sint
2889 2701 3217 2769 constituti,
3252 2706 3355 2756 aut
3386 2702 3645 2757 existunt

1991 2791 2205 2859 clerici,
2236 2790 2454 2845 honore
2498 2806 2613 2860 quo
2664 2795 2913 2844 utuntur
2962 2806 3158 2845 carere
3209 2796 3642 2861 prmceperunt;

1990 2883 2229 2934 caeteros
2259 2896 2394 2933 vero
2439 2878 2854 2934 communione
2904 2878 3139 2949 privari,
3173 2883 3230 2933 et
3277 2879 3349 2932 ab
3398 2878 3643 2933 ecclesia

1987 2971 2244 3023 extorres
2269 2967 2390 3023 fieri
2415 2967 2746 3038 jusserunt,
2770 2972 2828 3022 et
2852 2982 2967 3022 non
2993 2965 3185 3022 solum
3220 2966 3519 3037 facientes,
3545 2968 3639 3022 sed

1990 3062 2046 3111 ct
2075 3058 2161 3111 eis
2191 3056 2643 3111 consentientes.

224 3135 656 3190 Misericordiam
707 3138 823 3191 volo
889 3143 940 3190 et
992 3151 1099 3190 non
1162 3135 1498 3204 sacriﬁcium
1555 3134 1706 3204 (Osee
1762 3152 1866 3203 v1;

2005 3164 2122 3218 3A9.
2154 3164 2243 3217 86.
2276 3192 2341 3206 -
2373 3164 2448 3218 De
2476 3162 2664 3217 eadem
2694 3178 2772 3218 re.
2813 3164 2895 3217 Ex
2936 3164 3171 3218 concilio
3217 3162 3512 3231 Tongrensi
3542 3162 3641 3233 [a1.

223 3223 433 3293 (illati/1.
474 3224 570 3291 ix).
607 3224 724 3278 Hac
755 3222 1131 3295 indulgentiae
1166 3239 1441 3278 concessa
1480 3223 1739 3292 licentia,
1773 3224 1879 3278 mi-

226 3312 536 3367 serationis
566 3312 752 3384 ipsius
784 3330 931 3383 opus
964 3313 1021 3367 in
1047 3312 1285 3385 gloriosi
1320 3311 1602 3383 principis
1626 3318 1879 3384 potesta-

226 3404 339 3455 tein
372 3401 716 3471 redigimus,
750 3406 814 3456 ut
844 3401 981 3472 quia
1016 3402 1165 3455 Deus
1196 3399 1280 3454 illi
1314 3401 1631 3455 miserandi
1656 3401 1876 3456 aditum

236 3490 528 3559 patefecit,
554 3491 810 3546 remedia
831 3491 1063 3561 pietatis
1079 3490 1204 3561 ipse
1228 3506 1459 3561 quoque
1482 3508 1597 3545 non
1619 3492 1880 3562 deneget.

238 3579 371 3641 Quis
402 3578 484 3634 ita
515 3578 822 3651 principali
855 3580 1207 3634 discretione
1225 3580 1526 3634 moderata
1544 3578 1881 3649 persistent,

240 3671 302 3721 ut
331 3671 387 3721 et
418 3667 537 3722 illis
569 3668 647 3722 ita
677 3669 755 3723 sit
786 3667 1186 3723 misericordia
1208 3668 1564 3734 contributa,
1592 3672 1729 3723 utet
1751 3685 1885 3724 nus-

237 3772 414 3826 quam
446 3771 590 3827 gens
638 3760 738 3811 aut
768 3757 955 3828 patria
1002 3772 1104 3827 per
1134 3757 1369 3811 eosdem
1421 3760 1521 3810 aut
1562 3756 1882 3827 periculum

235 3844 626 3915 quodcunque
659 3846 934 3916 perferat,
967 3848 1068 3899 aut
1107 3845 1425 3914 jacturam.
1472 3844 1603 3898 Haec
1636 3846 1884 3901 misera-

238 3933 414 3988 tionis
446 3934 683 3988 obtentu
718 3938 1079 4005 temperasse
1102 3933 1376 3989 sufficiat.
1410 3932 1691 3989 Caeterum
1716 3935 1882 4004 jura-

236 4030 430 4077 menla
460 4039 564 4093 pro
598 4022 763 4092 regiae
795 4022 1099 4093 potestatis
1124 4020 1435 4085 salute,vel
1467 4023 1884 4079 constitutione

231 4110 421 4180 gentis
469 4116 525 4165 et
575 4110 795 4182 patriae,
850 4128 975 4182 quae
1026 4110 1308 4165 hactenus
1357 4114 1497 4165 sunt
1541 4114 1761 4179 exacta,
1794 4113 1883 4168 vel

232 4199 506 4269 deinceps
533 4199 862 4255 exstiterint
891 4198 1195 4270 exigenda,
1228 4199 1388 4253 omni
1411 4199 1681 4254 custodia
1702 4200 1884 4255 omni-

231 4303 345 4357 que
374 4286 677 4357 vigilantia
725 4284 1216 4342 indissolubiliter
1266 4286 1637 4342 decernimus
1680 4290 1880 4345 obser-

230 4375 777 4441 vanda,membroru
790 4392 841 4429 m
867 4375 1236 4430 truncatione
1252 4374 1574 4445 mortisque
1593 4376 1881 4431 sententia

2533 3235 2861 3305 Gangrensi]
2893 3251 3013 3301 cap.
3047 3236 3102 3290 5.

2064 3324 2168 3392 (24,
2202 3340 2252 3393 q.
2286 3325 2340 3391 3,
2378 3340 2426 3379 ο.
2457 3324 2760 3395 Quisquis.)
2790 3323 3069 3394 Quisquis
3101 3338 3202 3393 per
3232 3322 3431 3377 dolum
3468 3320 3648 3375 mittit

1993 3429 2233 3466 manum
2270 3428 2437 3466 suam
2472 3412 2529 3466 in
2571 3412 2858 3466 christum
2892 3410 3148 3479 Domini,
3183 3410 3527 3481 episcopum
3559 3409 3643 3463 vi-

1992 3499 2221 3565 delicet,
2247 3506 2468 3571 patrem
2492 3504 2548 3554 et
2572 3504 2862 3569 pastorem
2892 3516 3089 3566 suum,
3110 3498 3248 3570 quia
3270 3498 3639 3569 sacrilegium

1990 3603 2165 3659 grave
2196 3588 2526 3657 committit,
2560 3595 2613 3642 et
2646 3587 2745 3657 qui
2794 3588 3102 3643 ecclesiam
3146 3588 3247 3642 Dei
3298 3590 3562 3642 devastat
3591 3591 3647 3643 et

1993 3676 2274 3742 incendit,
2311 3676 2448 3747 quia
2480 3680 2535 3730 et
2565 3676 2672 3729 hoc
2703 3676 3074 3746 sacrilegium
3108 3680 3218 3739 est,
3254 3675 3478 3746 placuit
3509 3692 3643 3729 san-

1992 3770 2095 3820 ctae
2128 3765 2367 3837 synodo,
2402 3768 2465 3818 ut
2495 3763 2553 3818 in
2589 3782 2702 3819 uno
2750 3764 2894 3832 loco,
2930 3764 2985 3817 id
3019 3770 3108 3819 est
3158 3764 3215 3817 in
3268 3764 3644 3829 monasterio,

1993 3854 2269 3926 pmniteat
2298 3854 2574 3908 omnibus
2605 3854 2814 3909 diebus
2846 3853 2973 3906 vita:
3006 3870 3146 3907 suae.

1992 3961 2121 4016 CAP.
2154 3962 2243 4014 87.
2271 3990 2337 3999 —
2372 3966 2449 4015 De
2485 3961 2701 4015 clericis
2748 3958 2836 4014 vel
2883 3959 3172 4014 monac/iis
3222 3960 3643 4029 conjuranlibus

2062 4032 2145 4087 vel
2169 4032 2615 4102 conspirantibus
2644 4035 2834 4085 contra
2865 4032 3175 4101 episcopum
3204 4046 3387 4083 suum.
3413 4031 3493 4082 Ea:
3521 4046 3644 4084 con-

2060 4105 2192 4157 cilio
2227 4101 2669 4165 Chalcedonensi,
2702 4118 2823 4172 cap.
2858 4102 2943 4155 18.

2060 4192 2171 4262 (11,
2205 4209 2254 4262 q.
2291 4192 2341 4255 1,
2374 4207 2420 4245 c.
2454 4191 2515 4245 Si
2542 4192 2636 4261 qui
2664 4189 2901 4260 clerici.)
2931 4190 2988 4243 Si
3021 4188 3121 4258 qui
3160 4203 3296 4257 ergo
3328 4185 3520 4242 clerici
3552 4187 3641 4242 vel

1992 4279 2262 4334 monachi
2288 4278 2497 4348 reperti
2522 4278 2737 4332 fuerint
2760 4277 3156 4347 conjurantcs,
3183 4280 3285 4330 aut
3307 4276 3643 4347 conspiran-

1988 4373 2097 4435 tes,
2140 4372 2240 4422 aut
2278 4366 2521 4421 insidias
2570 4370 2852 4437 ponentes
2900 4364 3189 4436 episcopis
3240 4368 3342 4419 aut
3392 4364 3641 4436 clericis,

232 4462 511 4534 religione
540 4463 771 4534 penitus
802 4463 1091 4517 absoluta.
1126 4464 1236 4518 Sed
1269 4480 1340 4518 ne
1373 4480 1681 4534 pravarum
1716 4480 1879 4518 men-
1914 4496 1957 4559 D
1991 4457 2175 4527 gradu
2208 4457 2439 4527 proprio
2472 4455 2707 4527 penitus
2735 4454 3107 4525 abjiciantur.

230 4552 376 4606 tium
408 4557 640 4607 versuta
670 4552 932 4623 nequitia
964 4553 1357 4623 nosmetipsos
1396 4554 1466 4607 ad
1502 4552 1742 4624 perjurii
1773 4551 1879 4606 ali-

230 4641 467 4711 quando
498 4646 768 4712 provocet
797 4640 1054 4712 culpam,
1080 4658 1184 4696 nec
1215 4658 1247 4695 a
1277 4645 1493 4695 sanctae
1518 4642 1649 4695 ﬁdei
1674 4640 1874 4712 regula

230 4729 381 4784 hanc
411 4738 637 4785 asserat
666 4731 864 4786 venire
895 4731 1267 4795 sententiam,
1294 4734 1413 4783 tam
1445 4730 1653 4784 divina:
1676 4736 1874 4786 aucto-

231 4817 421 4873 ritatis
453 4818 687 4874 oracula
736 4835 913 4890 quam
965 4818 1419 4890 praecedentium
1475 4818 1708 4873 Patrum
1742 4818 1877 4874 huic

228 4907 550 4962 narrationi
568 4907 901 4962 curavimus
932 4906 1299 4961 innectenda.
1322 4905 1509 4973 (Ibid,
1534 4907 1697 4975 paulo
1718 4908 1873 4978 post).

228 4995 320 5051 Sic
353 4996 509 5051 enim
543 5012 644 5068 per
664 4996 977 5051 Jeremiam
1005 4995 1183 5049 dicit:
1214 4998 1453 5066 Repente
1484 4994 1675 5066 loquar
1695 4995 1878 5051 adver-

227 5100 319 5140 sus
343 5089 567 5158 gentem
596 5088 646 5140 et
692 5085 957 5140 adversus
1004 5100 1233 5153 regnum
1264 5094 1324 5139 ut
1367 5083 1642 5140 eradicem
1680 5092 1731 5140 et
1761 5084 1878 5139 dis-

2060 4572 2193 4626 CAP.
2226 4572 2316 4625 88.
2344 4602 2413 4610 —
2442 4572 2516 4625 De
2559 4569 2755 4624 eadem
2786 4586 2865 4624 re.
2901 4572 2982 4623 Ex
3020 4570 3259 4624 concilio
3294 4570 3567 4639 Toletano,

2401 4658 2523 4711 cap.
2556 4643 2589 4693 8
2620 4642 2786 4710 (conc.
2828 4642 2936 4696 Tol.
2970 4658 3024 4705 x,
3057 4657 3102 4695 c.
3136 4641 3214 4709 2).

2056 4731 2167 4801 (ll,
2200 4747 2250 4801 q.
2286 4731 2334 4797 1,
2368 4746 2413 4784 c.
2448 4729 2509 4783 Si
2536 4730 2771 4797 clerici.)
2806 4729 2991 4799 Igitur
3027 4728 3074 4782 si
3118 4727 3312 4784 clerici
3362 4734 3463 4785 aut
3512 4747 3636 4785 mo-

1986 4816 2158 4872 nachi
2206 4816 2426 4872 inventi
2476 4816 2689 4871 fuerint
2721 4815 3031 4885 conjurati,
3068 4820 3171 4872 aut
3222 4833 3324 4888 per
3372 4818 3639 4887 conjura-

1985 4906 2204 4961 tionem
2272 4905 2627 4960 calumniam
2696 4904 3102 4960 machinantes
3172 4906 3636 4978 [conspirantes]

1986 4994 2278 5067 episcopis
2336 4994 2422 5051 vel
2482 4993 2742 5061 clericis,
2810 4993 3110 5065 proprium
3172 4994 3443 5050 amittant
3500 5012 3635 5066 gra-

1989 5086 2151 5141 dum.
