3972 6064
428 279 532 332 803
585 261 587 264 ’

1514 273 1582 322 D.
1624 263 1862 323 IVONIS
1897 267 2393 324 CARNOTENSIS
2429 261 2755 326 EPISCOPI

3740 271 3862 326 804

1135 582 1661 679 DECRETI
1732 581 2043 676 PARS
2115 582 2587 676 DECIMA
2650 581 3113 676 TERTIA.

430 811 516 868 De
563 801 938 881 raptoribus,
990 800 1063 858 de
1109 796 1375 867 furibus,
1430 793 1889 881 _de__usurariis_
1937 800 2029 881 et!
2063 793 2523 881 feneratoribus
2572 810 2591 881 _;

2652 794 2728 854 de
2781 796 3202 869 venatoribus,
3263 795 3338 855 de
3396 795 3720 857 maledicis
3779 804 3854 855 et

505 873 926 952 cout'eutiosis,
989 881 1064 939 de
1123 875 1670 938 comessationibus
1723 882 1784 934 et
1840 873 2271 946 ebrietatibus,
2335 875 2412 935 de
2468 874 2740 949 furiosis,
2793 875 2869 936 de
2923 875 3183 949 .ludaeis,
3235 882 3294 936 ct
3351 893 3569 936 eorum
3627 897 3848 938 corre-

503 966 725 1026 ctione.

420 1234 550 1288 CAP.
593 1232 640 1285 1.
667 1262 732 1270 —
756 1232 828 1285 De
851 1224 1811 1300 pervasoribusrerumalienarum,
1835 1225 1889 1277 ct
1909 1238 2070 1290 paena
2099 1223 2154 1288 Α
2184 1221 2554 1277 existimatur
2573 1222 2788 1278 habere
2811 1223 2962 1294 quod
2989 1225 3212 1292 reddat,
3234 1225 3398 1280 nulla
3420 1231 3509 1281 est
3533 1225 3843 1297 iniquitas.

526 1320 739 1358 eorum.
773 1295 1012 1358 Joannes
1041 1316 1183 1371 papa
1219 1298 1510 1353 Zacharia:
1538 1295 1959 1366 archiepiscopo.

488 1393 587 1447 Est
619 1393 675 1446 in
708 1390 964 1460 antiquis
996 1388 1259 1443 Ecclesiae
1283 1387 1522 1441 statutis
1555 1385 1848 1439 decretum
1873 1387 1937 1437 ut
1970 1382 2068 1452 qui

420 1479 612 1536 aliena
643 1480 866 1534 invadit
889 1495 1000 1532 non
1027 1481 1189 1531 exeat
1212 1476 1560 1546 impunitus,
1586 1474 1683 1528 sed
1709 1489 1842 1527 cum
1870 1470 2069 1526 multi-

418 1569 734 1640 plicatione
752 1567 949 1622 omnia
965 1566 1260 1620 restituat.
1279 1564 1440 1618 Unde
1457 1567 1513 1617 et
1530 1562 1586 1616 in
1606 1559 1914 1633 Evangelio
1931 1558 2071 1615 scri-

420 1662 586 1730 ptum
611 1661 698 1713 est
723 1675 735 1712 :
763 1657 924 1722 Quod
946 1656 993 1710 si
1022 1654 1242 1725 aliquid
1262 1650 1620 1723 defraudavi,
1643 1649 1803 1705 reddo
1823 1652 2068 1721 quadru-

411 1748 571 1818 plum
602 1748 749 1818 (Luc.
774 1745 891 1817 XIX)
918 1762 930 1798 :
957 1748 1013 1800 et
1042 1744 1101 1797 in
1129 1742 1358 1814 legibus
1398 1740 1592 1796 saeculi
1621 1743 1857 1794 cautum
1886 1737 2069 1793 habe-

416 1841 549 1890 tur:
577 1835 684 1898 Qui
710 1851 831 1889 rem
857 1832 1109 1902 subripit
1132 1830 1404 1897 alienam,
1428 1829 1513 1883 illi
1535 1829 1704 1899 cujus
1731 1845 1821 1883 res
1843 1827 2071 1898 direpta

417 1928 526 1990 est,
552 1923 610 1977 in
637 1919 1034 1991 undecuplum
1056 1936 1181 1991 quae
1201 1917 1430 1974 sublata
1452 1921 1590 1972 sunt
1608 1915 1896 1972 restituat.
1917 1916 1983 1970 Et
2008 1914 2067 1969 in

419 2007 543 2079 lege
573 2007 768 2062 divina
812 2006 1027 2077 legitur
1059 2022 1072 2061 :
1106 2005 1426 2060 Maledictus
1470 2006 1646 2060 omnis
1675 2007 1771 2076 qui
1801 2001 2069 2072 trans/ert

414 2096 675 2152 terminos
699 2094 951 2166 proximi
977 2093 1086 2160 sui,
1121 2097 1169 2148 el
1209 2093 1240 2147 cl
1250 2094 1350 2148 icct
1395 2095 1570 2147 omnis
1610 2092 1868 2164 populus,
1900 2091 2068 2147 Amen

413 2187 590 2258 (Deut.
625 2188 822 2256 xxvu).
857 2183 1018 2240 Talia
1057 2199 1193 2256 ergo
1227 2200 1341 2238 non
1384 2186 1815 2254 praesumantur
1845 2181 2066 2252 absque

410 2274 658 2342 ultione,
692 2289 796 2328 nec
823 2277 1204 2328 exerceantur
1235 2273 1456 2341 absque
1489 2269 1886 2325 damnatione.

408 2375 544 2428 CAP.
577 2374 632 2428 2.
658 2403 725 2412 -—-
758 2371 909 2440 Quod
941 2371 1049 2440 ﬁlii
1077 2371 1245 2425 Israel
1287 2385 1392 2424 non
1437 2369 1670 2438 fecerint
1700 2369 1912 2438 furtum
1943 2385 2064 2439 spo-

481 2443 667 2499 lianda
714 2439 1025 2516 Egyptios.
1076 2442 1306 2512 August.
1362 2440 1459 2495 lib.
1519 2440 1715 2507 Quaest.
1751 2439 1963 2510 (quaest.
1997 2441 2066 2493 39

478 2515 549 2572 ad
574 2533 618 2570 c.
653 2531 709 2570 χι
741 2514 950 2585 Exod.)

2179 1310 2324 1374 Quia
2353 1315 2410 1366 et.
2438 1312 2488 1366 si
2520 1328 2636 1366 non
2667 1315 2756 1367 est
2785 1313 2940 1368 unde
2971 1312 3094 1368 luat
3120 1315 3368 1385 [reddat,
3392 1315 3525 1383 legit
3555 1314 3843 1389 Gratia-ii.)

2180 1399 2438 1455 ablatam
2473 1401 2806 1471 pecuniam,
2836 1405 3030 1458 tamen
3064 1403 3204 1457 dum
3237 1419 3362 1458 eam
3399 1420 3501 1474 per
3536 1403 3841 1462 molestias

2180 1489 2509 1560 corporales
2547 1490 2788 1546 reddere
2837 1491 3229 1563 compellitur,
3264 1491 3483 1564 peccati
3517 1509 3632 1563 quo
3681 1495 3838 1550 male

2181 1577 2375 1632 ablata
2392 1582 2479 1633 est
2500 1596 2699 1650 pmnas
2718 1579 2846 1635 luit.
2869 1581 2978 1636 Sed
3001 1581 3392 1636 inhumanum
3412 1599 3527 1637 non
3546 1586 3634 1638 est
3654 1584 3833 1639 etiam

2178 1683 2282 1736 pro
2315 1667 2534 1723 talibus
2566 1670 2946 1737 intercedere,
2979 1687 3093 1725 non
3129 1671 3199 1726 ad
3232 1669 3342 1726 hoc
3373 1674 3438 1727 ut
3468 1671 3715 1728 minime
3745 1691 3835 1728 re-

2177 1755 2503 1812 stituantur
2524 1757 2736 1828 aliena,
2757 1759 2857 1814 sed
2891 1775 2963 1814 ne
2994 1761 3216 1815 frustra
3235 1760 3412 1816 homo
3445 1761 3504 1816 in
3529 1760 3833 1818 hominem

2179 1845 2396 1901 saeviat.

2177 1933 2310 1988 CAP.
2343 1936 2397 1989 5.
2425 1936 2662 2012 —__Quod
2691 1953 2800 1993 non
2831 1936 2946 2012 sint
2968 1937 3043 2012 gl)
3066 1938 3653 2012 Ecclesiafecipienda
3679 1943 3836 2012 furta

2246 2021 2371 2082 cum
2417 2007 2603 2077 aliquo
2638 2007 2926 2082 aurtario.
2964 2008 3044 2062 Ea:
3089 2009 3251 2064 dictis
3301 2007 3549 2080 Gregorii
3577 2013 3646 2082 (c.
3679 2007 3714 2066 15
3758 2015 3834 2068 ad

2246 2077 2576 2148 interrogat.
2609 2080 2884 2151 August).

2245 2168 2392 2219 Sunt
2423 2165 2660 2236 quidam
2695 2167 2794 2237 qui
2828 2167 3110 2223 habentes
3143 2169 3411 2225 subsidia
3440 2170 3662 2226 furtum
3702 2188 3832 2243 per-

2175 2257 2426 2324 petrant,
2459 2259 2515 2309 et
2546 2259 2685 2309 sunt
2716 2255 2814 2310 alii
2847 2257 2949 2328 qui
2982 2256 3040 2311 in
3081 2256 3190 2312 hac
3222 2273 3282 2312 re
3313 2275 3381 2314 ex
3412 2259 3611 2331 inepia
3640 2260 3832 2315 delin-

2176 2350 2382 2414 quunt.
2417 2341 2580 2398 Unde
2629 2359 2867 2400 necesse
2898 2349 2987 2400 est
3029 2349 3093 2400 ut
3127 2346 3363 2418 quidam
3415 2349 3669 2414 damnis,
3698 2349 3830 2421 qui-

2175 2431 2309 2485 dam
2356 2431 2718 2498 verberibus,
2754 2433 2994 2504 quidam
3045 2434 3395 2505 districtius,
3421 2435 3663 2507 quidam
3699 2455 3830 2493 vero

2175 2517 2362 2573 levius
2393 2519 2781 2592 corrigantur.
2805 2521 2913 2576 Sed
2938 2520 3094 2577 absit
3117 2525 3182 2578 ut
3211 2523 3466 2580 Ecclesia
3487 2542 3620 2581 cum
3655 2542 3826 2597 argu-

477 2605 587 2676 (14,
622 2621 672 2676 q.
705 2605 760 2671 5,
805 2619 850 2658 c.
910 2604 1066 2659 Dixit
1111 2601 1420 2672 Dominus.)
1454 2601 1609 2655 Dixit
1656 2599 1938 2656 Dominus
1985 2617 2035 2655 at

2232 2612 2360 2663 ento
2393 2588 2635 2680 recipiat
2656 2609 2811 2680 quod
2833 2610 2904 2665 de
2933 2611 3182 2667 terrenis
3205 2613 3380 2668 rebus
3401 2614 3634 2668 videtur
3655 2588 3825 2670 amit-

406 2695 643 2764 Moysen
678 2710 690 2748 :
722 2692 885 2747 Pstat
913 2693 1001 2746 vir
1033 2708 1065 2746 a
1097 2691 1384 2762 proximo,
1406 2694 1463 2745 et
1494 2689 1708 2745 mulier
1736 2706 1768 2744 a
1801 2690 2060 2762 proxima

403 2799 544 2838 vasa
576 2797 753 2836 aurea
798 2785 857 2836 et
907 2787 1201 2851 argentea,
1236 2783 1292 2834 et
1321 2783 1541 2834 vestem
1575 2778 1764 2849 (Exod.
1799 2784 1897 2846 x1).
1933 2784 2059 2834 Non

403 2871 541 2926 hinc
573 2869 887 2940 quisquam
918 2869 1274 2924 sumendum
1295 2868 1626 2939 exemplum
1663 2873 1865 2939 putare
1889 2869 2060 2923 debet

405 2959 477 3016 ad
510 2957 956 3029 exspoliandum
1000 2957 1112 3011 isto
1145 2957 1314 3012 modo
1348 2956 1712 3028 proximum;
1745 2956 1853 3012 hoc
1902 2957 2056 3011 enim

402 3048 557 3102 Deus
581 3045 785 3114 jussit,
809 3044 908 3115 qui
934 3053 1168 3099 noverat
1191 3044 1328 3115 quid
1362 3060 1653 3114 quemque
1685 3045 1803 3116 pati
1828 3049 2057 3115 oporte-

401 3138 510 3198 ret,
534 3149 638 3188 nec
672 3132 946 3188 Israelita
979 3133 1201 3186 furtum
1236 3133 1516 3197 fecerunt,
1541 3133 1641 3186 sed
1674 3132 1790 3187 Deo
1813 3133 2057 3203 jubenle

404 3221 800 3278 ministerium
834 3221 1228 3292 praabuerunt.
1255 3221 1759 3284 Quemadmodum
1784 3238 1919 3278 cum
1954 3222 2058 3276 mi-

398 3311 584 3367 nister
606 3309 829 3382 judicis
852 3308 1066 3365 occidit
1089 3325 1219 3364 eum
1246 3308 1621 3380 quemjudex
1643 3308 1825 3380 jussit
1847 3310 2052 3379 occidi,

397 3401 655 3473 profecto
689 3399 737 3455 si
769 3399 826 3454 id
861 3402 1068 3470 sponte
1111 3397 1283 3454 iaciat
1328 3397 1626 3453 homicida
1656 3402 1764 3465 est,
1797 3399 1971 3455 etiam
2005 3399 2054 3455 si

392 3506 528 3545 eum
561 3489 787 3544 occidat
819 3504 991 3559 quem
1021 3487 1128 3542 scit
1160 3505 1192 3541 a
1216 3486 1414 3556 judice
1448 3487 1721 3543 debuisse
1752 3488 1956 3544 occidi.

389 3591 526 3642 CAP.
551 3588 604 3640 3.
631 3617 696 3626 -—
725 3581 864 3652 Quid
894 3586 1113 3639 intersit
1148 3585 1289 3640 inter
1316 3587 1531 3654 furtum
1562 3595 1612 3640 et
1642 3587 1917 3656 rapinam.
1942 3586 2047 3641 Ibi-

478 3658 601 3712 dem
631 3657 794 3727 (Aug.
830 3673 880 3728 q.
913 3658 1003 3726 71,
1039 3657 1131 3711 lib.
1164 3658 1224 3723 Q.
1248 3657 1337 3725 20,
1371 3673 1534 3727 super
1559 3673 1606 3711 c.
1640 3673 1695 3712 x1
1729 3658 1954 3728 Exod).

460 3746 572 3816 (14,
607 3762 659 3817 q.
690 3746 743 3814 5,
773 3761 821 3800 ο.
856 3745 1122 3814 Ρωηαιθ.)
1156 3744 1387 3799 Pmnalc
1419 3749 1509 3800 est
1540 3746 1763 3801 occulte
1794 3747 2043 3813 auferre,

391 3833 576 3890 multo
601 3834 840 3904 majoris
864 3851 1044 3906 poenas
1069 3837 1156 3889 est
1177 3833 1482 3889 visibiliter
1510 3835 1753 3901 eripere.
1781 3837 1863 3889 Au
1877 3836 2041 3906 ferre,

2171 2702 2310 2764 tere,
2345 2701 2402 2752 et
2431 2696 2594 2752 lucra
2625 2698 2695 2752 de
2723 2699 2888 2754 vanis
2921 2705 3165 2770 quaerat.

2169 2787 2303 2842 CAP.
2334 2787 2387 2841 6.
2416 2817 2483 2826 ——
2510 2785 2668 2860 Quod
2695 2789 2844 2857 fures
2871 2804 2971 2859 per
2999 2793 3201 2860 septem
3235 2789 3386 2846 bona:
3415 2789 3548 2860 ﬁdei
3576 2789 3829 2849 homines

2357 2859 2609 2913 convinci
2632 2867 2875 2928 possunt.
2911 2863 2997 2916 Ex
3027 2861 3167 2917 libro
3197 2859 3632 2933 Capitularium.

2239 2954 2319 3010 De
2350 2955 2580 3010 furibus
2617 2961 2674 3010 et
2718 2955 3194 3014 malefactoribus
3224 2959 3590 3014 decrevimus
3624 2960 3825 3016 obser-

2165 3041 2308 3108 vari,
2332 3045 2398 3098 ut
2428 3043 2476 3097 si
2511 3042 2772 3114 quinque
2803 3048 2906 3099 aut
2931 3050 3156 3116 septem
3190 3046 3352 3101 bonas
3385 3046 3518 3100 fidei
3551 3046 3824 3103 homines

2167 3131 2390 3202 absque
2419 3131 2734 3188 inimicitia
2777 3134 3089 3206 praeposita
3131 3135 3540 3203 criminosum,
3563 3151 3700 3191 cum
3733 3154 3828 3192 sa-

2167 3220 2450 3275 cramenti
2479 3221 2950 3292 interpositione,
2981 3236 3111 3280 esse
3140 3223 3415 3291 dixerint,
3439 3225 3594 3280 sicut
3623 3229 3828 3280 contra

2166 3309 2356 3382 legem
2387 3309 2542 3377 fecit,
2577 3309 2660 3364 sic
2691 3311 3021 3367 secundum
3055 3311 3240 3382 legem
3268 3311 3584 3381 judicetur.

2165 3420 2300 3488 Cap.
2332 3417 2388 3473 7.
2421 3449 2488 3458 —
2517 3417 2592 3473 Nc
2619 3417 2873 3474 sacerdos
2909 3421 3088 3490 [tenus
3119 3421 3203 3476 vel
3250 3421 3520 3476 rusticum
3570 3421 3820 3477 ministe-

2232 3491 2384 3565 rium
2409 3498 2693 3565 exerceat.
2737 3491 2831 3565 ,Ea:
2875 3491 3080 3565 synodo
3131 3493 3365 3565 Eugenii
3403 3505 3580 3564 papae,
3633 3509 3754 3565 cap.
3789 3496 3822 3548 3

2226 3561 2442 3631 (synod.
2476 3562 2631 3616 Rom.
2661 3563 2760 3616 sub
2793 3561 2999 3633 Eugen.
3034 3563 3106 3630 ll,
3137 3580 3186 3619 c.
3216 3561 3340 3635 11).

2229 3650 2510 3706 Sacerdos
2543 3649 2780 3705 fcenoris
2811 3650 3058 3722 aliquid,
3093 3657 3190 3709 aut
3238 3653 3461 3709 rustica
3493 3651 3823 3709 ministeria

2156 3755 2274 3793 non
2305 3742 2587 3809 exerceat,
2621 3755 2795 3810 quem
2835 3740 2964 3796 sine
3013 3747 3224 3798 ornatu
3258 3741 3607 3798 sacerdotali
3657 3745 3814 3798 extra

2153 3829 2360 3883 domos
2391 3844 2670 3900 apparere
2701 3845 2816 3885 non
2849 3832 3142 3887 convenit.

389 3940 526 3995 ergo
558 3922 777 3979 nolenti
819 3923 940 3978 sive
989 3922 1229 3989 occulte,
1267 3922 1386 3977 sive
1417 3922 1635 3993 palam,
1667 3923 1845 3979 habet
1893 3939 2040 3995 prae-
2075 3959 2117 4026 Ο
2155 3925 2288 3980 CAP.
2321 3926 2375 3980 8.
2399 3957 2466 3968 -—
2502 3927 2564 3983 Ut
2599 3927 2834 3983 clericus
2878 3931 3188 4026 [qnerator
3233 3931 3567 4026 deponatur.
3602 3932 3698 3985 Ετ
3726 3931 3819 3986 Ni-

303 4039 310 4043 -
387 4016 622 4085 ceptum
655 4029 854 4068 suum.
883 4012 1042 4066 Furti
1069 4011 1220 4067 enim
1252 4011 1489 4066 nomine
1519 4012 1663 4066 bene
1696 4012 2043 4084 intelligitur

389 4103 582 4159 omnis
613 4103 822 4158 illicita
844 4100 1151 4174 usurpatio
1175 4100 1255 4155 rei
1291 4101 1524 4169 cliente;
1561 4117 1673 4157 non
1701 4101 1854 4156 enim
1887 4101 2042 4173 rapi-

387 4210 525 4249 nam
559 4192 830 4264 permisit
851 4191 952 4262 qui
979 4192 1200 4246 t‘urtum
1227 4189 1551 4262 prohibuit,
1577 4193 1675 4246 sed
1710 4191 1909 4261 utique
1931 4192 2041 4246 sub

389 4281 528 4337 furti
563 4280 799 4336 nomine
820 4280 880 4334 in
905 4279 1028 4352 lege
1049 4278 1276 4334 Veteris
1299 4279 1655 4334 Testamenti
1688 4283 1745 4334 et
1774 4279 2040 4350 rapinam

386 4366 637 4437 intelligi
688 4366 890 4422 voluit.
924 4368 970 4420 A
1014 4371 1175 4437 parte
1225 4366 1380 4421 enim
1431 4371 1617 4422 totum
1668 4367 2040 4440 signiﬁcavit,

387 4455 675 4526 quidquid
706 4455 907 4510 illicite
940 4472 1135 4510 rerum
1170 4455 1419 4526 proximi
1452 4456 1736 4513 aufertur.

387 4545 520 4599 CAP.
554 4544 606 4596 4.
629 4574 697 4584 —-
729 4543 879 4616 Quod
919 4561 1035 4598 non
1066 4543 1372 4599 remittitur
1407 4550 1707 4616 peccatum,
1737 4548 1850 4602 nisi
1880 4549 2041 4602 resti-

456 4620 646 4669 tuatur
692 4615 962 4670 ablatum.
996 4617 1225 4687 August.
1259 4618 1318 4670 in
1359 4615 1589 4687 epistola
1635 4617 1707 4672 ad
1751 4619 2041 4673 Armenta-

457 4687 607 4741 rium
637 4693 689 4740 et
715 4687 1012 4741 Paulinam
1045 4686 1218 4758 (epist.
1251 4689 1320 4742 54
1351 4686 1421 4743 ad
1449 4688 1861 4761 Macedoniam).

455 4774 572 4842 (14,
606 4791 658 4844 q.
691 4776 746 4841 6,
780 4791 824 4829 c.
854 4777 924 4831 Si
953 4775 1082 4847 res.)
1111 4775 1172 4832 Si
1219 4792 1310 4831 res
1355 4776 1548 4832 aliena
1597 4782 1832 4848 propter
1862 4793 2038 4848 quam

385 4866 692 4934 peccatum
724 4869 832 4928 est,
863 4879 998 4918 cum
1031 4864 1194 4919 reddi
1227 4865 1432 4934 possit,
1460 4881 1575 4920 non
1608 4867 1890 4935 redditur,
1925 4884 2040 4923 non

387 4952 582 5023 agitur
611 4951 976 5024 pmnitentia,
1009 4953 1110 5006 sed
1146 4951 1409 5023 ﬁngitur.
1444 4954 1503 5008 Si
1535 4959 1728 5009 autem
1761 4956 2042 5012 veraciter

386 5041 603 5110 agitur,
637 5056 752 5095 non
808 5038 1136 5094 remittetur
1180 5043 1482 5109 peccatum
1535 5040 1646 5095 nisi
1698 5042 2040 5098 restituatur

383 5127 681 5184 ablatum:
708 5128 808 5184 sed
832 5129 919 5200 (ut
946 5126 1087 5198 dixi)
1110 5142 1244 5182 cum
1277 5128 1506 5183 restitui
1539 5133 1747 5201 potest.
1775 5131 2036 5186 Plerum-

381 5235 497 5290 que
527 5219 684 5275 enim
713 5217 813 5290 qui
841 5217 1025 5272 aufert
1049 5216 1287 5286 amittit,
1313 5216 1429 5272 sive
1453 5217 1596 5273 alios
1619 5219 1893 5290 patiendo
1915 5237 2035 5275 ma-

381 5305 490 5374 los,
509 5306 628 5362 sive
651 5307 777 5378 ipse
800 5305 950 5361 male
974 5304 1243 5371 vivendo,
1271 5321 1374 5360 nec
1398 5305 1556 5360 aliud
1583 5307 1760 5362 habet
1782 5309 1934 5364 unde
1959 5325 2042 5367 re-
2071 5321 2118 5386 D

2597 4015 2743 4055 σωηο
2773 4001 3007 4058 concilio
3037 4019 3077 4071 ι,
3111 4019 3236 4074 cap.
3277 4003 3362 4057 17.

2225 4085 2386 4157 (Dist.
2416 4086 2484 4140 47
2514 4090 2571 4141 et
2606 4089 2690 4156 14,
2722 4104 2774 4159 q.
2810 4090 2861 4144 4.
2906 4105 2957 4146 c.
3002 4090 3282 4158 Quoniam
3328 4089 3541 4161 mulli.)
3573 4090 3636 4145 Si
3685 4090 3815 4162 quis

2150 4175 2422 4230 inventus
2453 4174 2630 4230 fuerit
2661 4191 2873 4233 usuras
2904 4179 3221 4249 accipiens,
3256 4183 3358 4234 aut
3407 4196 3477 4234 ex
3524 4179 3815 4236 adiuven-

2148 4263 2307 4318 tione
2323 4262 2527 4334 aliqua
2542 4264 2630 4320 vel
2649 4266 2914 4335 quolibet
2931 4268 3105 4323 modo
3125 4268 3426 4340 negotium
3451 4269 3813 4340 transigens,

2151 4356 2254 4408 aut
2287 4351 2564 4408 hemiolia
2611 4358 2668 4408 et
2713 4356 2986 4428 sescupla
3034 4357 3292 4428 exigens,
3315 4356 3405 4412 vel
3447 4356 3673 4428 aliquid
3704 4358 3817 4412 tale

2149 4457 2395 4513 prorsus
2425 4443 2785 4515 excogitans,
2817 4446 3010 4516 turpis
3058 4445 3207 4501 lucri
3254 4447 3470 4518 gratia,
3503 4446 3819 4516 dejicistur

2149 4547 2184 4586 a
2214 4529 2388 4597 clero,
2422 4535 2480 4586 et
2511 4531 2741 4588 alienus
2775 4533 2989 4590 existat
3017 4551 3050 4590 a
3081 4534 3308 4607 regula.

2151 4636 2464 4714 CAP._9:_-—
2493 4639 2571 4714 Ne
2601 4638 2844 4714 clericus
2888 4641 3131 4712 amplius
3161 4642 3395 4713 recipiat
3421 4657 3591 4714 quam
3621 4647 3812 4698 mutuo

2272 4708 2437 4764 dedit.
2465 4713 2551 4765 Ea:
2580 4711 2818 4767 concilio
2849 4729 2913 4767 III
2948 4708 3399 4784 Carthaginénsi,
3428 4708 3553 4785 cap.
3589 4715 3680 4768 16.

2219 4797 2332 4868 (14,
2355 4814 2406 4868 q.
2441 4799 2493 4867 4,
2519 4815 2564 4854 c.
2600 4800 2797 4856 Nullus
2825 4803 3198 4874 clericorum.)
3220 4801 3430 4859 Nullus
3460 4802 3808 4858 clericorum

2151 4885 2408 4958 amplius
2452 4887 2693 4960 recipiat
2721 4906 2901 4960 quam
2952 4891 3512 4958 accommodaverit;
3548 4892 3597 4947 si
3630 4909 3806 4964 pecu-

2149 4975 2330 5044 niam,
2377 4977 2720 5046 pecuniam;
2772 4979 2823 5034 si
2875 4980 3154 5052 speciem,
3203 4981 3455 5052 speciem
3513 4981 3804 5050 eamdem,

2147 5068 2429 5134 quantam
2461 5067 2710 5137 dederit,
2743 5068 3017 5140 accipiat.

2147 5152 2281 5208 CAP.
2310 5153 2496 5226 _10.-
2529 5155 2590 5209 Ut
2637 5155 2893 5212 ministri
2938 5159 3296 5226 feneratores
3340 5174 3372 5212 a
3417 5161 3805 5214 communione

2265 5224 2594 5280 abstineant.
2633 5229 2716 5281 Ea:
2743 5224 2986 5284 concilio
3020 5246 3037 5283 ι
3069 5228 3410 5300 Arelatensi,
3443 5247 3559 5300 cap.
3599 5234 3684 5283 12.

2222 5312 2334 5384 (14,
2365 5329 2417 5384 q.
2448 5313 2504 5381 4,
2535 5329 2582 5368 c.
2616 5317 2917 5389 Ministri.)
2950 5317 3030 5373 De
3063 5317 3354 5374 ministris
3385 5318 3486 5389 qui
3517 5318 3800 5373 fceneran-

380 5396 1071 5452 stituat.Huiccertenon
1095 5395 2026 5469 possumusdicere,Reddequod
2139 5401 2257 5466 tur,
2309 5399 2529 5471 placuit
2577 5419 2697 5472 eos,
2724 5406 2894 5476 juxta
2945 5405 3193 5462 formam
3245 5405 3527 5462 divinitus
3576 5407 3799 5476 datam,

380 5484 700 5540 abstulisti.
728 5485 843 5541 nisi
864 5501 997 5540 cum
1025 5484 1232 5540 habere
1255 5484 1551 5541 credimus
1581 5493 1636 5541 et
1665 5502 1895 5558 negare.
1922 5487 2029 5543 Ubi
2139 5487 2436 5547 abstinere
2466 5508 2500 5546 a
2531 5495 2963 5551 communione.

380 5571 618 5640 quidem
649 5573 698 5630 si
732 5573 966 5644 aliquos
997 5573 1254 5630 sustinet
1287 5575 1578 5632 cruciatus
1606 5580 1863 5649 repente,
1887 5577 2028 5634 dum
2139 5579 2272 5634 CAP.
2310 5577 2394 5633 11.
2427 5610 2496 5623 --
2538 5583 2603 5639 Ut
2642 5583 2873 5640 clericus
2916 5586 3219 5654 faenerator
3262 5599 3360 5641 seu
3406 5585 3718 5657 negotiator
3763 5601 3797 5639 a
