4002 6054
140 333 259 387 805

1036 322 1345 376 DECRETI
1385 321 1570 373 PARS
1611 317 1852 371 XIII.—-
1882 315 1978 368 DE
2016 313 2489 378 RAPTORIBUS,
2531 315 2686 366 ETC.

3463 313 3567 365 806

146 453 540 511 communione
567 447 949 520 suspendatur.
1004 447 1097 500 Ex
1146 443 1379 500 secundo
1408 443 1639 498 concilio
1672 442 1806 496 Arc-
1839 448 1890 511 Α
1921 440 1978 492 et
2008 435 2632 509 superabundantiam,
2660 434 2947 505 quidquid
2999 433 3143 488 illud
3177 438 3282 500 est,
3310 433 3357 488 si
3388 435 3566 502 abeo,

151 525 383 582 laterisi.

228 615 386 686 (Cap.
424 615 508 681 14,
542 628 610 666 ea:
641 610 707 666 18
738 626 784 664 c.
817 609 1050 664 Nicaeum
1074 605 1317 677 synodi.)
1361 604 1420 659 Si
1479 604 1611 674 quis
1646 601 1810 657 cleri-

155 722 268 760 cus
299 701 611 776 pecuniam
662 699 886 754 dederit
915 698 984 752 ad
1041 711 1307 761 usuram,
1343 698 1444 748 aut
1495 687 1816 747 conductor

155 794 366 852 alienae
389 791 468 847 rei
486 788 737 845 voluerit
759 790 1016 854 esse,aut
1038 784 1227 855 turpis
1246 783 1393 839 lucri
1417 782 1606 853 gratia
1627 797 1812 853 genus

157 883 402 954 aliquod
427 877 837 952 negotiationis
859 875 1206 944 exercuerit,
1223 873 1526 944 depositus
1550 890 1582 928 a
1604 871 1756 927 clero
1783 888 1816 927 a

161 970 584 1030 communione
615 967 847 1023 alienus
873 966 994 1020 fiat.

161 1081 300 1136 CAP.
322 1081 407 1134 12.
432 1108 498 1118 —
521 1078 595 1131 De
614 1075 818 1130 eodem.
856 1075 936 1127 Ex
965 1071 1194 1128 concilio
1245 1069 1524 1139 Eliberit.,
1556 1086 1676 1141 cap.
1726 1072 1814 1124 20.

238 1170 402 1240 (Dist.
437 1167 526 1232 47,
558 1181 609 1219 ο.
644 1163 703 1219 Si
733 1165 860 1234 quis
889 1162 1193 1230 clericum.)
1231 1160 1288 1214 Si
1314 1159 1443 1230 quis
1475 1158 1818 1214 clericorum

167 1261 439 1315 detectus
469 1253 645 1309 fuerit
671 1269 882 1307 usuras
912 1250 1193 1322 accipere,
1215 1247 1429 1319 placuit
1450 1265 1585 1304 eum
1619 1248 1821 1319 degra-

167 1339 298 1394 dari
325 1341 382 1392 et
408 1334 723 1391 abstinere.

166 1446 307 1501 CAP.
369 1445 454 1498 13.
487 1472 555 1482 -—-
587 1444 719 1497 Item
765 1439 831 1494 de
884 1439 1087 1522 eodem.
1121 1440 1230 1562 215x
1281 1437 1510 1492 concilio
1559 1438 1823 1492 Tarraco-

841 1527 1018 1562 nensz.
1049 1525 1094 1562 ϐ.
1165 1551 1176 1562 .

841 1527 1018 1575 nenst,
1049 1525 1094 1564 c.
1121 1525 1176 1564 ξι.

245 1608 358 1679 (14,
392 1622 443 1675 q.
496 1605 548 1670 4,
611 1618 656 1656 e.
721 1601 1008 1655 Canonum
1065 1598 1330 1668 statutis.)
1375 1599 1716 1666 Quicunque
1765 1598 1824 1652 in

174 1696 333 1753 clero
367 1709 493 1750 esse
524 1689 794 1760 voluerit,
827 1688 1060 1744 emendi
1089 1687 1266 1743 vilius
1300 1688 1384 1742 vel
1418 1687 1705 1742 vendendi
1732 1704 1826 1742 ca-

1923 527 2076 597 quod
2105 525 2242 597 (cui)
2265 526 2531 581 dederint
2562 524 2695 595 plus
2727 523 3139 595 reacceperint.

1922 636 2055 688 CAP.
2093 634 2176 687 19.
2212 665 2276 673 —
2307 635 2379 688 De
2417 631 2501 686 his
2533 633 2630 702 qui
2658 649 2854 686 usuras
2884 632 2951 687 de
2977 632 3165 686 usuris
3189 634 3442 700 exigunt.
3468 634 3568 689 Co-

2397 704 2577 758 dicum
2614 704 2710 758 lib.
2746 721 2806 770 II,
2841 721 2963 774 cap.
2994 705 3082 758 23.

1995 793 2336 865 Improbum
2372 795 2559 848 foenus
2591 792 3020 860 exercentibus,
3055 798 3110 848 et
3137 811 3346 849 usuras
3374 812 3574 850 usura-

1928 901 2059 938 rum
2092 883 2294 938 illicite
2315 883 2707 956 exigentibus,
2729 882 2978 939 infamia:
3001 884 3232 940 macula
3264 885 3577 956 irroganda

1930 977 2040 1028 est.

1930 1063 2060 1116 CAP.
2097 1062 2186 1116 20.
2220 1093 2288 1102 —-
2337 1063 2409 1118 De
2437 1062 2640 1118 eodem.
2692 1063 2820 1117 Item
2883 1062 3130 1133 Capilul.
3167 1062 3262 1118 lib.
3307 1078 3427 1133 cap.
3486 1065 3577 1118 25.

2000 1149 2171 1206 Nulio
2188 1153 2359 1207 modo
2386 1169 2575 1207 usurae
2598 1168 2911 1206 usurarum
2929 1169 2959 1205 a
2974 1151 3335 1207 debitoribus
3349 1151 3580 1223 exigan-

1931 1245 2048 1294 tur.
2081 1242 2235 1295 IIem.
2273 1241 2606 1295 Dil‘finimus
2641 1241 2799 1296 nullo
2860 1241 3030 1296 modo
3085 1239 3257 1296 licere
3298 1240 3575 1311 cuiquam

1936 1346 2144 1385 usuras
2178 1331 2451 1401 praeteriti
2480 1329 2567 1386 vel
2611 1329 2790 1384 futuri
2815 1329 3097 1400 temporis
3130 1329 3187 1384 in
3238 1333 3455 1386 sortem
3489 1345 3584 1384 re~

1945 1418 2162 1489 digere,
2197 1422 2254 1473 et
2284 1435 2482 1474 earum
2518 1418 2730 1472 iterum
2766 1434 2975 1472 usuras
3008 1417 3307 1488 stipulare.

1935 1527 2066 1582 CAP.
2099 1527 2190 1580 21.
2217 1556 2285 1566 —
2325 1525 2397 1578 De
2428 1525 2745 1596 Ili/ferentia
2804 1523 2944 1579 inter
2975 1507 3134 1595 turpe
3166 1526 3382 1580 lucrum
3413 1531 3464 1581 et
3491 1542 3586 1582 ne-

2315 1599 2545 1667 gotium.
2582 1596 2783 1651 Ibidem
2815 1597 2874 1666 (l.
2914 1614 2952 1666 I,
2986 1613 3034 1650 ο.
3072 1597 3221 1665 131.)

2006 1686 2117 1756 (14,
2169 1702 2218 1758 q.
2275 1686 2326 1754 4,
2385 1701 2432 1741 e.
2498 1684 2862 1755 Quicunque.)
2924 1683 3272 1757 Quicunque
3323 1690 3584 1756 tempore

177 1786 307 1841 rius
338 1781 532 1840 studio
566 1795 680 1834 non
713 1783 933 1834 utatur.
961 1778 1126 1832 Certe
1173 1777 1221 1832 si
1255 1777 1502 1832 voluerit
1525 1777 1644 1832 hmo
1666 1792 1825 1832 exer-
1861 1820 1909 1885 Β
1937 1774 2262 1841 vindemiae,
2312 1775 2396 1830 vel
2447 1780 2709 1845 tempore
2768 1773 3002 1838 messis,
3037 1791 3152 1829 non
3214 1776 3587 1841 necessitate,

439 1871 450 1885 I
485 1871 516 1885 ιι
619 1873 628 1885 ι
755 1884 760 1885 ,
811 1867 842 1885 ,I
893 1883 940 1885 ,_
1943 1865 2039 1885 --Δ
2077 1867 2310 1885 ____-_.A-_.
2347 1863 2721 1885 _.-_EJ!L_1__-
2765 1866 3062 1885 --..._-__-.l
3118 1881 3401 1885 ___-_nu-
3497 1867 3587 1885 ---ι

177 1891 332 1940 cere,
367 1871 713 1928 cohibeatur
743 1884 775 1922 a
796 1867 971 1922 clero.

361 1962 497 2016 CAP.
530 1960 614 2014 14.
645 1989 716 2000 —
747 1959 820 2012 De
841 1956 1052 2023 eadem,
1082 1972 1160 2011 re.
1197 1955 1416 2023 Ibidem,
1444 1973 1562 2026 cap.
1597 1957 1650 2010 3.

251 2052 368 2121 (14,
403 2068 454 2122 q.
491 2050 543 2114 4,
568 2065 613 2103 c.
648 2048 710 2102 Si
739 2050 861 2118 quis
891 2046 1166 2114 clericus.)
1191 2045 1250 2099 Si
1283 2044 1414 2116 quis
1467 2044 1714 2100 clericus
1774 2045 1831 2098 in

183 2139 537 2196 necessitate
569 2136 822 2192 solidum
851 2134 1205 2206 praestiterit,
1240 2134 1348 2189 hoc
1379 2135 1450 2188 de
1479 2135 1614 2188 vino
1644 2133 1731 2188 vel
1763 2134 1833 2188 de

183 2232 485 2285 frumento
517 2225 786 2296 accipiat,
820 2223 976 2294 quod
1010 2221 1307 2278 mercandi
1341 2238 1518 2277 causa
1573 2226 1835 2293 tempore

183 2322 406 2374 statuto
438 2317 738 2370 decretum
772 2312 949 2366 fuerit
972 2311 1313 2366 venundari.
1340 2314 1619 2366 Caeterum
1640 2311 1688 2365 si
1711 2327 1835 2380 spe-

186 2407 336 2462 ciem
369 2421 484 2460 non
518 2400 806 2471 habuerit,
841 2401 1237 2455 necessarium
1269 2400 1462 2470 ipsum
1488 2401 1640 2471 quod
1675 2399 1838 2455 dedit

189 2495 318 2551 sine
349 2493 469 2547 ullo
506 2491 819 2563 augmento
853 2489 1115 2560 recipiat.

190 2603 325 2657 CAP.
363 2601 446 2654 15.
496 2631 562 2638 —-
621 2599 695 2652 De
750 2597 944 2652 eadem
1001 2598 1203 2722 784.4151!
1249 2612 1399 2652 conc.
1450 2597 1838 2667 apostolorum,

893 2684 1011 2722 can.
1123 2710 1134 2722 .

893 2684 1011 2738 cap.
1045 2684 1134 2722 aa.

266 2762 424 2829 (Dist.
458 2760 547 2823 47,
581 2774 626 2813 e.
654 2756 988 2828 Episcopus.)
1021 2756 1362 2827 Episcopus,
1388 2760 1488 2811 aut
1518 2756 1839 2829 presbyter,

195 2854 296 2906 aut
325 2849 609 2903 diaconus
635 2861 845 2900 usuras
866 2844 1278 2899 adebitoribus
1299 2846 1667 2916 exigens,aut
1689 2846 1842 2900 desi-

192 2941 436 3003 nat,aut
459 2940 610 2992 certe
634 2935 968 3002 damnetur,
999 2938 1053 2988 et
1073 2952 1105 2988 a
1128 2933 1540 2990 communione
1563 2936 1842 3006 privetur.

190 3047 326 3101 CAP.
365 3044 448 3097 16.
485 3075 550 3082 —
585 3043 649 3098 Ut
681 3042 776 3111 qui
806 3040 1020 3112 aliquid
1050 3040 1219 3113 habet
1247 3043 1313 3097 de
1339 3043 1482 3097 malo
1510 3043 1684 3113 faciat
1718 3041 1846 3097 inde

265 3113 899 3256 fgnumsitijgustinus,
952 3116 1030 3166 De
1071 3112 1246 3167 verbis
1301 3112 1544 3183 Domini,
1591 3117 1732 3168 tract
1778 3114 1846 3168 35

327 3203 464 3240 erm.
536 3203 595 3240 ο.

327 3203 464 3240 erm.
500 3203 595 3240 ὁὶ).

268 3277 386 3345 (14,
417 3293 469 3346 q.
517 3276 576 3343 5,
633 3273 855 3343 Nolite.)
912 3272 1100 3328 Nolite
1139 3273 1285 3329 velle
1337 3274 1736 3346 eleemosynas
1765 3274 1848 3329 fa-

209 3381 336 3420 cere
368 3365 436 3419 de
467 3363 684 3418 fcenore
716 3365 771 3416 et
804 3361 1024 3416 usuris.
1082 3365 1240 3429 Item,
1285 3362 1487 3420 ibidem
1544 3362 1852 3436 aliquando

205 3463 342 3526 post.
367 3453 478 3524 (14,
501 3471 552 3525 q.
583 3453 640 3518 5,
672 3469 718 3506 c.
753 3453 865 3520 Qui
893 3451 1150 3519 habetis.)
1183 3451 1290 3515 Qui
1339 3452 1568 3508 habetis
1629 3451 1851 3524 aliquid

209 3545 280 3599 de
315 3541 490 3610 malo,
527 3541 698 3596 facite
732 3541 867 3594 inde
898 3540 1116 3595 bonum
1149 3556 1161 3594 :
1201 3540 1299 3612 qui
1333 3559 1447 3596 non
1499 3541 1728 3596 habetis
1785 3542 1855 3598 de

215 3629 391 3696 malo,
426 3627 603 3683 nolite
636 3626 934 3697 acquirere
967 3628 1036 3682 de
1063 3627 1238 3682 male.
1269 3631 1396 3682 Esto
1427 3627 1646 3682 bonum
1669 3632 1731 3682 tu
1755 3628 1854 3700 qui

209 3721 430 3776 bonum
464 3717 608 3774 facis
639 3717 710 3771 de
743 3717 922 3786 malo,
947 3720 1160 3771 etcum
1196 3716 1438 3788 coeperis
1469 3716 1686 3786 aliquid
1719 3716 1855 3772 boni

204 3810 392 3864 facere
423 3809 493 3862 de
518 3806 694 3876 malo,
716 3804 833 3860 noli
859 3820 1158 3860 remanere
1186 3809 1246 3860 tu
1272 3805 1484 3862 malus.
1506 3806 1744 3862 Nummi
1769 3806 1853 3862 tui

211 3898 636 3952 convertuntur
665 3893 726 3949 in
757 3895 999 3963 bonum,
1035 3897 1090 3949 et
1120 3898 1182 3950 tu
1215 3911 1484 3950 remanes
1517 3895 1750 3950 malus?

209 4004 344 4059 CAP.
383 4002 466 4054 17.
501 4031 567 4040 —
597 4000 1080 4074 Quodfcenerator
1103 4004 1176 4056 est
1199 4001 1397 4071 omnis,
1425 4004 1526 4074 qui
1552 4004 1677 4073 plus
1701 4018 1856 4058 acce-

272 4075 421 4146 perit
451 4071 892 4146 quaquederit.
952 4073 1288 4142 Augustinus
1318 4074 1382 4127 in
1425 4071 1623 4144 psalm.
1685 4092 1857 4130 XXXVI

283 4143 376 4216 (ad
405 4143 546 4200 vers.
581 4143 696 4213 26.)

282 4233 394 4303 (14,
430 4249 480 4302 q.
513 4234 568 4302 3,
599 4247 645 4288 c.
673 4231 733 4286 Si
761 4231 1175 4303 frneraveris.)
1201 4231 1261 4285 Si
1323 4233 1692 4289 fceneraveris
1748 4234 1859 4290 ho-

213 4322 381 4392 mini,
413 4322 469 4375 id
503 4325 610 4390 est,
642 4321 689 4376 si
724 4326 997 4376 mutuum
1021 4320 1250 4376 dederis
1278 4321 1586 4392 pecuniam
1618 4326 1802 4390 tuam,
1828 4341 1861 4378 a

212 4427 327 4482 quo
358 4409 676 4482 plusquam
707 4410 1259 4481 dedistilexspectes,
1295 4427 1406 4465 non
1433 4413 1741 4483 pecuniam
1773 4430 1859 4468 so-

213 4501 356 4569 lam,
389 4501 488 4554 sed
516 4498 732 4570 aliquid
769 4499 1085 4570 plusquam
1118 4499 1353 4566 dedisti,
1383 4500 1505 4555 sive
1536 4499 1678 4555 illud
1711 4501 1859 4556 triti-

215 4605 350 4643 cum
383 4588 480 4658 sit,
505 4589 622 4643 sive
653 4587 870 4658 oleum,
913 4587 1036 4642 sive
1093 4587 1322 4658 vinum,
1381 4589 1502 4644 sive
1564 4590 1866 4660 quodlibet

217 4676 374 4732 aliud
402 4695 419 4747 ;
451 4677 501 4732 si
525 4676 655 4748 plus
687 4676 1101 4747 quamidedisti
1127 4682 1426 4747 exspectes
1450 4680 1730 4749 accipere,
1766 4681 1864 4736 fm-

217 4769 452 4820 nerator
481 4782 564 4832 es,
599 4770 656 4820 et
678 4766 749 4820 ob
775 4765 883 4820 hoc
904 4765 1351 4834 improbandus,
1375 4784 1490 4823 non
1512 4767 1865 4826 laudandus.

216 4874 350 4928 CAP.
391 4874 474 4928 18.
512 4904 577 4914 —
611 4873 687 4946 De
712 4872 916 4946 eodem.
970 4873 1336 4946 Hieronymus
1385 4890 1559 4946 super
1619 4877 1869 4933 Ezechie-

672 4944 795 5012 lem,
831 4944 927 4998 lib.
960 4961 1016 4999 v1
1045 4943 1127 5014 (in
1154 4943 1200 5000 c.
1233 4945 1418 5016 XVIII).

295 5033 403 5103 (14,
437 5049 488 5104 q.
513 5034 568 5098 3,
600 5049 646 5087 c.
683 5033 932 5104 Putant.)
954 5033 1169 5088 Putant
1200 5034 1438 5106 quidem
1474 5053 1714 5092 usuram
1747 5042 1874 5093 tan-

225 5123 351 5176 tum
385 5137 514 5177 esse
539 5122 596 5177 in
631 5121 900 5193 pecunia,
935 5122 1090 5192 quod
1123 5124 1449 5193 praevidens
1492 5124 1690 5181 divina
1721 5127 1875 5182 Scri-

228 5214 422 5282 ptura,
458 5211 650 5266 omnis
685 5210 764 5265 rei
799 5210 988 5266 aufert
1009 5213 1637 5283 superabundantiam,
1658 5220 1723 5271 ut
1743 5217 1876 5288 plus

227 5315 342 5356 non
375 5299 626 5372 recipias
650 5316 828 5371 quam
853 5299 1086 5356 dedisti.
1111 5303 1262 5369 Item,
1294 5305 1578 5376 aliquanto
1605 5310 1744 5377 post.
1767 5307 1876 5360 Alii

229 5405 334 5462 pro
366 5389 614 5461 pecunia
657 5390 936 5445 fmnerata
974 5389 1164 5446 solent
1217 5394 1569 5450 munuscula
1618 5395 1880 5468 accipere

232 5479 446 5534 diversi
471 5479 725 5550 generis,
758 5483 813 5534 et
843 5496 960 5534 non
985 5478 1578 5552 intelliguntusuram
1601 5485 1880 5557 appellari

306 5624 456 5695 (111)
489 5627 600 5680 Pro
650 5640 766 5694 quo
797 5641 957 5682 nunc
987 5625 1270 5698 legimus:
1303 5627 1550 5684 Mutuum
1578 5628 1752 5686 dabis.

1941 1865 2042 1920 sed
2076 1867 2311 1935 propter
2343 1863 2727 1935 capiditatem
2761 1866 3066 1934 comparat
3115 1881 3432 1933 annonam,
3493 1867 3594 1919 aut

1938 1953 2166 2022 vinum,
2198 1953 2356 2008 verbi
2381 1952 2569 2023 gratia
2603 1952 2672 2006 de
2705 1952 2936 2007 duobus
2987 1951 3248 2008 denariis
3295 1956 3587 2024 comparat

1943 2040 2205 2097 modium
2241 2058 2447 2108 unum,
2481 2050 2536 2096 et
2567 2045 2758 2096 servat
2808 2041 2948 2094 dum
3009 2043 3345 2095 venundare
3405 2040 3594 2113 possit

1944 2130 2198 2186 denariis
2233 2134 2506 2202 quatuor,
2552 2135 2652 2185 aut
2684 2146 2804 2194 sex,
2840 2135 2940 2185 aut
2972 2129 3254 2200 amplius,
3279 2129 3387 2184 hoc
3421 2133 3592 2200 turpe

1945 2223 2173 2274 lucrum
2208 2219 2477 2274 dicimus.
2513 2218 2572 2274 Si
2602 2219 2708 2274 hoc
2742 2226 2976 2290 propter
3003 2218 3410 2273 necessitatem
3434 2235 3592 2272 com-

1945 2311 2130 2379 parat,
2166 2311 2229 2362 ut
2257 2306 2367 2361 sibi
2400 2307 2613 2361 habeat
2641 2310 2695 2360 et
2733 2305 2862 2360 aliis
2893 2306 3135 2373 tribuat,
3171 2305 3472 2377 negotium
3507 2306 3597 2360 di-

1947 2413 2157 2451 Cln'lllS.

1945 2487 2076 2542 CAP.
2111 2486 2200 2539 22.
2240 2516 2300 2524 —
2335 2483 2476 2551 Quid
2506 2486 2578 2539 sit
2597 2486 2906 2552 freneialio.
2941 2486 3164 2552 August.
3212 2484 3306 2537 lib.
3343 2485 3596 2540 Locutio-

2140 2571 2294 2623 num,
2326 2571 2446 2626 cap.
2483 2557 2572 2610 34.
2600 2555 2686 2625 (de
2718 2558 2876 2610 Deut.
2911 2555 2950 2608 ι.
2983 2572 3039 2621 v,
3085 2555 3246 2609 locut.
3284 2555 3395 2624 39).

2023 2646 2476 2701 anerationem
2507 2643 2810 2716 Scriptura
2842 2643 2984 2698 dicit
3019 2647 3222 2698 mutuo
3275 2644 3472 2698 datam
3503 2660 3600 2714 pe-

1948 2735 2205 2801 cuniam,
2238 2733 2468 2789 etiamsi
2506 2749 2698 2787 usura:
2729 2749 2841 2786 non
2879 2731 3262 2803 accipiantur.

2161 2825 2296 2878 CAP.
2330 2824 2420 2877 23.
2445 2853 2510 2862 --
2537 2827 2612 2876 De
2634 2821 2835 2877 eodem.
2871 2821 3101 2889 Ibidem,
3133 2837 3259 2893 cap.
3296 2822 3384 2874 42.

2026 2917 2238 2967 anus
2261 2912 2567 2966 t'cenerabis
2596 2912 2739 2982 (111)
2765 2910 2924 2966 fratri
2951 2915 3050 2964 tuo
3079 2915 3604 2981 quantumcunque

1958 3001 2238 3074 postulat,
2263 3005 2320 3056 et
2341 3005 2626 3072 quantum
2651 3001 2978 3072 eget(Deut.
3003 3003 3143 3066 xv.).
3170 2998 3272 3052 Hic
3293 3002 3445 3053 certe
3470 3015 3604 3053 cum

1956 3107 2135 3162 opera
2153 3089 2568 3145 misericordiae
2583 3090 2906 3161 praecipiat,
2926 3089 3130 3160 utique
3144 3105 3458 3144 usurarum
3475 3104 3606 3143 cru-

1881 3188 1923 3256 ρ,
1958 3180 2169 3236 delitas
2201 3180 2578 3250 suscipienda
2609 3197 2724 3235 non
2762 3185 2872 3235 est.

1959 3271 2091 3326 CAP.
2122 3271 2212 3323 24.
2245 3301 2315 3310 ——
2343 3270 2488 3337 Quid
2529 3269 2603 3323 sit
2653 3278 2809 3340 turpe
2854 3269 3089 3324 lucrum.
3146 3268 3463 3322 Ambrosius
3514 3283 3606 3322 su-

2027 3357 2124 3423 per
2151 3343 2460 3481 gpistolam
2490 3341 2559 3395 ad
2623 3339 2977 3396 Timotheum
3030 3342 3114 3411 (In
3143 3356 3190 3394 c.
3247 3356 3340 3405 III,
3397 3339 3610 3409 prioris

2033 3428 2146 3481 epis
2207 3455 2218 3467 .

2102 3431 2168 3466 ist
2207 3455 2218 3467 .

2032 3431 2251 3568 fl‘purfiia
2280 3499 2444 3553 lucra
2471 3499 2610 3553 dicit
2638 3497 2947 3569 Apostolus
2979 3515 3126 3565 esse,
3161 3498 3209 3552 si
3231 3498 3342 3552 sub
3365 3499 3460 3570 pia
3478 3514 3613 3569 pro-

1965 3587 2218 3641 Iessione
2239 3587 2561 3656 quaestibus
2593 3588 2922 3642 studeatur.
2955 3587 3168 3658 Turpis
3199 3587 3356 3642 enim
3407 3589 3612 3660 depre-

1965 3674 2262 3739 henditur,
2296 3691 2428 3728 cum
2463 3692 2524 3730 se
2547 3691 2758 3746 purum
2792 3679 3068 3730 ostentat.

1966 3783 2099 3837 CAP.
2131 3784 2222 3836 25.
2255 3811 2322 3821 —
2365 3783 2515 3849 Quod
2566 3783 2798 3852 difﬁcile
2857 3787 2933 3838 est
2983 3783 3130 3837 inter
3183 3784 3512 3839 vendentem
3563 3789 3617 3839 et

2037 3858 2312 3925 ementem
2338 3869 2446 3908 non
2481 3869 2591 3910 esse
2618 3859 2920 3925 peccatum.
2983 3855 3085 3910 Leo
3144 3855 3362 3911 Rustico
3391 3856 3610 3911 Narbo-

2035 3923 2197 3980 nensi
2225 3924 2469 3996 episcopo
2489 3923 2670 3996 (epist.
2695 3928 2786 3991 92,
2817 3943 2862 3982 c.
2896 3927 3022 3981 9De
3043 3925 3286 3997 primit).

2039 4013 2198 4083 (Dist.
2238 4013 2285 4080 1,
2316 4031 2363 4069 c.
2399 4015 2645 4081 Qualitas
2674 4016 2861 4083 lucri.)
2921 4013 3181 4078 Qualitas
3234 4014 3382 4067 lucri
3438 4029 3619 4084 nego-

1965 4102 2211 4158 tiantem
2244 4107 2344 4157 aut
2374 4107 2610 4158 excusat
2641 4103 2977 4173 (honestat),
3002 4106 3102 4156 aut
3124 4101 3320 4173 arguit
3343 4101 3512 4171 :quia
3532 4104 3622 4157 est

1967 4195 2024 4246 et
2046 4192 2326 4247 honestus
2361 4196 2638 4261 quaestus,
2674 4195 2728 4246 et
2757 4192 2966 4262 turpis.
2993 4191 3405 4245 Verumtamen
3433 4188 3621 4260 poeni-

1966 4282 2113 4336 tenti
2146 4279 2351 4334 utilius
2382 4287 2470 4335 est
2509 4281 2816 4352 dispendia
2849 4280 2964 4350 pati
3002 4297 3178 4350 quam
3209 4278 3493 4351 periculis
3521 4295 3620 4334 ne-

1967 4368 2305 4441 gotiationis
2336 4368 2643 4439 obstringi,
2697 4368 2836 4440 quia
2867 4367 3105 4423 difficile
3156 4372 3246 4423 est
3293 4367 3446 4423 inter
3476 4383 3620 4422 ven-

1969 4457 2163 4512 dentis
2185 4461 2242 4511 et
2263 4459 2511 4513 ementis
2534 4457 2951 4512 commercium
2976 4475 3091 4512 non
3120 4456 3467 4513 intervenire
3490 4472 3624 4526 pec-

1896 4551 1940 4614 D
1973 4552 2186 4602 catum.

1973 4636 2108 4691 CAP.
2137 4635 2228 4688 26.
2259 4665 2331 4675 -—-
2365 4639 2443 4690 De
2475 4636 2557 4689 his
2588 4637 2685 4706 qui
2711 4637 2896 4706 fruges
2925 4653 3022 4691 suo
3080 4634 3268 4690 labore
3303 4633 3630 4706 sibidnatas

2049 4707 2106 4761 in
2139 4723 2267 4762 cara
2296 4711 2544 4832 lgmpora
2567 4704 2871 4764 reservant.
2905 4708 3115 4778 Ambr.,
3166 4711 3244 4762 De
3288 4704 3493 4778 ofﬁciis
3528 4705 3624 4760 lib.

2049 4795 2284 4832 III.cav.
2358 4818 2369 4830 .

2049 4795 2135 4843 III,
2162 4796 2284 4850 cap.
2316 4795 2369 4832 υ.

2048 4872 2298 4922 Sanctus
2323 4868 2499 4923 David
2524 4874 2695 4941 negat
2709 4885 2770 4924 se
2787 4870 2845 4923 in
2862 4868 3312 4941 negotiationem
3333 4864 3630 4933 introisse,

1982 4956 2120 5027 quia
2151 4957 2474 5027 pretiorum
2505 4962 2740 5028 captare
2769 4957 3155 5024 incrementa,
3191 4971 3308 5010 non
3344 4949 3631 5022 simplici-

1981 5044 2142 5109 tatis,
2166 5045 2266 5100 sed
2301 5047 2566 5102 versutia:
2599 5050 2705 5102 est.
2731 5047 2799 5102 Et
2828 5046 2980 5101 alius
3012 5046 3130 5101 ait:
3163 5045 3416 5116 Captans
3448 5039 3634 5112 pretia

1985 5134 2265 5189 frumenti
2300 5134 2644 5190 maledictus
2667 5135 2724 5190 in
2758 5135 2926 5207 plebe
2955 5139 3045 5190 est
3074 5135 3257 5204 (Prov.
3315 5131 3415 5197 ιι).
3468 5127 3634 5183 Difﬁ-

1987 5222 2111 5278 nita
2142 5228 2232 5278 est
2260 5225 2574 5292 sententia,
2617 5225 2766 5280 nihil
2827 5221 3214 5295 disputationi
3277 5219 3634 5287 relinquens,

1989 5311 2160 5382 quale
2177 5313 2713 5369 controversiarum
2745 5329 2936 5384 genus
2960 5311 3086 5380 (sed
3107 5311 3216 5364 hoc
3234 5303 3637 5362 controversia

1987 5403 2198 5472 genus)
2229 5401 2372 5458 solet
2403 5403 2633 5459 dicendi
2663 5419 2812 5467 esse,
2844 5417 2977 5456 cum
3009 5398 3160 5454 alius
3219 5393 3429 5464 alleget
3478 5388 3637 5461 agri-

1991 5490 2281 5547 culturam
2309 5491 2668 5548 laudabilem
2706 5491 2858 5562 apud
2894 5504 3097 5546 omnes
3155 5481 3357 5541 haberi
3413 5481 3640 5536 fructus
