3972 6064
415 252 519 304 807

1490 253 1557 303 D.
1598 251 1838 304 IVONIS
1875 249 2373 305 CARNOTENSIS
2408 253 2730 308 EPISCOPI

3725 255 3847 308 808

413 383 578 432 terrae
611 375 912 446 simplices
945 390 1072 429 esse
1106 373 1331 444 triplos,
1366 371 1496 443 plus
1528 373 1628 442 qui
1682 372 2059 428 seminaverit
2089 375 2140 439 Α
2172 375 2416 444 pecunia
2448 392 2656 432 usuras
2690 375 2947 446 exigunt,
2983 377 3085 433 scd
3135 378 3206 434 de
3261 379 3554 436 mercibus
3613 397 3840 438 eorum

413 483 546 526 eum
580 464 972 537 probatiorem
996 463 1135 529 fore,
1172 461 1475 516 uberiores
1498 461 1720 516 reditus
1751 461 2057 516 industriae

416 572 530 610 non
556 554 837 620 fraudari,
866 551 1275 622 negligentiam
1297 548 1486 621 magis
1510 553 1566 604 et
1586 549 1873 604 incuriam
1905 549 2058 604 ruris

414 645 623 700 inculti
657 641 1000 715 reprehendi
1032 639 1444 708 solere.Aravi,
1478 637 2058 710 inquit,studiosius,

420 733 658 788 uberius
690 728 995 795 seminavi,
1027 727 1373 799 diligentius
1402 726 1646 795 excolui,
1671 727 1824 782 bono
1856 725 2058 795 collegi

415 825 695 894 proventu
721 821 928 890 (bonos
958 816 1162 887 collegi
1196 817 1558 887 proventus),
1592 814 1842 872 sollicite
1872 813 2058 886 (solli-

413 909 586 978 citus)
605 904 926 972 recondidi,
951 903 1172 958 servavi
1197 902 1464 970 fideliter,
1489 903 1725 974 provide
1749 901 2059 970 custodivi,

415 1013 571 1053 nunc
601 996 659 1052 in
689 999 950 1064 tempore
982 992 1156 1048 famis
1195 993 1408 1060 vendo,
1473 991 1754 1047 subvenio
1803 991 2060 1046 esurien-

414 1087 595 1149 tibus,
627 1083 812 1138 vendo
845 1083 1232 1151 frumentum,
1264 1098 1375 1136 non
1403 1081 1685 1151 alienum,
1710 1081 1810 1136 sed
1839 1095 2060 1147 meum,

415 1190 530 1228 non
554 1172 740 1244 pluris
773 1188 952 1243 quam
984 1170 1200 1237 caeteri,
1236 1170 1354 1225 imo
1386 1170 1565 1224 etiam
1600 1168 1817 1224 minori
1853 1168 2060 1239 pretio.
2120 1181 2123 1184 ·

413 1270 560 1337 Quid
592 1269 688 1325 hic
720 1269 944 1325 fraudis
975 1272 1084 1337 est,
1117 1284 1246 1323 cum
1283 1267 1453 1324 multi
1477 1267 1652 1322 etiam
1687 1269 1929 1338 possent
1959 1281 2061 1337 pe-

413 1357 674 1428 riclitari,
708 1357 757 1414 si
789 1374 903 1412 non
936 1356 1217 1412 haberent
1248 1357 1424 1427 quod
1451 1355 1761 1411 emerent?
1791 1355 1939 1410 Num
1970 1354 2062 1408 in-

415 1447 647 1503 dustria
678 1446 736 1501 in
761 1447 984 1502 crimen
1016 1450 1256 1501 vocatur
1283 1446 1310 1498 ‘?
1340 1449 1491 1500 Num
1525 1443 1836 1515 diligentia
1867 1457 2063 1514 repre-

415 1537 698 1592 henditur
718 1536 744 1590 ‘2
775 1536 925 1590 Num
955 1533 1320 1606 providentia
1358 1533 1769 1604 vituperatur?
1797 1533 2064 1587 Fortasse

415 1628 570 1683 dicat
595 1645 607 1682 :
633 1631 702 1683 Et
723 1626 938 1698 Joseph
964 1626 1020 1680 in
1043 1624 1403 1681 abundantia
1427 1625 1790 1679 frumentum
1811 1621 2065 1693 collegit,

414 1717 474 1772 in
505 1717 744 1772 caritate
779 1716 1055 1785 (raritate)
1086 1713 1670 1784 vendidit(Gen.xm).
1699 1716 1851 1766 Num
1873 1711 2065 1766 carius
2096 1737 2142 1800 Β

413 1806 630 1878 aliquis
661 1820 850 1861 emere
880 1802 1290 1874 compellitur?
1322 1803 1473 1857 Num
1494 1801 1582 1857 vis
1603 1801 1919 1856 adhibetur
1939 1815 2060 1855 em-

416 1895 567 1964 ptori
592 1895 614 1949 ?
644 1894 933 1949 Omnibus
964 1893 1224 1947 defertur
1254 1891 1486 1947 emendi
1516 1891 1705 1963 copia,
1730 1889 1878 1945 nulli
1913 1889 2064 1944 irro-

414 1986 587 2054 gatur
611 1982 846 2052 injuria.
873 1980 973 2035 His
1004 1996 1139 2052 ergo
1172 1984 1459 2050 quantum
1491 1980 1777 2050 cujusque
1809 1978 1919 2034 fert
1968 1977 2064 2032 in-

415 2071 656 2143 genium
690 2069 1300 2140 disputatis,exsurgit
1322 2069 1474 2124 alius
1497 2069 1734 2122 dicens:
1763 2068 1920 2122 Bona
1940 2064 2064 2136 qui-

416 2161 548 2215 dem
581 2164 669 2215 est
699 2157 1076 2230 agricultura,
1111 2175 1237 2229 quas
1269 2157 1494 2212 fructus
1528 2155 1827 2211 ministrat
1874 2153 2063 2210 omni-

417 2250 548 2319 bus,
583 2265 709 2320 qua:
741 2247 995 2318 simplici
1046 2245 1335 2302 industria
1393 2244 1722 2301 accumulat
1771 2247 2060 2298 terrarum

416 2336 853 2402 fecunditatem,
891 2334 1033 2390 nihil
1076 2334 1217 2400 doli,
1252 2333 1398 2388 nihil
1433 2333 1656 2388 fraudis
1682 2332 2061 2396 interserens,

413 2426 472 2480 Si
506 2426 652 2480 bene
683 2423 898 2494 aliquis
930 2421 1265 2490 seminavit,
1297 2421 1507 2478 melius
1536 2425 1736 2476 metet.
1791 2421 2062 2476 Fecunda

410 2518 500 2571 est
523 2519 697 2580 terra,
725 2511 1182 2583 multiplicatum
1213 2511 1406 2567 reddit
1430 2511 1582 2581 quod
1609 2510 1848 2582 accipit;
1876 2509 2062 2564 fidelis

414 2607 503 2658 est
526 2619 684 2674 ager,
719 2602 1010 2657 feneratos
1043 2601 1193 2656 solet
1225 2600 1532 2656 restituere
1592 2603 1927 2672 proventus.
1981 2598 2062 2653 De

410 2691 738 2747 redditibus
758 2690 940 2761 igitur
972 2688 1168 2746 uberis
1202 2688 1383 2760 glebae
1411 2693 1746 2760 exspectare
1777 2687 1952 2743 debes
1974 2687 2060 2741 tui

413 2779 738 2834 mercedem
773 2778 1010 2844 laboris,
1044 2779 1115 2834 de
1150 2778 1450 2833 fertilitate
1483 2777 1718 2849 pinguis
1751 2775 1856 2832 soli
1896 2776 2061 2845 justa

414 2892 646 2947 sperare
669 2874 1036 2946 compendia.
1071 2875 1186 2929 Cur
1215 2875 1286 2928 ad
1318 2873 1585 2928 fraudem
1637 2873 1926 2928 convertis
1957 2889 2059 2926 na-

414 2971 556 3019 tura;
587 2964 942 3017 industriam
965 2962 992 3015 ‘I
1015 2961 1358 3016 curinvides
1377 2960 1585 3016 usibus
1617 2961 1924 3015 hominum
1955 2977 2058 3030 pu-

413 3052 598 3107 blicos
621 3055 821 3122 partus
840 3051 868 3104 ?
889 3067 992 3104 cur
1010 3049 1208 3120 populi
1228 3048 1447 3104 minuis
1464 3049 1889 3103 abundantiam
1904 3047 1931 3100 ‘I
1953 3063 2058 3102 cur

415 3140 651 3195 affectas
683 3138 937 3209 inopiam
957 3137 985 3190 ?
1014 3153 1118 3191 cur
1138 3137 1326 3206 optari
1350 3137 1491 3192 facis
1508 3154 1540 3190 a
1562 3136 1925 3207 pauperibus
1945 3140 2061 3190 ste-

415 3228 712 3283 rilitatem.
747 3227 890 3282 Cum
923 3225 1080 3281 enim
1115 3243 1230 3280 non
1262 3225 1526 3280 sentiunt
1556 3223 1838 3280 beneﬁcia
1860 3225 2060 3280 fecun-

413 3317 637 3384 ditatis,
673 3321 728 3371 te
757 3316 1133 3370 auctionante
1151 3314 1428 3385 pretium,
1454 3319 1509 3369 te
1540 3313 1875 3370 continente
1909 3313 2062 3384 (con-

411 3405 608 3475 dente)
637 3404 1016 3472 frumentum,
1051 3406 1254 3474 optant
1283 3402 1478 3473 potius
1511 3400 1656 3455 nihil
1689 3401 1849 3456 nasci
1885 3416 2060 3473 quam

413 3509 466 3559 te
479 3505 550 3558 de
574 3504 725 3557 fame
743 3501 978 3572 publica
999 3498 2064 3571 negotiari.Ambiszfrumentorumin-

414 3590 758 3662 digentiam,
784 3590 1197 3644 alimentorum
1225 3589 1551 3662 penuriam,
1577 3588 1774 3644 uberis
1798 3588 1905 3644 soli
1929 3605 2061 3660 par-

413 3684 508 3733 tus
542 3679 901 3749 ingemiscis,
938 3678 1041 3733 fles
1090 3677 1386 3748 publicam
1423 3676 1804 3748 fertilitatem,
1855 3677 2063 3733 horrea

415 3767 586 3838 plena
619 3767 853 3838 frugum
878 3765 1174 3836 deploras,
1208 3765 1476 3836 exploras
1526 3767 1758 3836 quando
1808 3765 2063 3820 sterilior

415 3860 731 3926 proventus
749 3855 846 3921 sit,
866 3856 1100 3924 quando
1123 3853 1326 3909 exilior
1347 3853 1751 3925 partus.Votis
1774 3855 1892 3909 tuis
1915 3871 2061 3925 gau-

413 3947 515 4000 des
547 3944 816 4000 arrisisse
848 3941 1244 4012 maledictum,
1281 3945 1346 3996 ut
1367 3941 1512 3996 nihil
1544 3942 1821 4013 cuiquam
1853 3959 2061 3998 nasce-

353 4037 362 4040 ’
414 4041 587 4089 retur.
620 4033 783 4087 Tunc
807 4046 1057 4086 messem
1092 4034 1252 4086 tuam
1281 4030 1511 4086 venisse
1534 4029 1770 4095 laetaris,
1794 4034 1936 4084 tunc
1953 4030 2059 4086 tibi

413 4124 484 4178 de
515 4122 779 4178 omnium
814 4120 1054 4175 miseria
1099 4135 1238 4191 opes
1270 4119 1537 4190 congeris
1572 4139 1586 4189 ς
1615 4123 1670 4174 et
1699 4119 1850 4174 hanc
1872 4123 1934 4174 tu
1967 4119 2058 4174 in-

415 4211 706 4266 dustriam
742 4227 936 4279 vocas,
969 4209 1118 4264 hanc
1165 4207 1529 4280 diligentiam
1589 4208 1880 4274 nominas,
1931 4225 2057 4279 quae

415 4298 755 4353 calliditatis
785 4297 1058 4357 versutia.
1093 4301 1150 4352 et
1176 4296 1395 4352 astutia
1418 4295 1641 4351 fraudis
1681 4299 1770 4352 est
1799 4296 1826 4350 ?
1856 4300 1921 4351 Et
1951 4296 2058 4351 hoc

417 4390 473 4440 tu
504 4385 826 4441 remedium
861 4403 1053 4453 vocas,
1087 4386 1240 4456 quod
1275 4390 1364 4440 est
1417 4388 1814 4440 commentum
1847 4385 2056 4456 nequi-

417 4474 504 4528 tiae
528 4474 809 4544 [malitias]
832 4473 860 4528 ‘2
879 4475 1277 4529 Latrocinium
1301 4474 1513 4543 hoc,an
1536 4474 1725 4529 foenus
1743 4473 2059 4546 appellem?
2089 4467 2135 4532 D

421 4573 740 4641 Captantur
772 4574 1056 4641 tanquam
1080 4570 1373 4626 latrocinii
1405 4575 1691 4642 tempora,
1746 4571 1963 4641 quibus
1997 4571 2058 4627 in

416 4657 639 4714 viscera
668 4658 930 4713 omnium
963 4659 1147 4713 durus
1171 4659 1483 4714 insidiator
1505 4659 1751 4729 obrepas
1777 4675 1791 4722 ;
1815 4663 2061 4730 augetur

418 4747 670 4818 pretium
703 4749 985 4815 tanquam
1016 4751 1170 4802 sorte
1204 4746 1573 4802 cumulatum
1617 4747 1878 4802 fmnoris.
1930 4747 2058 4802 Tibi

417 4835 660 4891 conditae
692 4833 880 4905 frugis
910 4834 1338 4906 multiplicatur
1368 4853 1571 4906 usura,
1603 4840 1665 4891 tu
1701 4836 2058 4892 frumentum

418 4931 698 4995 tanquam
729 4923 1041 4978 faenerator
1071 4923 1355 4994 occultas,
1408 4924 1576 4994 quasi
1628 4925 1896 4980 venditor
1953 4941 2061 4980 au-

418 5012 718 5069 ctionaris.
743 5012 890 5067 Idem
928 5011 990 5066 de
1021 5011 1288 5067 Nabuthe.
1326 5013 1738 5080 Fosneratores,
1798 5014 2060 5085 accipitis

418 5117 623 5158 aurum
654 5104 1082 5172 argentumque
1116 5117 1218 5170 pro
1252 5100 1513 5170 pignore,
1557 5105 1613 5154 et
1645 5101 1838 5156 adhuc
1895 5102 2060 5158 illum

419 5193 743 5249 debitorem
776 5190 993 5256 dicitis,
1049 5189 1150 5260 qui
1197 5188 1330 5261 plus
1361 5189 1526 5244 vobis
1558 5190 1824 5259 credidit,
1884 5207 2061 5262 quam

419 5283 644 5354 accepit
674 5279 930 5336 avobis?
960 5279 1290 5335 Creditores
1322 5277 1582 5333 asseritis
1620 5294 1742 5345 vos,
1787 5281 1888 5349 qui
1934 5298 2061 5336 am-

418 5373 574 5445 plius
593 5369 815 5428 debetis
845 5369 872 5424 ?
901 5372 1059 5438 Item,
1091 5384 1211 5440 cap.
1248 5367 1314 5421 14
1341 5365 1436 5420 tib.
1473 5367 1552 5421 De
1583 5366 1786 5421 Tobia.
1839 5369 1950 5440 (14,
2009 5387 2060 5442 q.

417 5462 474 5524 8,
512 5478 559 5516 c.
593 5459 895 5529 Plerique.)
931 5456 1191 5527 Plerique
1251 5454 1605 5527 refugientes
1647 5462 1939 5528 praecepta
1983 5458 2062 5515 le-

419 5547 531 5622 gis,
562 5564 695 5603 cum
727 5545 995 5603 dederint
1015 5545 1325 5618 pecuniam
1361 5543 1841 5616 negotiatoribus,
1865 5564 1980 5604 non
2003 5549 2060 5605 in

2169 467 2448 533 tanquam
2483 481 2723 519 usuram
2767 466 3130 536 (usurarum)
3190 467 3595 524 emolumenta
3630 474 3845 540 perci-

2168 552 2357 623 piunt.
2381 553 2514 608 Ideo
2545 554 2789 609 audiant
2811 554 2952 625 quid
2986 555 3076 610 lex
3105 556 3260 611 dicat
3284 572 3296 609 :
3320 561 3521 628 Neque
3549 576 3842 628 usuram,

2168 643 2378 711 inquit,
2413 659 2678 698 escarum
2720 643 2993 715 accipies,
3045 661 3234 715 neque
3292 647 3560 702 omnium
3624 666 3837 705 rerum

2171 733 2344 802 (Deut.
2381 734 2532 804 xxv).
2563 735 2720 800 Item,
2747 734 2952 789 ibidem
2979 737 3145 806 paulo
3175 737 3433 806 inferius.
3467 738 3610 795 Esca
3642 757 3844 795 usura

2170 827 2277 890 est,
2303 827 2359 877 et
2379 822 2557 878 vestis
2591 839 2772 878 usura
2791 827 2897 891 est,
2918 827 2974 878 et
3000 825 3412 897 quodcumque
3435 828 3579 882 sorti
3599 828 3844 883 accedit

2172 928 2353 966 usura
2384 915 2472 966 est
2502 913 2656 982 quod
2677 912 2815 968 velis
2843 912 2895 968 ei
2928 929 3140 968 nomen
3174 913 3465 986 imponas,
3493 933 3679 971 usura
3713 923 3830 973 est.

2169 1001 2323 1068 Item,
2351 1000 2552 1056 ibidem
2576 1010 2698 1072 post
2724 1002 2940 1072 aliquot
2973 1019 3176 1058 versus.
3211 1003 3269 1058 Si
3316 1005 3449 1075 quis
3481 1005 3676 1061 instau
3691 1024 3835 1062 ran-

2173 1090 2314 1144 dum
2356 1090 2684 1146 convivium
2721 1096 2904 1161 putat,
2956 1092 3027 1146 ad
3072 1091 3489 1163 negotiatorem
3525 1095 3718 1150 mittit
3772 1101 3839 1150 ut

2172 1178 2536 1250 absynthiaci
2560 1179 2850 1249 capellam
2874 1180 2986 1234 sibi
3019 1181 3199 1252 gratis
3229 1181 3486 1236 deferat:
3517 1184 3588 1237 ad
3609 1200 3837 1254 caupo-

2175 1282 2304 1320 nem
2338 1266 2558 1338 dirigit,
2593 1267 2947 1322 utPieenum
2974 1268 3172 1323 vinum
3194 1270 3834 1344 autTyriacumrequi-

2173 1359 2282 1423 rat,
2309 1357 2379 1410 ad
2412 1355 2636 1410 lanium
2670 1361 2733 1411 ut
2760 1357 2993 1412 vulvam
3027 1357 3256 1426 [hilam,
3288 1375 3435 1412 nunc
3467 1359 3628 1415 habet
3659 1362 3823 1415 Amb.

2171 1449 2223 1499 et
2271 1444 2544 1516 Gratiam]
2575 1445 2685 1500 sibi
2715 1451 3006 1516 procuret,
3040 1447 3109 1501 ad
3146 1445 3350 1514 alium,
3386 1452 3450 1503 ut
3481 1449 3595 1503 sibi
3645 1467 3828 1520 poma

2175 1533 2436 1588 adornet

2173 1646 2288 1698 CAP
2318 1641 2414 1696 27.
2456 1670 2524 1714 έ
2557 1640 2716 1711 Quod
2745 1642 2864 1696 sine
2894 1647 3044 1714 ferro
3076 1643 3255 1714 alium
3278 1643 3521 1714 jugulat,
3564 1646 3665 1714 qui
3695 1660 3831 1699 usu-

2245 1729 2366 1765 ram
2418 1713 2489 1766 ab
2517 1727 2576 1766 eo
2605 1714 2858 1781 ﬂagitat.
2889 1713 3036 1768 Idem
3070 1713 3338 1784 (eiusdem
3370 1714 3466 1768 tib.
3497 1731 3544 1770 c.
3573 1713 3684 1785 15).

2246 1804 2357 1874 (lli,
2387 1821 2442 1875 q.
2474 1803 2527 1872 Δ,
2552 1820 2598 1858 c.
2626 1803 2870 1875 Clerici.)
2892 1806 2980 1858 Ab
3011 1803 3108 1859 illo
3139 1803 3301 1876 exige
3324 1821 3565 1860 usuram
3591 1805 3686 1860 cui
3721 1823 3824 1860 no-

2174 1908 2302 1946 cere
2334 1892 2539 1946 merito
2561 1891 2881 1958 desideras,
2915 1893 3006 1948 cui
3033 1894 3164 1963 jure
3225 1893 3558 1948 inferuntur
3615 1911 3824 1962 arma;

2174 1979 2311 2034 huic
2342 1980 2954 2051 legitimeinferuntur
3011 1999 3224 2052 usurae,
3289 1999 3461 2052 quem
3513 1982 3668 2039 bello
3704 2001 3820 2039 non

2171 2072 2336 2139 potes
2368 2068 2534 2124 facile
2565 2069 2829 2138 vincere;
2864 2070 2934 2124 ab
2967 2070 3074 2126 hoc
3125 2087 3363 2126 usuram
3424 2071 3586 2141 exige
3644 2089 3821 2142 quem

2173 2174 2288 2212 non
2320 2159 2397 2213 sit
2417 2158 2636 2213 crimen
2657 2159 2938 2214 occidere.
2963 2161 3096 2214 Sine
3110 2159 3261 2214 ferro
3285 2159 3528 2214 dimicat
3551 2160 3649 2230 qui
3677 2178 3822 2217 usu-

2171 2263 2294 2300 ram
2329 2247 2573 2317 ﬂagitat,
2607 2247 2734 2302 sine
2755 2247 2948 2319 gladio
2972 2265 3030 2303 se
3061 2249 3131 2303 de
3163 2249 3332 2303 hoste
3369 2248 3694 2316 ulciscitur,
3719 2251 3820 2320 qui

2172 2336 2346 2392 fuerit
2367 2337 2673 2393 usurarius
2705 2338 3203 2394 exaetorinimici.
3228 2340 3376 2410 Ergo
3403 2338 3501 2393 ubi
3527 2339 3628 2408 jus
3660 2340 3819 2408 belli,

2172 2426 2249 2479 ibi
2277 2427 2378 2495 jus
2415 2443 2625 2480 usurae.

2168 2514 2564 2590 Car.‘28._—-
2597 2521 2685 2590 De_
2741 2515 2956 2590 clericis
3014 2521 3307 2573 usurariis.
3369 2519 3628 2590 Gelasius
3672 2536 3821 2590 papa

2237 2586 2512 2724 gpiscoiplig
2529 2604 2628 2657 per
2658 2587 2979 2656 Lucaniam,
3012 2592 3252 2656 Brutios,
3286 2595 3340 2644 et
3361 2589 3613 2645 Siciliam
3637 2586 3817 2662 (epist.

2280 2699 2292 2722 ,
2326 2672 2372 2710 c.
2473 2699 2483 2709 .

2242 2745 2350 2814 (14,
2382 2762 2432 2816 q.
2469 2746 2522 2815 4,
2553 2762 2599 2800 c.
2634 2747 2876 2817 Clerici.)
2908 2748 3112 2804 Clerici
3137 2755 3238 2805 aut
3268 2753 3338 2808 ab
3372 2753 3630 2827 indignis
3655 2771 3815 2825 qua:-

2169 2833 2359 2889 stibus
2390 2835 2660 2889 noverint
2681 2837 3123 2905 abstinendum,
3149 2841 3289 2895 etab
3312 2844 3470 2897 omni
3497 2843 3818 2913 cujuslibet

2167 2923 2561 2993 ncgotationis
2593 2925 2824 2994 ingenio
2848 2925 2934 2980 vel
2957 2929 3275 2997 cupiditate
3295 2933 3647 2987 cessandum
3678 2948 3692 2998 ;
3717 2934 3819 2985 aut

2167 3011 2226 3065 in
2252 3029 2600 3083 quocunque
2614 3013 2800 3083 gradu
2819 3014 2939 3069 sint
2960 3017 3133 3079 positi
3161 3035 3291 3073 mox
3315 3019 3684 3075 clericalibus
3733 3019 3817 3073 of-

2093 3101 2135 3168 C
2177 3099 2323 3155 ficiis
2356 3100 2647 3156 abstinere
2677 3107 2978 3173 cogantur.

2171 3207 2287 3261 CAP
2315 3207 2405 3260 29.
2435 3239 2503 3246 —
2537 3208 2807 3284 Deservis
2864 3209 2962 3284 Dei
3018 3215 3336 3284 venationes
3390 3223 3442 3269 et
3503 3214 3820 3284 hujusmodi

2321 3279 2720 3334 exercentibus.
2755 3282 3080 3351 Bonifacius
3112 3283 3365 3340 Guiberto
3395 3279 3662 3356 episcopo.

2241 3365 2398 3421 Servi
2433 3366 2530 3421 Dei
2563 3371 2625 3421 ut
2657 3368 2992 3425 venationes
3023 3375 3079 3426 et
3129 3371 3422 3428 silvaticus
3477 3374 3820 3445 vagationes

2174 3471 2306 3509 cum
2335 3455 2601 3522 canibus,
2647 3459 2704 3510 et
2736 3459 2799 3511 ut
2829 3458 3137 3530 accipitres
3171 3469 3223 3515 et
3258 3461 3513 3517 falcones
3562 3479 3677 3518 non
3713 3462 3819 3517 ha-

2173 3544 2369 3611 beant,
2401 3543 2804 3614 prohibemus.

2172 3632 2302 3687 ΟΜ).
2337 3633 2423 3687 30.
2474 3664 2535 3673 —
2571 3634 2644 3688 De
2667 3634 2871 3698 eodem,
2906 3640 2955 3689 et
2975 3653 3134 3706 paena
3184 3653 3389 3694 eorum.
3451 3641 3533 3694 Ea:
3587 3640 3819 3694 concilio

2702 3706 3023 3776 Agathensi,
3053 3724 3171 3778 cap.
3191 3709 3279 3764 55.

2241 3793 2400 3858 (Dist.
2434 3792 2522 3861 34,
2554 3809 2600 3847 3.
2624 3793 2970 3866 Episcopum,
3010 3797 3437 3868 presbyterum.)
3489 3798 3817 3870 Episcopis,

2171 3880 2546 3952 presbyteris,
2583 3881 2929 3938 diaeonibus
2963 3900 3134 3940 canes
3165 3887 3232 3941 ad
3297 3887 3658 3955 venandum,
3717 3893 3818 3941 aut

2169 3967 2479 4039 accipitres
2510 3968 2725 4024 habere
2757 3987 2867 4026 non
2901 3971 3072 4027 liceat
3106 3992 3119 4029 ε
3155 3975 3309 4044 quod
3344 3974 3392 4030 si
3442 3975 3574 4046 quis
3611 3975 3814 4030 lalium

2169 4072 2551 4128 personarum
2594 4057 2650 4111 in
2684 4057 2791 4112 hac
2823 4059 3122 4117 voluntate
3156 4061 3495 4134 [voluptate]
3548 4064 3814 4118 detectus

2168 4145 2344 4200 fuerit
2376 4163 2390 4215 ;
2422 4145 2470 4200 si
2501 4145 2833 4218 episcopus,
2865 4149 3055 4206 tribus
3078 4151 3379 4206 mensibus
3411 4169 3523 4207 sea
3548 4169 3816 4207 commu-

2171 4235 2342 4288 nione
2373 4233 2667 4290 abstineat
2696 4235 3290 4308 (suspendat.orig.);
3326 4240 3650 4310 presbyter,
3676 4241 3817 4296 duo-

2169 4321 2279 4376 bus
2311 4322 2614 4377 mensibus
2646 4339 2707 4378 se
2739 4324 3031 4382 abstineat
3061 4347 3075 4395 ;
3111 4327 3393 4383 diaconus
3413 4345 3528 4384 uno
3554 4329 3626 4384 ab
3659 4325 3817 4384 omni

2169 4410 2358 4465 officio
2390 4410 2477 4467 vel
2509 4413 2926 4470 communione
2958 4419 3167 4472 cesset.

2168 4518 2297 4573 CAP.
2353 4518 2442 4573 3|.
2490 4549 2557 4559 -—
2587 4520 2679 4574 Nil
2717 4537 2833 4576 esse
2861 4521 3114 4578 dandum
3137 4523 3488 4578 venatoribus
3521 4527 3568 4578 et
3590 4523 3817 4578 histrio-

2237 4589 2820 4729 nibusb)Augitstirzus
2862 4609 3032 4664 super
3083 4596 3283 4666 psalm.
3343 4612 3440 4662 cu,
3491 4596 3672 4666 cap.2
3729 4593 3818 4665 (ad

2240 4676 2380 4715 vers.
2475 4700 2488 4714 .

2240 4676 2380 4715 vers.
2409 4676 2488 4715 Ο).

2238 4749 2398 4819 (Dist.
2432 4751 2520 4818 86,
2580 4767 2626 4806 c.
2675 4752 2782 4819 Qui
2837 4753 3232 4823 venatoribus.)
3293 4753 3398 4816 Qui
3439 4757 3816 4811 venatoribus

2168 4838 2409 4904 donant,
2441 4855 2622 4909 quare
2657 4839 2911 4896 donant?
2944 4841 3144 4897 dicant
3175 4841 3341 4911 mihi,
3365 4859 3543 4913 quare
3566 4844 3710 4899 dant
3731 4861 3817 4899 ve-

2171 4927 2356 4982 natori
2382 4929 2403 4981 Ρ
2430 4931 2548 4983 Hoc
2581 4928 2639 4982 in
2674 4927 2775 4984 illo
2807 4935 3010 4986 amant
3040 4930 3098 4985 in
3135 4948 3246 5003 quo
3272 4932 3683 5002 nequissimus
3713 4939 3816 4999 est,

2169 5014 2350 5071 hocin
2371 5015 2468 5072 illo
2489 5022 2762 5088 pascunt,
2785 5018 2893 5074 hoc
2916 5019 2975 5074 in
2991 5019 3090 5075 illo
3107 5021 3386 5089 vestiunt,
3410 5021 3600 5093 ipsam
3628 5023 3820 5095 nequi-

2170 5104 2311 5159 tiam
2337 5106 2632 5176 publicam
2652 5108 2980 5178 (publieant
2996 5110 3155 5166 habet
3178 5110 3453 5180 Gratian.)
3475 5112 3822 5183 spectaculis

2170 5195 2457 5249 omnium.
2490 5194 2596 5258 Qui
2612 5195 2793 5251 donat
2816 5197 3227 5266 histrionibus,
3247 5199 3543 5270 quidonat
3565 5200 3820 5256 meretri-

2170 5281 2358 5350 cibus,
2380 5299 2562 5353 quare
2583 5283 2803 5340 donat?
2828 5285 3103 5357 Nunquid
3132 5304 3246 5345 non
3270 5288 3458 5359 etipsi
3483 5288 3821 5344 hominibus

2171 5372 2440 5427 donant?
2461 5372 2586 5428 Non
2621 5377 2816 5430 tamen
2849 5380 3123 5432 naturam
3155 5375 3237 5431 ibi
3287 5377 3602 5432 attendunt
3631 5379 3820 5450 operis

2170 5463 2294 5530 Dei,
2327 5464 2428 5519 sed
2460 5465 2784 5536 nequitiam
2808 5467 3002 5538 operis
3032 5468 3276 5524 humani
3334 5470 3488 5539 Item,
3519 5471 3688 5542 paulo
3735 5471 3817 5523 in-

2169 5551 2345 5623 ferius
2374 5553 2458 5626 (in
2503 5555 2684 5611 eumd.
2715 5555 2883 5628 paul.)
2915 5556 3023 5622 Qui
3053 5557 3315 5614 venatori
3347 5558 3547 5628 donat,
3576 5576 3692 5616 non
3718 5560 3816 5615 ho-
