4002 6054
229 297 343 351 809

1113 295 1422 348 DECRETI
1461 294 1644 346 PARS
1680 292 1827 345 XIII.
1865 321 1930 332 ——-
1962 293 2056 344 DE
2093 290 2562 359 RAPTORIBUS,
2604 296 2764 350 ETC.

3538 304 3649 359 810

231 422 382 476 mini
415 421 612 490 donat,
632 420 731 476 sed
756 419 863 475 arti
888 417 1282 490 nequissimae,
1306 433 1439 471 nam
1466 417 1515 471 si
1538 416 1713 471 homo
1755 420 1879 470 tan-
1909 421 1960 487 Α
1992 417 2197 471 arbore
2223 420 2319 471 tua
2351 419 2743 492 consederint,
2768 426 3081 496 antequam
3116 443 3149 481 a
3177 430 3231 482 te
3261 427 3420 484 alveo
3453 429 3645 486 inclu-

229 516 363 565 tum
396 514 551 566 esset
580 514 637 564 et
660 514 899 564 venator
920 524 1035 562 non
1059 511 1233 573 esset,
1261 522 1372 559 non
1398 506 1446 561 ei
1485 507 1754 573 donares,
1777 505 1879 559 ho-

228 617 411 655 norae
443 598 499 653 in
530 615 596 654 eo
629 597 834 653 vitium
868 614 984 653 non
1017 600 1312 651 naturam.

228 706 350 761 CAP
403 706 490 761 32.
522 736 591 747 ——
620 706 695 761 Ne
736 704 979 761 videntes
1026 711 1339 757 venatorem
1386 700 1735 755 delectentur.
1771 700 1881 755 Au-

628 786 770 847 gust.
802 793 969 846 super
996 775 1140 844 psal.
1171 791 1289 843 cap.
1322 791 1493 827 XLVII.

305 878 462 946 (Dist.
494 878 585 942 86,
618 893 664 930 ο.
706 875 892 931 Vident
925 874 1221 940 homines.)
1251 872 1460 925 Vident
1488 869 1758 924 homines
1793 885 1883 923 ve-

229 973 523 1035 natorem,
572 971 625 1021 et
682 964 1090 1029 delectantur;
1138 979 1218 1015 vas
1279 960 1508 1015 miseris
1559 959 1605 1014 si
1659 976 1772 1013 non
1824 975 1886 1013 se

232 1055 631 1112 correxerint!
686 1054 793 1120 Qui
843 1053 998 1108 enim
1050 1051 1247 1106 vident
1293 1055 1628 1105 venatorem
1680 1054 1735 1102 et
1782 1049 1876 1102 de-

233 1148 557 1213 lectantur,
608 1145 889 1200 videbunt
940 1140 1295 1197 Salvatorem
1347 1144 1403 1193 et
1450 1138 1886 1193 contristabun-

234 1241 353 1291 tur.

236 1343 375 1397 CAP.
424 1343 514 1398 33.
568 1372 634 1382 —
692 1339 843 1409 Quod
896 1341 1074 1394 sancti
1150 1336 1509 1392 inveniantur
1560 1336 1883 1409 piscatores,

309 1415 458 1469 nulli
486 1404 803 1558 9v)enutorrs.
852 1413 1215 1481 Hieronymus
1264 1424 1428 1479 super
1471 1404 1619 1479 psal.
1670 1423 1738 1459 xc
1795 1404 1887 1476 (ad

312 1504 453 1542 vers.
488 1523 521 1539 ,ο
553 1528 563 1539 .

312 1504 453 1542 vers.
487 1504 563 1542 ΖΙ.

310 1577 466 1647 (Dist.
515 1576 604 1636 86,
655 1590 701 1628 ο,
759 1572 948 1642 Esau.)
1003 1571 1153 1625 Esau
1220 1571 1460 1622 venator
1524 1571 1650 1621 erat
1706 1564 1883 1634 (Gen.,

234 1669 415 1733 χχιχ),
449 1664 726 1737 quoniam
761 1667 1026 1734 peccator
1048 1664 1280 1714 erat.Et
1313 1658 1546 1729 penitus
1579 1673 1692 1710 non
1728 1655 1886 1709 inve-

240 1756 437 1809 nimus
466 1755 523 1808 in
554 1751 870 1823 Scripturis
902 1750 1122 1805 sanctis
1151 1754 1420 1804 sanctum
1444 1746 1695 1816 aliquem
1722 1760 1889 1797 vena-

237 1852 422 1899 torem
450 1861 463 1911 ;
498 1843 813 1913 piscatores
844 1838 1170 1893 invenimus
1202 1840 1456 1891 sanctos.

236 1954 370 2006 CAP.
401 1951 490 2004 34.
523 1979 589 1989 -
622 1947 771 2016 Quod
799 1946 943 2000 nihil
988 1944 1207 2015 prodest
1248 1944 1500 2016 ieiunare
1558 1940 1882 2016 visceribus,

312 2031 362 2078 et
405 2014 688 2075 luxuriari
734 2014 1040 2073 venatibus.
1098 2016 1409 2070 Ambrosius
1460 2014 1711 2078 homilia,
1762 2025 1887 2081 quae

310 2096 391 2148 sic
420 2094 645 2163 incipit:
695 2091 960 2145 Diximus
1012 2087 1311 2160 su'periore
1360 2085 1663 2141 Dominica
1700 2084 1884 2153 (serm.

311 2166 528 2234 XXXIII).

313 2256 469 2325 (Dist.
511 2254 600 2321 86,
641 2268 687 2306 c.
732 2250 873 2318 Quid
917 2248 1179 2320 prodest.)
1236 2247 1381 2312 Quid
1445 2245 1682 2316 prodest
1729 2244 1885 2313 jeju-

238 2358 379 2399 nare
410 2342 756 2409 visceribus,
787 2347 844 2395 et
892 2337 1173 2394 luxuriari
1218 2334 1564 2390 venatibus?
1595 2332 1888 2387 abstinere

238 2432 406 2497 cibis,
432 2446 626 2486 errare
656 2428 949 2501 peccatis?
982 2428 1131 2492 Item,
1164 2426 1329 2495 paulo
1369 2431 1511 2494 post.
1548 2429 1634 2476 An
1668 2421 1888 2492 putatis

237 2522 407 2575 illum
432 2521 727 2590 jejunare,
761 2520 992 2581 fratres,
1026 2516 1124 2586 qui
1159 2516 1346 2584 primo
1378 2510 1636 2566 diluculo
1668 2526 1782 2563 non
1815 2510 1887 2563 ad

238 2608 545 2662 ecclesiam
583 2606 804 2677 vigilat,
841 2621 954 2660 non
986 2605 1292 2658 beatorum
1327 2607 1650 2672 martyrum
1686 2602 1888 2651 sancta

241 2698 367 2752 loca
401 2696 708 2767 perquirit,
731 2696 829 2749 sed
856 2710 1104 2765 surgens
1135 2696 1445 2761 congregat
1476 2686 1886 2752 servulos,dis-

239 2786 405 2857 ponit
448 2785 613 2849 retia,
647 2800 820 2838 canes
866 2782 1151 2853 producit,
1182 2780 1367 2835 saltus
1418 2778 1711 2847 silvasque
1760 2791 1887 2845 per-

238 2873 501 2928 lustrat?
544 2871 837 2933 Servulos,
881 2873 1147 2940 inquam,
1182 2886 1380 2923 secum
1434 2865 1737 2937 pertrahit.
1774 2863 1887 2917 for-

238 2968 397 3018 tasse
414 2962 600 3033 magis
615 2962 684 3015 ad
699 2960 1003 3015 ecclesiam
1028 2959 1395 3021 festinantes,
1416 2960 1473 3009 et
1490 2954 1889 3024 voluptatibus

242 3051 366 3106 suis
391 3055 622 3120 peccata
644 3048 980 3103 accumulat
1003 3047 1215 3110 aliena,
1240 3045 1506 3101 nesciens
1530 3060 1693 3097 reum
1718 3058 1781 3096 se
1804 3044 1887 3095 t'u-

238 3144 435 3193 turum
470 3142 589 3193 tam
624 3139 695 3192 de
725 3154 832 3192 suo
864 3136 1076 3191 delicto
1102 3152 1279 3206 quam
1314 3135 1382 3188 de
1415 3132 1741 3204 perditione
1772 3147 1886 3186 ser-

236 3244 465 3283 vorum.

238 3334 371 3388 CAP.
406 3335 492 3387 35.
526 3362 596 3373 --
628 3333 761 3401 Quae
792 3334 976 3386 bestiae
1009 3332 1088 3386 vel
1119 3347 1246 3385 aves
1274 3331 1386 3384 sint
1414 3332 1570 3400 ferae,
1604 3342 1729 3398 qua
1776 3343 1886 3382 non

724 3406 971 3473 Institut.
1007 3403 1104 3458 lib.
1141 3421 1203 3469 ιι,
1234 3403 1318 3456 tit.
1356 3420 1393 3455 ι.

308 3504 460 3557 Ferae
491 3501 714 3569 bestiae,
749 3507 804 3555 et
832 3499 1122 3566 volucres,
1158 3504 1215 3553 et
1244 3499 1452 3569 pisces,
1477 3498 1534 3551 id
1568 3502 1658 3551 est
1688 3495 1886 3550 omnia

236 3591 514 3646 animalia
546 3608 676 3661 qua:
707 3590 765 3644 in
799 3599 968 3655 terra,
991 3588 1137 3643 mari
1162 3588 1418 3656 caeloque
1452 3584 1882 3651 nascuntur,si-

237 3679 358 3733 mul
387 3685 557 3748 atque
597 3679 668 3732 ab
721 3678 915 3748 aliquo
963 3682 1135 3748 capta
1184 3676 1576 3743 fuerint,jure
1621 3673 1882 3744 gentium

235 3768 429 3823 statim
460 3766 623 3821 illius
654 3783 781 3821 esse
804 3766 1113 3837 incipiunt.
1141 3764 1300 3828 Quod
1327 3764 1479 3817 enim
1507 3767 1640 3816 ante
1662 3761 1883 3815 nullius

236 3862 346 3922 est,
381 3857 433 3910 id
466 3855 719 3910 naturali
754 3857 976 3909 ratione
1024 3852 1335 3925 occupanti
1384 3851 1742 3914 conceditur,
1780 3865 1882 3903 nec

233 3946 477 4000 interest
500 3946 649 3999 feras
672 3945 889 3999 bestias
912 3949 968 3997 et
988 3942 1249 3998 volucres
1274 3946 1471 3995 utrum
1490 3940 1548 3993 in
1574 3956 1679 3994 suo
1702 3939 1881 3992 fundo

235 4036 483 4106 quisque
541 4033 751 4103 capiat,
786 4033 844 4086 in
880 4032 1088 4086 alieno.
1126 4032 1295 4085 Plane
1327 4030 1424 4100 qui
1458 4028 1713 4083 alienum
1751 4028 1878 4080 fun-

229 4125 367 4177 dum
392 4124 719 4192 ingreditur
737 4119 982 4175 venandi
1002 4125 1103 4174 aut
1129 4118 1459 4189 aucupandi
1484 4116 1671 4187 gratia
1692 4120 1881 4186 potest

222 4228 254 4266 a
275 4211 547 4271 Domino,
566 4210 612 4263 si
640 4211 689 4263 is
716 4211 1054 4278 providerit,
1080 4207 1372 4279 prohiberi
1401 4223 1469 4260 ne
1496 4206 1874 4275 ingrediatur.

223 4300 523 4369 Quidquid
558 4307 744 4353 autem
780 4297 1006 4369 ceperis
1037 4313 1294 4367 cousque
1327 4304 1497 4350 tuum
1517 4294 1878 4350 esseintelli-

228 4389 405 4459 gitur,
441 4389 626 4441 donec
672 4395 772 4441 tua
821 4387 1089 4441 custodia
1139 4392 1455 4439 coercetur.
1490 4390 1631 4437 Cum
1682 4391 1878 4437 autem

227 4477 472 4532 evaserit
502 4478 830 4531 custodiam
866 4482 1046 4539 tuam,
1080 4482 1136 4530 et
1166 4475 1224 4528 in
1260 4475 1584 4529 naturalem
1642 4474 1875 4528 liberta-

225 4572 339 4620 tem
375 4583 436 4620 se
470 4567 774 4636 receperit,
808 4572 975 4619 tuum
1021 4581 1149 4618 esse
1192 4564 1387 4631 desiit,
1422 4569 1477 4617 et
1510 4580 1743 4618 rursum
1779 4578 1873 4616 oc-

1990 508 2224 569 dantur,
2247 522 2356 559 non
2401 509 2589 588 magis
2618 516 2730 566 tuae
2761 529 2889 567 esse
2920 513 3331 586 intelliguntur
3348 534 3522 588 quam
3541 537 3646 575 vo-

1992 598 2182 658 lucres
2216 620 2339 674 qua:
2374 586 2441 660 in.
2464 609 2559 658 tua
2593 604 2798 658 arbore
2831 604 3034 660 nidum
3073 605 3348 673 fecerint;
3398 608 3644 679 ideoque

1992 690 2041 743 si
2076 691 2227 746 alius
2259 710 2354 747 eas
2387 692 2711 757 incluserit,
2748 692 2795 747 is
2827 710 3025 747 earum
3058 696 3336 751 dominus
3368 697 3516 765 erit;
3565 698 3644 752 Γᾶς

1993 797 2091 835 vos
2128 798 2379 852 quoque,
2406 783 2452 837 si
2488 799 2634 854 quos
2657 782 2969 847 effecerint,
2995 784 3242 853 quilibet
3263 785 3514 841 eximere
3549 803 3644 856 p0-

1992 874 2125 925 test.
2162 870 2336 925 Plane
2369 872 2594 942 integra
2644 888 2720 936 re,
2751 871 2799 923 si
2855 871 3181 941 praevideris
3215 872 3640 943 ingredientem

1993 958 2244 1013 fundum
2279 965 2469 1024 tuum,
2499 965 2659 1031 potes
2692 977 2823 1014 eum
2850 962 2983 1029 jure
3017 962 3322 1031 prohibere
3357 980 3427 1016 ne
3453 963 3641 1034 ingre-

1996 1046 2207 1103 diatur.
2238 1050 2493 1103 Examen
2541 1065 2774 1119 quoque
2804 1065 2870 1103 ex
2903 1049 3062 1104 alveo
3094 1055 3194 1106 tuo
3226 1051 3273 1105 si
3309 1050 3639 1119 evolaverit,

1994 1151 2249 1205 eousque
2281 1142 2446 1190 tuum
2484 1136 2853 1208 intelligitur,
2887 1138 3068 1192 donec
3101 1138 3157 1192 in
3194 1144 3510 1209 conspectu
3541 1143 3642 1193 tuo

1994 1229 2101 1291 est,
2127 1242 2230 1281 nec
2254 1225 2511 1281 difﬁcilis
2532 1227 2659 1296 ejus
2685 1227 3009 1296 persecutio
3028 1231 3135 1293 est,
3160 1226 3417 1296 alioquin
3468 1244 3646 1283 occu~

1996 1313 2189 1384 pantis
2246 1315 2327 1369 ﬁt.
2366 1316 2668 1370 Pavonum
2715 1320 2771 1369 et
2814 1316 3218 1370 columbarum
3266 1316 3388 1371 fera
3438 1320 3645 1373 natura

1996 1406 2103 1467 est,
2148 1418 2250 1455 nec
2300 1404 2371 1456 ad
2417 1419 2535 1457 rem
2592 1404 2842 1474 pertinet
2899 1404 3054 1473 quod
3106 1420 3174 1459 ex
3219 1405 3646 1459 consuetudine

1996 1490 2223 1545 avolare
2253 1502 2308 1545 et
2342 1491 2596 1546 revelare
2636 1492 2844 1557 solent,
2880 1510 3013 1546 nam
3069 1497 3126 1548 et
3174 1510 3312 1564 apes
3362 1494 3512 1548 idem
3558 1494 3645 1548 fa-

1997 1580 2177 1644 ciunt,
2203 1597 2453 1650 quarum
2488 1586 2715 1635 constat
2746 1583 2927 1636 feram
2961 1598 3089 1637 esse
3120 1588 3414 1637 naturam.
3437 1584 3648 1639 Cervos

1997 1685 2228 1739 quoque
2259 1668 2341 1724 ita
2372 1670 2610 1740 quidam
2644 1676 2980 1726 mansuetos
3011 1672 3247 1738 habent,
3282 1677 3346 1725 ut
3375 1671 3434 1725 in
3468 1671 3647 1727 silvas

1998 1758 2080 1812 ire
2103 1763 2158 1813 et
2182 1759 2367 1813 redire
2391 1758 2637 1824 soleant,
2665 1776 2913 1829 quorum
2940 1767 2997 1814 et
3020 1761 3282 1831 ipsorum
3308 1761 3491 1815 feram
3519 1777 3647 1815 esse

1996 1852 2263 1901 naturam
2296 1864 2467 1901 nemo
2502 1852 2771 1919 negat.In
2798 1848 2889 1903 his
2912 1854 3106 1903 autem
3141 1848 3496 1904 animalibus
3520 1867 3646 1920 quas

1995 1955 2064 1994 ex
2092 1940 2516 1994 consuetudine
2546 1940 2704 1995 abire
2736 1945 2791 1994 et
2823 1940 3009 1994 redire
3040 1939 3249 2004 solent,
3280 1941 3416 1994 talis
3447 1939 3650 2010 regula

1996 2029 2373 2099 comprobata
2404 2033 2493 2083 est
2525 2033 2587 2083 ut
2615 2045 2872 2099 eousque
2903 2033 3005 2082 tua
3037 2045 3167 2083 esse
3219 2028 3649 2099 intelligantur,

1997 2116 2179 2171 donec
2214 2118 2477 2172 animum
2506 2117 2827 2173 revertendi
2868 2117 3144 2172 habeant.
3176 2117 3321 2171 Nam
3372 2134 3506 2172 cum
3558 2134 3650 2172 re-

1996 2207 2255 2260 vertendi
2290 2208 2549 2261 animum
2582 2207 2796 2261 habere
2829 2207 3130 2275 desierint,
3158 2208 3354 2276 etjam
3388 2211 3490 2260 tua
3520 2220 3650 2260 esse

1998 2295 2296 2361 desinunt,
2327 2302 2384 2349 et
2418 2296 2565 2350 ﬁunt
2596 2296 3025 2366 occupantium.
3075 2295 3421 2350 Revertendi
3455 2298 3651 2349 autem

1999 2383 2258 2437 animum
2293 2384 2566 2439 videntur
2592 2385 2857 2439 desinere
2889 2385 3122 2450 habere,
3157 2400 3289 2439 cum
3325 2384 3651 2440 revertendi

1998 2472 2481 2527 consuetudinem
2508 2474 2890 2537 deseruerint,
2910 2473 3268 2527 Gallinarum
3296 2479 3353 2528 et
3374 2488 3651 2527 anserum

1997 2578 2111 2615 non
2145 2566 2231 2615 est
2262 2563 2381 2615 fera
2410 2566 2651 2629 natura;
2687 2563 2864 2632 idque
2895 2578 2960 2616 ex
2993 2577 3058 2616 eo
3093 2576 3412 2632 possumus
3437 2561 3653 2615 intelli-

1997 2664 2130 2721 gere
2161 2651 2313 2719 quod
2349 2650 2473 2703 aliae
2506 2655 2645 2704 sunt
2692 2650 2923 2721 gallinas
2974 2667 3121 2720 quas
3170 2650 3323 2705 feras
3372 2666 3650 2705 vocamus

1997 2739 2134 2793 item
2194 2738 2290 2793 alii
2350 2756 2586 2794 anseres
2644 2745 2783 2794 sunt
2849 2757 2997 2811 quos
3065 2739 3215 2794 feras
3284 2738 3653 2810 appellamus

2000 2829 2250 2899 Ideoque
2302 2829 2349 2882 si
2410 2845 2648 2883 anseres
2704 2829 2810 2895 tui,
2863 2834 2965 2883 aut
3012 2833 3123 2883 tuae
3171 2827 3399 2900 gallinas
3458 2828 3654 2899 aliquo

1999 2931 2137 2971 casu
2202 2916 2456 2982 turbati,
2518 2917 2836 2972 turbataeve
2886 2916 3270 2984 evolaverint,
3334 2916 3468 2971 licet
3516 2932 3655 2971 con-

2003 3011 2265 3075 spectum
2325 3011 2490 3061 tuum
2542 3007 2874 3077 effugerint,
2925 3022 3277 3079 quocunque
3320 3006 3447 3061 loco
3492 3013 3656 3080 sunt,

1996 3096 2081 3150 tui
2114 3101 2296 3150 tuaeve
2327 3112 2455 3150 esse
2487 3095 2917 3167 intelliguntur,
2952 3101 3009 3150 et
3051 3095 3153 3166 qui
3201 3095 3471 3150 lucrandi
3522 3098 3657 3152 ani-

1998 3201 2091 3239 mo
2125 3202 2190 3239 ea
2221 3185 2499 3239 animalia
2520 3185 2747 3252 retinet,
2776 3185 2997 3239 furtum
3018 3183 3369 3257 intelligitur
3387 3188 3659 3242 commit-

1918 3286 1960 3352 ρ
2000 3278 2139 3329 tere.

1994 3382 2126 3436 CAP.
2159 3383 2247 3435 36.
2273 3413 2340 3422 -—
2372 3382 2523 3449 Quod
2552 3383 3051 3438 ecclesiasticarum
3079 3399 3270 3437 rerum
3302 3382 3563 3436 incendia
3598 3389 3654 3436 et

2062 3452 2502 3524 depraedationes
2532 3472 2629 3525 pro
2663 3455 2972 3509 emunitate
3000 3457 3112 3508 sint
3159 3452 3544 3525 emendandw.
3572 3456 3654 3525 Ea:

2062 3528 2219 3594 epist.
2248 3525 2496 3592 GregOrii
2522 3524 2676 3596 papae
2706 3526 2775 3579 ad
2810 3527 3191 3581 Constantiam
3224 3528 3485 3597 reginam
3518 3524 3657 3580 Gal-

2063 3598 2158 3653 liae
2188 3598 2249 3667 (ι.
2285 3614 2341 3650 Iv
2370 3600 2586 3665 regist.,
2617 3597 2776 3667 epist.
2811 3599 2899 3661 33,
2934 3613 3025 3652 seu
3055 3613 3102 3651 ε.
3131 3598 3244 3665 77).

2062 3686 2170 3755 (12,
2205 3702 2261 3755 q.
2293 3688 2346 3750 2,
2382 3702 2429 3739 c.
2467 3687 2599 3740 Cum
2647 3686 3095 3753 devotissimam.)
3144 3691 3285 3740 Cum
3339 3685 3635 3741 dominam

1989 3773 2171 3828 sciam
2196 3774 2265 3827 de
2287 3772 2506 3829 cmlesti
2529 3774 2646 3829 vita
2666 3779 2839 3845 atque
2866 3775 3124 3829 remedio
3148 3775 3357 3830 animas
3389 3791 3507 3830 sua:
3540 3791 3631 3829 se-

1989 3861 2126 3917 dulo
2160 3862 2433 3934 cogitare,
2469 3864 2700 3933 culpam
2738 3880 2829 3917 me
2860 3864 3227 3919 committere
3264 3864 3639 3919 vehementer

1988 3951 2281 4017 existimo,
2314 3954 2359 4006 si
2394 3969 2459 4006 ea
2490 3968 2619 4022 quae
2668 3969 2771 4023 pro
2822 3954 3033 4007 timore
3081 3952 3504 4022 omnipotentis
3536 3954 3641 4007 Dei

1989 4046 2127 4093 sunt
2174 4041 2561 4111 suggerenda,
2597 4041 2834 4107 aituero,
2868 4045 2925 4095 et
2973 4046 3027 4094 te
3079 4040 3517 4094 sanctissimam
3573 4042 3645 4096 de

1987 4129 2375 4183 ecclesiastica
2405 4146 2542 4199 pace
2555 4129 2757 4183 sedulo
2775 4146 2885 4183 non
2903 4129 3537 4183 commonuero.Nimis
3558 4145 3651 4184 me

1987 4218 2206 4271 Juliani
2224 4218 2419 4271 fratris
2442 4223 2496 4271 et
2515 4218 2839 4287 cocpiscopi
2864 4218 3047 4271 nostri
3063 4216 3444 4287 proclamatio
3459 4234 3647 4288 nuper

1988 4306 2376 4368 contristavit,
2404 4307 2655 4360 maxime
2690 4322 2821 4359 cum
2848 4304 2996 4357 villre
3021 4322 3141 4360 suis
3164 4304 3427 4359 videlicet
3459 4307 3642 4360 cccle-

1989 4394 2087 4447 size
2112 4411 2143 4447 a
2168 4395 2547 4463 aequissimis
2568 4394 2941 4465 praedonibus
2958 4394 3071 4447 sint
3095 4394 3640 4465 depraedataa,atque

1991 4482 2291 4537 nocturnis
2327 4483 2615 4537 incendiis
2642 4499 2797 4537 more
2824 4483 3018 4536 furum
3045 4484 3385 4537 combusta}.
3410 4483 3474 4537 Et
3496 4484 3636 4538 dum

1987 4571 2164 4625 iidem
2188 4570 2449 4641 maligni,
2469 4574 2638 4641 juxta
2673 4572 2856 4625 nostri
2892 4572 3338 4641 praedecessoris
3361 4572 3642 4627 Bonifacii

226 4656 495 4727 cupantis
528 4656 624 4710 sit.
660 4654 997 4709 Naturalem
1032 4657 1225 4707 autem
1260 4653 1584 4707 libertatem
1620 4653 1872 4724 recipere
1906 4659 1949 4723 Β
1983 4662 2234 4726 decreta,
2271 4677 2371 4731 pro
2419 4661 2740 4714 emunitate
2778 4660 2921 4714 illud
2956 4661 3266 4715 emendare
3298 4662 3635 4731 noluerunt,

218 4747 592 4820 intelligitur,
628 4765 761 4802 cum
795 4747 880 4801 vel
915 4747 1115 4802 oculos
1164 4751 1297 4801 tuos
1348 4746 1635 4817 effugerit,
1668 4747 1752 4800 vel
1791 4746 1867 4801 ita

219 4837 293 4892 sit
323 4838 379 4891 in
416 4842 729 4909 conspectu
757 4846 878 4903 tuo,
904 4841 965 4890 ut
990 4834 1250 4889 difﬁcilis
1273 4834 1350 4888 sit
1372 4836 1498 4905 ejus
1519 4836 1862 4905 persecutio.

218 4925 367 4981 Illud
404 4926 715 4997 quasitum
751 4930 839 4981 est
871 4942 941 4980 an
972 4924 1018 4979 si
1058 4925 1175 4979 fera
1207 4924 1394 4978 bestia
1441 4925 1522 4977 ita
1563 4923 1867 4978 vulnerata

218 5015 315 5083 sit,
350 5020 415 5069 ut
445 5015 574 5087 capi
608 5016 812 5087 possit,
836 5015 1033 5069 statim
1058 5018 1157 5068 tua
1182 5030 1309 5068 esse
1332 5013 1710 5085 intelligatur.
1736 5013 1866 5075 Qui-

220 5105 469 5158 busdam
499 5104 717 5175 placuit
739 5109 895 5157 tuam
924 5119 1072 5172 esse,
1098 5107 1149 5157 et
1175 5119 1433 5173 eousque
1465 5107 1623 5155 tuam
1656 5101 1862 5169 videri,

217 5193 397 5247 donec
430 5210 557 5248 eam
589 5193 992 5264 persequaris;
1042 5193 1194 5263 quod
1229 5193 1277 5245 si
1311 5191 1555 5247 desieris
1590 5192 1862 5262 persequi

212 5282 474 5337 desinere
496 5288 659 5337 tuan:
691 5299 840 5349 esse,
865 5286 921 5337 et
954 5297 1190 5335 rursum
1217 5280 1337 5335 ﬁeri
1362 5281 1727 5351 occupantis.
1752 5279 1861 5334 Alii

210 5377 401 5428 autem
434 5390 545 5429 non
581 5372 749 5427 aliter
781 5375 1134 5444 putaverunt
1164 5376 1325 5424 tuam
1350 5388 1669 5441 essequam
1696 5372 1745 5425 si
1767 5387 1859 5425 ce-

210 5461 387 5533 peris.
420 5463 527 5515 Sed
565 5462 944 5534 posteriorem
990 5461 1339 5515 sententiam
1392 5478 1497 5514 nos
1547 5461 1857 5515 conﬁrma-

214 5567 363 5615 mus,
393 5551 532 5620 quia
566 5550 749 5605 multa
784 5551 1046 5603 accidere
1077 5548 1267 5603 solent
1310 5552 1373 5602 ut
1422 5566 1547 5603 eam
1601 5567 1713 5604 non
1765 5568 1859 5605 ca-

212 5639 358 5712 pias.
394 5645 583 5711 Apum
618 5656 851 5711 quoque
884 5643 1091 5693 natura
1124 5639 1243 5694 fera
1273 5642 1379 5695 est.
1412 5640 1610 5709 Itaque
1641 5656 1767 5710 quae
1800 5639 1857 5693 in

529 5770 790 5830 PATROL.
840 5767 1037 5832 CLXI.

1978 4750 2118 4804 dum
2142 4753 2195 4803 et
2220 4748 2415 4803 saeculi
2439 4748 2591 4821 leges
2615 4749 2734 4804 Ιιίεο
2760 4750 2962 4804 eadem
2986 4748 3066 4802 ita
3085 4749 3297 4803 habere
3322 4750 3637 4819 voluerint,

1976 4838 2101 4910 lege
2125 4838 2347 4910 vulgari
2377 4842 2541 4908 teste,
2570 4839 2767 4909 inqua
2790 4839 2874 4893 sic
2900 4837 3193 4893 scribitur.
3212 4838 3269 4895 Si
3294 4840 3427 4911 quis
3452 4857 3630 4895 manu

1977 4933 2201 4982 armata
2235 4944 2419 4999 usque
2454 4929 2520 4982 ad
2556 4935 2807 4999 quatuor
2839 4928 3131 4993 homines,
3167 4928 3222 4982 in
3258 4928 3450 4983 vicum
3486 4929 3633 4984 alte-

1977 5017 2099 5070 rius
2125 5018 2191 5070 ad
2220 5017 2705 5072 malefaciendum
2731 5017 3086 5082 venerit,ille
3109 5019 3207 5088 qui
3233 5018 3389 5089 prior
3408 5024 3627 5089 est,pro

1975 5105 2177 5159 illicita
2208 5107 2663 5177 praesumptione
2696 5112 3010 5177 componat
3034 5108 3253 5162 solidos
3275 5106 3401 5177 900,
3427 5123 3627 5177 sequa-

1974 5211 2068 5248 ces
2101 5212 2231 5247 vero
2262 5197 2389 5265 ejus
2423 5196 2833 5267 unusquisque
2858 5196 3027 5251 solid.
3053 5197 3141 5250 80.
3168 5196 3227 5250 Si
3260 5214 3393 5250 vero
3425 5197 3501 5249 ibi
3538 5197 3623 5249 in-

1973 5284 2243 5337 cendium
2300 5284 2557 5353 fecerint,
2591 5285 2701 5340 sibi
2756 5286 2953 5339 novies
2985 5290 3214 5338 tantum
3249 5288 3622 5354 componant,

1973 5373 2228 5445 praedam
2264 5390 2395 5427 vero
2429 5373 2487 5427 in
2521 5374 2918 5444 quadruplum
2956 5372 3287 5427 restituant.
3324 5371 3379 5425 Si
3426 5372 3621 5426 εωθιιὶὶ

1968 5461 2127 5533 leges
2154 5462 2328 5515 talem
2346 5461 2645 5531 justitiam
2662 5462 2875 5516 habere
2892 5458 3291 5522 voluerint,lex
3308 5458 3502 5515 divina
3519 5477 3623 5516 cur

1969 5550 2210 5604 interior
2239 5567 2369 5605 esse
2401 5550 2653 5619 debebit,
2676 5567 2806 5604 cum
2857 5550 2915 5603 in
2961 5548 3147 5619 ipsius
3181 5546 3448 5604 Veritatis
3477 5566 3619 5621 pra:-

1969 5638 2159 5696 sentia
2180 5656 2212 5694 a
2232 5639 2464 5695 Zachaao
2487 5638 2886 5694 collaudatum
2910 5636 3008 5706 sit,
3034 5636 3081 5692 si
3102 5635 3357 5708 aliquem
3382 5639 3617 5696 defrau-

3220 5771 3294 5825 2t}
