3972 6064
352 258 453 312 811

1436 249 1504 300 D.
1545 243 1790 301 IVONIS
1827 240 2324 298 CARNOTENSIS
2361 239 2684 298 EPISCOPI

3672 242 3789 298 812

350 383 535 446 daret,
562 384 626 434 ut
661 379 722 434 in
767 375 1166 450 quadruplum
1207 368 1661 428 restitueretur?
1681 368 1833 440 (Luc.
1855 366 1999 436 xu.)
2032 368 2083 434 Α
2116 380 2248 438 gus,
2273 365 2357 421 sic
2379 364 2549 421 etille
2569 366 2665 437 qui
2689 366 2817 437 ejus
2847 366 3179 422 sacerdotes
3207 364 3566 439 insequitur,
3592 366 3790 423 sacri-

353 473 422 528 Et
442 471 896 542 quiasummum
922 465 978 519 in
1004 464 1237 535 regibus
1253 462 1470 516 bonum
1490 457 1892 526 estjustitiam
1912 472 2006 511 co-

353 563 495 632 lere,
517 577 583 616 ac
615 576 720 615 sua
743 558 872 628 cuiq
885 559 1102 624 uejura
1124 568 1376 615 servare,
1402 551 1538 606 etin
1561 545 1858 620 subjectos
1889 563 2004 602 non

359 653 551 708 sinere
572 649 724 718 quod
750 645 1052 718 potestatis
1073 647 1160 696 est
1183 641 1326 707 ﬁeri,
1352 640 1453 694 sed
1483 638 1638 710 quod
1662 653 1894 708 aquum
1919 640 2008 691 est

361 739 641 796 custodiri
664 762 676 802 ;
698 736 851 807 quod
876 750 975 787 vos
988 731 1297 800 etdiligere
1318 733 1374 783 et
1394 727 1632 784 omnino
1655 725 2008 787 conﬁdimus

362 828 986 895 studere.Quapr0pter
1006 818 1356 875 excellentia
1385 822 1587 872 vestra
1624 832 1870 871 mensea
1899 814 2008 868 No-

361 916 622 974 vembrio
643 911 946 984 praesentis
968 908 1398 975 anni,secunda
1423 905 2005 974 indictione,Petrum

362 1008 597 1063 fratrem
631 1006 686 1057 et
715 999 1125 1071 coepiscopum
1175 1001 1442 1051 nostrum
1476 1013 1506 1049 a
1537 994 1758 1066 gremio
1791 997 2005 1047 sancta

361 1095 634 1150 Romana
653 1088 922 1145 Ecclesia
946 1086 1440 1151 transmittemus,
1465 1088 1528 1139 ut
1550 1084 1829 1139 fratribus
1851 1082 2006 1152 ejus-

361 1183 493 1238 dem
527 1178 830 1253 provincia
862 1177 921 1231 in
955 1192 1134 1231 unum
1184 1173 1572 1246 congregatis,
1608 1171 1920 1241 emunilas,
1953 1174 2010 1226 et

358 1267 762 1343 praesumptio,
779 1270 836 1322 et
854 1263 1226 1336 sacrilegium
1255 1263 1537 1318 canonica
1563 1261 1928 1327 auctoritate,
1952 1263 2010 1315 et

354 1364 548 1416 vestra
568 1357 724 1428 regia
744 1355 1029 1428 dignitate
1050 1353 1224 1408 talem
1252 1352 1566 1406 terminum
1597 1350 1908 1420 accipiant,
1935 1364 2007 1404 ne

357 1447 602 1520 posthac
633 1445 899 1500 membra
929 1441 1169 1509 diaboli,
1195 1441 1298 1496 ﬁlii
1329 1456 1582 1511 nequam
1609 1439 1664 1494 in
1687 1442 1888 1494 sancta
1910 1438 2008 1493 Ec-

357 1536 554 1605 clesia,
587 1539 645 1591 te
667 1534 842 1592 etiam
877 1532 954 1586 ibi
989 1535 1292 1602 regnante,
1326 1528 1468 1584 talia
1499 1531 1876 1599 prasumant.

357 1657 488 1708 CAP.
516 1653 604 1706 37.
627 1681 697 1692 -—-
735 1651 807 1704 De
847 1649 1008 1703 rebus
1045 1644 1445 1709 ecclesiasticis,
1487 1643 1746 1714 quomodo
1786 1644 2008 1697 restitui

427 1725 680 1804 debeant.
822 1720 1028 1775 decreto
1058 1717 1283 1774 Eusebii
1326 1730 1508 1787 papae,
1540 1732 1662 1787 cap.
1695 1717 1728 1768 8
1759 1716 1939 1787 (epist.
1971 1716 2006 1768 2
2036 1735 2087 1804 Β

431 1796 499 1851 ad
524 1793 792 1866 Egypt.)

432 1893 544 1961 (12,
579 1908 634 1961 q.
660 1891 715 1958 2,
741 1890 873 1943 c.1n
905 1886 1164 1956 legibus.)
1195 1885 1261 1939 Et
1295 1885 1348 1939 in
1383 1884 1612 1956 legibus
1645 1882 1840 1939 saculi
1871 1899 2007 1940 cau-

360 1984 480 2035 tum
513 1979 794 2032 habetur:
829 1975 935 2040 Qui
968 1991 1090 2029 rem
1125 1973 1378 2044 subripit
1407 1973 1685 2042 alienam,
1719 1971 1804 2026 illi
1836 1972 2007 2042 cujus

361 2084 455 2122 res
485 2067 710 2137 direpta
741 2073 845 2133 est,
878 2064 936 2118 in
964 2061 1363 2133 undecuplum
1415 2080 1539 2133 qua
1585 2061 1820 2118 sublata
1867 2065 2009 2115 sunt

359 2155 652 2212 restituat.
705 2159 770 2208 Et
835 2155 892 2208 in
945 2153 1072 2224 lege
1119 2153 1318 2206 divina
1366 2151 1625 2222 legitur:
1688 2151 2008 2206 Maledictus

359 2247 538 2301 omnis
581 2245 677 2316 qui
717 2245 982 2312 trans/ert
1031 2243 1298 2296 terminos
1344 2242 1590 2312 proximi
1635 2241 1741 2309 sui,
1773 2247 1824 2295 et
1870 2239 2009 2294 dicet

360 2335 538 2389 omnis
578 2333 813 2403 populus
844 2350 862 2386 :
913 2333 1079 2386 Amen
1127 2331 1306 2401 (Deut.
1359 2331 1444 2400 ιι).
1496 2327 1660 2384 Talia
1707 2343 1843 2398 ergo
1893 2343 2006 2382 non

359 2439 547 2495 prasu
561 2426 796 2476 mantur
825 2421 1050 2490 absque
1080 2418 1322 2483 ultione,
1342 2417 1462 2472 hac
1480 2422 1859 2472 exerceantur
1877 2416 2007 2471 abs-

359 2528 472 2583 que
494 2511 892 2565 damnatione.
918 2509 1146 2575 Pacem,
1171 2511 1367 2562 etnon
1389 2508 1695 2570 damnum,
1724 2509 1826 2560 aut
1854 2505 2009 2575 inju-

359 2600 582 2656 stitiam
615 2598 866 2669 alicujus
897 2597 1204 2654 sectamini
1228 2597 1285 2650 in
1308 2595 1577 2662 invicem,
1603 2600 1660 2650 et
1689 2595 1746 2650 in
1779 2611 2006 2650 omnes.

357 2690 608 2744 Proinde
658 2688 706 2744 si
751 2689 882 2758 quis
913 2685 1337 2742 ecclesiasticas
1367 2684 1712 2752 oblationes,
1747 2689 1803 2739 et
1852 2685 2008 2755 quod

358 2777 474 2834 Deo
507 2781 914 2832 consecratum
941 2775 1132 2838 fuerit,
1157 2772 1523 2844 rapueritvel
1547 2774 1910 2829 consenserit
1931 2773 2012 2827 fa-

361 2865 673 2934 cientibus,
697 2869 762 2919 ut
793 2863 1116 2934 sacrilegus
1145 2863 1516 2932 dijudicetur,
1549 2865 1606 2917 et
1631 2863 1914 2917 damnum
1950 2862 2008 2916 in

361 2951 760 3025 quadruplum
794 2952 1080 3022 restituat,
1113 2955 1169 3005 et
1198 2951 1472 3006 canonice
1505 2951 1797 3024 poeniteat.

361 3069 496 3124 CAP.
527 3068 616 3122 38.
643 3098 709 3108 -—
736 3067 885 3134 Quod
914 3066 1181 3136 sacrilegi
1197 3066 1313 3120 sint
1333 3066 1684 3120 ecclesiarum
1707 3065 2008 3134 praedones.

732 3141 815 3194 Ex
843 3155 992 3194 conc.
1020 3137 1396 3208 Magontiensi,
1428 3153 1556 3207 cap.
1588 3138 1640 3190 3.

438 3235 717 3307 Sacrilegi
749 3239 886 3290 sunt
918 3234 1296 3290 ecclesiarum
1330 3234 1652 3304 pradones.
1677 3233 1840 3288 Unde
1872 3239 1929 3289 et
1957 3235 2017 3290 in

366 3323 616 3380 concilio
634 3323 952 3397 Agathensi
976 3323 1086 3379 sub
1109 3323 1138 3376 4
1163 3339 1290 3393 cap.
1318 3322 1615 3376 decretum
1643 3322 1723 3377 ita
1747 3321 2015 3379 habetur:

367 3415 568 3469 Amico
601 3413 904 3485 quidpiam
938 3429 1140 3482 rapere
1172 3412 1395 3466 furtum
1447 3417 1554 3481 est,
1583 3410 1834 3466 ecclesia
1883 3430 2017 3468 vero

372 3503 632 3558 fraudari
665 3501 752 3557 vel
783 3501 1045 3556 abstrahi
1078 3501 1443 3571 subripique,
1470 3499 1862 3572 sacrilegium.
1887 3502 2018 3557 Om-

375 3607 480 3646 nes
501 3592 656 3646 enim
681 3595 877 3644 contra
902 3589 1086 3660 legem
1116 3589 1630 3660 facientes,resque
1653 3589 1908 3645 ecclesia
1930 3591 2016 3645 di-

375 3677 769 3750 ripientes,vel
795 3678 1073 3734 Ecclesias
1096 3679 1542 3748 sacerdotesque
1563 3682 1766 3733 contra
1787 3679 2017 3735 divinas

366 3768 700 3824 sanctiones
721 3773 1015 3833 vexantes,
1039 3767 1306 3838 sacrilegi
1327 3772 1626 3834 vocantur,
1653 3772 1826 3838 atque
1848 3768 2017 3823 indu-

364 3857 621 3913 bitanter
651 3858 900 3913 infames
931 3857 1195 3927 sacrilegi
1231 3855 1482 3911 habendi
1513 3861 1672 3912 sunt.

361 3974 494 4030 CAP.
525 3975 614 4032 39.
647 4003 716 4016 α·-
762 3975 832 4028 De
879 3975 1069 4029 eadem
1112 3988 1188 4027 re.
1222 3973 1303 4026 Ea:
1331 3971 1562 4042 epistola
1605 3972 1639 4024 2
1688 3971 1784 4026 Pii
1825 3989 2008 4044 papae,

811 4045 1028 4102 Italicis
1058 4044 1334 4115 fratribus
1364 4044 1553 4097 missa.

428 4145 542 4215 (12,
575 4161 631 4216 q.
664 4147 718 4214 2,
752 4161 801 4199 c.
836 4143 1104 4213 Pradia.)
1128 4142 1210 4196 Ad
1235 4141 1430 4196 sedem
1466 4139 1846 4212 apostolicam
1878 4157 2007 4212 per-

357 4233 542 4289 latum
568 4238 656 4288 est
677 4233 831 4303 quod
857 4231 973 4286 sint
997 4231 1147 4284 inter
1169 4244 1266 4282 vos
1290 4229 1712 4294 contentiones,
1737 4233 1792 4284 et
1823 4245 2004 4284 amu-

357 4322 626 4390 lationes,
659 4326 715 4375 et
747 4319 962 4390 pradia
991 4317 1204 4372 divinis
1248 4317 1454 4372 usibus
1501 4317 1714 4372 tradita
1763 4319 2002 4389 quidam

355 4409 634 4465 humanis
657 4407 950 4479 applicent
967 4405 1513 4476 usibus,etDomino
1536 4406 1651 4461 Deo
1675 4406 1763 4462 cui
1788 4408 2004 4462 tradita

2112 453 2248 525 legii
2282 470 2416 509 reus
2445 455 2666 522 existit,
2700 459 2757 510 et
2789 455 2946 511 sicut
2976 454 3654 526 sacrilegusjudicatur.

2114 560 2246 615 CAP.
2282 563 2370 614 40.
2403 592 2471 602 —
2501 563 2574 616 De
2603 562 2688 616 his
2736 564 2833 631 qui
2873 561 3248 616 truncaliones
3294 562 3697 628 membrorum,
3731 573 3790 620 et

2178 634 2465 706 domorum
2495 633 2756 688 incendia
2781 634 3036 702 fecerint.
3053 635 3139 689 Ex
3162 634 3395 690 decretis
3429 637 3782 706 Eutychiani

2179 721 2341 775 pupa
2372 704 2455 776 (in
2483 706 2677 776 frag.).

2186 795 2294 865 (23,
2317 811 2373 866 q.
2399 797 2452 859 8,
2477 811 2527 849 c.
2555 794 2621 849 Si
2638 793 2808 866 quis.)
2838 792 2895 847 Si
2926 793 3058 864 quis
3089 794 3490 850 membrorum
3521 800 3778 852 trunca-

2114 883 2322 951 tiones,
2355 883 2664 939 domorum
2696 883 2968 939 incendia
2994 884 3214 951 fecerit,
3247 885 3367 940 sive
3398 885 3586 942 facere
3633 887 3780 956 jus-

2116 973 2277 1041 serit,
2327 979 2428 1027 aut
2476 972 2707 1028 facienti
2758 973 3141 1040 consenserit,
3191 990 3500 1046 quousque
3551 975 3624 1029 de
3677 975 3780 1032 his

2115 1061 2435 1133 unicuique
2468 1060 2731 1134 legaliter
2761 1065 2819 1115 et
2850 1059 3238 1116 amicabiliter
3268 1079 3461 1117 coram
3495 1063 3778 1136 episcopo

2115 1151 2369 1206 civitatis
2391 1151 2640 1223 aliisque
2661 1151 2887 1206 civibus
2913 1167 3026 1206 non
3051 1151 3474 1218 emendaverit,
3492 1153 3566 1207 ab
3589 1153 3779 1208 eccle-

2117 1240 2204 1296 sia
2234 1255 2295 1296 se
2326 1239 2615 1311 privatum
2649 1244 2983 1311 cognoscat.
3021 1240 3080 1294 Si
3113 1257 3247 1296 vero
3277 1245 3410 1312 post
3447 1243 3772 1297 secundam

2115 1335 2172 1386 et
2200 1331 2434 1385 tertiam
2468 1329 2914 1384 conventionem
2939 1329 3224 1385 cunctain
3240 1330 3458 1402 quibus
3479 1332 3772 1404 arguitur,

2116 1435 2231 1473 non
2262 1417 2674 1486 emendaverit,
2701 1423 2984 1488 tanquam
3025 1417 3298 1474 ethnicus
3329 1425 3385 1474 et
3417 1420 3772 1490 publicanus

2116 1509 2189 1562 ab
2220 1508 2379 1563 omni
2412 1507 2878 1562 Christianorum
2911 1505 3154 1579 collegio
3181 1515 3506 1580 separetur.

2115 1615 2250 1671 CAP.
2284 1615 2372 1669 41.
2407 1645 2473 1655 —
2507 1613 2657 1682 Quod
2697 1617 2912 1682 furtum
2959 1613 3043 1668 ita
3087 1614 3161 1669 sit
3211 1616 3272 1669 in
3318 1631 3508 1685 parvo,
3536 1616 3683 1673 sicut
3711 1619 3770 1672 in

2361 1701 2587 1758 magno.
2621 1687 2846 1742 Hieron.
2883 1687 2966 1757 (in
2997 1704 3045 1741 c.
3079 1703 3118 1740 ιι
3146 1687 3242 1758 Ep.
3268 1687 3338 1742 ad
3370 1689 3517 1759 Tit).

2189 1775 2300 1847 (14,
2343 1791 2401 1846 q.
2431 1776 2489 1842 6,
2521 1791 2570 1830 ο.
2603 1780 2723 1830 Fur
2750 1775 2987 1846 autem.)
3016 1775 3127 1830 Fur
3156 1779 3355 1831 autem
3408 1793 3524 1832 non
3572 1777 3768 1834 solum

2117 1864 2173 1919 in
2211 1863 2556 1934 majoribus,
2589 1864 2689 1918 sed
2713 1868 2769 1917 et
2796 1864 2851 1917 in
2877 1863 3206 1918 minoribus
3238 1863 3416 1920 etiam
3438 1866 3767 1935 judicatur.

2117 1954 2242 2008 Non
2272 1953 2424 2007 enim
2455 1953 2609 2023 quod
2644 1952 2797 2007 furto
2829 1951 3088 2008 ablatum
3113 1956 3222 2022 est,
3247 1953 3347 2008 sed
3378 1970 3542 2010 mens
3565 1955 3768 2011 furan-

2116 2043 2192 2098 tis
2226 2042 2568 2108 attenditur,
2592 2041 2887 2111 quomodo
2911 2041 2968 2094 in
2991 2041 3398 2112 fornicatione,
3415 2059 3530 2098 non
3554 2044 3770 2101 idcirco

2118 2132 2349 2186 diversa
2381 2130 2456 2184 sit
2488 2130 2813 2198 fornicatio,
2843 2129 2890 2183 si
2927 2129 3135 2184 mulier
3166 2131 3412 2202 pulchra
3445 2137 3546 2186 aut
3579 2133 3771 2188 defor-

2119 2221 2251 2287 mis,
2277 2217 2509 2287 ancilla,
2533 2222 2635 2272 aut
2666 2218 2942 2289 ingenua,
2969 2235 3191 2290 pauper
3213 2227 3315 2274 aut
3335 2220 3646 2291 opulenta;
3671 2223 3767 2278 sed

2117 2307 2548 2380 qualiscunque
2577 2305 2678 2360 illa
2709 2305 2904 2372 fuerit,
2937 2322 3053 2360 una
3083 2311 3173 2361 est
3203 2307 3532 2363 fornicatio.
3570 2312 3654 2365 Ita
3710 2313 3767 2366 in

2118 2397 2270 2450 furto
2300 2400 2826 2466 quantumcunque
2858 2395 2990 2464 quis
3023 2395 3358 2464 abstulerit,
3382 2397 3522 2452 furti
3547 2400 3766 2454 crimen

2119 2485 2386 2540 incurrit.

2224 2575 2353 2629 CAP.
2387 2573 2476 2630 42.
2508 2602 2576 2614 —
2597 2573 2672 2626 De
2701 2573 3030 2699 pwng’tlen‘tiia
3056 2573 3224 2654 furti.
3257 2573 3340 2628 Ex
3368 2575 3664 2632 Panitent.

2879 2660 2938 2699 eo
2975 2659 3081 2699 ori.

2879 2659 3060 2699 εοιῑονι
3069 2685 3081 2698 .

2187 2731 2404 2803 Siquis
2435 2748 2537 2804 per
2568 2731 2978 2788 necessitatem
3028 2733 3259 2788 furatus
3304 2731 3480 2789 fuerit
3529 2734 3772 2804 cibaria,

2116 2820 2206 2876 vel
2226 2820 2563 2890 vestem,vel
2587 2836 2788 2890 pecus,
2797 2837 2896 2892 per
2917 2820 3156 2886 famem,
3171 2826 3273 2876 aut
3297 2838 3398 2894 per
3419 2824 3746 2880 nuditatem
3761 2868 3774 2892 ,

2121 2911 2396 2981 paniteat
2417 2910 2816 2966 hebdomadas
2839 2913 2978 2967 tres.
3003 2910 3064 2966 Si
3086 2910 3430 2978 reddiderit,
3454 2929 3568 2968 non
3603 2930 3774 2986 coga-

2121 3003 2217 3054 tur
2239 2999 2532 3070 jejunare.

2043 3107 2086 3175 ρ
2123 3089 2260 3144 CAP.
2293 3088 2382 3143 43.
2417 3119 2482 3130 —
2508 3089 2580 3144 De
2607 3086 2798 3143 eadem
2840 3088 3040 3175 ralia:
3084 3089 3314 3144 concilio
3357 3089 3773 3158 Aurelianensi,

2837 3174 2959 3228 cap.
3007 3160 3060 3213 8.

2196 3246 2339 3302 Nam
2372 3246 2422 3301 si
2449 3245 2581 3318 quis
2614 3245 2909 3318 publicam
2942 3247 3211 3319 rapinam
3243 3265 3344 3304 seu
3376 3249 3598 3306 furtum
3636 3252 3774 3307 fece-

2127 3335 2526 3407 rit,publicam
2549 3335 2680 3390 inde
2703 3340 2838 3408 agat
2860 3336 3448 3408 pmnitentiamﬁuxta
3469 3357 3772 3397 sacrorum

2126 3441 2418 3480 canonum
2447 3423 2802 3480 sanctiones.
2833 3425 2888 3477 Si
2942 3421 3092 3480 vero'
3126 3425 3368 3493 occulte,
3401 3429 3769 3485 sacerdotum

2126 3513 2370 3569 consilio
2402 3513 2697 3584 paniteat,
2731 3513 3009 3583 quoniam
3044 3519 3311 3586 raptores,
3347 3521 3410 3571 ut
3450 3518 3768 3588 Apostolus

2125 3603 2207 3659 ait
2229 3603 2362 3675 (nisi
2388 3603 2727 3656 indeveram
2744 3603 2970 3673 egerint
2986 3603 3416 3675 panitentiam)
3431 3622 3664 3675 regnum
3677 3609 3773 3663 Dei

2122 3709 2231 3748 non
2250 3691 2601 3763 possidebunt
2622 3693 2669 3757 (I
2692 3691 2817 3746 Cor.
2844 3691 2941 3762 vr).
2970 3691 3076 3754 Qui
3112 3709 3245 3748 vero
3284 3695 3352 3748 de
3382 3694 3558 3749 rebus
3588 3695 3767 3751 eccle-

2123 3782 2222 3836 sia
2245 3780 2467 3851 aliquid
2501 3778 2828 3847 abstulerit,
2853 3780 3091 3851 gravius
3121 3781 3257 3837 inde
3280 3783 3768 3856 judicetur,quia,

2122 3869 2393 3942 quamvis
2426 3868 2571 3923 ultio
2605 3869 2801 3923 furum
2833 3873 2890 3923 et
2913 3874 3212 3940 raptorum
3234 3871 3304 3926 ad
3325 3871 3570 3928 comites
3592 3876 3766 3947 respi-

2119 3959 2254 4029 ciat,
2292 3958 2630 4030 pmnitentia
2660 3961 2856 4013 tamen
2889 3959 2961 4013 ad
2993 3959 3299 4030 episcopos
3331 3961 3604 4031 pertinet.

2165 4067 2304 4123 CAP.
2331 4066 2420 4120 44.
2453 4096 2519 4106 ——
2555 4069 2636 4119 De
2663 4065 2852 4119 eadem
2885 4081 2964 4120 re.
3001 4067 3084 4121 Ea:
3112 4067 3407 4122 Pwnitent.
3443 4067 3720 4125 Theodori.

2186 4165 2378 4234 (27,q.
2403 4163 2454 4230 4,
2480 4178 2528 4218 c.
2553 4164 2618 4218 Si
2646 4165 2768 4234 quis
2795 4165 3058 4235 furtum.)
3089 4164 3148 4219 Si
3182 4164 3311 4234 quis
3345 4166 3569 4222 furtum
3602 4168 3763 4239 capi-

2113 4252 2226 4308 tale
2249 4251 2628 4319 commiserit,
2643 4251 2696 4305 id
2722 4260 2810 4306 est
2831 4253 3238 4323 quadrupedis
3260 4252 3574 4320 tulerit,vel
3598 4272 3764 4312 casas

2112 4340 2422 4413 effregerit,
2452 4341 2485 4393 7
2518 4357 2703 4396 annos
2731 4341 3027 4411 pceniteat,
3063 4347 3121 4397 et
3163 4343 3318 4412 quod
3372 4343 3632 4399 furatum
3679 4352 3766 4400 est

2113 4431 2333 4486 reddat.
2362 4429 2420 4486 Si
2441 4430 2577 4500 quis
2597 4445 2730 4484 vero
2751 4430 2821 4485 de
2840 4429 3168 4486 minoribus
3201 4430 3380 4487 semel
3405 4437 3507 4487 aut
3530 4433 3620 4489 bis
3644 4435 3760 4489 fur-

355 4502 589 4595 suntea
620 4495 990 4595 subtrahant,
1015 4494 1234 4595 utusuis
1265 4496 1472 4595 usibus
1503 4494 2004 4595 inserviantol‘lfi‘
2034 4485 2078 4549 D
2111 4485 2236 4574 tum
2260 4485 2479 4586 fecerit:
2505 4519 2887 4588 reddatquod
2911 4518 3069 4589 tulit,
3091 4485 3147 4574 et
3167 4485 3390 4575 annum

353 4589 589 4658 propter
621 4585 692 4639 ab
725 4585 1001 4640 omnibus
1048 4584 1147 4638 illa
1195 4584 1594 4656 usurpationis
1645 4583 2002 4639 contumelia

353 4673 698 4744 depellenda
729 4679 838 4742 est,
867 4690 937 4728 ne
967 4674 1188 4745 pradia
1234 4674 1343 4729 sub
1393 4673 1632 4728 secretis
1663 4672 1999 4728 cmlestibus

348 4761 886 4831 vindicata[usibus
901 4768 1256 4817 secretorum
1280 4761 1602 4816 caelestium
1620 4761 1998 4834 dicata,orig.]

349 4867 382 4906 a
430 4849 785 4922 quibusdam
836 4849 1196 4905 irruentibus
1245 4855 1542 4904 vexentur.
1577 4850 1738 4914 Quod
1785 4849 1832 4904 si
1865 4852 1998 4922 quis

348 4939 814 5011 prasumpserit,
842 4938 1163 5010 sacrilegus
1187 4939 1491 5008 habeatur,
1511 4942 1568 4993 et
1586 4939 1738 4993 sicut
1762 4941 1997 4995 sacrile-

347 5043 458 5099 gus
481 5028 802 5096 judicetur.
828 5028 992 5099 lpsos
1021 5031 1214 5082 autem
1250 5027 1348 5097 qui
1383 5026 1493 5082 hoc
1525 5032 1726 5097 agunt,
1754 5027 1997 5084 clericos

344 5120 402 5172 et
438 5115 662 5171 Domini
689 5115 1022 5189 sacerdotes
1051 5115 1319 5187 persequi
1353 5130 1567 5186 eosque
1590 5115 1874 5170 infamare
1900 5134 1996 5172 au-

343 5204 692 5271 divimus,ut
711 5195 930 5260 malum
948 5222 1126 5277 super
1141 5205 1361 5258 malum
1382 5205 1659 5258 addentes
1679 5205 1996 5261 deteriores

342 5296 507 5364 fiant,
543 5311 655 5349 non
691 5294 1081 5366 intelligentes
1108 5294 1262 5365 quod
1287 5291 1544 5348 Ecclesia
1574 5293 1673 5348 Dei
1708 5293 1765 5348 in
1799 5311 1992 5350 sacer-

342 5385 581 5440 dotibus
606 5383 910 5454 consistat,
934 5389 991 5439 et
1013 5390 1234 5440 crescat
1255 5383 1315 5437 in
1340 5382 1624 5451 templum
1652 5381 1748 5437 Dei
1770 5382 1990 5455 (Ephes.

341 5474 428 5544 ιι),
462 5477 518 5526 et
559 5473 712 5528 sicut
759 5475 859 5546 qui
911 5473 1227 5529 Ecclesiam
1284 5471 1378 5528 Dei
1429 5473 1696 5527 devastat
1744 5472 1992 5546 ejusque

342 5560 557 5633 praedia
583 5565 637 5616 et
667 5561 908 5618 donaria
951 5562 1236 5634 exspoliat
1284 5566 1339 5618 et
1385 5559 1628 5631 invadit,
1655 5561 1720 5617 ﬁt
1751 5563 1990 5619 sacrile-

2112 4608 2313 4663 niteat.
2347 4606 2405 4663 Si
2434 4607 2569 4679 quis
2601 4607 2940 4678 sepulcrum
2973 4607 3298 4676 violaverit,
3323 4614 3544 4680 septem
3578 4627 3764 4668 annos

2112 4695 2408 4767 poeniteat,
2433 4699 2550 4750 tres
2584 4713 2652 4751 ex
2682 4695 2774 4751 his
2806 4695 2863 4750 in
2899 4713 3046 4766 pane
3076 4706 3126 4752 et
3160 4713 3334 4768 aqua.

2109 4794 2242 4849 CAP.
2279 4795 2369 4868 43?.
2403 4824 2468 4834 —-
2497 4793 2668 4868 Quod
2693 4809 2792 4864 pro
2821 4795 3042 4868 furibus
3070 4800 3119 4850 el
3154 4795 3464 4868 latronibus
3504 4798 3563 4851 in
3614 4801 3763 4868 furto

2179 4881 2272 4920 seu
2302 4865 2710 4934 depradatione
2737 4867 2930 4921 occisis
2958 4882 3067 4920 non
3098 4868 3169 4920 sit
3201 4867 3497 4922 orandum.
3526 4865 3621 4924 Exi
3639 4885 3762 4926 con-

2177 4936 2313 5010 cilio
2372 4937 2730 5010 Triburiensi,
2763 4953 2883 5008 cap.
2935 4937 2971 4990 5
3012 4938 3081 5008 (c.
3131 4939 3222 5007 31,
3271 4954 3592 5010 quanquam
3653 4958 3762 4999 non

2179 5008 2371 5063 iisdem
2402 5009 2623 5080 verbis).

2177 5097 2288 5168 (13,
2323 5113 2377 5168 q.
2408 5099 2466 5160 2,
2498 5113 2547 5152 c.
2583 5101 2754 5152 Fures
2777 5101 2829 5151 et
2859 5097 3146 5169 latrones.)
3179 5098 3362 5154 Fures
3401 5107 3455 5155 et
3501 5097 3758 5156 latrones

2106 5185 2154 5240 si
2181 5185 2234 5240 in
2261 5186 2508 5240 iurando
2530 5191 2586 5240 et
2608 5186 2920 5257 pradando
2944 5187 3514 5258 occiduntur,visum
3546 5194 3638 5244 est
3662 5206 3758 5262 pro

2103 5275 2196 5330 eis.
2239 5292 2352 5331 non
2403 5275 2714 5330 orandum.
2755 5275 2810 5328 Si
2862 5276 3276 5348 comprehensi
3326 5285 3424 5332 aul
3475 5277 3758 5334 vulnerati

2103 5366 2440 5436 presbytero
2471 5363 2559 5418 vel
2591 5363 2836 5419 diacono
2856 5365 3109 5422 confessi
3134 5364 3758 5434 fuerint,communio-

2105 5469 2237 5508 nem
2271 5452 2355 5508 eis
2385 5469 2501 5509 non
2536 5468 2846 5524 negamus.

2100 5559 2233 5616 CAP.
2268 5559 2353 5616 46.
2388 5592 2454 5600 —
2489 5561 2681 5617 Utrum
2709 5561 2982 5632 paenitere
3010 5561 3240 5619 debeant
3288 5561 3388 5635 qui
3431 5564 3625 5635 furem
3675 5563 3761 5621 vel
