3972 6064
384 333 491 388 815

1474 325 1541 374 D.
1583 315 1828 373 IVONIS
1862 267 2356 370 CARNOTENSlS
2391 311 2709 367 EPISOOPI

3702 307 3828 363 816

381 455 655 525 tristavit,
689 451 995 509 acerrimis
1029 451 1358 504 macerctur
1388 441 1624 507 inediis,
1670 453 1859 525 usque
1903 437 2042 491 dum
2073 433 2127 500 Α
2158 435 2452 507 agendum
2485 439 2577 490 est
2607 451 2739 490 cum
2799 433 3181 490 multitudine
3214 452 3230 504 ς
3281 432 3562 490 severitas
3611 435 3829 488 autem

384 544 637 617 gratanti
669 542 865 599 animo
893 537 1351 596 satisfactionem
1396 531 1658 603 recipiat.
1691 513 1712 538 ν

665 649 800 705 CAP.
831 649 919 700 61.
952 675 1020 685 ——
1050 645 1123 698 De
1143 641 1329 697 eadem
1357 655 1433 694 re.
1463 643 1545 694 Ea:
1585 635 1766 693 eodem

460 742 518 796 Si
541 740 671 812 quis
705 754 818 792 non
841 734 964 790 vult
985 730 1346 787 reconciliari
1379 728 1541 782 fratri
1573 743 1676 782 suo
1707 739 1880 795 quem
1913 720 2045 812 odio

390 811 585 895 habet,
623 827 823 883 tandiu
855 824 915 877 in
949 837 1098 892 pane
1127 824 1183 875 et
1204 834 1357 889 aqua
1375 815 1670 887 poeniteat,
1695 827 1880 883 usque
1901 811 2044 864 dum

394 916 802 976 reconcilietur
832 913 905 967 ei.

394 1012 530 1065 CAP.
559 1007 648 1059 62.
681 1004 852 1058 —De
910 1000 1104 1056 eadem
1163 997 1383 1122 πλέξαι
1438 993 1674 1051 concilio
1730 988 2049 1060 Agathensi,

1099 1086 1221 1122 cap.
1332 1109 1344 1122 .

1099 1086 1221 1140 cap.
1255 1086 1344 1122 δι.

465 1166 622 1234 (Dist.
653 1164 744 1231 90,
778 1178 826 1218 c.
861 1158 1080 1215 Placuit
1111 1157 1326 1228 etiam.)
1360 1154 1584 1211 Placuit
1608 1153 1806 1222 etiam,
1849 1153 1914 1205 ut
1944 1146 2050 1220 (si-

396 1261 494 1310 cut
515 1255 860 1326 plerumque
894 1249 978 1320 lit)
1019 1247 1358 1319 quicunque
1399 1245 1531 1300 odio
1579 1247 1681 1298 aut
1727 1239 2049 1311 longinqua

396 1349 545 1404 inter
575 1361 636 1400 se
664 1343 766 1398 lite
796 1340 1204 1405 dissenserint,
1235 1340 1293 1392 et
1314 1337 1384 1391 ad
1403 1351 1604 1407 pacem
1630 1331 1883 1388 revocari
1918 1330 2051 1385 diu-

395 1443 572 1494 turna
601 1431 970 1489 contentione
1003 1426 1386 1497 nequiverint,
1423 1443 1455 1479 a
1484 1422 1888 1478 sacerdotibus
1921 1422 2057 1478 civi-

401 1527 540 1583 tatis
563 1521 841 1596 primitus
863 1522 1206 1589 arguantur,
1225 1514 1325 1587 qui
1345 1512 1751 1570 siinimicitias
1767 1513 2056 1583 deponere

406 1608 1078 1688 perniciosaintentione
1109 1604 1423 1669 noluerint,
1474 1602 1545 1657 de
1588 1599 1856 1656 Ecclesiae
1905 1605 2056 1656 cmtu

397 1703 733 1777 justissima
762 1693 1365 1755 excommunicatione
1387 1691 1701 1762 pellantur.

408 1813 541 1867 CAP.
574 1810 664 1863 63.
697 1837 766 1847 --
800 1807 869 1860 De
899 1803 1013 1858 illis
1047 1804 1142 1873 qui
1184 1800 1556 1873 contentiones
1599 1797 1854 1873 tetricas
1889 1814 2058 1873 ama-

482 1883 681 1938 verint.
714 1881 800 1933 Ex
827 1878 1012 1932 eodem
1037 1869 1289 1941 concilio,
1317 1887 1435 1941 cap.
1467 1871 1502 1923 5
1539 1869 1785 1941 (additur
1831 1869 1901 1924 ad
1947 1870 2060 1924 cal-

483 1969 596 2008 cem
623 1966 772 2005 conc.
803 1946 1020 2019 Agat/1.)

487 2042 646 2112 (Dist.
678 2039 768 2104 90,
801 2052 848 2091 ο.
883 2035 941 2090 Si
979 2033 1102 2102 quis
1142 2031 1486 2099 monachus.)
1536 2029 1593 2083 Si
1642 2028 1775 2101 quis
1832 2032 2064 2084 conten-

419 2131 608 2187 tiones
630 2136 682 2184 et
706 2127 860 2181 rixas
882 2122 1185 2187 amaverit,
1205 2120 1292 2176 vel
1323 2119 1701 2174 manifestum
1735 2117 2062 2173 convicium

416 2219 582 2274 fratri
604 2214 892 2276 intulerit,
909 2214 1076 2283 juxta
1094 2209 1398 2266 arbitrium
1428 2207 1688 2263 Rectoris
1707 2206 2066 2278 modumque

415 2309 662 2382 peccati;
693 2304 972 2358 diuturna
1001 2299 1265 2369 expietur
1294 2296 1655 2369 paenitentia.

413 2417 548 2472 CAP.
567 2415 658 2468 64.
676 2443 739 2452 -
754 2411 828 2465 De
839 2410 921 2463 his
936 2407 1032 2477 qui
1041 2405 1233 2476 faciles
1255 2409 1385 2477 sunt
1415 2403 1492 2459 ad
1529 2401 1961 2477 detrahendums
1985 2403 2068 2457 Ex

481 2485 686 2551 eodem,
709 2482 914 2552 cap.10
935 2473 1239 2548 (annect.et
1255 2476 1353 2531 hoc
1381 2477 1459 2530 ad
1484 2473 1991 2545 calc.ejus.conc.).

482 2575 542 2630 Si
575 2573 710 2644 quis
741 2573 1052 2642 promptus
1075 2564 1381 2636 facilisque
1404 2568 1494 2619 est
1515 2563 1583 2618 ad
1612 2563 2062 2630 detrahendum,

411 2664 612 2719 dicens
644 2660 800 2733 quod
830 2673 1032 2712 verum
1066 2671 1180 2710 non
1213 2658 1326 2718 est,
1353 2654 1386 2705 7
1419 2652 1544 2707 dies
1575 2652 1631 2705 in
1666 2667 1813 2722 pane
1835 2656 1892 2706 et
1911 2667 2063 2721 aqua

410 2754 813 2825 sequestratus
846 2764 879 2801 a
909 2747 1164 2801 fraterno
1195 2742 1490 2798 consortio
1521 2741 1818 2812 pmniteat.

482 2858 615 2912 CAP.
645 2857 734 2910 65.
759 2884 826 2894 —-
847 2854 920 2908 De
945 2852 1270 2922 pwnitentia
1298 2850 1415 2919 ejus
1433 2850 1528 2920 qui
1550 2864 1779 2922 manum
1803 2845 1972 2922 inittit
2001 2847 2058 2901 in

581 2929 911 2997 episcOpum.
945 2919 1026 2977 Ex
1049 2921 1283 2977 concilio
1315 2919 1632 2989 Tungrensi,
1672 2935 1792 2990 cap.
1825 2920 1878 2972 5.

485 3015 758 3086 Quisquis
792 3030 894 3086 per
925 3012 1126 3066 dolum
1153 3009 1332 3065 mittit
1356 3024 1596 3063 manum
1624 3024 1790 3062 suam
1816 3008 1875 3062 in
1896 3006 2059 3063 Chri-

413 3109 570 3160 stum
606 3101 862 3166 Domini,
884 3100 1228 3171 episcopum
1248 3095 1520 3151 videlicet
1543 3095 1769 3150 Patrem
1793 3100 1850 3150 et
1869 3101 2060 3166 pasto-

2153 525 2472 579 exercenda
2488 529 2576 580 est
2598 525 2655 578 in
2680 528 2921 596 peccata
2940 539 3286 596 paucorum,
3311 528 3369 578 et
3389 523 3439 578 si
3462 521 3602 595 quid
3628 521 3830 578 mina-

2156 628 2310 679 mur,
2340 630 2475 668 cum
2509 612 2708 669 dolore
2738 613 2862 679 ﬁat,
2899 613 2985 679 ‘de
3024 611 3346 683 Scripturis
3391 611 3828 667 comminando

2155 701 2474 757 vindictam
2510 703 2794 769 futuram,
2829 718 2902 756 ne
2930 718 3037 756 nos
3061 700 3258 772 ipsiin
3293 705 3492 757 nostra
3523 705 3828 771 potestate

2158 790 2258 845 sed
2283 796 2433 846 Deus
2453 791 2509 844 in
2543 794 2742 845 nostro
2764 806 3035 845 sermone
3052 789 3350 845 timeatur.
3385 791 3471 845 Ita
3492 789 3659 860 prius
3685 806 3825 845 mo-

2155 879 2451 934 vebuntur
2476 878 2812 950 spirituales
2839 878 2925 934 vel
2955 878 3369 949 spiritualibus
3403 879 3626 950 proxim
3661 896 3828 950 quo-

2158 985 2292 1023 rum
2313 969 2662 1024 auctoritate
2684 973 2740 1023 et
2761 967 3081 1023 lenissimis
3100 969 3365 1040 quidem,
3382 969 3484 1024 sed
3510 967 3827 1024 instantis-

2161 1056 2327 1113 simis
2405 1057 2828 1113 admonitionis
2891 1061 3098 1112 caztera
3182 1056 3502 1112 multitudo
3575 1056 3826 1128 franga-

2164 1151 2282 1202 tur.

2160 1235 2411 1291 CAP.69.
2457 1266 2527 1275 ——
2572 1236 2730 1306 Quod
2775 1236 3010 1306 crapula
3058 1237 3298 1290 multum
3345 1235 3418 1290 sit
3477 1235 3824 1291 Christianis

2411 1310 2720 1363 contraria.
2754 1309 2838 1362 Ex
2865 1308 3031 1363 dictis
3051 1309 3230 1362 sancti
3269 1307 3575 1363 Benedicti.

2232 1397 2386 1453 Nihil
2422 1397 2507 1452 sic
2540 1398 2899 1453 contrarium
2935 1402 3025 1452 est
3048 1396 3268 1452 homini
3301 1395 3662 1465 Christiano,
3700 1413 3820 1468 quo

2163 1487 2336 1542 modo
2385 1485 2622 1557 crapula
2669 1491 2726 1540 et
2773 1487 3046 1552 ebrietas,
3101 1485 3255 1542 sicut
3307 1484 3391 1540 ait
3454 1485 3734 1540 Dominus
3764 1485 3824 1539 in

2162 1576 2474 1648 Evangelio
2509 1592 2522 1630 :
2563 1575 2747 1632 Videte
2777 1591 2845 1630 ne
2871 1579 3181 1646 graventur
3201 1573 3368 1631 corda
3389 1578 3569 1630 vestra
3589 1576 3824 1647 crapula

2170 1669 2221 1720 et
2251 1665 2513 1720 ebrietate
2542 1665 2698 1734 (Luc.
2731 1668 2870 1732 xxx).

2167 1754 2305 1810 CAP.
2355 1754 2444 1808 70.
2508 1754 2569 1809 Ut
2617 1753 2826 1807 malum
2873 1752 3164 1808 ebrietatis
3208 1753 3437 1806 omnino
3469 1750 3692 1807 vitetur.
3727 1752 3814 1806 Ea:

2093 1833 2141 1898 Β
2243 1825 2437 1880 decret.
2472 1823 2838 1896 Euthychian.
2869 1840 3046 1895 papae,
3077 1839 3195 1894 cap.
3232 1823 3266 1878 8
3298 1823 3392 1895 (ad
3439 1825 3544 1878 cal.
3606 1825 3822 1878 decret.

2248 1899 2372 1952 Eut.
2387 1899 2422 1953 ).

2248 1899 2372 1952 Eut.
2409 1940 2422 1953 .

2247 1898 2521 2055 Magiium
2553 1984 2772 2039 malum
2788 1983 3107 2052 ebrietatis,
3134 1983 3291 2038 unde
3313 1982 3514 2038 omnia
3533 1983 3673 2039 vitia
3698 1984 3826 2054 pul-

2173 2073 2381 2138 lulant,
2414 2072 2762 2128 Christianis
2798 2073 2986 2127 modis
3017 2072 3294 2127 omnibus
3327 2087 3527 2128 cavere
3559 2073 3829 2144 praecipi-

2177 2178 2330 2216 mus.
2345 2161 2454 2224 Qui
2475 2165 2671 2216 autem
2691 2161 2796 2215 hoc
2817 2160 3000 2215 vitare
3014 2159 3289 2227 noluerit,
3314 2160 3830 2216 excommunicau-

2175 2251 2315 2305 dum
2337 2266 2466 2305 esse
2499 2250 2890 2320 decrevimus,
2917 2265 3103 2320 usque
3117 2250 3187 2304 ad
3203 2265 3526 2320 congruam
3549 2251 3828 2305 emenda-

2175 2339 2420 2394 tionem.

2173 2429 2308 2484 CAP.
2338 2429 2520 2482 7t.—
2557 2426 2634 2482 Ne
2680 2429 2924 2498 epiwopt
2953 2431 3009 2482 et
3065 2443 3254 2482 eorum
3299 2426 3551 2481 ministri
3595 2428 3829 2497 crapula

2244 2507 2297 2554 et
2321 2499 2580 2553 ebrietate
2607 2503 2944 2570 graventur.
2980 2499 3060 2552 Ea:
3089 2498 3322 2554 decretis
3345 2500 3763 2570 ejusdem,cap.
3795 2500 3828 2551 9

2247 2571 2337 2638 (ad
2365 2571 2506 2626 calc.
2539 2569 2742 2624 decrct.
2775 2569 2993 2641 ejusd.).

2243 2658 2516 2729 Episcopi
2546 2663 2602 2713 et
2632 2657 2734 2712 Dei
2768 2656 3024 2712 ministri
3057 2674 3171 2712 non
3195 2656 3410 2713 debent
3441 2658 3825 2713 comessatio-

2171 2744 2347 2801 nibus
2365 2752 2424 2804 et
2443 2745 2782 2802 vinolentiis
2805 2746 3003 2800 nimiis
3035 2746 3396 2814 incumbere,
3427 2747 3528 2802 sed
3552 2748 3824 2802 conside-

2169 2840 2300 2890 rent
2327 2835 2681 2891 sententiam
2715 2833 2941 2890 Domini
2972 2834 3256 2890 dicentis:
3286 2835 3558 2890 Attendite
3592 2853 3662 2890 ne
3692 2853 3825 2904 gra-

2169 2933 2367 2978 ventur
2393 2924 2557 2978 corda
2587 2929 2767 2978 vestra
2815 2925 3047 2993 crapula
3085 2927 3141 2977 et
3188 2922 3633 2994 ebrietate(Luc.
3684 2927 3824 2995 xxi).

2171 3011 2461 3067 Moderate
2481 3011 2638 3066 enim
2661 3011 2862 3066 cibum
2885 3017 2940 3066 et
2963 3013 3364 3068 necessarium
3388 3016 3699 3085 sumptum
3726 3030 3826 3068 su-

2171 3104 2357 3169 mant,
2393 3106 2472 3169 ut,
2492 3102 2664 3171 juxta
2691 3100 3062 3171 Apostolum,
3087 3100 3265 3156 sobrii
3292 3101 3411 3156 sint
3441 3107 3497 3157 et
3528 3103 3721 3173 parati
3749 3103 3824 3158 ad

411 3209 533 3248 rem
566 3207 764 3255 suum,
798 3189 937 3260 quia
969 3185 1339 3257 sacrilegium
1373 3185 1708 3248 committit,
1741 3188 1798 3239 et
1829 3183 1930 3254 qui
1957 3183 2060 3238 Ec-
2092 3202 2133 3268 ρ
2173 3188 2474 3244 servitium
2510 3189 2608 3244 Dei
2643 3191 2690 3259 (ι
2723 3190 2900 3245 Thess.
2935 3207 2965 3244 v
2994 3194 3059 3256 ;l
3095 3191 3234 3246 Tim.
3271 3207 3335 3246 III
3363 3191 3482 3259 ;Tit.
3517 3193 3578 3262 ι).

411 3281 650 3338 clesiam
674 3281 956 3344 devastat,
987 3281 1043 3331 et
1071 3275 1353 3341 incendit,
1386 3273 1523 3344 quia
1554 3278 1612 3328 et
1656 3271 1765 3327 hoc
1822 3271 2056 3327 sacrile-

411 3372 572 3444 gium
606 3378 714 3437 est,
747 3366 968 3440 placuit
1011 3369 1227 3420 sanctze
1279 3363 1500 3434 synodo
1529 3366 1593 3416 ut
1631 3360 1692 3416 in
1742 3377 1858 3416 uno
1907 3359 2055 3428 loco,

408 3461 466 3516 id
499 3464 588 3516 est
617 3461 676 3514 in
708 3455 1086 3525 monasterio,
1119 3452 1396 3525 poeniteat
1417 3451 1693 3507 omnibus
1725 3450 1932 3506 diebus
1975 3450 2057 3504 vi-

412 3556 485 3605 ιω
514 3566 656 3604 sum.

407 3639 542 3694 CAP.
601 3637 708 3690 66.
761 3665 827 3674 —
897 3635 970 3690 De
1035 3633 1250 3687 clericis
1316 3629 1640 3686 maledicis.
1697 3635 1779 3685 Ea:
1825 3627 2059 3684 concilio

943 3706 1127 3760 Carlh.
1163 3721 1240 3770 iv,
1283 3720 1402 3771 cap.
1433 3704 1523 3756 57.

480 3795 654 3864 (Dist.
688 3796 776 3860 46,
807 3811 853 3850 c.
891 3796 1140 3850 Clericus
1167 3789 2058 3861 maledicus.)Clericusmaledi-

410 3903 513 3941 cus
546 3884 874 3940 maximein
893 3881 1296 3938 sacerdotibus
1321 3880 1712 3951 [maximeque
1735 3897 1767 3934 a
1790 3879 2059 3934 sacerdo-

408 3975 861 4046 tibus],cogatur
879 3973 950 4027 ad
975 3969 1385 4043 postulandam
1404 3967 1630 4023 veniam
1655 3988 1668 4036 ;
1703 3968 1753 4022 si
1785 3969 2056 4032 noluerit,

409 4064 785 4137 degradetur,
818 4078 923 4117 nec
956 4075 1218 4131 unquam
1249 4057 1320 4111 ad
1351 4056 1608 4112 ofﬁcium
1641 4058 1862 4128 absque
1885 4056 2058 4112 satis-

411 4153 660 4209 factione
693 4156 1012 4209 revocetur.

408 4261 544 4315 CAP.
575 4261 664 4314 67.
687 4287 756 4301 --
791 4259 859 4313 De
887 4255 1012 4312 illis
1042 4255 1139 4326 qui
1167 4255 1459 4326 detrahunt
1487 4254 1603 4326 suis
1630 4252 1929 4326 prioribus.
1948 4255 2059 4326 Ea:

505 4333 665 4386 dictis
695 4329 896 4385 Basilii
925 4329 1009 4400 (in
1039 4323 1248 4397 regulis
1290 4323 1639 4380 brevioribus
1664 4324 1733 4380 ad
1762 4341 1814 4395 q.
1846 4323 1962 4394 27.)

478 4420 534 4472 Si
566 4419 701 4489 quis
723 4418 1037 4473 detraxerit
1067 4417 1114 4471 ei
1143 4417 1242 4486 qui
1304 4419 1532 4486 praeest,
1579 4415 1613 4465 7
1663 4413 1788 4468 dies
1836 4430 1870 4468 a
1917 4429 2054 4468 con-

407 4514 580 4562 ventu
604 4505 872 4562 Ecclesiae
895 4508 1224 4576 separatus,
1251 4501 1505 4558 utMaria
1527 4518 1691 4557 soror
1713 4503 1902 4557 Aaron
1925 4517 2056 4572 quas

408 4596 736 4651 detraxerat
764 4595 946 4666 Moysi
979 4594 1164 4664 (Num.
1197 4595 1318 4662 xu),
1352 4591 1652 4663 poeniteat.

407 4703 540 4758 CAP.
571 4703 660 4755 68.
692 4732 761 4740 —
810 4700 1014 4768 Quibus
1060 4698 1237 4754 modis
1269 4697 1520 4753 tollenda
1548 4699 1663 4752 sint
1707 4699 2054 4751 comessatio-

475 4790 572 4828 nes
599 4781 652 4826 et
680 4767 1000 4826 ebrietates.
1033 4772 1254 4840 August.
1287 4774 1344 4823 in
1373 4771 1528 4839 epist.
1554 4769 1625 4822 64
1672 4767 1740 4822 ad
1769 4769 2058 4823 Aurelium

479 4860 814 4917 episcopum.

477 4936 634 5006 (Dist.
691 4933 780 4996 44,
839 4947 885 4986 c.
947 4928 1413 4996 Comessationes.)
1474 4927 1942 4984 Comessationes
2000 4932 2056 4985 et

405 5023 718 5079 ebrietates
750 5022 831 5076 ita
852 5034 1139 5074 concessa:
1173 5022 1228 5072 et
1259 5017 1426 5071 licitae
1451 5020 1753 5087 putantur.
1780 5021 1845 5071 ut
1868 5018 1924 5071 in
1949 5017 2051 5072 ho-

403 5129 604 5168 norem
636 5110 810 5166 etiam
843 5108 1318 5163 beatissimorum
1345 5111 1695 5176 martyrum,
1719 5122 1836 5160 non
1859 5106 2048 5161 solum

402 5219 505 5274 per
524 5201 650 5256 dies
674 5201 967 5256 solemnes
991 5196 1169 5268 (quod
1200 5195 1394 5264 ipsum
1420 5194 1553 5265 quis
1577 5211 1691 5248 non
1726 5193 2047 5265 lugendum

396 5291 608 5357 videat,
641 5289 738 5362 qui
770 5289 891 5344 haec
925 5304 1039 5342 non
1072 5283 1299 5341 carneis
1331 5281 1516 5338 oculis
1553 5283 1830 5354 inspicit),
1856 5285 1957 5339 sed
1994 5295 2050 5340 et

395 5381 655 5452 quotidie
685 5379 1072 5434 celebrentur.
1096 5377 1159 5430 Et
1180 5380 1295 5445 post
1310 5388 1508 5443 pauca.
1537 5371 1659 5428 Non
1685 5388 1821 5440 ergo
1845 5389 2050 5443 aspere

393 5471 703 5540 (quantum
738 5466 1028 5537 existimo)
1059 5481 1175 5520 non
1207 5461 1452 5531 duriter,
1486 5477 1601 5516 non
1637 5463 1804 5514 modo
1859 5461 2047 5533 impe-

395 5557 549 5610 rioso
582 5558 692 5612 ista
729 5557 1044 5621 tolluntur;
1079 5553 1180 5609 sed
1215 5551 1403 5622 magis
1435 5551 1695 5605 docendo
1728 5566 1902 5621 quam
1947 5551 2045 5621 ju-

396 5645 605 5710 bendo,
641 5645 830 5716 magis
865 5643 1153 5701 monendo
1186 5657 1364 5715 quam
1389 5640 1690 5697 minando.
1742 5638 1835 5696 Sic
1886 5638 2042 5697 enim

2165 3295 2298 3350 CAP.
2320 3295 2411 3350 72.
2461 3324 2531 3335 —-
2592 3299 2678 3350 De
2729 3295 2918 3352 eadem
3116 3300 3199 3352 Ex
3260 3312 3410 3352 conc.
3463 3296 3829 3353 Cabilonensi

2855 3383 2976 3422 can.
3085 3408 3096 3421 .

2855 3383 2976 3433 cap.
3012 3383 3096 3422 1U.

2234 3453 2308 3510 Ut
2336 3455 2712 3511 sobrietatem
2745 3457 3077 3512 sacerdotes
3109 3460 3370 3522 teneant,
3400 3459 3457 3512 et
3505 3457 3658 3512 hanc
3709 3457 3818 3512 ha~

2166 3543 2420 3600 bendam
2451 3545 2724 3600 fidelibus
2749 3545 3082 3617 praedicent,
3116 3562 3234 3617 qua
3257 3562 3372 3601 non
3405 3550 3595 3616 potest
3631 3545 3818 3601 libere

2167 3632 2540 3689 sobrietatem
2574 3635 2887 3705 praedicare
2916 3633 3015 3704 qui
3046 3650 3106 3690 se
3139 3650 3298 3688 mero
3333 3650 3518 3703 usque
3545 3634 3617 3689 ad
3672 3635 3818 3690 alie-

2166 3722 2462 3777 nationem
2485 3723 2697 3777 mentis
2717 3723 3062 3794 ingurgitat.
3088 3727 3203 3777 Hoc
3215 3724 3356 3778 etde
3376 3723 3824 3778 comessationi-

2167 3811 2279 3866 bus
2310 3816 2365 3866 et
2387 3811 2610 3867 caeteris
2641 3813 2904 3882 pestibus
2925 3813 2996 3867 ad
3021 3811 3491 3885 gastrimargiam
3526 3811 3823 3882 pertinen-

2167 3901 2326 3954 tibus
2356 3901 2791 3955 observandum
2819 3906 2928 3956 est.

2165 3988 2300 4044 CAP.
2332 3989 2422 4043 73.
2446 4020 2514 4028 --
2544 3989 2618 4044 De
2645 3988 2833 4044 eadem
2863 3989 3394 4132 qtszzocanonibus
3425 3990 3820 4062 apostolorum,

2235 4149 2400 4218 (Dist.
2458 4148 2547 4215 35,
2591 4165 2638 4203 c.
2688 4149 3028 4222 Episcopus.)
3081 4149 3426 4221 Episcopus,
3495 4151 3822 4224 presbyter,

2165 4241 2266 4292 aut
2287 4238 2565 4293 diaconus
2593 4237 2728 4293 aleae
2760 4244 2936 4310 atque
2974 4237 3237 4294 ebrietati
3301 4239 3664 4307 deserviens,
3727 4244 3825 4295 aut

2165 4326 2415 4396 desinat,
2435 4332 2534 4382 aut
2551 4331 2704 4382 certe
2719 4328 3053 4383 damnetur.
3071 4327 3507 4396 Subdiaconus,
3522 4338 3625 4383 aut
3645 4327 3825 4384 lector

2162 4421 2264 4470 aut
2289 4420 2490 4471 cantor
2507 4416 2729 4472 similia
2763 4417 2986 4472 faciens
3019 4421 3120 4472 aut
3150 4417 3400 4486 desinat,
3429 4424 3530 4472 aut
3551 4434 3823 4474 commu-

2169 4504 2344 4560 nione
2375 4505 2655 4576 privetur.
2680 4505 2970 4560 Similiter
2999 4508 3175 4560 etiam
3209 4505 3417 4561 laicus.

2381 4596 2516 4650 CAP.
2549 4596 2638 4649 74.
2675 4625 2739 4634 -
2763 4595 2837 4649 De
2866 4594 3057 4650 eadem
3088 4611 3164 4650 re.
3189 4595 3415 4664 Ibidem,
3448 4611 3568 4667 cap-
3604 4597 3695 4652 43.

2240 4683 2448 4753 Siquis
2469 4683 2784 4755 episcopus
2803 4688 2905 4738 aut
2922 4682 3134 4754 aliquis
3158 4684 3464 4740 ordinatus
3486 4684 3545 4740 in
3571 4702 3819 4744 consue-

2166 4772 2374 4826 tudine
2406 4771 2675 4827 ebriosus
2711 4773 2902 4837 fuerit,
2929 4777 3028 4826 aut
3059 4771 3313 4838 desinat,
3345 4777 3446 4828 aut
3475 4774 3823 4846 deponatur.

2165 4879 2299 4935 CAP.
2331 4879 2421 4933 75.
2455 4909 2523 4919 -
2547 4878 2748 4947 Quales
2794 4880 3048 4936 convivae
3095 4881 3474 5005 egiscoliorum
3523 4881 3709 4953 epulis
3739 4885 3822 4938 in-

2233 4955 2432 5005 teresse
2459 4949 2704 5005 debeant.
2738 4953 2831 5005 Ex
2859 4951 3090 5005 decretis
3165 4968 3260 5005 use
3305 4953 3348 5005 ii
3372 4969 3548 5005 unum.
3602 4971 3725 5005 can.
3761 4955 3821 5005 10

2233 4955 2432 5006 teresse
2459 4949 2704 5026 debeant.
2738 4953 2831 5026 Ea:
2859 4951 3090 5026 decretis
3120 4949 3348 5026 Eusebii
3371 4949 3564 5024 papa,
3602 4971 3725 5026 cap.
3761 4955 3821 5009 10

2233 5029 2470 5087 (annect.
2503 5023 2572 5077 ad
2599 5023 2736 5078 cale.
2763 5023 2965 5079 decret.
3000 5024 3237 5094 Euseb.).

2235 5110 2476 5181 Oportet
2505 5111 2848 5182 episcopum
2885 5111 3201 5166 moderatis
3230 5111 3427 5182 epulis
3480 5117 3819 5170 contentum

2161 5216 2557 5270 essesuosque
2600 5201 2876 5256 convivas
2923 5201 2992 5256 ad
3042 5201 3474 5256 comedendum
3509 5208 3569 5257 et
3613 5208 3823 5275 potan-

2161 5289 2302 5343 dum
2319 5304 2434 5343 non
2451 5303 2677 5359 urgere,
2703 5289 2846 5360 quin
2864 5288 3058 5359 potius
3073 5304 3307 5358 semper
3319 5289 3660 5346 sobrietatis
3678 5308 3818 5363 prae-

2161 5377 2295 5432 beat
2309 5376 2661 5448 exemplum.
2683 5378 3072 5432 Removeatur
3087 5377 3158 5432 ab
3175 5378 3304 5447 ejus
3325 5378 3590 5434 convivio
3613 5386 3819 5436 cuncta

2157 5465 2542 5536 turpitudinis
2567 5472 2914 5538 argumenta
2937 5468 3295 5536 [augmenta,
3317 5466 3508 5538 orig.],
3531 5485 3647 5523 non
3666 5469 3816 5524 ludi-

2155 5571 2255 5608 cra
2286 5554 2639 5625 spectacula,
2660 5571 2774 5610 non
2809 5560 3176 5610 acromatum
3211 5545 3570 5628 vaniloquia,
3593 5573 3711 5612 non
3737 5558 3816 5613 fa-

2155 5645 2390 5699 tuorum
2423 5642 2820 5714 stultiloquia,
2870 5659 2984 5700 non
3036 5641 3372 5701 scurrilium
3425 5644 3817 5704 admittuntur
