4002 6054
218 262 335 318 817

1103 269 1414 321 DECRETI
1454 267 1644 321 PARS
1683 264 1831 317 XIII.
1871 287 1938 297 —-
1970 261 2066 312 DE
2106 261 2573 327 RAPTORIBUS,
2616 264 2769 317 ETC.

3545 260 3652 316 818

214 386 534 459 ρνωεΐίεἰα.
562 388 771 444 Adsint
794 389 1110 461 peregrini.
1132 395 1188 446 et
1214 407 1525 463 pauperes,
1551 394 1605 444 et
1629 385 1873 451 debiles,
1908 382 1959 449 Α
1991 400 2124 439 num
2156 384 2335 449 enim,
2360 389 2422 440 ut
2446 390 2648 441 sancta
2666 386 2967 457 Scriptura
2990 385 3151 455 dicit,
3177 389 3489 455 apostatare
3510 390 3651 457 facit

220 476 325 549 qui
347 477 418 532 de
442 476 788 533 sacerdotali
815 494 1021 533 mensa
1043 478 1342 535 Christum
1361 480 1773 535 benedicentes
1789 479 1883 530 be-

214 566 612 621 nedictionem
636 566 981 638 percipiant.
1011 568 1309 623 Recitetur
1334 586 1500 623 sacra
1525 568 1714 631 lectio,
1742 568 1884 621 sub-

216 661 510 725 sequatur
532 655 669 709 vivae
692 658 851 710 vocis
876 656 1225 726 exhortatio,
1258 662 1324 711 ut
1358 675 1471 711 non
1499 662 1726 711 tantum
1758 672 1884 709 cor-

216 744 405 816 porali
438 744 588 811 cibo,
639 745 761 798 imo
791 746 949 800 verbi
983 745 1309 817 spiritualis
1366 747 1643 801 alimento
1687 744 1883 799 convi-

213 838 426 888 vantes
484 851 545 888 se
603 834 852 889 refectos
911 833 1306 905 gratulentur,
1370 840 1433 889 ut
1482 836 1541 888 in
1605 833 1885 889 omnibus

214 922 636 978 honoriﬁcetur
666 927 839 993 Deus,
875 940 977 995 per
1003 924 1205 978 .lesum
1241 923 1541 979 Christum
1572 923 1883 979 Dominum

219 1016 517 1067 nostrum.

213 1126 351 1201 CAP.
375 1128 464 1181 76.
486 1129 640 1201 —-De
658 1127 985 1201 penitentia
1009 1128 1363 1201 sacerdotum
1377 1138 1428 1183 et
1442 1129 1787 1201 reliquorum
1801 1144 1882 1182 or-

284 1199 485 1271 dinum
515 1199 567 1253 si
594 1199 870 1255 inebriati
896 1200 1131 1271 fuerint.
1168 1205 1252 1256 Ea:
1294 1199 1685 1256 Paenitentiali
1721 1201 1884 1254 Theo—

283 1270 407 1325 dori
429 1271 701 1342 episcopi.

286 1359 569 1415 Sacerdos
602 1360 849 1431 quilibet
879 1360 927 1414 si
960 1359 1286 1416 inebriatur
1321 1378 1420 1432 per
1456 1359 1880 1430 ignorantiam,

209 1449 245 1501 7
296 1450 423 1504 dies
477 1450 758 1519 paeniteat
791 1449 848 1503 in
886 1466 1033 1521 pane
1065 1454 1123 1505 et
1146 1468 1315 1522 aqua.
1352 1450 1406 1505 Si
1442 1466 1547 1521 per
1580 1447 1883 1520 negligen-

207 1537 379 1602 tiam,
406 1541 471 1593 15
494 1540 639 1593 dies.
663 1538 718 1593 Si
740 1555 839 1610 per
862 1544 1289 1610 cantemptum,
1315 1540 1382 1592 40
1406 1538 1551 1593 dies.
1584 1538 1881 1592 Diaconus

206 1627 297 1682 vel
334 1628 662 1683 monachus
694 1628 1023 1683 secundum
1048 1629 1314 1683 ordinem
1340 1628 1427 1698 (ut
1458 1627 1745 1697 scriptum
1770 1630 1880 1696 est)

212 1732 317 1771 ceu
352 1720 409 1772 et
445 1716 653 1788 reliqui
686 1717 880 1771 clerici
912 1721 969 1771 et
1000 1716 1254 1772 ministri
1281 1717 1451 1786 juxta
1481 1716 1745 1770 ordinem
1769 1716 1866 1821 :ju-
1901 1758 1948 1821 Β

209 1805 365 1860 dicio
387 1807 707 1861 sacerdotis
761 1806 1100 1877 pceniteaut.
1128 1806 1278 1861 Laici
1307 1805 1463 1861 velut
1482 1810 1616 1859 vota
1633 1821 1748 1859 non
1772 1802 1871 1858 ha-

210 1893 437 1961 bentes,
462 1894 509 1949 si
542 1894 911 1949 inebriantur
940 1900 1263 1964 arguantur
1293 1912 1325 1949 a
1357 1895 1682 1961 sacerdote,
1711 1894 1867 1963 quod

206 1982 427 2038 ebriosi
457 2000 685 2053 regnum
715 1982 814 2037 Dei
843 2000 949 2037 non
982 1982 1337 2054 possidebunt
1360 1983 1408 2053 (l
1433 1984 1555 2038 Cor.
1576 1983 1676 2051 γι),
1705 1986 1761 2035 et
1782 1982 1869 2034 in-

208 2071 432 2126 teritus
464 2072 542 2126 sit
572 2070 845 2137 ebrietas,
877 2076 933 2126 et
964 2071 1277 2143 compellat
1308 2088 1407 2126 eos
1439 2070 1737 2142 paenitere.
1762 2068 1870 2133 Qui

218 2159 379 2232 cogit
435 2160 734 2215 hominem
788 2166 854 2215 ut
902 2160 1222 2215 inebrietur
1249 2159 1632 2215 humanitatis
1662 2157 1867 2231 gratia,

209 2249 494 2304 acerrime
547 2249 921 2321 corripiatur,
975 2254 1033 2305 et
1064 2254 1285 2321 septem
1320 2250 1445 2304 dies
1478 2249 1784 2321 pmniteat;
1819 2246 1869 2302 si

208 2354 313 2410 per
349 2342 756 2410 contemptum
790 2340 858 2393 30
889 2340 1037 2393 dies.
1071 2338 1282 2393 Nullus
1305 2338 1668 2393 Christianus
1686 2336 1867 2390 alium

206 2427 603 2483 Christianum
623 2425 752 2498 plus
766 2428 963 2483 bibere
979 2432 1147 2499 cogat
1160 2444 1335 2498 quam
1354 2445 1383 2481 n
1396 2432 1574 2481 aturae
1590 2425 1865 2480 sufﬁciat.

204 2516 368 2580 Quod
404 2517 450 2571 si
487 2517 705 2584 fecerit,
732 2518 905 2588 juxta
935 2518 992 2572 id
1013 2518 1169 2588 quod
1194 2518 1252 2571 in
1282 2515 1666 2588 pomitentiali
1691 2516 1867 2570 habe-

202 2610 320 2671 tur,
356 2606 656 2677 paeniteat.

210 2712 348 2766 CAP.
406 2710 497 2763 77.
557 2741 626 2749 —
682 2712 760 2765 De
788 2710 982 2766 eadem
1012 2726 1099 2791 re.
1125 2710 1206 2764 Ea:
1234 2709 1394 2764 dictis
1423 2708 1716 2763 Fructuosi
1746 2711 1865 2779 epi-

952 2798 1117 2852 scopi.

273 2870 334 2927 Si
386 2871 521 2941 quis
572 2869 970 2925 ecclesiastica
1022 2871 1304 2943 praeditus
1337 2869 1725 2936 ordinatione,
1761 2872 1865 2923 aut

206 2959 534 3015 monachus
567 2964 833 3029 repertus
866 2960 1037 3014 fuerit
1058 2959 1348 3030 ebriosus,
1374 2960 1433 3014 in
1458 2974 1605 3031 pane
1628 2962 1684 3013 et
1706 2974 1865 3029 aqua

206 3050 402 3104 tribus
432 3049 737 3104 mensibus
768 3048 1069 3121 paeniteat.

201 3163 316 3220 CAP
371 3165 462 3218 70.
518 3194 586 3204 —-
652 3165 714 3220 Ut
743 3164 933 3219 clerici
980 3168 1033 3219 et
1086 3164 1195 3235 ipsi
1224 3183 1256 3219 a
1287 3162 1775 3220 comessationibus
1805 3164 1855 3217 et
1884 3128 1927 3195 Ο

272 3236 629 3319 ebrietatibus
658 3235 991 3319 abstineant,
1019 3242 1091 3319 _et
1111 3236 1368 3319 subditos
1398 3235 1684 3319 abstinere
1700 3250 1855 3319 pra:

272 3307 505 3377 cipiant.
530 3310 613 3362 Ea:
665 3308 899 3362 decretis
931 3308 1271 3379 Eutychiani
1298 3324 1475 3379 papa),
1506 3323 1628 3378 cap.
1665 3308 1732 3360 13
1762 3304 1856 3377 (ad

272 3379 406 3433 cale.
436 3378 636 3434 decret.
671 3379 931 3450 Eutych.)

270 3477 715 3531 Observandum
747 3482 837 3531 est
856 3476 1021 3531 vobis
1044 3481 1106 3531 ut
1128 3484 1182 3531 et
1198 3492 1302 3531 vos
1324 3476 1395 3529 ab
1421 3476 1698 3531 ebrietate
1721 3476 1854 3530 abs-

204 3563 459 3633 tineatis,
491 3569 548 3618 et
580 3569 643 3619 ut
673 3564 871 3635 plebes
904 3564 1152 3619 subditae
1187 3564 1545 3629 abstineant,
1580 3564 1856 3633 pradice-

202 3654 278 3708 tis
307 3654 731 3725 (praecipiatis).
767 3656 835 3710 Et
857 3672 1045 3726 neque
1065 3671 1166 3725 per
1189 3654 1463 3709 tabernas
1488 3654 1634 3708 eatis
1654 3653 1854 3708 biben-

203 3744 274 3798 do
308 3748 413 3797 aut
442 3745 819 3813 comedendo,
852 3761 1041 3815 neque
1072 3744 1279 3798 domos
1311 3748 1411 3797 aut
1432 3743 1590 3797 vicos
1614 3742 1855 3797 curiosi-

204 3836 323 3886 tate
348 3831 611 3903 qualibet
634 3832 989 3904 peragretis;
1010 3848 1340 3903 nequecum
1358 3830 1590 3887 feminis
1606 3837 1705 3886 aut
1720 3847 1849 3885 cum

200 3920 563 3992 quibuslibet
595 3922 866 3992 personis
923 3921 1175 3993 impuris
1223 3920 1486 3975 convivia
1518 3920 1853 3987 exerceatis,

200 4010 311 4064 nisi
337 4011 481 4065 forte
500 4010 921 4082 paterfamilias
947 4010 1191 4082 quilibet
1212 4028 1311 4065 vos
1340 4010 1411 4065 ad
1428 4010 1664 4064 domum
1684 4026 1852 4063 suam

203 4099 562 4170 invitaverit,
595 4104 652 4155 et
677 4116 808 4155 cum
845 4102 1091 4171 conjuge
1123 4117 1232 4154 sua
1252 4104 1310 4152 et
1332 4098 1489 4170 prole
1511 4097 1651 4154 velit
1670 4098 1856 4153 vobis-

196 4204 330 4243 cum
362 4188 651 4259 spirituali
685 4188 894 4257 gaudio
926 4188 1129 4253 laetari,
1178 4192 1235 4243 et
1292 4189 1604 4243 verborum
1633 4192 1853 4242 vestro-

194 4293 325 4331 rum
358 4278 733 4333 refectionem
758 4277 1043 4349 accipere,
1069 4283 1125 4333 et
1148 4276 1312 4332 vobis
1337 4276 1710 4331 refectionem
1734 4292 1854 4331 car-

197 4364 389 4420 nalem
440 4365 747 4421 charitatis
799 4366 990 4420 ofﬁcio
1022 4366 1273 4420 exibere.
1307 4364 1545 4433 Oportet
1574 4364 1733 4419 enim
1766 4368 1850 4428 ut,

1996 474 2169 528 etiam
2205 475 2475 545 sapientes
2506 477 2691 546 (Eccli.
2729 480 2867 544 xxx).
2904 476 3148 530 Attende
3178 480 3296 531 Noe
3325 476 3512 531 virum
3554 495 3647 532 sa-

1996 563 2249 632 pientem
2285 569 2341 617 et
2373 570 2642 619 sanctum
2669 568 2960 636 quomodo
2986 582 3083 633 per
3107 566 3443 619 ebrietatem
3469 568 3651 620 nuda-

1996 656 2091 705 tus
2139 658 2227 706 est
2269 653 2568 708 dormiens
2599 654 2727 724 (Gen
2762 656 2861 723 1x).
2898 655 3137 709 Attende
3170 659 3226 708 et
3259 654 3361 708 Lot
3392 656 3651 724 patriar-

1995 741 2164 794 cham
2197 742 2295 811 qui
2332 760 2433 813 per
2463 743 2802 797 ebrietatem
2832 760 2893 798 se
2926 743 3163 797 miscuit
3194 742 3434 798 ﬁliabus
3466 743 3653 814 impu-

1996 830 2201 884 denter
2224 830 2355 901 (Gen
2385 833 2521 902 XIX).
2556 833 2699 887 Hinc
2733 833 2937 887 beatus
2971 832 3223 886 Basilius
3258 832 3440 888 dicit:
3477 832 3649 887 Multi

1996 934 2099 989 per
2129 918 2330 974 vinum
2360 937 2393 975 a
2422 922 2791 976 dzrmonibus
2822 921 2974 992 capti
3010 927 3190 987 sunt;
3226 936 3330 974 nec
3362 926 3451 975 est
3481 921 3650 976 aliud

1994 1007 2248 1063 ebrietas
2280 1026 2455 1080 quam
2492 1009 3016 1064 maniiestissimus
3046 1011 3271 1064 daemon
3305 1010 3482 1077 (113.)
3504 1010 3649 1064 Hinc

1995 1098 2279 1169 propheta
2303 1100 2384 1153 ait
2409 1116 2420 1153 :
2453 1099 2766 1154 Fornicatio
2796 1103 2844 1153 et
2874 1100 3088 1164 vinum,
3120 1108 3172 1153 et
3196 1101 3437 1154 ebrietas
3458 1103 3649 1168 au/ert

1992 1202 2084 1242 cor
2129 1188 2267 1256 (0se.
2332 1189 2430 1259 ιν).
2487 1189 2747 1243 Ebrietas
2779 1188 2931 1243 enim
2967 1188 3430 1258 pertubationem
3465 1188 3638 1259 parit,

1993 1276 2178 1346 gignit
2202 1278 2411 1333 mentis
2437 1278 2490 1332 iu
2503 1295 2711 1346 rorem,
2736 1282 2791 1333 et
2806 1278 3103 1333 flammam
3120 1276 3642 1333 suscitatlibidinis

1992 1365 2265 1435 Apostolo
2321 1372 2504 1422 teste:
2564 1367 2747 1422 Nolite
2792 1367 3069 1421 inebriari
3112 1366 3236 1421 vino
3291 1366 3351 1420 in
3408 1383 3517 1438 quo.
3568 1371 3645 1421 est

1992 1453 2227 1509 luxuria
2256 1456 2473 1526 (Ephes.
2504 1457 2581 1525 v).
2615 1456 2673 1510 Si
2699 1456 2831 1526 quis
2856 1461 3049 1511 autem
3074 1461 3275 1511 contra
3295 1456 3413 1511 haec
3444 1456 3644 1511 fecerit

1989 1548 2328 1597 sanctorum
2357 1548 2598 1608 statuta,
2622 1544 2862 1614 dignam
2886 1544 3184 1617 etlongam
3204 1549 3339 1615 agat
3360 1545 3641 1615 poeniten-

1990 1631 2152 1700 tiam,
2186 1632 2326 1702 quia
2354 1648 2535 1685 unum
2570 1637 2658 1685 est
2688 1649 2754 1686 ex
2786 1633 2879 1687 his
2912 1634 3164 1704 peccatis
3186 1650 3315 1703 quae
3336 1633 3634 1688 hominem

1990 1725 2265 1790 separant
2287 1738 2319 1774 a
2342 1736 2518 1791 regno
2544 1720 2667 1789 Dei,
2691 1721 2919 1776 dicente
2941 1722 3203 1793 apostolo
3226 1721 3432 1778 Paulo:
3453 1723 3633 1792 Neque

1978 1810 2181 1865 ebriosi
2210 1827 2445 1879 regnum
2475 1812 2573 1865 Dei
2598 1811 2952 1882 possidebunt
2981 1812 3027 1879 (I
3057 1814 3177 1868 Cor.
3212 1814 3312 1882 v1).

1980 1912 2112 1965 CAP.
2145 1911 2235 1964 81.
2268 1942 2338 1952 --
2367 1912 2441 1965 De
2471 1913 2796 1981 paenitentia
2826 1913 2942 1983 ejus
2973 1914 3067 1980 qui
3096 1928 3163 1966 ea:
3191 1914 3454 1966 ebrietate
3476 1910 3620 1966 vomi

2191 1986 2307 2036 tum
2356 1983 2574 2054 fecerit.
2606 1986 2689 2037 Ea:
2721 1983 3101 2039 l’amitentiali
3145 1984 3408 2039 Romano.

2051 2070 2153 2136 Qui
2184 2088 2287 2142 per
2318 2071 2661 2127 ebrietatem
2716 2072 3001 2128 vomitum
3053 2072 3209 2140 facit,
3246 2072 3290 2127 si
3324 2072 3629 2143 presbyter

1977 2164 2081 2214 aut
2102 2158 2381 2216 diaconus
2400 2165 2514 2230 est,
2537 2162 2606 2214 40
2626 2160 2749 2215 dies
2774 2161 3054 2231 pmniteat
3083 2178 3094 2227 ;
3122 2160 3167 2214 si
3192 2158 3538 2228 monachus,
3561 2157 3630 2211 30

1979 2252 2141 2318 dies;
2176 2253 2224 2307 si
2258 2252 2525 2321 clericus,
2558 2255 2627 2307 2O
2658 2254 2822 2320 dies;
2858 2252 2905 2306 si
2939 2252 3146 2317 laicus,
3183 2252 3249 2305 15
3282 2251 3427 2306 dies.

1978 2343 2111 2396 CAP.
2168 2346 2256 2399 82.
2316 2376 2383 2385 —
2446 2345 2515 2399 De
2550 2342 2737 2421 eadem
2768 2358 2847 2395 re.
2880 2343 2962 2421 lia:
2993 2343 3282 2396 Paznilenl.
3318 2340 3479 2395 Bedw
3505 2356 3632 2411 pre-

2874 2430 2912 2465 2.

2049 2490 2253 2545 Laicus
2300 2488 2349 2543 si
2381 2504 2480 2557 per
2506 2415 3153 2542 ebrietsatizlrfirvomitum
3179 2482 3338 2548 facit,
3362 2486 3480 2536 tres
3506 2482 3630 2537 dies

1976 2600 2011 2637 θ.
2040 2595 2213 2635 carne
2245 2583 2302 2633 et
2331 2577 2484 2639 vino,
2517 2580 2573 2630 et
2602 2573 2845 2629 cervisia
2876 2573 3188 2627 abstineat.

1974 2674 2106 2726 Car.
2135 2670 2223 2724 83.
2262 2700 2324 2707 —
2346 2668 2418 2721 De
2438 2660 2908 2788 paenitentiabejui’
2920 2664 3016 2732 qui
3032 2677 3131 2732 per
3149 2660 3451 2733 nequitiam
3483 2661 3623 2715 alios

2660 2750 2751 2788 me
2788 2751 2873 2788 ria
2911 2774 2923 2787 .

2660 2750 2923 2789 ῖηεονιαι.

2046 2834 2105 2889 Si
2138 2830 2269 2903 quis
2301 2844 2403 2900 per
2433 2824 2756 2897 nequitiam
2817 2822 2997 2877 alium
3056 2821 3328 2890 inebriat,
3387 2821 3453 2874 40
3494 2820 3620 2875 dies

1974 2922 2269 2993 poeniteat.
2331 2916 2493 2980 Quod
2524 2914 2573 2969 si
2604 2912 2663 2967 in
2690 2909 3115 2967 consuetudine
3143 2908 3435 2975 habuerit,
3463 2925 3619 2963 com-

1974 3010 2254 3067 munione
2287 3008 2569 3078 privetur,
2600 3004 2784 3058 donec
2815 3001 2990 3072 digne
3022 2999 3321 3071 poeniteat,
3341 3004 3399 3055 et
3419 3016 3616 3055 emen-

1974 3102 2269 3156 dationem
2302 3094 2619 3167 promittat.

1968 3193 2100 3246 CAP.
2150 3189 2238 3241 84.
2299 3216 2368 3225 —
2427 3184 2582 3251 Quod
2632 3180 2905 3253 fugienda
2933 3180 3030 3253 sit
3059 3180 3313 3253 ebrietas.
3339 3180 3440 3253 Ea:
3468 3178 3612 3234 deer.

2040 3261 2332 3316 Clementis
2388 3250 2563 3327 νίψω,
2621 3250 2742 3326 cap.
2803 3254 2873 3307 35
2923 3252 3103 3322 (epist.
3167 3250 3297 3305 1ad
3324 3251 3437 3306 Jac.
3479 3254 3613 3320 Iret.

2042 3334 2241 3389 Domi.

2038 3350 2393 3477 ggrtfietatem
2436 3414 2650 3487 oppido
2683 3413 3051 3484 prohibebat,
3085 3416 3143 3467 et
3173 3410 3433 3466 ebriosos
3484 3426 3615 3465 cor-

1969 3527 2107 3583 pore
2138 3514 2195 3564 et
2226 3507 2424 3562 animo
2459 3509 2718 3559 mortuos
2749 3518 2878 3556 esse
2903 3500 3273 3571 praedicabat.
3301 3503 3377 3553 De
3398 3498 3614 3569 quibus

1966 3617 2069 3672 per
2115 3594 2447 3666 exemplum
2481 3592 2710 3646 aiebat:
2753 3592 2836 3645 Vae
2866 3593 2962 3661 qui
2990 3589 3313 3659 eonsurgitis
3354 3603 3517 3641 mane
3543 3587 3615 3641 ad

1967 3688 2283 3745 ebrietatem
2307 3682 2653 3744 sectandam,
2672 3685 2721 3735 et
2738 3679 3042 3750 potandum
3059 3694 3231 3748 usque
3250 3678 3318 3731 ad
3330 3693 3612 3747 vesperam

1964 3782 2028 3832 ut
2074 3777 2199 3831 vino
2242 3774 2504 3830 aestuetis.
2566 3770 2812 3831 Cithara,
2848 3777 2896 3823 et
2926 3769 3073 3838 lyra,
3105 3778 3155 3823 et
3188 3777 3529 3838 tympanum,
3564 3773 3614 3820 et

1966 3866 2128 3932 tibia,
2160 3873 2208 3919 et
2270 3862 2461 3917 vinum
2492 3860 2553 3913 in
2582 3857 2848 3913 conviviis
2902 3856 3116 3926 vestris,
3147 3861 3197 3911 et
3227 3872 3358 3927 opus
3390 3855 3611 3910 Domini

1964 3972 2074 4011 non
2106 3950 2403 4024 respicitis,
2437 3964 2538 4003 nee
2595 3963 2761 4015 opera
2791 3963 3061 4001 manuum
3089 3948 3205 4016 ejus
3247 3944 3610 4000 consideratis

1964 4044 2112 4115 (lsai.
2147 4044 2219 4112 v).
2256 4045 2323 4093 Et
2356 4040 2569 4094 iterum
2599 4054 2611 4090 :
2653 4039 2731 4093 Vae
2762 4038 2856 4105 qui
2881 4039 3127 4106 potentes
3159 4035 3286 4089 estis
3316 4033 3385 4087 ad
3416 4034 3609 4087 biben-

1964 4134 2095 4187 dum
2124 4131 2339 4193 vinum,
2397 4132 2448 4183 et
2476 4126 2587 4181 viri
2613 4128 2776 4195 fortes
2808 4126 2881 4179 ad
2907 4123 3239 4179 miscendam
3266 4124 3607 4192 ebrietatem,

1966 4221 2062 4292 qui
2109 4217 2432 4291 justiﬁeatis
2487 4214 2722 4287 impium
2753 4230 2848 4285 pro
2881 4212 3220 4279 muneribus,
3256 4215 3303 4266 et
3326 4212 3611 4282 justitiam

1955 4312 2102 4382 justi
2157 4308 2391 4377 aufertis
2437 4305 2504 4359 ab
2544 4320 2624 4359 eo.
2659 4309 2888 4372 Pr0pter
2916 4302 3030 4362 hoc,
3062 4303 3208 4355 sicut
3255 4300 3479 4355 devorat
3507 4300 3608 4355 sti-

1963 4400 2155 4468 pulam
2190 4396 2388 4465 lingua
2417 4395 2589 4462 ignis,
2611 4397 2661 4447 et
2684 4392 2836 4447 calor
2855 4392 3089 4460 flamma:
3110 4392 3325 4455 exurit,
3346 4390 3424 4443 sic
3445 4389 3611 4443 radix

195 4455 243 4509 Si
277 4454 514 4556 (ΨΜάο
547 4454 814 4556 qPismef
842 4454 1108 4556 {menum
1144 4452 1484 4556 ‘39“???
1516 4469 1615 4556 .VPS
1666 4453 1852 4507 rem“
1882 4484 1927 4548 D
1958 4452 2145 4545 eorum
2178 4452 2340 4556 quasi
2366 4452 2718 4555 fauilla'erit,
2779 4485 2831 4535 et
2855 4452 3082 4549 germen
3112 4452 3393 4534 eorum-ut
3422 4478 3609 4549 pulvis

194 4542 408 4613 epulis,
450 4560 482 4597 a
513 4543 677 4597 vobis
710 4542 1008 4598 reﬁcietur
1035 4541 1227 4613 epulis
1261 4540 1688 4613 spiritualibus.

195 4659 328 4715 Cap.
358 4659 447 4715 79.
480 4689 550 4699 —
579 4660 653 4713 De
682 4657 1013 4729 paenitentia
1042 4659 1160 4729 ejus
1191 4656 1288 4727 qui
1317 4656 1508 4729 ebrius
1533 4654 1731 4727 fuerit.
1766 4656 1847 4708 Ex

628 4728 777 4786 conc.
811 4730 1130 4797 Agathensi.
1165 4746 1288 4800 cap.
1322 4728 1409 4783 41.

268 4827 425 4897 (Dist.
451 4828 540 4895 35,
566 4844 613 4884 c.
633 4829 769 4884 Ante
789 4828 1035 4899 omnia.)
1061 4829 1263 4898 Itaque
1284 4842 1415 4881 eum
1431 4840 1604 4895 quem
1617 4824 1844 4879 ebrium

193 4917 379 4973 fuisse
437 4918 767 4974 constiterit
810 4919 897 4989 (ut
936 4917 1077 4973 ordo
1109 4915 1351 4988 patitur)
1384 4918 1487 4969 aut
1517 4914 1585 4967 30
1616 4913 1842 4967 dierum

192 5007 382 5078 spatio
408 5025 442 5063 a
462 5008 877 5063 communione
904 5007 1223 5063 statuimus
1238 5004 1846 5071 submovendum,aut

190 5096 478 5168 corporali
509 5098 769 5153 dandum
804 5096 1117 5169 supplicio.

193 5184 326 5240 CAP.
376 5186 465 5243 80.
499 5217 567 5226 —
601 5185 751 5255 Quod
779 5186 973 5240 vinum
1000 5189 1061 5239 ut
1090 5200 1355 5239 venenum
1394 5186 1468 5239 sit
1496 5180 1841 5254 fugiendum.

708 5258 791 5312 Ea:
820 5258 987 5312 dictis
1017 5262 1053 5311 Α
1066 5258 1335 5324 ugustini.

265 5355 424 5427 Fuge
454 5356 656 5411 vinum
687 5354 845 5411 velut
874 5370 1186 5420 venenum,
1221 5368 1290 5407 ne
1323 5353 1576 5408 ebrietas
1610 5355 1845 5422 superet

192 5449 270 5513 te,
294 5446 805 5517 exspoliatumque
828 5442 1141 5499 virtutibus
1164 5447 1219 5497 te
1246 5442 1468 5496 nudum
1494 5439 1727 5497 efﬁciat.
1761 5439 1845 5496 Vi-

1958 4575 2228 4632 ascendet.
2270 4574 2601 4645 Abjecerunt
2633 4571 2782 4623 enim
2807 4570 2976 4636 legem
3002 4569 3221 4622 Domini
3239 4570 3602 4632 exercituum,

1955 4675 2009 4721 et
2065 4665 2347 4735 eloquium
2403 4659 2592 4715 sancti
2640 4658 2861 4713 Israetis
2900 4657 3452 4727 blasphemaverunt;
3486 4658 3603 4713 ideo

1956 4757 2143 4809 iratus
2174 4762 2255 4807 est
2283 4754 2441 4820 furor
2463 4749 2683 4804 Domini
2704 4746 2764 4800 in
2780 4746 2981 4818 populo
3003 4762 3121 4813 suo,
3144 4750 3193 4801 et
3214 4748 3457 4802 extendit
3481 4763 3605 4801 ma-

1954 4860 2089 4896 num
2121 4858 2281 4896 suam
2310 4854 2471 4909 super
2498 4853 2644 4905 eum,
2676 4842 2728 4891 et
2753 4834 3026 4906 percussit
3051 4851 3192 4903 eum,
3217 4840 3269 4890 et
3288 4835 3606 4890 conturbati

1954 4936 2083 4987 sunt
2106 4938 2333 4993 montes,
2367 4934 2417 4982 et
2443 4930 2587 4996 facta
2610 4933 2738 4980 sunt
2758 4926 3057 4979 morticina
3078 4940 3263 4979 eorum
3285 4926 3445 4994 quasi
3462 4926 3574 4977 sler
3592 4953 3604 4959 -

1952 5038 2048 5077 cus
2080 5022 2139 5073 in
2173 5018 2351 5073 medio
2380 5018 2711 5088 platearum.
2746 5016 2806 5069 In
2829 5016 3079 5069 omnibus
3112 5014 3199 5068 his
3216 5029 3329 5069 non
3351 5021 3427 5068 est
3446 5029 3603 5067 aver—

1952 5127 2045 5165 sus
2073 5109 2235 5182 furor
2263 5106 2401 5177 ejus,
2466 5105 2556 5160 sed
2588 5105 2764 5159 adhuc
2795 5121 2989 5159 manus
3020 5106 3135 5175 ejus
3165 5110 3390 5159 extenta
3420 5101 3608 5171 (ibid)

1954 5208 2080 5262 CAP.
2116 5207 2204 5260 85.
2242 5237 2304 5245 —
2339 5206 2473 5272 Qum
2524 5206 2671 5258 mata
2703 5203 2934 5258 ebrietas
2972 5205 3029 5257 in
3069 5217 3289 5269 corpore
3336 5204 3384 5255 et
3422 5207 3603 5252 mente

2025 5277 2267 5404 lgominis
2302 5280 2553 5417 [gserieret
2590 5275 2831 5330 Isidorus
2890 5275 3029 5329 dicit
3088 5273 3207 5343 (lib,
3254 5289 3294 5326 ιι
3342 5273 3415 5325 De
3456 5285 3597 5322 sum.

2060 5367 2186 5415 οπο,
2219 5366 2265 5404 c.
2377 5391 2387 5402 .

2174 5393 2186 5415 ,
2219 5366 2265 5404 c.
2302 5366 2387 5402 ao.

2023 5442 2178 5492 Εεοω
2203 5418 2522 5509 crapulam,
2546 5439 2718 5507 potus
2732 5434 3069 5489 ebrietatem
3085 5434 3387 5503 generant.
3406 5428 3601 5485 Ebrie-

261 5606 411 5678 (113)
441 5606 693 5665 Basilius
722 5610 882 5665 tomo
916 5604 986 5673 II,
1020 5603 1079 5659 in
1112 5601 1510 5659 admonitione
1543 5602 1613 5658 ad
1646 5600 1837 5657 ﬁlium
1871 5595 2257 5671 spiritualem.
