3972 6064
417 266 523 319 8l9

1510 260 1575 311 D.
1618 255 1858 311 IVONIS
1892 249 2391 307 CARNOTENSIS
2427 249 2751 305 EPISCOPI

3731 245 3849 300 820

415 393 508 444 tas
540 392 738 443 autem
798 384 1273 458 pertubationem
1322 379 1508 455 gignit
1535 378 1773 449 mentis,
1806 376 2060 432 furorem
2094 374 2148 440 Α
2176 371 2484 458 (ὶιιξιτηεὶο.⁸
2517 404 2583 413 -
2647 372 2799 458 Quod
2835 369 3456 458 idem'sit'sentiendum
3597 369 3852 458 furiosis

414 475 625 547 cordis,
650 475 951 531 ﬂammam
974 473 1263 529 libidinis.
1289 470 1552 526 Ebrietas
1565 469 1647 524 ita
1664 470 1912 523 mentem
1930 463 2061 517 alie-

415 571 540 636 nat,
574 570 638 620 ut
668 564 767 620 ubi
800 566 876 619 sit
904 563 1145 619 nesciat.
1171 560 1333 616 Unde
1356 560 1532 615 etiam
1556 557 1776 613 malum
1802 572 1917 610 non
1939 569 2066 609 sen-

413 656 565 710 titur
584 654 739 726 quod
775 670 877 726 per
905 652 1251 707 ebrietatem
1283 648 1691 704 committitur.
1725 644 1945 699 Verum
1978 644 2066 695 est

415 744 572 816 quod
597 744 770 814 juxta
799 741 1142 814 prophetam
1175 739 1428 793 dicitur:
1464 735 1774 792 Fornicatio
1811 737 1860 787 et
1885 730 2064 786 ebrie-

415 844 508 889 tas
559 835 818 903 auferunt
871 846 963 885 cor
1020 830 1171 894 (Use.
1205 828 1303 899 ιν).
1336 826 1666 882 Fornicatio
1698 823 1877 889 enim,
1911 821 2068 876 sicut

413 922 495 976 ait
524 920 825 986 Salomon,
856 918 1107 973 infatuat
1136 916 1487 987 sapientem.
1521 912 1804 981 Ebrietas,
1828 910 1983 965 sicut
2007 908 2066 961 in

418 1010 541 1078 Lot,
598 1024 840 1063 sensum
885 1005 1131 1061 rationis
1162 1005 1421 1077 captivat
1452 1004 1602 1075 (Gen.
1635 1006 1748 1071 xxx)
1780 1018 1794 1068 ;
1827 999 1984 1054 unde
2013 1000 2070 1052 et

423 1098 483 1152 in
517 1095 843 1152 Proverbiis
871 1111 884 1151 :
918 1095 1213 1162 Potentes,
1251 1092 1465 1164 inquit,
1498 1092 1600 1164 qui
1632 1087 1897 1146 iracundi
1929 1089 2071 1142 sunt

419 1186 617 1241 vinum
654 1201 770 1241 non
798 1184 1027 1250 bibant,
1063 1199 1303 1250 ne,cum
1339 1181 1614 1248 biberint,
1648 1177 2073 1235 obliviscantur

415 1274 769 1346 sapientiam
802 1274 990 1347 (Prov.
1022 1271 1196 1344 XXXI).
1226 1270 1531 1341 Plerisque
1551 1269 1680 1323 laus
1703 1271 1793 1323 est
1815 1265 2069 1320 multum

411 1363 633 1428 bibere,
666 1367 724 1417 et
774 1378 890 1418 non
944 1358 1243 1417 inebriari.
1279 1359 1537 1414 Audiant
1570 1357 1628 1411 hi
1665 1356 1978 1410 adversum
2009 1366 2071 1405 se

412 1452 704 1508 dicentem
768 1450 1114 1523 prophetam
1143 1464 1156 1503 :
1217 1449 1305 1504 γε
1334 1449 1431 1518 qui
1454 1450 1699 1518 potentes
1725 1445 1852 1499 estis
1884 1441 1954 1496 ad
1984 1440 2069 1494 bi-

416 1541 654 1598 bendum
676 1539 890 1609 vinum,
919 1543 970 1595 et
1004 1538 1114 1593 piri
1148 1540 1321 1608 fortes
1348 1536 1418 1591 ad
1456 1534 1793 1591 miscendam
1833 1532 2072 1587 ebrieta-

413 1641 528 1686 tem
577 1630 729 1699 (Isai.
789 1627 865 1698 v).
913 1627 1064 1681 Vino
1097 1623 1283 1679 multo
1314 1623 1544 1679 deditos
1574 1627 1632 1677 et
1659 1620 1960 1675 luxuriose
1988 1617 2071 1670 vi-

413 1722 618 1775 ventes
649 1716 832 1773 Isaias
862 1716 948 1770 sic
977 1717 1174 1786 arguit
1203 1713 1405 1767 dicens
1432 1729 1445 1767 :
1483 1716 1580 1768 Vae
1617 1712 1715 1781 qui
1742 1706 2072 1776 consurgitis

415 1824 579 1863 mane
630 1805 703 1862 ad
733 1805 1055 1861 ebrietatem
1110 1801 1446 1867 sectandam,
1479 1804 1533 1855 et
1576 1798 1874 1871 potandum
1906 1809 2077 1864 usque

416 1891 488 1947 ad
513 1893 825 1961 vesperant,
880 1895 940 1943 ut
966 1890 1093 1942 vino
1149 1886 1391 1943 zstuetis
1417 1883 1631 1955 (Ibid).
1666 1882 1745 1937 De
1775 1879 1992 1935 talibus
2022 1882 2079 1932 et

420 1977 532 2032 alio
563 1976 691 2033 loco
745 1975 1000 2031 dicitur:
1042 1975 1128 2031 Vae
1157 1973 1280 2038 tibi,
1311 1972 1508 2027 civitas
1536 1970 1694 2041 cujus
1733 1983 1835 2023 rex
1855 1964 2079 2037 juvenis

418 2073 517 2132 est,
577 2070 628 2121 et
685 2066 843 2135 cujus
892 2064 1175 2135 principes
1228 2076 1392 2116 mane
1449 2058 1737 2115 comedunt
1765 2055 1965 2126 (Eccle.
1997 2052 2074 2123 ιι).

418 2154 584 2211 Multi
615 2154 774 2210 enim
800 2171 835 2209 a
864 2169 1039 2209 mane
1059 2166 1246 2223 usque
1269 2151 1342 2207 ad
1367 2148 1511 2205 solis
1533 2147 1873 2205 accubitum
1894 2143 2079 2200 ebrie-

424 2244 537 2301 tati
568 2249 625 2301 et
653 2244 804 2318 gulae
831 2243 1233 2315 voluptatibus
1286 2240 1571 2306 serviunt,
1605 2255 1711 2294 nec
1743 2234 2080 2306 intelligunt

436 2350 542 2390 cur
597 2334 720 2390 nati
778 2333 918 2401 sint,
951 2332 1051 2388 sed
1088 2329 1513 2387 consuetudine
1544 2327 1805 2384 belluina
1834 2320 2076 2390 detenti,

430 2423 676 2480 luxurias
706 2426 936 2479 tantum
967 2426 1090 2477 tota
1120 2420 1213 2475 die
1244 2420 1552 2492 epulisque
1576 2416 1924 2473 inserviunt.
1953 2410 2078 2466 Cla-

429 2517 553 2569 mat
578 2510 707 2569 Joel
740 2511 1024 2584 propheta
1053 2509 1144 2565 his
1174 2510 1275 2581 qui
1303 2508 1567 2566 ebrietati
1598 2505 1955 2569 deserviunt,
1989 2501 2076 2557 di-

429 2617 606 2659 cens:
631 2599 1098 2674 Expergiscimini
1116 2599 1287 2663 ebrii,
1321 2606 1372 2653 et
1400 2600 1543 2668 ﬂete,
1577 2600 1627 2653 et
1649 2596 1869 2651 ululate
1890 2606 2078 2648 omnes

427 2692 523 2761 qui
581 2690 772 2745 bibitis
828 2691 1023 2744 vinum
1072 2689 1131 2742 in
1160 2685 1449 2741 dulcedine
1477 2685 1630 2756 (Joet.
1661 2684 1726 2755 ι.)
1757 2686 1879 2748 Quo
1910 2680 2078 2736 testi-

430 2778 627 2835 monio
650 2795 766 2835 non
782 2779 1139 2834 aittantum:
1164 2777 1313 2830 Flete
1328 2790 1536 2842 omnes,
1551 2775 1653 2845 qui
1664 2775 1721 2828 bi
1726 2773 2050 2827 bitisvinum
2062 2812 2077 2836 ,

427 2870 493 2920 ut
509 2865 708 2920 bibere
739 2864 976 2920 omnino
1008 2880 1124 2918 non
1156 2862 1348 2927 liceat,
1381 2863 1480 2917 sed
1513 2861 1727 2933 adjecit
1755 2860 1815 2915 in
1836 2857 2075 2915 dulcedi-

425 2969 519 3023 ne,
552 2953 708 3024 quod
733 2953 805 3008 ad
828 2952 1237 3024 voluptuosam
1265 2950 1515 3021 pertinet
1534 2954 1590 3004 et
1611 2950 1911 3022 prodigam
1935 2946 2074 3001 effu-

430 3040 678 3097 sionem.
712 3041 857 3096 Nam
889 3044 1179 3112 quantum
1212 3039 1356 3093 satis
1387 3043 1477 3094 est
1506 3037 1845 3094 necessitati
1874 3036 2077 3091 edocet

2245 441 2383 513 ﬁliis
2430 453 2486 499 et
2538 443 2883 514 parentibus.
2945 444 3296 499 Novellarum
3342 443 3585 509 constit.,
3616 459 3752 514 cap.
3787 443 3844 497 4.

2246 532 2305 587 Si
2339 531 2600 587 furiosus
2632 533 2791 588 filius
2821 531 2909 588 vel
2940 546 3307 603 quaecunque
3338 547 3592 603 persona
3613 530 3843 588 libero-

2173 637 2305 675 rum
2364 620 2441 676 sit
2496 620 2556 675 in
2616 621 2831 685 furore,
2864 622 3066 676 eadem
3097 626 3365 676 teneatur
3390 636 3516 692 quae
3547 619 3840 692 superius

2122 717 2126 719 ‘
2175 709 2245 764 de
2278 708 2891 781 furiosis;parentibus
2923 709 3202 779 diximus.

2175 816 2310 872 CAP.
2370 818 2459 870 9i.
2514 846 2584 859 ι·-
2652 819 2728 889 De
2785 817 3121 889 impunitate
3175 818 3405 889 furiosi.
3476 817 3664 872 Ambr.
3731 817 3838 872 lib.

2318 891 2608 955 Hexaem,
2645 888 2705 943 in
2736 887 2896 944 tract.
2924 888 3127 961 prima?
3153 887 3265 945 diei
3294 889 3418 959 (lib.
3452 906 3493 959 ι,
3524 906 3573 945 c.
3608 890 3684 959 1).

2248 976 2309 1030 In
2331 976 2967 1033 Judiciisinstiusmodi
2989 976 3350 1033 voluntarios
3369 994 3497 1033 reos
3517 994 3634 1034 non
3648 994 3722 1033 ex
3741 994 3843 1034 ne-

2178 1066 2451 1121 cessitate
2481 1066 2822 1139 compulsos
2854 1065 3028 1139 culpa
3059 1067 3320 1139 stringit,
3352 1084 3524 1140 poena
3544 1069 3843 1125 condem-

2179 1160 2299 1210 nat.
2338 1156 2529 1227 Neque
2562 1157 2718 1213 enim
2750 1157 2797 1214 si
2834 1160 3026 1213 furore
3057 1156 3273 1229 aliquis
3302 1157 3680 1213 innocentem
3708 1174 3840 1227 per-

2179 1245 2406 1313 emerit,
2431 1245 2716 1302 obnoxius
2737 1247 2902 1302 morti
2923 1252 3012 1303 est
3028 1273 3041 1313 ;
3057 1247 3199 1320 quin
3217 1248 3390 1303 etiam
3410 1247 3603 1319 ipsius
3620 1247 3841 1302 divina:

2181 1332 2327 1403 legis
2376 1335 2633 1403 oraculo,
2685 1336 2735 1392 si
2767 1338 2896 1406 quis
2957 1355 3059 1410 per
3090 1338 3522 1410 impudentiam
3565 1334 3845 1391 intulerit

2184 1439 2405 1491 necem,
2431 1424 3025 1497 accipitimpunitatis
3037 1443 3226 1497 spem,
3243 1426 3451 1497 refugii
3468 1424 3843 1492 facultatem,

2182 1518 2247 1567 ut
2296 1513 2482 1583 possit
2536 1514 2804 1571 evadere.
2844 1516 2963 1571 Hoc
2994 1516 3177 1587 igitur
3207 1516 3279 1570 de
3310 1533 3377 1570 eo
3407 1516 3563 1585 quod
3602 1515 3843 1586 proprie

2184 1600 2404 1655 malum
2435 1602 2684 1671 videtur,
2719 1604 2943 1660 dictum
2979 1606 3075 1662 sit.
3135 1604 3290 1660 Mala
3329 1605 3487 1661 enim
3520 1622 3641 1659 non
3671 1610 3840 1672 sunt,

2184 1690 2295 1745 nisi
2319 1707 2446 1761 quae
2460 1690 2707 1748 crimine
2728 1693 3839 1766 mentemimplicant,etconscientiam

2110 1750 2152 1813 Β
2178 1750 2385 1850 ligant.

2188 1868 2316 1928 CAP.
2344 1870 2433 1927 92.
2467 1901 2536 1911 ——
2589 1872 2660 1944 De
2687 1872 2895 1928 eodem.
2930 1875 3155 1944 August.
3189 1873 3288 1929 lib.
3321 1873 3715 1943 Quaestionum
3752 1875 3843 1932 Ve-

2523 1942 2659 1998 teris
2690 1954 2740 1999 et
2767 1944 2904 2000 Novi
2934 1942 3274 2011 Tes'tameuti,
3298 1942 3400 2017 cap
3429 1946 3484 2001 2.

2258 2030 2372 2101 (15,
2403 2048 2455 2103 q.
2491 2030 2544 2101 4,
2571 2049 2618 2087 c.
2654 2033 2797 2101 Quos
2827 2033 3075 2105 scimus.)
3107 2033 3350 2106 Aliquos
3377 2034 3607 2091 scimus
3638 2035 3842 2093 subito

2189 2120 2492 2177 dementes
2524 2123 2707 2179 factos
2739 2123 2914 2190 ferro,
2946 2125 3118 2195 fuste,
3168 2122 3484 2196 lapidibus,
3537 2125 3843 2182 morsibus

2188 2208 2391 2265 multis
2421 2212 2714 2279 nocuisse,
2745 2214 3032 2286 quosdam
3062 2218 3118 2270 et
3147 2214 3454 2270 occidisse.
3485 2213 3706 2287 Captos
3737 2232 3839 2270 au-

2186 2302 2304 2355 tem
2326 2299 2623 2357 industria
2644 2302 2949 2373 etjudiciis
2972 2303 3201 2360 oblatos
3218 2303 3461 2359 minime
3474 2320 3604 2360 reos
3621 2305 3829 2372 factos,

2186 2404 2253 2445 eo
2308 2391 2461 2461 quod
2495 2407 2608 2447 non
2644 2390 2967 2457 voluntate,
2999 2394 3125 2461 sed,
3176 2392 3515 2464 impellente
3549 2392 3605 2448 vi
3640 2393 3836 2449 nescio

2188 2494 2306 2549 qua
2336 2478 2457 2534 haec
2489 2480 2780 2552 gesserint
2810 2479 3160 2537 nescientes.
3193 2481 3492 2547 Quomodo
3516 2481 3678 2537 enim
3702 2498 3837 2538 reus

2188 2568 2587 2636 constituitur,
2620 2569 2721 2639 qui
2752 2569 2941 2625 nescit
2969 2570 3111 2641 quid
3144 2569 3387 2626 fecerit?

2186 2677 2319 2729 CAP.
2378 2675 2469 2728 93.
2532 2706 2597 2715 —
2624 2676 2775 2744 Quod
2816 2676 3441 2749 impuberesretfuriosi
3468 2694 3577 2733 non
3622 2680 3834 2749 possint

2346 2752 2740 2812 testamentum
2768 2751 2969 2819 facere.
3001 2748 3184 2804 Instit.
3215 2748 3314 2805 lib.
3347 2767 3407 2816 ιι,
3441 2750 3529 2805 tit.
3560 2748 3666 2806 XII.

2257 2844 2691 2901 Testamentum
2718 2847 2904 2904 facere
2928 2863 3042 2902 non
3068 2849 3834 2920 possuntimpuberes,quia

2188 2932 2418 2988 nullum
2473 2951 2671 2991 eorum
2733 2936 3232 3007 animijudicium
3265 2943 3390 2993 est:
3424 2938 3563 2993 item
3600 2938 3829 3007 furiosi,

2186 3022 2325 3093 quia
2355 3029 2547 3080 mente
2577 3030 2794 3081 carent.
2828 3026 2944 3082 Nec
2974 3028 3045 3083 ad
3070 3044 3187 3083 rem
3213 3028 3464 3100 pertinet
3484 3027 3532 3082 si
3556 3026 3831 3099 impubes

427 3129 800 3185 Timotheum
849 3129 1050 3183 bibere
1080 3127 1391 3198 Apostolus
1422 3127 1661 3182 dicens:
1708 3127 1840 3183 Vino
1868 3124 2062 3181 modico

2193 3117 2387 3183 postea
2418 3113 2625 3185 pubes,
2685 3119 2788 3171 aut
2819 3116 3076 3172 furiosus
3109 3121 3307 3188 postea
3345 3133 3586 3188 compos
3618 3117 3831 3172 mentis

427 3222 583 3273 utere
640 3219 685 3290 (I
738 3218 873 3274 Tim.
933 3215 1009 3288 v)-
1068 3216 1193 3271 Non
1228 3214 1415 3270 solum
1449 3232 1517 3270 ex
1546 3214 1679 3270 vino
1709 3214 2076 3270 inebriantur

428 3307 716 3378 homines,
748 3306 850 3362 sed
899 3305 1075 3360 etiam
1121 3321 1189 3359 ex
1215 3305 1440 3359 caeteris
1469 3303 1708 3375 potandi
1738 3303 2071 3376 generibus,

428 3413 557 3471 qua
611 3395 769 3452 vario
827 3396 1001 3452 modo
1057 3393 1467 3451 conﬁciuntur.
1499 3393 1663 3450 Unde
1701 3398 1759 3450 et
1786 3394 2073 3449 Nazaraeis

425 3486 525 3559 qui
543 3503 606 3542 se
628 3483 1075 3542 sanctificabant
1096 3481 1361 3550 Domino,
1388 3486 1735 3555 praceptum
1760 3486 1850 3538 est
1868 3483 2070 3538 vinum

422 3579 481 3630 et
509 3573 755 3630 siceram
788 3589 906 3628 non
938 3572 1135 3627 bibere
1165 3572 1349 3640 (Num.
1381 3571 1457 3643 νι)
1493 3577 1740 3643 utraque
1767 3571 1923 3626 enim
1947 3576 2072 3627 sta-

425 3671 553 3719 tum
585 3663 799 3718 mentis
856 3666 1146 3727 evertunt,
1189 3666 1246 3717 et
1275 3662 1470 3718 ebrios
1498 3662 1742 3728 faciunt,
1776 3661 2069 3717 luxuriam

421 3769 656 3824 quoque
684 3752 878 3808 carnis
910 3755 1157 3823 utraque
1189 3751 1494 3822 aequaliter
1521 3751 1795 3823 gignunt.
1820 3753 2068 3817 Quidam

420 3842 790 3897 continentes
817 3841 973 3897 sicut
1002 3856 1211 3911 panem
1241 3856 1377 3894 cum
1413 3843 1666 3911 pondere
1684 3841 1885 3908 edunt,
1913 3842 1993 3897 ita
2012 3846 2069 3896 et

420 3944 634 4000 aquam
668 3946 798 3985 cum
830 3945 1136 3984 ‘mensura
1192 3933 1459 3998 sumunt,
1494 3933 1823 3984 asserentes
1866 3929 1937 3984 ad
1967 3946 2065 3984 ca-

420 4017 761 4074 stimoniam
791 4016 986 4074 carnis
1015 4016 1189 4072 etiam
1220 4031 1385 4087 aquae
1416 4015 1833 4072 abstinentiam
1855 4032 2063 4073 conve—

421 4105 568 4162 nire.

416 4205 553 4259 CAP.
585 4204 674 4257 86.
708 4234 774 4243 —
809 4204 880 4259 De
930 4202 1266 4274 impunitate
1314 4201 1520 4271 furiosi
1570 4201 1621 4257 si
1648 4202 1780 4273 quid
1812 4219 1913 4274 per
1939 4219 2063 4259 eum

487 4275 765 4346 perditum
793 4274 985 4346 fuerit.
1020 4274 1138 4331 Lib.
1170 4290 1244 4329 vu
1277 4274 1718 4342 Institutionum,
1755 4274 1840 4330 tit.
1874 4292 1912 4330 ι.

485 4364 649 4428 Quod
681 4364 873 4419 infans
906 4362 994 4419 vel
1026 4363 1285 4419 furiosus
1317 4363 1569 4436 perdidit
1599 4365 1941 4436 possessori,
1968 4365 2057 4422 vel

411 4452 693 4522 corrupit,
725 4452 1087 4524 impunitum
1119 4458 1227 4508 est.

2185 3200 2373 3257 factus
2406 3202 2599 3269 fuerit,
2628 3208 2685 3258 et
2715 3204 3047 3261 decesserit.
3083 3205 3305 3261 Furiosi
3338 3210 3534 3262 autem
3566 3204 3618 3261 si
3650 3223 3755 3278 per
3776 3207 3828 3261 id

2183 3293 2417 3362 tempus
2448 3292 2691 3349 fecerint
2717 3297 3136 3351 testamentum
3167 3311 3282 3366 quo
3314 3295 3475 3350 furor
3505 3311 3712 3350 eorum
3744 3296 3828 3350 in-

2182 3380 2495 3436 termissus
2525 3386 2632 3451 est,
2657 3384 2794 3455 jure
2824 3385 3021 3439 testati
3053 3401 3183 3440 esse
3211 3384 3503 3440 videntur.

2181 3485 2312 3542 CAP.
2346 3488 2437 3543 94.
2470 3519 2538 3531 -—
2566 3490 2780 3547 Iudaeos
2806 3507 2917 3545 non
2947 3506 3062 3546 esse
3082 3490 3349 3560 cogendos
3377 3491 3447 3547 ad
3470 3490 3635 3562 ﬁdem
3660 3491 3821 3548 Chri-

2339 3565 2597 3616 stianam.
2622 3564 2706 3617 Ex
2735 3562 2895 3618 Tolet.
2927 3578 3078 3620 conc.
3109 3580 3229 3634 cap.
3258 3564 3331 3619 58
3360 3563 3504 3635 (cap.
3534 3564 3652 3635 56).

2252 3649 2409 3720 (Dist.
2443 3652 2530 3718 45,
2558 3668 2604 3707 c.
2640 3653 2715 3706 De
2740 3653 2992 3721 Judzis.)
3017 3652 3098 3708 De
3124 3652 3347 3708 Judaeis
3378 3653 3656 3724 prtecepit
3683 3670 3821 3709 san-

2178 3744 2271 3794 cta
2300 3741 2561 3812 synodus
2592 3741 2812 3795 nemini
2835 3741 3112 3813 deinceps
3128 3741 3244 3797 vim
3267 3741 3469 3796 inferri
3492 3742 3562 3797 ad
3589 3743 3823 3798 creden-

2177 3829 2340 3883 dum.
2370 3830 2521 3896 Item,
2554 3829 2742 3884 eodem
2769 3846 2918 3886 conc.
2973 3831 3159 3887 Judtei
3219 3847 3336 3887 non
3390 3831 3445 3887 vi
3503 3832 3607 3887 sed
3638 3831 3820 3887 libera

2175 3917 2401 3972 arbitrii
2432 3917 2729 3973 voluntate
2755 3918 2945 3991 [liberi
2969 3921 3198 3976 arbitrii
3229 3919 3526 3986 facultate,
3550 3920 3737 3993 Crat]
3758 3925 3817 3977 ut

2175 4010 2605 4074 convertantur,
2667 4009 2952 4065 suadendi
3007 4009 3204 4082 potius
3230 4014 3371 4065 sunt
3400 4026 3579 4082 quam
3610 4011 3813 4083 impel-

2170 4095 2349 4152 lendi.

2170 4188 2304 4247 CAP.
2338 4185 2428 4241 95.
2469 4218 2529 4227 —
2563 4187 2627 4244 Ut
2652 4187 2840 4243 nullus
2866 4188 3074 4261 Judmis
3100 4189 3812 4261 inierroresuopatrocine-

2693 4264 2803 4317 tur.
2834 4261 2969 4316 Item
2998 4260 3144 4332 (cap.
3170 4259 3288 4331 57).

2167 4345 2510 4418 Quicunque
2565 4348 2895 4421 episcopus,
2958 4349 3078 4405 sive
3107 4349 3377 4416 clericus,
3410 4349 3533 4407 sive
3571 4350 3815 4407 cacula-

2164 4435 2265 4504 ris,
2300 4434 2437 4491 ullis
2463 4436 2682 4494 Judaeis
2709 4442 2914 4494 contra
2938 4438 3112 4494 ﬁdem
3144 4437 3541 4494 Christianam
3570 4439 3662 4494 vel
3686 4457 3810 4496 mu-

408 4550 542 4602 CAP.
753 4499 1096 4605 “riam-os,-J
1127 4551 1486 4606 matrimom-a
1514 4568 1622 4606 non
1655 4553 2050 4623 contrahenda,
2083 4499 2130 4564 D
2164 4538 2301 4577 nere
2329 4522 2417 4578 vel
2450 4525 2642 4581 favore
2671 4524 2956 4581 auxilium
2990 4527 3347 4598 praestiterit,
3379 4544 3510 4583 vere
3536 4533 3602 4583 ut
3619 4530 3810 4600 profa-

478 4625 764 4693 contracta
793 4637 902 4677 non
933 4621 1266 4677 dirimenda.
1300 4623 1544 4678 lnstitut.
1579 4625 1676 4679 lib.
1701 4642 1852 4693 xxiv,
1876 4626 1961 4681 tit.
1986 4621 2049 4681 ιι.

482 4690 707 4761 (Digest.
741 4693 840 4747 lib.
872 4710 1033 4760 χχιιι,
1065 4694 1151 4749 tit.
1189 4710 1248 4748 ιι.
1272 4694 1311 4749 ι.
1346 4695 1455 4765 16).

478 4778 662 4834 Furor
683 4781 947 4836 contrahi
972 4781 1417 4836 matrimonium
1437 4799 1550 4838 non
1574 4782 1739 4855 sinit,
1759 4784 1897 4856 quia
1919 4803 2052 4841 con-

403 4883 581 4924 sensu
614 4884 762 4940 opus
821 4874 928 4938 est,
990 4870 1091 4925 sed
1124 4874 1278 4926 recte
1312 4876 1676 4928 contractum
1720 4891 1833 4930 non
1865 4876 2047 4949 impe-

403 4956 509 5011 dit.

402 5044 535 5099 CAP.
569 5047 659 5100 88.
706 5078 774 5087 —
805 5053 960 5123 Item,
992 5045 1638 5123 de_eodem._.4mbrosius
1657 5066 1816 5123 super
1837 5055 2046 5110 Lucam

797 5120 1023 5189 (Digest.
1058 5119 1152 5172 lib.
1188 5136 1227 5186 1,
1258 5118 1345 5173 tit.
1383 5137 1462 5186 v1,
1501 5120 1542 5174 Ι.
1574 5122 1652 5192 8).

466 5204 748 5262 Furiosus
780 5206 914 5262 licet
935 5208 1147 5261 ducere
1171 5222 1405 5262 uxorem
1431 5226 1544 5264 non
1564 5211 1770 5281 possit,
1799 5212 2045 5270 retinere

391 5298 590 5349 tamen
629 5296 1077 5352 matrimonium
1111 5301 1322 5366 potest.

387 5389 523 5446 CAP.
557 5393 647 5447 89.
686 5424 751 5434 -
782 5395 936 5461 Item,
978 5393 1044 5449 de
1061 5392 1293 5464 furiosis
1317 5393 1434 5463 (lib.
1473 5411 1536 5449 ιιι
1570 5398 1778 5468 Instit.,
1804 5398 1890 5453 tit.
1923 5400 2037 5473 xx).

454 5488 736 5545 Furiosus
770 5506 1002 5563 quoque
1020 5491 1248 5546 nullum
1274 5492 1575 5564 negotium
1603 5510 1802 5566 gerere
1824 5502 2037 5569 potest,

383 5576 524 5645 quia
553 5592 668 5633 non
701 5578 986 5652 intelligit
1014 5580 1170 5650 quod
1202 5582 1342 5651 agit.

2165 4628 2277 4666 nus
2300 4617 2355 4667 et
2376 4613 2718 4686 sacrilegus,
2744 4615 3057 4671 anathema
3078 4617 3319 4673 eﬂectus
3341 4615 3411 4672 ab
3435 4616 3697 4673 Ecclesia
3717 4635 3808 4674 ca-

2162 4699 2376 4756 tholica
2391 4708 2445 4757 et
2458 4719 2634 4776 regno
2649 4704 2747 4759 Dei
2763 4704 3396 4776 efﬁciaturextraneus,
3411 4705 3552 4777 quia
3564 4705 3804 4778 dignum

2162 4795 2251 4847 est
2280 4798 2344 4847 ut
2372 4810 2405 4848 a
2427 4811 2667 4867 corpore
2691 4795 2904 4853 Christi
2931 4801 3258 4869 separetur,
3281 4796 3380 4869 qui
3404 4797 3533 4869 ejus
3552 4796 3803 4854 inimicis

2160 4886 2446 4953 patronus
2475 4885 2747 4941 efﬁcitur.

2159 4983 2287 5037 CAP.
2344 4983 2433 5039 96.
2494 5016 2561 5025 —-
2612 4989 2693 5040 De
2749 4984 3081 5055 inﬁrmando
3109 4984 3424 5043 Iudzorum
3464 4988 3797 5043 testimonio.

2750 5058 2883 5111 Item
2916 5061 3057 5128 (cap.
3090 5058 3203 5127 63).

2229 5143 2302 5213 (2,
2336 5160 2366 5213 q
2421 5145 2477 5211 7,
2507 5159 2556 5198 c.
2587 5149 2705 5202 Non
2737 5145 2952 5216 potest.)
3003 5145 3294 5200 Infirmari
3338 5150 3571 5217 oportet
3601 5132 3792 5203 eorum

2156 5232 2583 5300 testimonium,
2616 5234 2714 5304 qui
2740 5235 2796 5289 in
2825 5236 2937 5290 [ide
2960 5235 3088 5289 falsi
3112 5235 3417 5302 docentur,
3443 5252 3550 5291 nec
3571 5237 3658 5291 eis
3676 5254 3793 5293 esse

2156 5321 2515 5376 credendum
2545 5324 2644 5392 qui
2671 5324 2936 5380 veritatis
2966 5324 3140 5379 fidem
3174 5340 3209 5378 a
3236 5339 3299 5378 se
3330 5323 3695 5394 abjecerunt.

2155 5432 2285 5481 CAP.
2319 5428 2409 5483 97.
2441 5459 2511 5467 —
2540 5430 2616 5484 Ne
2654 5430 2878 5500 publica
2906 5431 3091 5501 olﬁeia
3116 5430 3320 5487 Iudaeis
3352 5433 3789 5488 committantur.

2681 5502 2813 5556 Item
2844 5502 3026 5573 (ibid,
3057 5518 3103 5557 ι’.
3137 5502 3248 5572 46).

2223 5584 2336 5656 (27,
2367 5601 2418 5657 q.
2454 5586 2509 5655 4,
2542 5586 2591 5646 b.
2627 5588 2926 5649 Constituit
2944 5586 3327 5662 sanctum.)Hi
3349 5588 3452 5660 qui
3471 5605 3541 5646 ex
3562 5589 3791 5663 Judeis,
