4002 6054
246 286 348 340 821

1119 299 1427 351 DECRETI
1467 297 1650 350 PARS
1685 293 1831 346 XIII.
1878 315 1945 326 —-
1979 291 2074 343 DE
2112 292 2583 364 RAPTORIBUS,
2626 299 2779 350 ETC.

3562 302 3668 355 822

243 410 438 466 officia
460 410 693 482 publica
712 412 1050 471 nullatenus
1075 418 1649 491 appetant,quiasub
1670 416 1779 471 hac
1802 430 1892 468 oc-
1922 412 1975 478 Α
2008 412 2266 469 deorum
2300 433 2500 472 servus
2530 418 2597 472 ad
2630 418 2982 475 venerabilia
3016 419 3139 475 loca
3173 420 3303 475 fidei
3329 386 3505 478 causa
3528 440 3667 480 con-

246 500 846 559 casioneChristianis
868 505 1141 576 injuriam
1161 505 1899 579 faciunt,idcoquejudices

246 591 677 660 provinciarum
704 611 836 648 eum
870 597 1297 661 sacerdotibus,
1330 615 1531 653 eorum
1565 596 1897 666 subreptio-

250 696 355 733 nes
386 680 796 739 fraudulentas
828 686 1180 755 supendant,
1215 693 1272 741 et
1305 688 1497 741 ofﬁcia
1528 686 1761 757 publica
1799 701 1895 739 eos

248 784 419 838 agere
452 787 563 825 non
599 773 968 842 permittant.
1011 776 1068 830 Si
1102 776 1235 843 quis
1268 782 1460 830 autem
1494 776 1601 829 hoc
1626 774 1896 845 permise-

247 858 345 927 rit,
364 858 591 915 velutin
626 863 978 935 sacrilegum
1006 865 1530 920 excommunicalio
1546 866 1893 935 proferatur,

244 951 305 1001 et
335 947 385 1002 is
418 949 516 1020 qui
548 952 912 1023 subrepserit
940 954 1193 1025 publicis
1234 956 1533 1010 codicibus
1595 954 1891 1021 [caadibus,

240 1036 410 1109 orig.)
443 1039 774 1111 deputetur.

238 1142 376 1200 CAP.
410 1145 499 1203 98.
534 1149 708 1203 --Ne
761 1148 953 1205 Judaei
1004 1152 1284 1221 mancipia
1341 1150 1658 1206 Christiana
1714 1165 1892 1204 emere

638 1226 1005 1291 praesumant.
1036 1224 1174 1277 Item
1205 1226 1342 1293 (cap.
1376 1222 1489 1293 65).

306 1305 526 1362 Judzeis
559 1325 673 1363 non
707 1308 881 1365 liceat
910 1310 1279 1366 Christianos
1324 1328 1521 1366 servos
1570 1326 1673 1365 nec
1720 1308 1885 1365 Chri-

236 1394 430 1450 stiana
454 1397 747 1469 mancipia
776 1414 991 1467 emere,
1031 1416 1134 1455 nec
1191 1401 1545 1471 cujusquam
1605 1398 1885 1468 consequi

237 1480 527 1554 largitate.
589 1485 764 1542 Nefas
827 1494 915 1543 est
974 1489 1133 1543 enim
1197 1494 1263 1543 ut
1335 1489 1595 1544 membra
1668 1486 1882 1543 Christi

239 1574 493 1628 serviant
526 1576 808 1631 membris
842 1577 1375 1640 Antichristiouod
1401 1578 1445 1632 si
1472 1577 1747 1647 deinceps
1770 1592 1886 1629 ser-

236 1677 340 1716 vos
368 1663 733 1720 Christianos
764 1665 851 1720 vel
886 1666 1127 1722 ancillas
1154 1667 1340 1721 Judaei
1369 1667 1581 1721 habere
1605 1681 1883 1736 pressum-

2011 500 2243 571 fugerit,
2277 503 2760 560 nullatenuscum
2780 507 3086 577 patiamini
3107 509 3511 579 praejudicium
3539 530 3668 569 sus-

2007 587 2214 657 tinere,
2275 591 2371 644 sed
2434 592 2552 646 sive
2611 593 2747 647 olim
2782 594 3166 662 Christianus,
3200 598 3322 651 sive
3355 616 3513 654 nunc
3536 600 3660 656 fue-

2009 677 2085 730 rit
2117 678 2472 748 haptizatus,
2496 682 2622 736 sine
2654 682 2772 736 ullo
2830 684 3294 741 Christianorum
3327 704 3656 759 pauperum

2006 766 2243 834 damno,
2279 768 2552 839 religioso
2612 772 3020 828 ecclesiasticae
3054 775 3291 845 pietatis
3332 777 3658 847 patrocinio

2005 854 2063 907 in
2102 855 2427 912 libertatem
2462 860 2652 915 modis
2683 863 2957 917 omnibus
2989 864 3357 919 defendatur.

2002 965 2145 1043 CAP.
2177 964 2295 1017 103.
2326 966 2687 1043 —_De_Fel_ice
2710 968 3215 1040 Christiano,quem
3231 972 3455 1043 quidam
3470 974 3661 1031 Sama-

2073 1037 2207 1088 rites
2239 1037 2500 1119 servituti
2528 1039 2796 1119 subjicere
2824 1037 3221 1119 potebatfltein
3244 1037 3479 1099 'Joanm'
3534 1051 3660 1119 epi-

2075 1122 2237 1177 scopo
2265 1108 2627 1179 Syracusano
2656 1112 2777 1182 (vn,
2814 1111 2926 1169 ind.
2966 1118 3015 1183 ei,
3042 1130 3125 1184 ep.
3159 1116 3270 1182 22-).

2072 1197 2225 1252 Felix
2259 1201 2635 1270 prmsentium
2662 1203 2910 1273 portitor
2931 1213 3172 1275 questus
3196 1206 3365 1261 nobis
3387 1212 3494 1277 est,
3521 1226 3654 1265 cum

2000 1286 2075 1340 sit
2106 1288 2175 1342 de
2208 1289 2557 1345 Christianis
2583 1296 2755 1347 natus
2782 1294 3146 1363 parentibus,
3167 1312 3198 1348 a
3218 1297 3472 1366 quodam
3498 1297 3658 1352 Chri-

1998 1376 2189 1431 stiano
2223 1378 2513 1434 Samaran
2541 1398 2599 1435 se
2636 1383 2810 1451 (quod
2841 1383 2952 1437 dici
2972 1384 3161 1439 scelus
3185 1387 3293 1455 est)
3320 1402 3447 1441 esse
3470 1388 3655 1442 dona-

1996 1468 2144 1519 tum.
2199 1466 2270 1519 Et
2330 1468 2468 1521 dum
2543 1469 2882 1539 hujusmodi
2950 1473 3309 1543 supertionis
3380 1474 3651 1531 homines

1995 1552 2327 1609 Christiana
2355 1557 2616 1627 quolibet
2648 1559 2821 1613 modo
2856 1562 3151 1632 mancipia
3184 1562 3483 1633 possidere
3542 1580 3649 1619 nec

1996 1643 2142 1697 ratio
2175 1643 2342 1713 legis,
2378 1662 2480 1699 nec
2517 1648 2845 1701 reverentia
2876 1649 3175 1720 religionis
3238 1652 3528 1721 admittat,
3590 1670 3652 1708 se

237 1751 484 1822 pserint,
518 1754 736 1809 sublati
770 1756 840 1809 ab
872 1771 1074 1810 eorum
1117 1756 1421 1810 dominatu
1466 1755 1795 1810 libertatem
1850 1770 1883 1808 a
1912 1777 1959 1842 B
1996 1735 2192 1842 tam???
2226 1750 2327 1803 per
2357 1735 2554 1833 decen}
2586 1740 2642 1790 et
2676 1754 2880 1842 “nov‘em
2912 1756 3096 1793 annos
3136 1740 3223 1842 lin,
3259 1743 3385 1842 ej"?
3435 1742 3651 1797 asserit

235 1841 498 1913 principe
529 1850 987 1914 consequantur.

232 1948 367 2002 CAP.
396 1949 489 2003 99.
524 1981 592 1991 -—-
621 1951 699 2005 Ne
729 1952 1042 2006 Christiani
1070 1952 1387 2008 Iudaeorum
1415 1951 1679 2006 conviviis
1705 1952 1877 2005 inter-

301 2020 434 2095 sint.
471 2026 562 2075 Ex
590 2022 791 2077 concit.
825 2024 1112 2079 Aurelian.
1146 2041 1231 2094 ιιι,
1263 2031 1507 2095 tempore
1542 2020 1878 2080 Ghildeberti

301 2092 467 2163 regis,
499 2110 617 2165 cap.
654 2095 738 2149 13.

302 2179 651 2238 Christianis
682 2182 943 2238 convivia
975 2182 1383 2239 interdicimus
1421 2182 1758 2238 Judaeorum
1816 2180 1875 2237 in

232 2270 449 2341 quibus
482 2272 529 2326 si
566 2272 709 2327 forte
751 2274 933 2329 fuisse
986 2275 1327 2347 probantur,
1363 2272 1601 2328 annuali
1649 2287 1877 2327 excom-

230 2362 617 2418 municationi
647 2381 748 2435 pro
783 2365 1186 2437 hujuscemodi
1221 2364 1589 2421 contumacia
1607 2363 1878 2433 subjace-

233 2451 401 2505 bunt

231 2558 367 2614 CAP.
408 2561 525 2614 lOO.
556 2592 621 2600 ——-
653 2562 728 2617 Ne
758 2562 940 2617 Judwi
970 2580 1003 2617 a
1036 2563 1197 2617 Coena
1230 2560 1435 2616 Donini
1466 2576 1638 2630 usque
1677 2560 1749 2613 ad
1794 2575 1879 2613 se-

300 2633 538 2685 cundam
566 2632 773 2702 feriam
804 2634 866 2687 in
885 2634 1104 2705 publica
1125 2637 1455 2705 appareant.
1483 2635 1611 2687 Item
1637 2648 1754 2700 cap.
1786 2631 1877 2684 29.

300 2737 486 2792 Judaei
522 2756 553 2794 a
584 2740 677 2795 die
706 2744 891 2795 Cinnae
941 2741 1167 2796 Domini
1217 2756 1404 2810 usque
1448 2739 1507 2792 in
1559 2738 1879 2792 secundam

227 2826 467 2881 Sabbati
500 2827 558 2881 in
596 2828 838 2899 Pascha,
858 2830 964 2885 hoc
984 2834 1073 2884 est
1092 2830 1219 2900 ipso
1238 2828 1553 2900 quatriduo
1571 2827 1882 2899 procedere

226 2914 379 2969 inter
411 2916 799 2985 Christianos,
833 2935 1024 2989 neque
1056 2917 1361 2973 catholicis
1394 2916 1626 2987 populis
1657 2932 1719 2970 se
1761 2914 1880 2969 ullo

232 3004 407 3059 modo
429 3005 602 3076 [loco,
630 3006 797 3078 orig.)
823 3007 911 3063 vel
937 3022 1290 3078 quacunque
1312 3006 1615 3062 occasione
1640 3003 1882 3059 miscere

230 3101 615 3164 praesumant.

1991 1820 2226 1875 servitio
2251 1823 2667 1891 permansisse.
2698 1824 2805 1878 Sed
2834 1832 3187 1897 coguocente
3211 1828 3317 1882 hoc
3343 1829 3645 1884 decessore

1984 1915 2176 1964 vestro
2211 1916 2427 1967 sancta:
2462 1914 2758 1968 memoria;
2800 1914 3174 1982 Maximiano,
3208 1918 3279 1971 ab
3310 1934 3376 1971 eo
3427 1934 3488 1972 se
3519 1918 3641 1973 zelo

1986 1998 2167 2070 (sicut
2205 2000 2420 2072 decuit)
2480 2003 2830 2058 sacerdotali
2886 2010 3199 2073 commoto,
3234 2006 3305 2060 de
3364 2006 3642 2061 Samaraei

1987 2088 2222 2143 servitio
2256 2090 2473 2144 nefario
2502 2091 2643 2146 dicit
2676 2091 3007 2148 liberatum.
3046 2095 3153 2149 Sed
3189 2095 3327 2166 quia
3376 2096 3643 2165 ejusdem

1986 2177 2255 2233 Samaraei
2290 2179 2446 2235 filius
2474 2184 2606 2252 post
2635 2182 2670 2235 5
2699 2199 2883 2238 annos
2910 2184 3097 2239 factus
3120 2183 3335 2239 dicitur
3364 2184 3644 2240 Christia-

1988 2283 2123 2331 nus,
2168 2272 2222 2321 et
2271 2271 2676 2341 supradictum
2729 2271 2977 2327 Felicem
3026 2274 3081 2327 in
3126 2274 3253 2343 ejus
3332 2274 3640 2329 servitium

1986 2358 2295 2425 (quantum
2333 2357 2457 2428 ipse
2503 2359 2669 2431 dicit)
2726 2360 2963 2430 quidam
3028 2361 3300 2415 nituntur
3355 2363 3641 2435 redigere,

1989 2447 2273 2499 sanctitas
2292 2452 2481 2502 vestra
2505 2448 2622 2502 hac
2647 2466 2771 2518 quae
2794 2450 2984 2503 edocti
3010 2466 3213 2504 sumus
3230 2450 3537 2522 diligenter
3558 2452 3645 2506 in-

1990 2534 2205 2603 quirat,
2241 2540 2297 2588 et
2326 2535 2371 2589 si
2408 2536 2487 2590 ita
2518 2552 2586 2590 ea
2616 2553 2745 2591 esse
2775 2538 3124 2604 constiterit,
3158 2555 3288 2593 eum
3315 2540 3464 2593 tueri
3514 2544 3640 2594 stu-

1991 2622 2142 2690 deat,
2177 2627 2233 2677 et
2265 2641 2297 2677 a
2331 2624 2490 2678 nullo
2523 2626 2632 2679 sub
2658 2625 2920 2696 qualibet
2947 2626 3251 2681 occasione
3269 2628 3489 2695 gravari
3515 2642 3644 2699 per-

1991 2711 2208 2781 mittat,
2241 2713 2379 2783 quia
2410 2714 2583 2768 deum
2617 2715 2990 2785 superstiosae
3024 2720 3192 2771 sectae
3220 2716 3513 2787 mancipia
3545 2717 3649 2771 do-

1992 2802 2183 2855 minos
2216 2819 2356 2857 suos
2389 2803 2459 2856 ad
2494 2803 2666 2858 ﬁdem
2720 2805 3111 2875 praecedentia
3161 2805 3395 2860 servitio
3444 2822 3647 2861 eorum

1993 2890 2172 2961 redigi
2208 2895 2405 2961 aperte
2428 2892 2567 2961 jura
2602 2894 2971 2963 prohibeant,
3014 2898 3237 2965 quanto
3260 2893 3447 2966 magis
3469 2894 3564 2949 hic
3583 2895 3652 2949 de

1990 2979 2338 3035 Christianis
2370 2982 2713 3051 parentibus
2748 2988 2922 3039 natus
2955 2988 3011 3038 et
3068 2983 3255 3038 factus
3314 3000 3347 3038 a
3408 2982 3650 3055 parvulo

1992 3068 2383 3137 Christianus,
2416 3070 2567 3126 hanc
2600 3088 2713 3127 non
2773 3073 2942 3128 debet
3002 3072 3389 3144 quaestionem
3450 3072 3649 3144 aliquo
3750 3082 3751 3085 ‘

224 3145 377 3237 Cie:
647 3184 798 3252 Quod
828 3185 981 3240 omni
1010 3183 1435 3239 mansuetudine
1458 3188 1509 3237 et
1546 3181 1881 3252 benignitate
1911 3145 1953 3212 Ο
1996 3160 2168 3213 Πλοάο
2192 3158 2500 3215 sumine”-

295 3256 479 3311 Judwi
505 3256 579 3310 ad
596 3257 735 3325 ﬁdei
757 3257 1024 3311 unitatem
1052 3256 1163 3310 sint
1186 3255 1434 3311 vocandi.
1461 3254 1759 3323 Gregorius
1782 3255 1884 3307 Pe-

293 3330 382 3380 tro
410 3326 658 3398 episcopo
692 3328 1075 3383 Terracinensi
1105 3334 1147 3395 (ι
1179 3330 1401 3396 regist..
1437 3343 1519 3397 ep.
1553 3327 1669 3396 34.)

293 3423 512 3495 Joseph
550 3426 931 3495 praesentium
964 3424 1113 3479 lator
1141 3424 1380 3479 Judmus
1414 3422 1738 3479 insinuavit
1775 3439 1884 3475 no-

224 3511 339 3578 bis,
374 3514 527 3582 quod
563 3516 634 3568 de
658 3516 916 3584 quodam
950 3513 1096 3579 loco,
1130 3513 1189 3567 in
1223 3529 1337 3583 quo
1375 3513 1446 3567 ad
1500 3510 1882 3566 celebrandas

233 3601 582 3659 festivitates
614 3620 752 3658 suas
782 3603 969 3659 Judaei
996 3603 1053 3656 in
1087 3600 1488 3657 Terracinensi
1522 3605 1708 3654 castro
1742 3615 1883 3653 con-

235 3690 515 3747 sistentes
548 3692 858 3747 convenire
890 3696 1337 3759 consueverant,
1370 3696 1470 3743 tua
1500 3706 1599 3743 eos
1621 3689 1885 3742 fraterni-

229 3785 320 3835 tas
355 3780 662 3852 expulerit,
694 3787 751 3837 et
783 3782 840 3836 in
873 3781 1054 3837 alium
1090 3779 1282 3835 locum
1312 3796 1414 3850 pro
1446 3776 1703 3833 colendis
1726 3776 1884 3831 simi-

228 3868 366 3924 liter
388 3870 800 3926 festivitatibus
832 3872 956 3926 suis
980 3878 1034 3925 te
1065 3885 1299 3941 quoque
1332 3871 1607 3922 noscente
1640 3871 1697 3923 et
1740 3883 1881 3920 con-

230 3958 541 4026 sentiente,
561 3959 957 4032 migraverint,
974 3964 1029 4014 et
1052 3976 1207 4014 nunc
1225 3959 1295 4013 de
1313 3957 1513 4012 eodem
1536 3955 1658 4010 loco
1678 3956 1879 4026 expul-

232 4065 331 4103 sos
363 4049 555 4103 denuo
588 4066 649 4104 se
667 4053 1132 4120 conqueruntur.
1170 4047 1279 4103 Sed
1304 4047 1352 4102 si
1376 4046 1457 4101 ita
1478 4050 1588 4114 est,
1612 4043 1879 4099 volumus

235 4142 301 4191 ut
332 4142 435 4192 tua
468 4138 803 4194 fraternitas
835 4139 906 4194 ab
930 4138 1267 4209 hujusmodi
1294 4153 1355 4193 se
1374 4134 1610 4207 querela
1628 4150 1879 4206 suspen-

236 4227 356 4293 dat,
388 4231 444 4282 et
474 4227 668 4283 locum
697 4245 866 4300 quem
904 4227 1080 4299 (sicut
1134 4226 1527 4299 praediximus)
1588 4240 1718 4278 cum
1780 4228 1881 4277 tua

231 4316 593 4372 conscientia
620 4334 735 4389 quo
763 4320 1192 4389 congregentur
1223 4314 1414 4386 adepti
1435 4312 1880 4382 sunt,eis(sicut

233 4421 362 4460 mos
395 4406 527 4475 fuit)
558 4406 773 4462 ibidem
809 4406 978 4461 liceat
1006 4403 1330 4460 convenire.
1370 4405 1483 4456 llos
1512 4401 1665 4457 enim
1701 4400 1800 4471 qui
1847 4418 1880 4454 a

228 4494 562 4549 Christiana
592 4494 870 4565 religione
899 4495 1253 4559 discordant,
1274 4491 1747 4556 mansuetudine,
1776 4490 1878 4544 be-

232 4583 539 4653 nignitate,
570 4584 961 4650 admonendo,
996 4583 1297 4639 suadendo
1328 4582 1399 4636 ad
1434 4580 1711 4635 unitatem
1740 4580 1875 4634 fidei

235 4688 474 4727 necesse
506 4678 594 4728 est
623 4688 1012 4744 congregare:
1052 4688 1121 4727 ne
1151 4687 1301 4741 quos
1323 4670 1567 4723 dulcedo
1601 4670 1877 4739 praedica-

235 4760 413 4815 tionis
446 4767 503 4816 et
526 4766 853 4832 praeventus
886 4760 1065 4815 futuri
1090 4759 1309 4831 judicis
1334 4764 1517 4813 terror
1538 4758 1608 4812 ad
1637 4759 1876 4813 creden-

233 4851 375 4904 dum
408 4850 652 4906 invitare
684 4854 931 4923 poterat,
963 4849 1141 4905 minis
1171 4853 1228 4903 et
1258 4846 1577 4902 terroribus
1598 4844 1878 4917 repellan-

232 4942 351 4993 tur.

233 5027 369 5082 CAP.
406 5030 528 5083 102.
562 5060 629 5069 —
663 5034 738 5085 De
765 5027 937 5083 servis
964 5027 1282 5084 Iudaeorum
1315 5023 1385 5078 ad
1430 5023 1713 5078 ecclesiam
1753 5037 1879 5075 con-

306 5101 667 5169 fugientibus.
749 5100 1040 5170 Gregorius
1117 5098 1215 5153 lib.
1280 5113 1340 5150 ιιι
1398 5093 1619 5166 registri
1678 5091 1881 5149 Joanni

308 5170 557 5243 episcopo
590 5172 913 5227 Caratitano
946 5170 1129 5242 (epist.
1160 5171 1237 5239 9).

312 5270 578 5325 Pervenit
612 5271 683 5325 ad
736 5286 841 5324 nos
893 5284 1089 5324 servos
1136 5265 1499 5336 ancillasque
1543 5262 1879 5317 Judazorum

237 5357 373 5412 fidei
406 5374 584 5412 causa
616 5359 687 5412 ad
722 5357 1027 5412 ecclesiam
1060 5355 1372 5426 fugientes,
1405 5358 1505 5407 aut
1545 5350 1881 5405 inﬁdelibus

237 5446 471 5502 restitui
494 5446 1105 5513 dominis,auteorum
1131 5460 1201 5496 ne
1216 5441 1603 5497 restituantur
1625 5439 1881 5511 pretium

241 5536 389 5591 dari.
426 5536 741 5591 Hortamur
770 5534 950 5607 igitur
989 5538 1054 5588 ut
1092 5530 1427 5586 nullatenus
1474 5534 1594 5584 tam
1644 5542 1880 5599 pravam

235 5624 735 5684 consuetudinem
769 5638 1002 5679 manere
1033 5619 1467 5693 permittas,sed
1501 5616 1748 5687 quilibet
1774 5615 1882 5671 Ju-

1992 3268 2119 3340 CAP.
2160 3266 2277 3340 104.
2312 3297 2374 3307 -
2410 3268 2469 3322 Ut
2504 3275 2705 3322 veteres
2734 3285 3040 3340 synagogas
3094 3270 3278 3326 Judaei
3335 3269 3647 3325 obtineant.

2063 3339 2515 3480 gézmgrzgorgs
2541 3341 2817 3396 Januario
2867 3339 3113 3413 episcopo
3166 3340 3489 3397 Caralitano
3550 3344 3649 3411 (v11

2168 3450 2180 3461 .
2215 3444 2268 3473 υ,
2375 3450 2388 3463 .
2484 3452 2496 3463 .

2063 3496 2249 3551 Judaai
2284 3498 2355 3551 de
2387 3499 2619 3553 civitate
2649 3504 2842 3555 vestra
2872 3500 2987 3554 huc
3019 3501 3316 3554 venientes
3337 3499 3529 3569 questi
3551 3514 3651 3553 no-

1994 3584 2085 3639 bis
2116 3590 2255 3639 sunt
2278 3587 2433 3655 quod
2467 3604 2825 3659 synagogam
2861 3605 3063 3643 eorum
3100 3605 3229 3659 quae
3269 3588 3491 3643 Caralis
3534 3588 3650 3643 sita

1991 3678 2100 3739 est,
2137 3673 2340 3729 Petrus
2373 3676 2473 3745 qui
2509 3691 2576 3729 ex
2595 3692 2796 3729 eorum
2824 3678 3241 3748 superstitione
3264 3677 3333 3731 ad
3360 3675 3648 3731 Christia-

1992 3781 2077 3817 nae
2112 3762 2245 3817 fidei
2279 3764 2526 3833 cultum,
2558 3768 2673 3819 Deo
2704 3763 2955 3830 volente,
2989 3767 3307 3837 perductus
3337 3772 3445 3833 est,
3478 3764 3645 3820 adhi-

1991 3852 2131 3906 bitis
2165 3852 2273 3907 sibi
2309 3852 2664 3923 quibusdam
2702 3854 3184 3926 indisciplinatis,
3220 3855 3487 3925 sequenti
3547 3855 3639 3909 die

1989 3940 2367 4011 baptismatis
2399 3939 2513 4010 sui,
2533 3939 2641 3995 hoc
2665 3946 2749 3996 est
2778 3942 3075 3996 Dominico
3103 3943 3157 3996 in
3182 3942 3311 4013 ipsa
3330 3940 3649 3995 festivitate

1991 4029 2248 4101 paschali
2283 4046 2414 4084 cum
2448 4030 2608 4101 gravi
2642 4032 2939 4095 seandalo,
2974 4032 3099 4085 sine
3151 4036 3342 4084 vestra
3386 4046 3641 4098 occupa-

1990 4118 2135 4172 verit
2158 4119 2480 4183 voluntate,
2508 4122 2682 4189 atque
2715 4118 3030 4189 imaginem
3052 4119 3170 4172 illic
3198 4116 3511 4173 Genitricis
3536 4115 3634 4169 Dei

1990 4208 2340 4277 Dominique
2372 4207 2581 4274 nostri,
2615 4212 2671 4262 et
2701 4208 3087 4262 venerandam
3123 4223 3352 4261 crucem
3384 4205 3469 4259 vel
3516 4204 3643 4258 bir-

1990 4313 2117 4350 rum
2161 4296 2381 4360 album,
2412 4312 2525 4364 quo
2557 4297 2628 4349 de
2658 4297 2813 4350 fonte
2844 4312 3091 4366 surgens
3122 4296 3367 4349 indutus
3426 4294 3641 4359 fuerat,

1989 4385 2270 4454 posuerit.
2296 4386 2470 4439 Paulo
2491 4393 2628 4454 post.
2656 4383 2755 4439 His
2778 4384 3085 4439 hortamur
3109 4384 3403 4449 affatibus,
3421 4387 3487 4437 ut
3507 4382 3641 4437 sub-

1989 4472 2108 4527 lata
2138 4472 2345 4527 exinde
2376 4488 2510 4526 cum
2542 4488 2609 4527 ea
2638 4489 2755 4542 qua
2802 4473 3044 4544 dignum
3098 4477 3186 4528 est
3242 4471 3637 4539 veneratione,

1988 4562 2243 4633 imagine
2267 4566 2441 4631 atque
2475 4577 2665 4627 cruce,
2701 4562 2959 4616 debeatis
2992 4564 3145 4633 quod
3178 4560 3457 4617 violenter
3480 4559 3641 4614 abla-

1986 4655 2111 4705 tum
2144 4650 2760 4720 estreformare,quia,
2777 4651 2929 4705 sicut
2952 4650 3155 4721 legalis
3177 4650 3438 4706 definitio
3462 4666 3641 4705 novas

1982 4740 2217 4795 Judzeos
2246 4756 2360 4793 non
2392 4738 2613 4810 patitur
2661 4739 2881 4811 erigere
2929 4756 3276 4812 synagogas,
3298 4740 3376 4795 ita
3403 4754 3639 4811 quoque

1988 4846 2087 4885 ens
2117 4829 2243 4883 siue
2277 4827 2679 4898 inquietudine
2712 4834 2933 4883 veteres
2968 4829 3176 4884 habere
3207 4828 3512 4902 permittit.

1988 4940 2118 4992 CAP.
2156 4936 2278 4989 105.
2313 4967 2377 4975 -
2410 4940 2487 4991 Ne
2517 4935 2697 4990 Jul/sei
2726 4954 2758 4989 α
2787 4937 3247 4992 solemnitatibus
3288 4938 3403 4990 suis
3435 4936 3490 4987 vi
3540 4951 3637 4987 ar-

2058 5016 2313 5147 fleantur.
2382 5009 2515 5147 ἔξω
2602 5009 2891 5063 Paschasio
2948 5010 3193 5081 episcopo
3271 5004 3637 5077 Neapolitano

2108 5121 2120 5133 .
2152 5095 2230 5145 χι,
2262 5095 2345 5147 ep.
2476 5122 2488 5133 .

2108 5121 2120 5133 .
2152 5095 2230 5145 χι,
2262 5095 2345 5148 ep.
2382 5095 2488 5147 ιο).

2061 5167 2219 5235 (Dist.
2256 5168 2344 5231 45,
2368 5184 2414 5221 c.
2450 5167 2555 5233 Qui
2582 5170 2847 5239 sincera.)
2880 5169 3065 5223 Judaei
3100 5168 3434 5222 habitantes
3484 5169 3638 5217 Nea-

1991 5256 2107 5329 poli
2140 5256 2329 5327 questi
2362 5254 2528 5309 nobis
2563 5262 2720 5324 sunt,
2747 5263 3075 5313 asserentes
3097 5256 3252 5328 quod
3276 5253 3515 5325 quidam
3540 5267 3638 5305 eos

1991 5365 2025 5401 a
2056 5345 2414 5417 quibusdam
2441 5344 2719 5399 feriarum
2745 5363 2980 5401 suarum
3004 5342 3478 5401 solemnitatibus
3502 5338 3643 5395 irra-

1993 5434 2351 5490 tionabiliter
2372 5434 2639 5489 nitantur
2661 5452 2874 5499 arcere,
2894 5452 2966 5489 ne
2988 5435 3104 5490 illis
3129 5435 3206 5489 sit
3230 5434 3453 5487 licitum
3484 5430 3645 5489 testi-

1991 5524 2237 5580 vitatum
2271 5540 2512 5579 suarum
2552 5523 2840 5579 solemnia
2888 5523 3094 5591 colere,
3129 5524 3281 5579 sicut
3338 5524 3421 5580 eis
3480 5539 3641 5581 nunc

1996 5630 2184 5685 usque
2214 5618 2270 5669 et
2302 5612 2646 5685 parentibus
2669 5629 2868 5669 eorum
2894 5612 3085 5685 longis
3108 5618 3259 5670 retro
3284 5616 3647 5688 temporibus
