  <div class='ocr_page' id='page_1' title='image "/cluster/home/n/w/nwhite01/storage/ocr_20150623/161/hvd.32044054760194/457.png"; bbox 0 0 3972 6064; ppageno 0'>
   <div class='ocr_carea' id='block_1_1' title="bbox 356 253 459 306">
    <p class='ocr_par' dir='ltr' id='par_1_1' title="bbox 356 253 459 306">
     <span class='ocr_line' id='line_1_1' title="bbox 356 253 459 306; baseline 0.019 -2"><span class='ocrx_word' id='word_1_1' title='bbox 356 253 459 306; x_wconf 74' lang='grc'>823</span> 
     </span>
    </p>
   </div>
   <div class='ocr_carea' id='block_1_2' title="bbox 352 450 1964 534">
    <p class='ocr_par' dir='ltr' id='par_1_2' title="bbox 352 450 1964 534">
     <span class='ocr_line' id='line_1_2' title="bbox 352 450 1964 534; baseline -0.011 -15"><span class='ocrx_word' id='word_1_2' title='bbox 352 463 550 530; x_wconf 88' lang='lat' dir='ltr'>habet,</span> <span class='ocrx_word' id='word_1_3' title='bbox 583 478 955 534; x_wconf 59' lang='lat' dir='ltr'>supervacua</span> <span class='ocrx_word' id='word_1_4' title='bbox 987 460 1066 516; x_wconf 87' lang='lat' dir='ltr'>rei</span> <span class='ocrx_word' id='word_1_5' title='bbox 1096 459 1368 514; x_wconf 83' lang='lat' dir='ltr'>videntur</span> <span class='ocrx_word' id='word_1_6' title='bbox 1397 468 1634 526; x_wconf 79' lang='lat' dir='ltr'>operam</span> <span class='ocrx_word' id='word_1_7' title='bbox 1667 450 1964 506; x_wconf 89' lang='lat' dir='ltr'>adhibere.</span> 
     </span>
    </p>
   </div>
   <div class='ocr_carea' id='block_1_3' title="bbox 354 601 2001 682">
    <p class='ocr_par' dir='ltr' id='par_1_3' title="bbox 354 601 2001 682">
     <span class='ocr_line' id='line_1_3' title="bbox 354 601 2001 682; baseline -0.011 -11"><span class='ocrx_word' id='word_1_8' title='bbox 354 621 484 672; x_wconf 76' lang='lat' dir='ltr'>CAP.</span> <span class='ocrx_word' id='word_1_9' title='bbox 523 618 640 670; x_wconf 88' lang='grc'>106.</span> <span class='ocrx_word' id='word_1_10' title='bbox 678 647 746 654; x_wconf 94' lang='lat'>——</span> <span class='ocrx_word' id='word_1_11' title='bbox 772 615 844 669; x_wconf 87' lang='lat' dir='ltr'>De</span> <span class='ocrx_word' id='word_1_12' title='bbox 873 610 1164 680; x_wconf 82' lang='lat' dir='ltr'>mancipiis</span> <span class='ocrx_word' id='word_1_13' title='bbox 1195 607 1518 682; x_wconf 67' lang='lat' dir='ltr'>Judazorum</span> <span class='ocrx_word' id='word_1_14' title='bbox 1547 606 1597 682; x_wconf 58' lang='lat' dir='ltr'>si</span> <span class='ocrx_word' id='word_1_15' title='bbox 1653 603 1781 682; x_wconf 75' lang='lat' dir='ltr'>fieri</span> <span class='ocrx_word' id='word_1_16' title='bbox 1839 601 2001 682; x_wconf 49' lang='lat' dir='ltr'>(Inri-</span> 
     </span>
    </p>
   </div>
   <div class='ocr_carea' id='block_1_4' title="bbox 425 676 2003 753">
    <p class='ocr_par' dir='ltr' id='par_1_4' title="bbox 425 676 2003 753">
     <span class='ocr_line' id='line_1_4' title="bbox 425 676 2003 753; baseline -0.012 -10"><span class='ocrx_word' id='word_1_17' title='bbox 425 687 602 743; x_wconf 77' lang='lat' dir='ltr'>stiani</span> <span class='ocrx_word' id='word_1_18' title='bbox 634 688 922 748; x_wconf 80' lang='lat' dir='ltr'>voluerint,</span> <span class='ocrx_word' id='word_1_19' title='bbox 956 676 1090 753; x_wconf 78' lang='lat' dir='ltr'>quid</span> <span class='ocrx_word' id='word_1_20' title='bbox 1119 682 1396 751; x_wconf 81' lang='lat' dir='ltr'>agendum</span> <span class='ocrx_word' id='word_1_21' title='bbox 1421 678 1514 732; x_wconf 79' lang='lat' dir='ltr'>sit.</span> <span class='ocrx_word' id='word_1_22' title='bbox 1550 676 1843 753; x_wconf 81' lang='lat' dir='ltr'>Gregorius</span> <span class='ocrx_word' id='word_1_23' title='bbox 1871 677 2003 753; x_wconf 48' lang='lat' dir='ltr'>lior-</span> 
     </span>
    </p>
   </div>
   <div class='ocr_carea' id='block_1_5' title="bbox 429 744 2000 900">
    <p class='ocr_par' dir='ltr' id='par_1_5' title="bbox 429 744 2000 900">
     <span class='ocr_line' id='line_1_5' title="bbox 429 744 2000 898; baseline -0.011 -84"><span class='ocrx_word' id='word_1_24' title='bbox 429 764 619 814; x_wconf 83' lang='lat' dir='ltr'>tunato</span> <span class='ocrx_word' id='word_1_25' title='bbox 649 744 1004 898; x_wconf 46' lang='lat' dir='ltr'>Aéeiqpolitan&#39;o</span> <span class='ocrx_word' id='word_1_26' title='bbox 1034 744 1283 824; x_wconf 76' lang='lat' dir='ltr'>episcopo</span> <span class='ocrx_word' id='word_1_27' title='bbox 1316 754 1377 819; x_wconf 88' lang='lat' dir='ltr'>(t.</span> <span class='ocrx_word' id='word_1_28' title='bbox 1408 769 1443 804; x_wconf 93' lang='lat' dir='ltr'>v</span> <span class='ocrx_word' id='word_1_29' title='bbox 1492 751 1708 820; x_wconf 86' lang='lat' dir='ltr'>regist.,</span> <span class='ocrx_word' id='word_1_30' title='bbox 1767 763 1816 800; x_wconf 89' lang='lat' dir='ltr'>c.</span> <span class='ocrx_word' id='word_1_31' title='bbox 1879 744 2000 808; x_wconf 83' lang='grc'>131,</span> 
     </span>
     <span class='ocr_line' id='line_1_6' title="bbox 431 847 785 900; baseline -0.014 -13"><span class='ocrx_word' id='word_1_32' title='bbox 431 847 528 887; x_wconf 85' lang='lat' dir='ltr'>seu</span> <span class='ocrx_word' id='word_1_33' title='bbox 554 847 637 900; x_wconf 82' lang='lat' dir='ltr'>ep.</span> <span class='ocrx_word' id='word_1_34' title='bbox 772 870 785 882; x_wconf 95' lang='lat'>.</span> 
     </span>
    </p>
   </div>
   <div class='ocr_carea' id='block_1_6' title="bbox 427 953 2002 1033">
    <p class='ocr_par' dir='ltr' id='par_1_6' title="bbox 427 953 2002 1033">
     <span class='ocr_line' id='line_1_7' title="bbox 427 953 2002 1033; baseline -0.01 -14"><span class='ocrx_word' id='word_1_35' title='bbox 427 963 702 1033; x_wconf 67' lang='lat' dir='ltr'>(Dist.5/i.</span> <span class='ocrx_word' id='word_1_36' title='bbox 763 977 808 1014; x_wconf 91' lang='lat' dir='ltr'>c.</span> <span class='ocrx_word' id='word_1_37' title='bbox 871 958 1346 1026; x_wconf 84' lang='lat' dir='ltr'>Fraternitatem.)</span> <span class='ocrx_word' id='word_1_38' title='bbox 1398 953 1844 1011; x_wconf 87' lang='lat' dir='ltr'>Fraternitatem</span> <span class='ocrx_word' id='word_1_39' title='bbox 1901 966 2002 1004; x_wconf 82' lang='lat' dir='ltr'>ve—</span> 
     </span>
    </p>
   </div>
   <div class='ocr_carea' id='block_1_7' title="bbox 357 1044 2005 1122">
    <p class='ocr_par' dir='ltr' id='par_1_7' title="bbox 357 1044 2005 1122">
     <span class='ocr_line' id='line_1_8' title="bbox 357 1044 2005 1122; baseline -0.008 -15"><span class='ocrx_word' id='word_1_40' title='bbox 357 1059 539 1108; x_wconf 80' lang='lat' dir='ltr'>stram</span> <span class='ocrx_word' id='word_1_41' title='bbox 571 1054 799 1122; x_wconf 82' lang='lat' dir='ltr'>oportet</span> <span class='ocrx_word' id='word_1_42' title='bbox 829 1065 956 1104; x_wconf 89' lang='lat' dir='ltr'>esse</span> <span class='ocrx_word' id='word_1_43' title='bbox 976 1047 1312 1112; x_wconf 83' lang='lat' dir='ltr'>sollicitam,</span> <span class='ocrx_word' id='word_1_44' title='bbox 1346 1045 1395 1100; x_wconf 92' lang='lat' dir='ltr'>si</span> <span class='ocrx_word' id='word_1_45' title='bbox 1425 1046 1495 1099; x_wconf 93' lang='lat' dir='ltr'>de</span> <span class='ocrx_word' id='word_1_46' title='bbox 1517 1044 1850 1098; x_wconf 69' lang='lat' dir='ltr'>Judaeorum</span> <span class='ocrx_word' id='word_1_47' title='bbox 1877 1057 2005 1095; x_wconf 89' lang='lat' dir='ltr'>ser-</span> 
     </span>
    </p>
   </div>
   <div class='ocr_carea' id='block_1_8' title="bbox 355 1133 2005 1204">
    <p class='ocr_par' dir='ltr' id='par_1_8' title="bbox 355 1133 2005 1204">
     <span class='ocr_line' id='line_1_9' title="bbox 355 1133 2005 1204; baseline -0.006 -11"><span class='ocrx_word' id='word_1_48' title='bbox 355 1140 500 1196; x_wconf 91' lang='lat' dir='ltr'>vitio</span> <span class='ocrx_word' id='word_1_49' title='bbox 533 1157 644 1194; x_wconf 90' lang='lat' dir='ltr'>non</span> <span class='ocrx_word' id='word_1_50' title='bbox 676 1138 865 1194; x_wconf 89' lang='lat' dir='ltr'>solum</span> <span class='ocrx_word' id='word_1_51' title='bbox 889 1139 1153 1201; x_wconf 70' lang='lat' dir='ltr'>Judaaus,</span> <span class='ocrx_word' id='word_1_52' title='bbox 1179 1137 1278 1190; x_wconf 89' lang='lat' dir='ltr'>sed</span> <span class='ocrx_word' id='word_1_53' title='bbox 1300 1135 1474 1189; x_wconf 91' lang='lat' dir='ltr'>etiam</span> <span class='ocrx_word' id='word_1_54' title='bbox 1501 1133 1812 1204; x_wconf 85' lang='lat' dir='ltr'>quisquam</span> <span class='ocrx_word' id='word_1_55' title='bbox 1835 1145 2005 1201; x_wconf 82' lang='lat' dir='ltr'>paga-</span> 
     </span>
    </p>
   </div>
   <div class='ocr_carea' id='block_1_9' title="bbox 356 1218 2006 1294">
    <p class='ocr_par' dir='ltr' id='par_1_9' title="bbox 356 1218 2006 1294">
     <span class='ocr_line' id='line_1_10' title="bbox 356 1218 2006 1294; baseline -0.008 -10"><span class='ocrx_word' id='word_1_56' title='bbox 356 1245 567 1284; x_wconf 80' lang='lat' dir='ltr'>norum</span> <span class='ocrx_word' id='word_1_57' title='bbox 596 1227 720 1282; x_wconf 82' lang='lat' dir='ltr'>iieri</span> <span class='ocrx_word' id='word_1_58' title='bbox 736 1225 988 1281; x_wconf 89' lang='lat' dir='ltr'>voluerit</span> <span class='ocrx_word' id='word_1_59' title='bbox 1011 1225 1380 1280; x_wconf 88' lang='lat' dir='ltr'>Christianus</span> <span class='ocrx_word' id='word_1_60' title='bbox 1402 1227 1714 1294; x_wconf 83' lang='lat' dir='ltr'>postquam</span> <span class='ocrx_word' id='word_1_61' title='bbox 1733 1218 2006 1274; x_wconf 81' lang='lat' dir='ltr'>voluntas</span> 
     </span>
    </p>
   </div>
   <div class='ocr_carea' id='block_1_10' title="bbox 355 1309 2004 1389">
    <p class='ocr_par' dir='ltr' id='par_1_10' title="bbox 355 1309 2004 1389">
     <span class='ocr_line' id='line_1_11' title="bbox 355 1309 2004 1389; baseline -0.007 -17"><span class='ocrx_word' id='word_1_62' title='bbox 355 1319 486 1389; x_wconf 88' lang='lat' dir='ltr'>ejus</span> <span class='ocrx_word' id='word_1_63' title='bbox 519 1317 672 1371; x_wconf 84' lang='lat' dir='ltr'>ﬁerit</span> <span class='ocrx_word' id='word_1_64' title='bbox 702 1316 1016 1387; x_wconf 87' lang='lat' dir='ltr'>patefacta,</span> <span class='ocrx_word' id='word_1_65' title='bbox 1050 1330 1155 1369; x_wconf 91' lang='lat' dir='ltr'>nec</span> <span class='ocrx_word' id='word_1_66' title='bbox 1187 1315 1344 1367; x_wconf 90' lang='lat' dir='ltr'>hunc</span> <span class='ocrx_word' id='word_1_67' title='bbox 1375 1313 1483 1366; x_wconf 91' lang='lat' dir='ltr'>sub</span> <span class='ocrx_word' id='word_1_68' title='bbox 1535 1309 1795 1381; x_wconf 91' lang='lat' dir='ltr'>quolibet</span> <span class='ocrx_word' id='word_1_69' title='bbox 1844 1309 2004 1380; x_wconf 89' lang='lat' dir='ltr'>inge-</span> 
     </span>
    </p>
   </div>
   <div class='ocr_carea' id='block_1_11' title="bbox 354 1396 2005 1475">
    <p class='ocr_par' dir='ltr' id='par_1_11' title="bbox 354 1396 2005 1475">
     <span class='ocr_line' id='line_1_12' title="bbox 354 1396 2005 1475; baseline -0.008 -14"><span class='ocrx_word' id='word_1_70' title='bbox 354 1407 452 1461; x_wconf 87' lang='lat' dir='ltr'>nio</span> <span class='ocrx_word' id='word_1_71' title='bbox 484 1404 571 1460; x_wconf 91' lang='lat' dir='ltr'>vel</span> <span class='ocrx_word' id='word_1_72' title='bbox 603 1409 952 1475; x_wconf 86' lang='lat' dir='ltr'>argumento</span> <span class='ocrx_word' id='word_1_73' title='bbox 985 1402 1238 1473; x_wconf 87' lang='lat' dir='ltr'>cuipiam</span> <span class='ocrx_word' id='word_1_74' title='bbox 1272 1401 1606 1456; x_wconf 79' lang='lat' dir='ltr'>Judaeorum</span> <span class='ocrx_word' id='word_1_75' title='bbox 1628 1396 2005 1453; x_wconf 76' lang='lat' dir='ltr'>venundandi</span> 
     </span>
    </p>
   </div>
   <div class='ocr_carea' id='block_1_12' title="bbox 354 1483 2006 1560">
    <p class='ocr_par' dir='ltr' id='par_1_12' title="bbox 354 1483 2006 1560">
     <span class='ocr_line' id='line_1_13' title="bbox 354 1483 2006 1560; baseline -0.008 -10"><span class='ocrx_word' id='word_1_76' title='bbox 354 1493 607 1551; x_wconf 81' lang='lat' dir='ltr'>facultas</span> <span class='ocrx_word' id='word_1_77' title='bbox 640 1493 738 1559; x_wconf 91' lang='lat' dir='ltr'>sit,</span> <span class='ocrx_word' id='word_1_78' title='bbox 784 1493 885 1547; x_wconf 89' lang='lat' dir='ltr'>sed</span> <span class='ocrx_word' id='word_1_79' title='bbox 936 1491 987 1546; x_wconf 93' lang='lat' dir='ltr'>is</span> <span class='ocrx_word' id='word_1_80' title='bbox 1033 1491 1132 1560; x_wconf 89' lang='lat' dir='ltr'>qui</span> <span class='ocrx_word' id='word_1_81' title='bbox 1184 1491 1252 1544; x_wconf 90' lang='lat' dir='ltr'>ad</span> <span class='ocrx_word' id='word_1_82' title='bbox 1303 1489 1698 1544; x_wconf 89' lang='lat' dir='ltr'>Christianam</span> <span class='ocrx_word' id='word_1_83' title='bbox 1750 1483 2006 1540; x_wconf 84' lang='lat' dir='ltr'>converti</span> 
     </span>
    </p>
   </div>
   <div class='ocr_carea' id='block_1_13' title="bbox 356 1576 2007 1647">
    <p class='ocr_par' dir='ltr' id='par_1_13' title="bbox 356 1576 2007 1647">
     <span class='ocr_line' id='line_1_14' title="bbox 356 1576 2007 1647; baseline -0.008 -8"><span class='ocrx_word' id='word_1_84' title='bbox 356 1585 535 1640; x_wconf 83' lang='lat' dir='ltr'>ﬁdem</span> <span class='ocrx_word' id='word_1_85' title='bbox 552 1583 865 1647; x_wconf 90' lang='lat' dir='ltr'>desiderat,</span> <span class='ocrx_word' id='word_1_86' title='bbox 884 1580 1224 1635; x_wconf 88' lang='lat' dir='ltr'>defensione</span> <span class='ocrx_word' id='word_1_87' title='bbox 1245 1583 1436 1633; x_wconf 90' lang='lat' dir='ltr'>vestra</span> <span class='ocrx_word' id='word_1_88' title='bbox 1459 1578 1513 1630; x_wconf 91' lang='lat' dir='ltr'>in</span> <span class='ocrx_word' id='word_1_89' title='bbox 1540 1576 1867 1630; x_wconf 89' lang='lat' dir='ltr'>libertatem</span> <span class='ocrx_word' id='word_1_90' title='bbox 1888 1590 2007 1627; x_wconf 88' lang='lat' dir='ltr'>mo-</span> 
     </span>
    </p>
   </div>
   <div class='ocr_carea' id='block_1_14' title="bbox 361 1663 2001 1735">
    <p class='ocr_par' dir='ltr' id='par_1_14' title="bbox 361 1663 2001 1735">
     <span class='ocr_line' id='line_1_15' title="bbox 361 1663 2001 1735; baseline -0.008 -8"><span class='ocrx_word' id='word_1_91' title='bbox 361 1673 456 1728; x_wconf 88' lang='lat' dir='ltr'>dis</span> <span class='ocrx_word' id='word_1_92' title='bbox 491 1671 766 1725; x_wconf 89' lang='lat' dir='ltr'>omnibus</span> <span class='ocrx_word' id='word_1_93' title='bbox 809 1669 1158 1724; x_wconf 82' lang='lat' dir='ltr'>vindicetur.</span> <span class='ocrx_word' id='word_1_94' title='bbox 1219 1668 1289 1721; x_wconf 89' lang='lat' dir='ltr'>Hi</span> <span class='ocrx_word' id='word_1_95' title='bbox 1343 1682 1474 1720; x_wconf 89' lang='lat' dir='ltr'>vero</span> <span class='ocrx_word' id='word_1_96' title='bbox 1535 1681 1680 1735; x_wconf 89' lang='lat' dir='ltr'>quos</span> <span class='ocrx_word' id='word_1_97' title='bbox 1729 1663 2001 1732; x_wconf 87' lang='lat' dir='ltr'>hujusce-</span> 
     </span>
    </p>
   </div>
   <div class='ocr_carea' id='block_1_15' title="bbox 361 1723 2087 1830">
    <p class='ocr_par' dir='ltr' id='par_1_15' title="bbox 361 1723 2087 1830">
     <span class='ocr_line' id='line_1_16' title="bbox 361 1723 2087 1830; baseline -0.009 -13"><span class='ocrx_word' id='word_1_98' title='bbox 361 1723 786 1830; x_wconf 39' lang='lat' dir='ltr'>modi—oportet</span> <span class='ocrx_word' id='word_1_99' title='bbox 817 1757 1442 1822; x_wconf 66' lang='lat' dir='ltr'>servosamittere,,ne</span> <span class='ocrx_word' id='word_1_100' title='bbox 1465 1723 1706 1809; x_wconf 76' lang='lat' dir='ltr'>forsitan</span> <span class='ocrx_word' id='word_1_101' title='bbox 1728 1723 2010 1805; x_wconf 69' lang='lat' dir='ltr'>utilitates</span> <span class='ocrx_word' id='word_1_102' title='bbox 2041 1723 2087 1788; x_wconf 83' lang='lat' dir='ltr'><strong>B</strong></span> 
     </span>
    </p>
   </div>
   <div class='ocr_carea' id='block_1_16' title="bbox 362 1840 2011 1914">
    <p class='ocr_par' dir='ltr' id='par_1_16' title="bbox 362 1840 2011 1914">
     <span class='ocr_line' id='line_1_17' title="bbox 362 1840 2011 1914; baseline -0.008 -8"><span class='ocrx_word' id='word_1_103' title='bbox 362 1847 997 1906; x_wconf 84' lang='lat' dir='ltr'>suasirrationabiliter</span> <span class='ocrx_word' id='word_1_104' title='bbox 1013 1845 1350 1901; x_wconf 86' lang='lat' dir='ltr'>existiment</span> <span class='ocrx_word' id='word_1_105' title='bbox 1369 1842 1640 1914; x_wconf 89' lang='lat' dir='ltr'>impediri</span> <span class='ocrx_word' id='word_1_106' title='bbox 1655 1840 1899 1896; x_wconf 89' lang='lat' dir='ltr'>sollicita</span> <span class='ocrx_word' id='word_1_107' title='bbox 1911 1855 2011 1893; x_wconf 91' lang='lat' dir='ltr'>vos</span> 
     </span>
    </p>
   </div>
   <div class='ocr_carea' id='block_1_17' title="bbox 360 1931 2009 2002">
    <p class='ocr_par' dir='ltr' id='par_1_17' title="bbox 360 1931 2009 2002">
     <span class='ocr_line' id='line_1_18' title="bbox 360 1931 2009 2002; baseline -0.007 -9"><span class='ocrx_word' id='word_1_108' title='bbox 360 1939 470 1993; x_wconf 89' lang='lat' dir='ltr'>hoc</span> <span class='ocrx_word' id='word_1_109' title='bbox 505 1936 777 1992; x_wconf 88' lang='lat' dir='ltr'>convenit</span> <span class='ocrx_word' id='word_1_110' title='bbox 807 1935 1276 1991; x_wconf 87' lang='lat' dir='ltr'>consideratione</span> <span class='ocrx_word' id='word_1_111' title='bbox 1300 1949 1549 2002; x_wconf 87' lang='lat' dir='ltr'>servare,</span> <span class='ocrx_word' id='word_1_112' title='bbox 1573 1934 1637 1988; x_wconf 89' lang='lat' dir='ltr'>ut</span> <span class='ocrx_word' id='word_1_113' title='bbox 1657 1931 1704 1986; x_wconf 89' lang='lat' dir='ltr'>si</span> <span class='ocrx_word' id='word_1_114' title='bbox 1729 1945 2009 2002; x_wconf 82' lang='lat' dir='ltr'>paganos,</span> 
     </span>
    </p>
   </div>
   <div class='ocr_carea' id='block_1_18' title="bbox 360 2020 2009 2098">
    <p class='ocr_par' dir='ltr' id='par_1_18' title="bbox 360 2020 2009 2098">
     <span class='ocr_line' id='line_1_19' title="bbox 360 2020 2009 2098; baseline -0.005 -17"><span class='ocrx_word' id='word_1_115' title='bbox 360 2044 512 2098; x_wconf 91' lang='lat' dir='ltr'>quos</span> <span class='ocrx_word' id='word_1_116' title='bbox 543 2027 912 2082; x_wconf 88' lang='lat' dir='ltr'>mercimonii</span> <span class='ocrx_word' id='word_1_117' title='bbox 937 2043 1114 2081; x_wconf 90' lang='lat' dir='ltr'>causa</span> <span class='ocrx_word' id='word_1_118' title='bbox 1137 2026 1207 2081; x_wconf 92' lang='lat' dir='ltr'>de</span> <span class='ocrx_word' id='word_1_119' title='bbox 1229 2025 1484 2080; x_wconf 85' lang='lat' dir='ltr'>externis</span> <span class='ocrx_word' id='word_1_120' title='bbox 1507 2023 1723 2078; x_wconf 85' lang='lat' dir='ltr'>finibus</span> <span class='ocrx_word' id='word_1_121' title='bbox 1743 2020 2009 2086; x_wconf 87' lang='lat' dir='ltr'>emerint,</span> 
     </span>
    </p>
   </div>
   <div class='ocr_carea' id='block_1_19' title="bbox 359 2109 2014 2186">
    <p class='ocr_par' dir='ltr' id='par_1_19' title="bbox 359 2109 2014 2186">
     <span class='ocr_line' id='line_1_20' title="bbox 359 2109 2014 2186; baseline -0.005 -18"><span class='ocrx_word' id='word_1_122' title='bbox 359 2114 515 2170; x_wconf 89' lang='lat' dir='ltr'>infra</span> <span class='ocrx_word' id='word_1_123' title='bbox 541 2120 662 2170; x_wconf 87' lang='lat' dir='ltr'>tres</span> <span class='ocrx_word' id='word_1_124' title='bbox 694 2131 927 2170; x_wconf 89' lang='lat' dir='ltr'>menses</span> <span class='ocrx_word' id='word_1_125' title='bbox 960 2115 1100 2170; x_wconf 92' lang='lat' dir='ltr'>dum</span> <span class='ocrx_word' id='word_1_126' title='bbox 1134 2119 1366 2186; x_wconf 89' lang='lat' dir='ltr'>emptor</span> <span class='ocrx_word' id='word_1_127' title='bbox 1395 2113 1486 2168; x_wconf 91' lang='lat' dir='ltr'>cui</span> <span class='ocrx_word' id='word_1_128' title='bbox 1516 2110 1732 2167; x_wconf 89' lang='lat' dir='ltr'>venditi</span> <span class='ocrx_word' id='word_1_129' title='bbox 1782 2109 2014 2164; x_wconf 87' lang='lat' dir='ltr'>fuerant</span> 
     </span>
    </p>
   </div>
   <div class='ocr_carea' id='block_1_20' title="bbox 365 2195 2011 2275">
    <p class='ocr_par' dir='ltr' id='par_1_20' title="bbox 365 2195 2011 2275">
     <span class='ocr_line' id='line_1_21' title="bbox 365 2195 2011 2275; baseline -0.005 -17"><span class='ocrx_word' id='word_1_130' title='bbox 365 2221 482 2258; x_wconf 90' lang='lat' dir='ltr'>non</span> <span class='ocrx_word' id='word_1_131' title='bbox 510 2203 827 2271; x_wconf 89' lang='lat' dir='ltr'>invenitur,</span> <span class='ocrx_word' id='word_1_132' title='bbox 855 2204 1054 2275; x_wconf 83' lang='lat' dir='ltr'>fugere</span> <span class='ocrx_word' id='word_1_133' title='bbox 1079 2206 1147 2258; x_wconf 90' lang='lat' dir='ltr'>ad</span> <span class='ocrx_word' id='word_1_134' title='bbox 1173 2202 1492 2258; x_wconf 83' lang='lat' dir='ltr'>Ecclesiam</span> <span class='ocrx_word' id='word_1_135' title='bbox 1515 2203 1660 2256; x_wconf 86' lang='lat' dir='ltr'>forte</span> <span class='ocrx_word' id='word_1_136' title='bbox 1683 2195 2011 2268; x_wconf 83' lang='lat' dir='ltr'>contigerit,</span> 
     </span>
    </p>
   </div>
   <div class='ocr_carea' id='block_1_21' title="bbox 362 2289 2014 2359">
    <p class='ocr_par' dir='ltr' id='par_1_21' title="bbox 362 2289 2014 2359">
     <span class='ocr_line' id='line_1_22' title="bbox 362 2289 2014 2359; baseline -0.006 -11"><span class='ocrx_word' id='word_1_137' title='bbox 362 2299 421 2348; x_wconf 91' lang='lat' dir='ltr'>et</span> <span class='ocrx_word' id='word_1_138' title='bbox 445 2293 591 2349; x_wconf 89' lang='lat' dir='ltr'>velle</span> <span class='ocrx_word' id='word_1_139' title='bbox 624 2309 686 2349; x_wconf 85' lang='lat' dir='ltr'>se</span> <span class='ocrx_word' id='word_1_140' title='bbox 717 2293 973 2348; x_wconf 81' lang='lat' dir='ltr'>dixerint</span> <span class='ocrx_word' id='word_1_141' title='bbox 991 2293 1114 2348; x_wconf 82' lang='lat' dir='ltr'>fieri</span> <span class='ocrx_word' id='word_1_142' title='bbox 1132 2291 1516 2359; x_wconf 90' lang='lat' dir='ltr'>Christianos,</span> <span class='ocrx_word' id='word_1_143' title='bbox 1541 2289 1629 2344; x_wconf 92' lang='lat' dir='ltr'>vel</span> <span class='ocrx_word' id='word_1_144' title='bbox 1653 2289 1829 2344; x_wconf 87' lang='lat' dir='ltr'>etiam</span> <span class='ocrx_word' id='word_1_145' title='bbox 1853 2291 2014 2341; x_wconf 85' lang='lat' dir='ltr'>extra</span> 
     </span>
    </p>
   </div>
   <div class='ocr_carea' id='block_1_22' title="bbox 362 2377 2013 2451">
    <p class='ocr_par' dir='ltr' id='par_1_22' title="bbox 362 2377 2013 2451">
     <span class='ocr_line' id='line_1_23' title="bbox 362 2377 2013 2451; baseline -0.005 -14"><span class='ocrx_word' id='word_1_146' title='bbox 362 2382 682 2438; x_wconf 91' lang='lat' dir='ltr'>Ecclesiam</span> <span class='ocrx_word' id='word_1_147' title='bbox 706 2382 859 2438; x_wconf 90' lang='lat' dir='ltr'>hanc</span> <span class='ocrx_word' id='word_1_148' title='bbox 885 2382 1061 2437; x_wconf 87' lang='lat' dir='ltr'>talem</span> <span class='ocrx_word' id='word_1_149' title='bbox 1081 2382 1443 2437; x_wconf 88' lang='lat' dir='ltr'>voluntatem</span> <span class='ocrx_word' id='word_1_150' title='bbox 1466 2377 1854 2451; x_wconf 86' lang='lat' dir='ltr'>prodiderint,</span> <span class='ocrx_word' id='word_1_151' title='bbox 1879 2391 2013 2446; x_wconf 87' lang='lat' dir='ltr'>pre-</span> 
     </span>
    </p>
   </div>
   <div class='ocr_carea' id='block_1_23' title="bbox 362 2464 2013 2540">
    <p class='ocr_par' dir='ltr' id='par_1_23' title="bbox 362 2464 2013 2540">
     <span class='ocr_line' id='line_1_24' title="bbox 362 2464 2013 2540; baseline -0.004 -15"><span class='ocrx_word' id='word_1_152' title='bbox 362 2472 512 2527; x_wconf 88' lang='lat' dir='ltr'>tium</span> <span class='ocrx_word' id='word_1_153' title='bbox 546 2488 748 2527; x_wconf 91' lang='lat' dir='ltr'>eorum</span> <span class='ocrx_word' id='word_1_154' title='bbox 781 2489 815 2527; x_wconf 86' lang='lat' dir='ltr'>a</span> <span class='ocrx_word' id='word_1_155' title='bbox 844 2472 1194 2540; x_wconf 90' lang='lat' dir='ltr'>Christiano,</span> <span class='ocrx_word' id='word_1_156' title='bbox 1238 2471 1458 2525; x_wconf 82' lang='lat' dir='ltr'>Scilicet</span> <span class='ocrx_word' id='word_1_157' title='bbox 1505 2472 1787 2539; x_wconf 90' lang='lat' dir='ltr'>emptore,</span> <span class='ocrx_word' id='word_1_158' title='bbox 1821 2464 2013 2537; x_wconf 93' lang='lat' dir='ltr'>perci-</span> 
     </span>
    </p>
   </div>
   <div class='ocr_carea' id='block_1_24' title="bbox 361 2552 2014 2633">
    <p class='ocr_par' dir='ltr' id='par_1_24' title="bbox 361 2552 2014 2633">
     <span class='ocr_line' id='line_1_25' title="bbox 361 2552 2014 2633; baseline -0.004 -19"><span class='ocrx_word' id='word_1_159' title='bbox 361 2562 547 2633; x_wconf 86' lang='lat' dir='ltr'>piant.</span> <span class='ocrx_word' id='word_1_160' title='bbox 582 2559 641 2616; x_wconf 90' lang='lat' dir='ltr'>Si</span> <span class='ocrx_word' id='word_1_161' title='bbox 673 2567 867 2616; x_wconf 89' lang='lat' dir='ltr'>autem</span> <span class='ocrx_word' id='word_1_162' title='bbox 903 2565 1032 2632; x_wconf 84' lang='lat' dir='ltr'>post</span> <span class='ocrx_word' id='word_1_163' title='bbox 1063 2559 1380 2632; x_wconf 65' lang='lat' dir='ltr'>preﬁnitos</span> <span class='ocrx_word' id='word_1_164' title='bbox 1410 2562 1526 2613; x_wconf 87' lang='lat' dir='ltr'>tres</span> <span class='ocrx_word' id='word_1_165' title='bbox 1559 2573 1788 2612; x_wconf 84' lang='lat' dir='ltr'>menses</span> <span class='ocrx_word' id='word_1_166' title='bbox 1846 2552 2014 2625; x_wconf 90' lang='lat' dir='ltr'>quis-</span> 
     </span>
    </p>
   </div>
   <div class='ocr_carea' id='block_1_25' title="bbox 363 2645 2011 2722">
    <p class='ocr_par' dir='ltr' id='par_1_25' title="bbox 363 2645 2011 2722">
     <span class='ocr_line' id='line_1_26' title="bbox 363 2645 2011 2722; baseline -0.006 -16"><span class='ocrx_word' id='word_1_167' title='bbox 363 2666 542 2722; x_wconf 90' lang='lat' dir='ltr'>quam</span> <span class='ocrx_word' id='word_1_168' title='bbox 575 2651 983 2722; x_wconf 86' lang='lat' dir='ltr'>hujuscemodi</span> <span class='ocrx_word' id='word_1_169' title='bbox 1003 2667 1301 2706; x_wconf 88' lang='lat' dir='ltr'>servorum</span> <span class='ocrx_word' id='word_1_170' title='bbox 1325 2649 1706 2704; x_wconf 87' lang='lat' dir='ltr'>Judaicorum</span> <span class='ocrx_word' id='word_1_171' title='bbox 1728 2645 1813 2700; x_wconf 90' lang='lat' dir='ltr'>vel</span> <span class='ocrx_word' id='word_1_172' title='bbox 1838 2658 2011 2699; x_wconf 89' lang='lat' dir='ltr'>suum</span> 
     </span>
    </p>
   </div>
   <div class='ocr_carea' id='block_1_26' title="bbox 360 2734 2012 2806">
    <p class='ocr_par' dir='ltr' id='par_1_26' title="bbox 360 2734 2012 2806">
     <span class='ocr_line' id='line_1_27' title="bbox 360 2734 2012 2806; baseline -0.004 -13"><span class='ocrx_word' id='word_1_173' title='bbox 360 2739 660 2806; x_wconf 84' lang='lat' dir='ltr'>dixerit,et</span> <span class='ocrx_word' id='word_1_174' title='bbox 682 2739 806 2795; x_wconf 84' lang='lat' dir='ltr'>ﬁeri</span> <span class='ocrx_word' id='word_1_175' title='bbox 830 2738 1077 2794; x_wconf 88' lang='lat' dir='ltr'>voluerit</span> <span class='ocrx_word' id='word_1_176' title='bbox 1097 2738 1488 2804; x_wconf 89' lang='lat' dir='ltr'>Christianus,</span> <span class='ocrx_word' id='word_1_177' title='bbox 1516 2753 1621 2792; x_wconf 89' lang='lat' dir='ltr'>nec</span> <span class='ocrx_word' id='word_1_178' title='bbox 1643 2734 1857 2806; x_wconf 89' lang='lat' dir='ltr'>aliquis</span> <span class='ocrx_word' id='word_1_179' title='bbox 1879 2748 2012 2788; x_wconf 90' lang='lat' dir='ltr'>eum</span> 
     </span>
    </p>
   </div>
   <div class='ocr_carea' id='block_1_27' title="bbox 364 2822 2013 2899">
    <p class='ocr_par' dir='ltr' id='par_1_27' title="bbox 364 2822 2013 2899">
     <span class='ocr_line' id='line_1_28' title="bbox 364 2822 2013 2899; baseline -0.003 -18"><span class='ocrx_word' id='word_1_180' title='bbox 364 2828 745 2899; x_wconf 86' lang='lat' dir='ltr'>postmodum</span> <span class='ocrx_word' id='word_1_181' title='bbox 778 2828 1006 2894; x_wconf 88' lang='lat' dir='ltr'>emerit,</span> <span class='ocrx_word' id='word_1_182' title='bbox 1042 2843 1146 2882; x_wconf 90' lang='lat' dir='ltr'>nec</span> <span class='ocrx_word' id='word_1_183' title='bbox 1168 2827 1444 2882; x_wconf 89' lang='lat' dir='ltr'>dominus</span> <span class='ocrx_word' id='word_1_184' title='bbox 1470 2825 1733 2898; x_wconf 89' lang='lat' dir='ltr'>qualibet</span> <span class='ocrx_word' id='word_1_185' title='bbox 1755 2822 2013 2878; x_wconf 86' lang='lat' dir='ltr'>occasio-</span> 
     </span>
    </p>
   </div>
   <div class='ocr_carea' id='block_1_28' title="bbox 361 2913 2015 2987">
    <p class='ocr_par' dir='ltr' id='par_1_28' title="bbox 361 2913 2015 2987">
     <span class='ocr_line' id='line_1_29' title="bbox 361 2913 2015 2987; baseline -0.003 -16"><span class='ocrx_word' id='word_1_186' title='bbox 361 2916 456 2971; x_wconf 88' lang='lat' dir='ltr'>nis</span> <span class='ocrx_word' id='word_1_187' title='bbox 488 2915 680 2987; x_wconf 89' lang='lat' dir='ltr'>specie</span> <span class='ocrx_word' id='word_1_188' title='bbox 712 2917 923 2971; x_wconf 90' lang='lat' dir='ltr'>audeat</span> <span class='ocrx_word' id='word_1_189' title='bbox 951 2918 1308 2984; x_wconf 91' lang='lat' dir='ltr'>venundare,</span> <span class='ocrx_word' id='word_1_190' title='bbox 1341 2917 1438 2971; x_wconf 87' lang='lat' dir='ltr'>sed</span> <span class='ocrx_word' id='word_1_191' title='bbox 1472 2915 1542 2968; x_wconf 88' lang='lat' dir='ltr'>ad</span> <span class='ocrx_word' id='word_1_192' title='bbox 1576 2913 2015 2982; x_wconf 75' lang='lat' dir='ltr'>libertatispro-</span> 
     </span>
    </p>
   </div>
   <div class='ocr_carea' id='block_1_29' title="bbox 369 3002 2013 3076">
    <p class='ocr_par' dir='ltr' id='par_1_29' title="bbox 369 3002 2013 3076">
     <span class='ocr_line' id='line_1_30' title="bbox 369 3002 2013 3076; baseline -0.002 -17"><span class='ocrx_word' id='word_1_193' title='bbox 369 3003 465 3059; x_wconf 81' lang='lat' dir='ltr'>cui</span> <span class='ocrx_word' id='word_1_194' title='bbox 495 3003 674 3058; x_wconf 90' lang='lat' dir='ltr'>dubio</span> <span class='ocrx_word' id='word_1_195' title='bbox 705 3004 942 3074; x_wconf 66' lang='lat' dir='ltr'>praemia</span> <span class='ocrx_word' id='word_1_196' title='bbox 983 3005 1359 3076; x_wconf 85' lang='lat' dir='ltr'>perducatur,</span> <span class='ocrx_word' id='word_1_197' title='bbox 1394 3005 1531 3076; x_wconf 91' lang='lat' dir='ltr'>quia</span> <span class='ocrx_word' id='word_1_198' title='bbox 1561 3003 1719 3057; x_wconf 90' lang='lat' dir='ltr'>hunc</span> <span class='ocrx_word' id='word_1_199' title='bbox 1778 3019 1893 3056; x_wconf 90' lang='lat' dir='ltr'>non</span> <span class='ocrx_word' id='word_1_200' title='bbox 1945 3002 2013 3055; x_wconf 85' lang='lat' dir='ltr'>ad</span> 
     </span>
    </p>
   </div>
   <div class='ocr_carea' id='block_1_30' title="bbox 366 3090 2090 3162">
    <p class='ocr_par' dir='ltr' id='par_1_30' title="bbox 366 3090 2090 3162">
     <span class='ocr_line' id='line_1_31' title="bbox 366 3090 2090 3162; baseline -0.001 -16"><span class='ocrx_word' id='word_1_201' title='bbox 366 3093 763 3158; x_wconf 81' lang='lat' dir='ltr'>vendendum,</span> <span class='ocrx_word' id='word_1_202' title='bbox 789 3094 884 3147; x_wconf 81' lang='lat' dir='ltr'>sed</span> <span class='ocrx_word' id='word_1_203' title='bbox 911 3093 980 3148; x_wconf 92' lang='lat' dir='ltr'>ad</span> <span class='ocrx_word' id='word_1_204' title='bbox 1008 3093 1116 3147; x_wconf 91' lang='lat' dir='ltr'>sibi</span> <span class='ocrx_word' id='word_1_205' title='bbox 1143 3093 1516 3148; x_wconf 89' lang='lat' dir='ltr'>serviendum</span> <span class='ocrx_word' id='word_1_206' title='bbox 1538 3091 1754 3146; x_wconf 91' lang='lat' dir='ltr'>dicitur</span> <span class='ocrx_word' id='word_1_207' title='bbox 1775 3107 2016 3162; x_wconf 88' lang='lat' dir='ltr'>compa-</span> <span class='ocrx_word' id='word_1_208' title='bbox 2048 3090 2090 3156; x_wconf 90' lang='lat' dir='ltr'>C</span> 
     </span>
    </p>
   </div>
   <div class='ocr_carea' id='block_1_31' title="bbox 365 3181 1163 3253">
    <p class='ocr_par' dir='ltr' id='par_1_31' title="bbox 365 3181 1163 3253">
     <span class='ocr_line' id='line_1_32' title="bbox 365 3181 1163 3253; baseline 0.003 -19"><span class='ocrx_word' id='word_1_209' title='bbox 365 3195 528 3236; x_wconf 89' lang='lat' dir='ltr'>rasse</span> <span class='ocrx_word' id='word_1_210' title='bbox 562 3181 936 3252; x_wconf 87' lang='lat' dir='ltr'>[reservasse,</span> <span class='ocrx_word' id='word_1_211' title='bbox 969 3183 1110 3251; x_wconf 86' lang='lat' dir='ltr'>orig.</span> <span class='ocrx_word' id='word_1_212' title='bbox 1143 3181 1163 3253; x_wconf 78' lang='lat'>]</span> 
     </span>
    </p>
   </div>
   <div class='ocr_carea' id='block_1_32' title="bbox 365 3335 2013 3392">
    <p class='ocr_par' dir='ltr' id='par_1_32' title="bbox 365 3335 2013 3392">
     <span class='ocr_line' id='line_1_33' title="bbox 365 3335 2013 3392; baseline -0.001 -2"><span class='ocrx_word' id='word_1_213' title='bbox 365 3336 499 3390; x_wconf 84' lang='lat' dir='ltr'>CAP.</span> <span class='ocrx_word' id='word_1_214' title='bbox 535 3335 657 3389; x_wconf 88' lang='grc'>107.</span> <span class='ocrx_word' id='word_1_215' title='bbox 691 3366 759 3376; x_wconf 89' lang='lat'>——</span> <span class='ocrx_word' id='word_1_216' title='bbox 789 3337 865 3391; x_wconf 90' lang='lat' dir='ltr'>De</span> <span class='ocrx_word' id='word_1_217' title='bbox 891 3337 1004 3391; x_wconf 64' lang='lat' dir='ltr'>zelo</span> <span class='ocrx_word' id='word_1_218' title='bbox 1036 3336 1380 3392; x_wconf 83' lang='lat' dir='ltr'>sacerdotum</span> <span class='ocrx_word' id='word_1_219' title='bbox 1414 3335 1864 3392; x_wconf 85' lang='lat' dir='ltr'>Christianorum</span> <span class='ocrx_word' id='word_1_220' title='bbox 1884 3350 2013 3390; x_wconf 86' lang='lat' dir='ltr'>con-</span> 
     </span>
    </p>
   </div>
   <div class='ocr_carea' id='block_1_33' title="bbox 435 3406 2016 3480">
    <p class='ocr_par' dir='ltr' id='par_1_33' title="bbox 435 3406 2016 3480">
     <span class='ocr_line' id='line_1_34' title="bbox 435 3406 2016 3480; baseline 0.002 -21"><span class='ocrx_word' id='word_1_221' title='bbox 435 3415 519 3480; x_wconf 79' lang='lat' dir='ltr'>tra</span> <span class='ocrx_word' id='word_1_222' title='bbox 530 3406 771 3480; x_wconf 57' lang='lat' dir='ltr'>Iudaeos.</span> <span class='ocrx_word' id='word_1_223' title='bbox 790 3409 1166 3480; x_wconf 75' lang='lat' dir='ltr'>Ammbrosius</span> <span class='ocrx_word' id='word_1_224' title='bbox 1181 3410 1237 3463; x_wconf 86' lang='lat' dir='ltr'>in</span> <span class='ocrx_word' id='word_1_225' title='bbox 1261 3410 1489 3480; x_wconf 82' lang='lat' dir='ltr'>epistola</span> <span class='ocrx_word' id='word_1_226' title='bbox 1511 3408 1583 3463; x_wconf 89' lang='lat' dir='ltr'>ad</span> <span class='ocrx_word' id='word_1_227' title='bbox 1609 3408 2016 3463; x_wconf 84' lang='lat' dir='ltr'>Wercetlenses</span> 
     </span>
    </p>
   </div>
   <div class='ocr_carea' id='block_1_34' title="bbox 436 3478 1178 3551">
    <p class='ocr_par' dir='ltr' id='par_1_34' title="bbox 436 3478 1178 3551">
     <span class='ocr_line' id='line_1_35' title="bbox 436 3478 1178 3551; baseline 0.004 -20"><span class='ocrx_word' id='word_1_228' title='bbox 436 3478 544 3549; x_wconf 89' lang='lat' dir='ltr'>(ep.</span> <span class='ocrx_word' id='word_1_229' title='bbox 569 3479 640 3533; x_wconf 85' lang='lat'>29</span> <span class='ocrx_word' id='word_1_230' title='bbox 669 3479 738 3533; x_wconf 90' lang='lat' dir='ltr'>ad</span> <span class='ocrx_word' id='word_1_231' title='bbox 770 3479 962 3535; x_wconf 85' lang='lat' dir='ltr'>Theod.</span> <span class='ocrx_word' id='word_1_232' title='bbox 996 3479 1178 3551; x_wconf 89' lang='lat' dir='ltr'>imp.).</span> 
     </span>
    </p>
   </div>
   <div class='ocr_carea' id='block_1_35' title="bbox 437 3609 2013 3686">
    <p class='ocr_par' dir='ltr' id='par_1_35' title="bbox 437 3609 2013 3686">
     <span class='ocr_line' id='line_1_36' title="bbox 437 3609 2013 3686; baseline 0 -20"><span class='ocrx_word' id='word_1_233' title='bbox 437 3609 702 3667; x_wconf 79' lang='lat' dir='ltr'>Relatum</span> <span class='ocrx_word' id='word_1_234' title='bbox 727 3618 816 3668; x_wconf 91' lang='lat' dir='ltr'>est</span> <span class='ocrx_word' id='word_1_235' title='bbox 843 3631 876 3668; x_wconf 90' lang='lat' dir='ltr'>a</span> <span class='ocrx_word' id='word_1_236' title='bbox 897 3613 1108 3669; x_wconf 89' lang='lat' dir='ltr'>comite</span> <span class='ocrx_word' id='word_1_237' title='bbox 1126 3614 1365 3670; x_wconf 84' lang='lat' dir='ltr'>orientis</span> <span class='ocrx_word' id='word_1_238' title='bbox 1389 3613 1733 3669; x_wconf 88' lang='lat' dir='ltr'>militarium</span> <span class='ocrx_word' id='word_1_239' title='bbox 1757 3613 2013 3686; x_wconf 90' lang='lat' dir='ltr'>partium</span> 
     </span>
    </p>
   </div>
   <div class='ocr_carea' id='block_1_36' title="bbox 354 3703 2010 3775">
    <p class='ocr_par' dir='ltr' id='par_1_36' title="bbox 354 3703 2010 3775">
     <span class='ocr_line' id='line_1_37' title="bbox 354 3703 2010 3775; baseline -0.001 -16"><span class='ocrx_word' id='word_1_240' title='bbox 354 3703 664 3764; x_wconf 87' lang='lat' dir='ltr'>incensam</span> <span class='ocrx_word' id='word_1_241' title='bbox 692 3718 820 3758; x_wconf 87' lang='lat' dir='ltr'>esse</span> <span class='ocrx_word' id='word_1_242' title='bbox 873 3720 1258 3775; x_wconf 79' lang='lat' dir='ltr'>synagogam,</span> <span class='ocrx_word' id='word_1_243' title='bbox 1291 3704 1465 3774; x_wconf 90' lang='lat' dir='ltr'>idque</span> <span class='ocrx_word' id='word_1_244' title='bbox 1515 3708 1749 3758; x_wconf 89' lang='lat' dir='ltr'>auctore</span> <span class='ocrx_word' id='word_1_245' title='bbox 1795 3703 2010 3758; x_wconf 84' lang='lat' dir='ltr'>factum</span> 
     </span>
    </p>
   </div>
   <div class='ocr_carea' id='block_1_37' title="bbox 357 3791 2015 3868">
    <p class='ocr_par' dir='ltr' id='par_1_37' title="bbox 357 3791 2015 3868">
     <span class='ocr_line' id='line_1_38' title="bbox 357 3791 2015 3868; baseline -0.004 -16"><span class='ocrx_word' id='word_1_246' title='bbox 357 3795 656 3868; x_wconf 88' lang='lat' dir='ltr'>episcopo.</span> <span class='ocrx_word' id='word_1_247' title='bbox 680 3795 804 3847; x_wconf 92' lang='lat' dir='ltr'>Non</span> <span class='ocrx_word' id='word_1_248' title='bbox 831 3808 1029 3848; x_wconf 89' lang='lat' dir='ltr'>assero</span> <span class='ocrx_word' id='word_1_249' title='bbox 1051 3793 1512 3863; x_wconf 83' lang='lat' dir='ltr'>exspectandum</span> <span class='ocrx_word' id='word_1_250' title='bbox 1539 3792 1722 3848; x_wconf 86' lang='lat' dir='ltr'>fuisse</span> <span class='ocrx_word' id='word_1_251' title='bbox 1743 3791 2015 3846; x_wconf 82' lang='lat' dir='ltr'>assertio-</span> 
     </span>
    </p>
   </div>
   <div class='ocr_carea' id='block_1_38' title="bbox 357 3883 2016 3956">
    <p class='ocr_par' dir='ltr' id='par_1_38' title="bbox 357 3883 2016 3956">
     <span class='ocr_line' id='line_1_39' title="bbox 357 3883 2016 3956; baseline -0.004 -13"><span class='ocrx_word' id='word_1_252' title='bbox 357 3902 492 3943; x_wconf 87' lang='lat' dir='ltr'>nem</span> <span class='ocrx_word' id='word_1_253' title='bbox 526 3883 782 3956; x_wconf 87' lang='lat' dir='ltr'>episcopi</span> <span class='ocrx_word' id='word_1_254' title='bbox 813 3903 828 3952; x_wconf 90' lang='lat'><strong>;</strong></span> <span class='ocrx_word' id='word_1_255' title='bbox 863 3884 1194 3939; x_wconf 84' lang='lat' dir='ltr'>sacerdotes</span> <span class='ocrx_word' id='word_1_256' title='bbox 1223 3885 1380 3939; x_wconf 90' lang='lat' dir='ltr'>enim</span> <span class='ocrx_word' id='word_1_257' title='bbox 1411 3885 1714 3938; x_wconf 88' lang='lat' dir='ltr'>turbarum</span> <span class='ocrx_word' id='word_1_258' title='bbox 1749 3884 2016 3937; x_wconf 84' lang='lat' dir='ltr'>modera-</span> 
     </span>
    </p>
   </div>
   <div class='ocr_carea' id='block_1_39' title="bbox 354 3971 2014 4044">
    <p class='ocr_par' dir='ltr' id='par_1_39' title="bbox 354 3971 2014 4044">
     <span class='ocr_line' id='line_1_40' title="bbox 354 3971 2014 4044; baseline -0.004 -13"><span class='ocrx_word' id='word_1_259' title='bbox 354 3980 513 4031; x_wconf 87' lang='lat' dir='ltr'>tores</span> <span class='ocrx_word' id='word_1_260' title='bbox 546 3977 687 4030; x_wconf 87' lang='lat' dir='ltr'>sunt</span> <span class='ocrx_word' id='word_1_261' title='bbox 717 3973 967 4028; x_wconf 86' lang='lat' dir='ltr'>studiosi</span> <span class='ocrx_word' id='word_1_262' title='bbox 1000 3972 1182 4044; x_wconf 89' lang='lat' dir='ltr'>pacis,</span> <span class='ocrx_word' id='word_1_263' title='bbox 1220 3972 1332 4026; x_wconf 88' lang='lat' dir='ltr'>nisi</span> <span class='ocrx_word' id='word_1_264' title='bbox 1365 3988 1496 4024; x_wconf 92' lang='lat' dir='ltr'>cum</span> <span class='ocrx_word' id='word_1_265' title='bbox 1532 3976 1588 4025; x_wconf 91' lang='lat' dir='ltr'>et</span> <span class='ocrx_word' id='word_1_266' title='bbox 1617 3971 1730 4042; x_wconf 90' lang='lat' dir='ltr'>ipsi</span> <span class='ocrx_word' id='word_1_267' title='bbox 1780 3988 2014 4025; x_wconf 84' lang='lat' dir='ltr'>moven-</span> 
     </span>
    </p>
   </div>
   <div class='ocr_carea' id='block_1_40' title="bbox 358 4059 2010 4133">
    <p class='ocr_par' dir='ltr' id='par_1_40' title="bbox 358 4059 2010 4133">
     <span class='ocr_line' id='line_1_41' title="bbox 358 4059 2010 4133; baseline -0.003 -15"><span class='ocrx_word' id='word_1_268' title='bbox 358 4071 455 4118; x_wconf 91' lang='lat' dir='ltr'>tur</span> <span class='ocrx_word' id='word_1_269' title='bbox 486 4062 703 4133; x_wconf 83' lang='lat' dir='ltr'>injuria</span> <span class='ocrx_word' id='word_1_270' title='bbox 735 4061 836 4116; x_wconf 89' lang='lat' dir='ltr'>Dei</span> <span class='ocrx_word' id='word_1_271' title='bbox 870 4066 970 4116; x_wconf 91' lang='lat' dir='ltr'>aut</span> <span class='ocrx_word' id='word_1_272' title='bbox 1005 4060 1268 4116; x_wconf 66' lang='lat' dir='ltr'>Ecclesiae</span> <span class='ocrx_word' id='word_1_273' title='bbox 1290 4059 1665 4115; x_wconf 91' lang='lat' dir='ltr'>coutumelia.</span> <span class='ocrx_word' id='word_1_274' title='bbox 1691 4062 1840 4116; x_wconf 87' lang='lat' dir='ltr'>Item.</span> <span class='ocrx_word' id='word_1_275' title='bbox 1865 4061 2010 4124; x_wconf 88' lang='lat' dir='ltr'>Quid</span> 
     </span>
    </p>
   </div>
   <div class='ocr_carea' id='block_1_41' title="bbox 360 4149 2010 4220">
    <p class='ocr_par' dir='ltr' id='par_1_41' title="bbox 360 4149 2010 4220">
     <span class='ocr_line' id='line_1_42' title="bbox 360 4149 2010 4220; baseline -0.002 -12"><span class='ocrx_word' id='word_1_276' title='bbox 360 4153 613 4208; x_wconf 87' lang='lat' dir='ltr'>mandas</span> <span class='ocrx_word' id='word_1_277' title='bbox 643 4151 702 4206; x_wconf 92' lang='lat' dir='ltr'>in</span> <span class='ocrx_word' id='word_1_278' title='bbox 735 4152 1038 4206; x_wconf 88' lang='lat' dir='ltr'>absentem</span> <span class='ocrx_word' id='word_1_279' title='bbox 1069 4149 1356 4218; x_wconf 89' lang='lat' dir='ltr'>judicium</span> <span class='ocrx_word' id='word_1_280' title='bbox 1380 4149 1407 4203; x_wconf 88' lang='lat'><strong><em>?</em></strong></span> <span class='ocrx_word' id='word_1_281' title='bbox 1432 4149 1608 4204; x_wconf 90' lang='lat' dir='ltr'>habes</span> <span class='ocrx_word' id='word_1_282' title='bbox 1641 4155 2010 4220; x_wconf 71' lang='lat' dir='ltr'>praesentem,</span> 
     </span>
    </p>
   </div>
   <div class='ocr_carea' id='block_1_42' title="bbox 359 4238 2015 4310">
    <p class='ocr_par' dir='ltr' id='par_1_42' title="bbox 359 4238 2015 4310">
     <span class='ocr_line' id='line_1_43' title="bbox 359 4238 2015 4310; baseline -0.001 -14"><span class='ocrx_word' id='word_1_283' title='bbox 359 4241 544 4296; x_wconf 89' lang='lat' dir='ltr'>habes</span> <span class='ocrx_word' id='word_1_284' title='bbox 575 4240 949 4294; x_wconf 82' lang='lat' dir='ltr'>conﬁtentem</span> <span class='ocrx_word' id='word_1_285' title='bbox 984 4255 1170 4292; x_wconf 90' lang='lat' dir='ltr'>reum.</span> <span class='ocrx_word' id='word_1_286' title='bbox 1206 4238 1510 4293; x_wconf 89' lang='lat' dir='ltr'>Proclamo</span> <span class='ocrx_word' id='word_1_287' title='bbox 1542 4240 1693 4309; x_wconf 91' lang='lat' dir='ltr'>quod</span> <span class='ocrx_word' id='word_1_288' title='bbox 1719 4256 1824 4308; x_wconf 79' lang='lat' dir='ltr'>ego</span> <span class='ocrx_word' id='word_1_289' title='bbox 1847 4256 2015 4310; x_wconf 83' lang='lat' dir='ltr'>syna-</span> 
     </span>
    </p>
   </div>
   <div class='ocr_carea' id='block_1_43' title="bbox 362 4327 2009 4402">
    <p class='ocr_par' dir='ltr' id='par_1_43' title="bbox 362 4327 2009 4402">
     <span class='ocr_line' id='line_1_44' title="bbox 362 4327 2009 4402; baseline -0.001 -17"><span class='ocrx_word' id='word_1_290' title='bbox 362 4345 569 4402; x_wconf 89' lang='lat' dir='ltr'>gogam</span> <span class='ocrx_word' id='word_1_291' title='bbox 590 4328 976 4396; x_wconf 89' lang='lat' dir='ltr'>incenderim,</span> <span class='ocrx_word' id='word_1_292' title='bbox 992 4328 1148 4397; x_wconf 89' lang='lat' dir='ltr'>quod</span> <span class='ocrx_word' id='word_1_293' title='bbox 1173 4327 1288 4382; x_wconf 89' lang='lat' dir='ltr'>illis</span> <span class='ocrx_word' id='word_1_294' title='bbox 1308 4329 1729 4395; x_wconf 85' lang='lat' dir='ltr'>mandaverim,</span> <span class='ocrx_word' id='word_1_295' title='bbox 1750 4345 1821 4383; x_wconf 91' lang='lat' dir='ltr'>ne</span> <span class='ocrx_word' id='word_1_296' title='bbox 1835 4330 2009 4384; x_wconf 88' lang='lat' dir='ltr'>etiam</span> 
     </span>
    </p>
   </div>
   <div class='ocr_carea' id='block_1_44' title="bbox 361 4414 2003 4487">
    <p class='ocr_par' dir='ltr' id='par_1_44' title="bbox 361 4414 2003 4487">
     <span class='ocr_line' id='line_1_45' title="bbox 361 4414 2003 4487; baseline 0.001 -14"><span class='ocrx_word' id='word_1_297' title='bbox 361 4421 518 4472; x_wconf 88' lang='lat' dir='ltr'>esset</span> <span class='ocrx_word' id='word_1_298' title='bbox 544 4414 708 4469; x_wconf 91' lang='lat' dir='ltr'>locus</span> <span class='ocrx_word' id='word_1_299' title='bbox 739 4415 796 4468; x_wconf 93' lang='lat' dir='ltr'>in</span> <span class='ocrx_word' id='word_1_300' title='bbox 832 4431 947 4485; x_wconf 92' lang='lat' dir='ltr'>quo</span> <span class='ocrx_word' id='word_1_301' title='bbox 978 4415 1244 4470; x_wconf 90' lang='lat' dir='ltr'>Christus</span> <span class='ocrx_word' id='word_1_302' title='bbox 1277 4421 1607 4487; x_wconf 84' lang='lat' dir='ltr'>negaretur.</span> <span class='ocrx_word' id='word_1_303' title='bbox 1672 4419 1822 4473; x_wconf 83' lang='lat' dir='ltr'>Item.</span> <span class='ocrx_word' id='word_1_304' title='bbox 1885 4424 2003 4474; x_wconf 90' lang='lat' dir='ltr'>Non</span> 
     </span>
    </p>
   </div>
   <div class='ocr_carea' id='block_1_45' title="bbox 359 4504 2007 4577">
    <p class='ocr_par' dir='ltr' id='par_1_45' title="bbox 359 4504 2007 4577">
     <span class='ocr_line' id='line_1_46' title="bbox 359 4504 2007 4577; baseline 0.002 -17"><span class='ocrx_word' id='word_1_305' title='bbox 359 4505 546 4572; x_wconf 90' lang='lat' dir='ltr'>vides,</span> <span class='ocrx_word' id='word_1_306' title='bbox 581 4504 919 4574; x_wconf 86' lang='lat' dir='ltr'>imperator,</span> <span class='ocrx_word' id='word_1_307' title='bbox 952 4505 1092 4575; x_wconf 88' lang='lat' dir='ltr'>quia</span> <span class='ocrx_word' id='word_1_308' title='bbox 1122 4507 1275 4562; x_wconf 87' lang='lat' dir='ltr'>Deus</span> <span class='ocrx_word' id='word_1_309' title='bbox 1309 4523 1370 4562; x_wconf 90' lang='lat' dir='ltr'>se</span> <span class='ocrx_word' id='word_1_310' title='bbox 1401 4524 1504 4577; x_wconf 90' lang='lat' dir='ltr'>pro</span> <span class='ocrx_word' id='word_1_311' title='bbox 1563 4506 1681 4562; x_wconf 90' lang='lat' dir='ltr'>illis</span> <span class='ocrx_word' id='word_1_312' title='bbox 1739 4507 2007 4577; x_wconf 87' lang='lat' dir='ltr'>prohibet</span> 
     </span>
    </p>
   </div>
   <div class='ocr_carea' id='block_1_46' title="bbox 362 4592 2016 4666">
    <p class='ocr_par' dir='ltr' id='par_1_46' title="bbox 362 4592 2016 4666">
     <span class='ocr_line' id='line_1_47' title="bbox 362 4592 2016 4666; baseline 0.003 -18"><span class='ocrx_word' id='word_1_313' title='bbox 362 4592 578 4663; x_wconf 85' lang='lat' dir='ltr'>rogari,</span> <span class='ocrx_word' id='word_1_314' title='bbox 611 4609 760 4662; x_wconf 87' lang='lat' dir='ltr'>quos</span> <span class='ocrx_word' id='word_1_315' title='bbox 791 4597 854 4647; x_wconf 91' lang='lat' dir='ltr'>tu</span> <span class='ocrx_word' id='word_1_316' title='bbox 894 4593 1274 4650; x_wconf 89' lang='lat' dir='ltr'>vindicandos</span> <span class='ocrx_word' id='word_1_317' title='bbox 1307 4596 1524 4666; x_wconf 83' lang='lat' dir='ltr'>putas?</span> <span class='ocrx_word' id='word_1_318' title='bbox 1554 4595 1703 4650; x_wconf 73' lang='lat' dir='ltr'>Item.</span> <span class='ocrx_word' id='word_1_319' title='bbox 1741 4596 1879 4659; x_wconf 88' lang='lat' dir='ltr'>Quis</span> <span class='ocrx_word' id='word_1_320' title='bbox 1912 4598 2016 4652; x_wconf 90' lang='lat' dir='ltr'>ha-</span> 
     </span>
    </p>
   </div>
   <div class='ocr_carea' id='block_1_47' title="bbox 359 4680 2008 4754">
    <p class='ocr_par' dir='ltr' id='par_1_47' title="bbox 359 4680 2008 4754">
     <span class='ocr_line' id='line_1_48' title="bbox 359 4680 2008 4754; baseline 0.002 -19"><span class='ocrx_word' id='word_1_321' title='bbox 359 4680 461 4735; x_wconf 84' lang='lat' dir='ltr'>bet</span> <span class='ocrx_word' id='word_1_322' title='bbox 491 4696 850 4752; x_wconf 82' lang='lat' dir='ltr'>synagogam</span> <span class='ocrx_word' id='word_1_323' title='bbox 883 4682 1222 4738; x_wconf 85' lang='lat' dir='ltr'>vindicare?</span> <span class='ocrx_word' id='word_1_324' title='bbox 1250 4684 1539 4750; x_wconf 88' lang='lat' dir='ltr'>Christus,</span> <span class='ocrx_word' id='word_1_325' title='bbox 1575 4700 1748 4754; x_wconf 89' lang='lat' dir='ltr'>quem</span> <span class='ocrx_word' id='word_1_326' title='bbox 1781 4684 2008 4739; x_wconf 88' lang='lat' dir='ltr'>occide-</span> 
     </span>
    </p>
   </div>
   <div class='ocr_carea' id='block_1_48' title="bbox 362 4771 2013 4840">
    <p class='ocr_par' dir='ltr' id='par_1_48' title="bbox 362 4771 2013 4840">
     <span class='ocr_line' id='line_1_49' title="bbox 362 4771 2013 4840; baseline 0.004 -18"><span class='ocrx_word' id='word_1_327' title='bbox 362 4772 524 4834; x_wconf 89' lang='lat' dir='ltr'>runt,</span> <span class='ocrx_word' id='word_1_328' title='bbox 559 4783 730 4838; x_wconf 90' lang='lat' dir='ltr'>quem</span> <span class='ocrx_word' id='word_1_329' title='bbox 771 4771 1180 4840; x_wconf 83' lang='lat' dir='ltr'>negaverunt?</span> <span class='ocrx_word' id='word_1_330' title='bbox 1220 4777 1298 4826; x_wconf 80' lang='lat' dir='ltr'>An</span> <span class='ocrx_word' id='word_1_331' title='bbox 1329 4777 1478 4827; x_wconf 89' lang='lat' dir='ltr'>Deus</span> <span class='ocrx_word' id='word_1_332' title='bbox 1503 4773 1670 4827; x_wconf 88' lang='lat' dir='ltr'>Pater</span> <span class='ocrx_word' id='word_1_333' title='bbox 1689 4773 2013 4828; x_wconf 87' lang='lat' dir='ltr'>vinbicabit</span> 
     </span>
    </p>
   </div>
   <div class='ocr_carea' id='block_1_49' title="bbox 364 4857 2008 4932">
    <p class='ocr_par' dir='ltr' id='par_1_49' title="bbox 364 4857 2008 4932">
     <span class='ocr_line' id='line_1_50' title="bbox 364 4857 2008 4932; baseline 0.004 -20"><span class='ocrx_word' id='word_1_334' title='bbox 364 4874 462 4912; x_wconf 89' lang='lat' dir='ltr'>eos</span> <span class='ocrx_word' id='word_1_335' title='bbox 497 4857 594 4929; x_wconf 90' lang='lat' dir='ltr'>qui</span> <span class='ocrx_word' id='word_1_336' title='bbox 630 4873 736 4913; x_wconf 91' lang='lat' dir='ltr'>nec</span> <span class='ocrx_word' id='word_1_337' title='bbox 767 4858 998 4914; x_wconf 89' lang='lat' dir='ltr'>Patrem</span> <span class='ocrx_word' id='word_1_338' title='bbox 1031 4860 1368 4932; x_wconf 81' lang='lat' dir='ltr'>recipiunt?</span> <span class='ocrx_word' id='word_1_339' title='bbox 1399 4863 1551 4916; x_wconf 81' lang='lat' dir='ltr'>Item.</span> <span class='ocrx_word' id='word_1_340' title='bbox 1587 4861 1642 4916; x_wconf 92' lang='lat' dir='ltr'>Si</span> <span class='ocrx_word' id='word_1_341' title='bbox 1691 4863 1760 4917; x_wconf 93' lang='lat' dir='ltr'>de</span> <span class='ocrx_word' id='word_1_342' title='bbox 1815 4863 2008 4918; x_wconf 88' lang='lat' dir='ltr'>causis</span> 
     </span>
    </p>
   </div>
   <div class='ocr_carea' id='block_1_50' title="bbox 361 4945 2008 5021">
    <p class='ocr_par' dir='ltr' id='par_1_50' title="bbox 361 4945 2008 5021">
     <span class='ocr_line' id='line_1_51' title="bbox 361 4945 2008 5021; baseline 0.003 -20"><span class='ocrx_word' id='word_1_343' title='bbox 361 4945 718 5017; x_wconf 88' lang='lat' dir='ltr'>pecuniariis</span> <span class='ocrx_word' id='word_1_344' title='bbox 756 4948 1001 5004; x_wconf 89' lang='lat' dir='ltr'>comites</span> <span class='ocrx_word' id='word_1_345' title='bbox 1033 4954 1165 5004; x_wconf 90' lang='lat' dir='ltr'>tuos</span> <span class='ocrx_word' id='word_1_346' title='bbox 1197 4948 1480 5013; x_wconf 85' lang='lat' dir='ltr'>consulis,</span> <span class='ocrx_word' id='word_1_347' title='bbox 1515 4951 2008 5021; x_wconf 83' lang='lat' dir='ltr'>quanlomagisin</span> 
     </span>
    </p>
   </div>
   <div class='ocr_carea' id='block_1_51' title="bbox 366 5035 2009 5108">
    <p class='ocr_par' dir='ltr' id='par_1_51' title="bbox 366 5035 2009 5108">
     <span class='ocr_line' id='line_1_52' title="bbox 366 5035 2009 5108; baseline 0.002 -18"><span class='ocrx_word' id='word_1_348' title='bbox 366 5035 561 5090; x_wconf 80' lang='lat' dir='ltr'>Causis</span> <span class='ocrx_word' id='word_1_349' title='bbox 585 5035 882 5106; x_wconf 76' lang='lat' dir='ltr'>religionis</span> <span class='ocrx_word' id='word_1_350' title='bbox 911 5039 1241 5093; x_wconf 83' lang='lat' dir='ltr'>sacerdotes</span> <span class='ocrx_word' id='word_1_351' title='bbox 1263 5038 1489 5092; x_wconf 89' lang='lat' dir='ltr'>Domini</span> <span class='ocrx_word' id='word_1_352' title='bbox 1517 5056 1747 5108; x_wconf 79' lang='lat' dir='ltr'>aequum</span> <span class='ocrx_word' id='word_1_353' title='bbox 1771 5045 1859 5095; x_wconf 86' lang='lat' dir='ltr'>est</span> <span class='ocrx_word' id='word_1_354' title='bbox 1879 5058 2009 5096; x_wconf 91' lang='lat' dir='ltr'>con-</span> 
     </span>
    </p>
   </div>
   <div class='ocr_carea' id='block_1_52' title="bbox 367 5123 2009 5199">
    <p class='ocr_par' dir='ltr' id='par_1_52' title="bbox 367 5123 2009 5199">
     <span class='ocr_line' id='line_1_53' title="bbox 367 5123 2009 5199; baseline 0.004 -21"><span class='ocrx_word' id='word_1_355' title='bbox 367 5123 529 5178; x_wconf 86' lang='lat' dir='ltr'>sulas</span> <span class='ocrx_word' id='word_1_356' title='bbox 555 5127 577 5178; x_wconf 82' lang='lat' dir='ltr'><strong>P</strong></span> <span class='ocrx_word' id='word_1_357' title='bbox 605 5127 756 5180; x_wconf 86' lang='lat' dir='ltr'>Item.</span> <span class='ocrx_word' id='word_1_358' title='bbox 791 5129 1021 5199; x_wconf 84' lang='lat' dir='ltr'>Integra</span> <span class='ocrx_word' id='word_1_359' title='bbox 1052 5128 1242 5180; x_wconf 88' lang='lat' dir='ltr'>adhuc</span> <span class='ocrx_word' id='word_1_360' title='bbox 1275 5127 1374 5180; x_wconf 87' lang='lat' dir='ltr'>tibi</span> <span class='ocrx_word' id='word_1_361' title='bbox 1410 5133 1548 5182; x_wconf 85' lang='lat' dir='ltr'>sunt</span> <span class='ocrx_word' id='word_1_362' title='bbox 1580 5129 1796 5197; x_wconf 83' lang='lat' dir='ltr'>omnia,</span> <span class='ocrx_word' id='word_1_363' title='bbox 1819 5130 1875 5183; x_wconf 90' lang='lat' dir='ltr'>in</span> <span class='ocrx_word' id='word_1_364' title='bbox 1904 5131 2009 5184; x_wconf 91' lang='lat' dir='ltr'>hoc</span> 
     </span>
    </p>
   </div>
   <div class='ocr_carea' id='block_1_53' title="bbox 367 5214 2009 5288">
    <p class='ocr_par' dir='ltr' id='par_1_53' title="bbox 367 5214 2009 5288">
     <span class='ocr_line' id='line_1_54' title="bbox 367 5214 2009 5288; baseline 0.003 -21"><span class='ocrx_word' id='word_1_365' title='bbox 367 5229 458 5268; x_wconf 89' lang='lat' dir='ltr'>me</span> <span class='ocrx_word' id='word_1_366' title='bbox 491 5229 596 5285; x_wconf 87' lang='lat' dir='ltr'>ego</span> <span class='ocrx_word' id='word_1_367' title='bbox 624 5219 733 5269; x_wconf 90' lang='lat' dir='ltr'>Deo</span> <span class='ocrx_word' id='word_1_368' title='bbox 759 5220 956 5272; x_wconf 84' lang='lat' dir='ltr'>nostro</span> <span class='ocrx_word' id='word_1_369' title='bbox 981 5233 1083 5288; x_wconf 91' lang='lat' dir='ltr'>pro</span> <span class='ocrx_word' id='word_1_370' title='bbox 1111 5222 1164 5270; x_wconf 90' lang='lat' dir='ltr'>te</span> <span class='ocrx_word' id='word_1_371' title='bbox 1185 5214 1397 5286; x_wconf 84' lang='lat' dir='ltr'>obligo,</span> <span class='ocrx_word' id='word_1_372' title='bbox 1425 5233 1526 5269; x_wconf 85' lang='lat' dir='ltr'>nec</span> <span class='ocrx_word' id='word_1_373' title='bbox 1549 5219 1798 5272; x_wconf 84' lang='lat' dir='ltr'>verearis</span> <span class='ocrx_word' id='word_1_374' title='bbox 1821 5235 2009 5272; x_wconf 87' lang='lat' dir='ltr'>sacra-</span> 
     </span>
    </p>
   </div>
   <div class='ocr_carea' id='block_1_54' title="bbox 378 5303 2010 5377">
    <p class='ocr_par' dir='ltr' id='par_1_54' title="bbox 378 5303 2010 5377">
     <span class='ocr_line' id='line_1_55' title="bbox 378 5303 2010 5377; baseline 0.003 -21"><span class='ocrx_word' id='word_1_375' title='bbox 378 5307 667 5359; x_wconf 84' lang='lat' dir='ltr'>mentum.</span> <span class='ocrx_word' id='word_1_376' title='bbox 702 5305 971 5376; x_wconf 86' lang='lat' dir='ltr'>Nunquid</span> <span class='ocrx_word' id='word_1_377' title='bbox 998 5305 1113 5359; x_wconf 92' lang='lat' dir='ltr'>Deo</span> <span class='ocrx_word' id='word_1_378' title='bbox 1140 5303 1449 5375; x_wconf 87' lang='lat' dir='ltr'>displicere</span> <span class='ocrx_word' id='word_1_379' title='bbox 1489 5307 1878 5376; x_wconf 88' lang='lat' dir='ltr'>poterit,quod</span> <span class='ocrx_word' id='word_1_380' title='bbox 1907 5324 2010 5377; x_wconf 86' lang='lat' dir='ltr'>pro</span> 
     </span>
    </p>
   </div>
   <div class='ocr_carea' id='block_1_55' title="bbox 363 5392 2006 5460">
    <p class='ocr_par' dir='ltr' id='par_1_55' title="bbox 363 5392 2006 5460">
     <span class='ocr_line' id='line_1_56' title="bbox 363 5392 2006 5460; baseline 0.004 -17"><span class='ocrx_word' id='word_1_381' title='bbox 363 5392 493 5460; x_wconf 82' lang='lat' dir='ltr'>ejus</span> <span class='ocrx_word' id='word_1_382' title='bbox 534 5396 880 5450; x_wconf 86' lang='lat' dir='ltr'>emendatur</span> <span class='ocrx_word' id='word_1_383' title='bbox 901 5394 1342 5451; x_wconf 83' lang='lat' dir='ltr'>honoriﬁcentia</span> <span class='ocrx_word' id='word_1_384' title='bbox 1364 5395 1390 5448; x_wconf 84' lang='lat'><strong>?</strong></span> <span class='ocrx_word' id='word_1_385' title='bbox 1410 5399 1567 5449; x_wconf 89' lang='lat' dir='ltr'>Item.</span> <span class='ocrx_word' id='word_1_386' title='bbox 1594 5396 1750 5458; x_wconf 89' lang='lat' dir='ltr'>Quod</span> <span class='ocrx_word' id='word_1_387' title='bbox 1779 5396 2006 5452; x_wconf 81' lang='lat' dir='ltr'>honori-</span> 
     </span>
    </p>
   </div>
   <div class='ocr_carea' id='block_1_56' title="bbox 366 5479 2006 5557">
    <p class='ocr_par' dir='ltr' id='par_1_56' title="bbox 366 5479 2006 5557">
     <span class='ocr_line' id='line_1_57' title="bbox 366 5479 2006 5557; baseline 0.005 -24"><span class='ocrx_word' id='word_1_388' title='bbox 366 5479 642 5538; x_wconf 81' lang='lat' dir='ltr'>ﬁcentius</span> <span class='ocrx_word' id='word_1_389' title='bbox 667 5484 793 5540; x_wconf 81' lang='lat' dir='ltr'>ﬁeri</span> <span class='ocrx_word' id='word_1_390' title='bbox 820 5485 1028 5557; x_wconf 90' lang='lat' dir='ltr'>potuit,</span> <span class='ocrx_word' id='word_1_391' title='bbox 1063 5485 1191 5553; x_wconf 83' lang='lat' dir='ltr'>feci,</span> <span class='ocrx_word' id='word_1_392' title='bbox 1227 5488 1290 5538; x_wconf 89' lang='lat' dir='ltr'>ut</span> <span class='ocrx_word' id='word_1_393' title='bbox 1321 5499 1412 5538; x_wconf 88' lang='lat' dir='ltr'>me</span> <span class='ocrx_word' id='word_1_394' title='bbox 1443 5484 1634 5555; x_wconf 86' lang='lat' dir='ltr'>magis</span> <span class='ocrx_word' id='word_1_395' title='bbox 1665 5485 1898 5542; x_wconf 88' lang='lat' dir='ltr'>audires</span> <span class='ocrx_word' id='word_1_396' title='bbox 1948 5485 2006 5541; x_wconf 90' lang='lat' dir='ltr'>in</span> 
     </span>
    </p>
   </div>
   <div class='ocr_carea' id='block_1_57' title="bbox 359 5567 1862 5640">
    <p class='ocr_par' dir='ltr' id='par_1_57' title="bbox 359 5567 1862 5640">
     <span class='ocr_line' id='line_1_58' title="bbox 359 5567 1862 5640; baseline 0.005 -16"><span class='ocrx_word' id='word_1_397' title='bbox 359 5567 543 5640; x_wconf 80' lang='lat' dir='ltr'>regia,</span> <span class='ocrx_word' id='word_1_398' title='bbox 579 5587 650 5627; x_wconf 89' lang='lat' dir='ltr'>ne</span> <span class='ocrx_word' id='word_1_399' title='bbox 681 5573 730 5628; x_wconf 90' lang='lat' dir='ltr'>si</span> <span class='ocrx_word' id='word_1_400' title='bbox 762 5590 998 5632; x_wconf 88' lang='lat' dir='ltr'>necesse</span> <span class='ocrx_word' id='word_1_401' title='bbox 1029 5577 1183 5630; x_wconf 85' lang='lat' dir='ltr'>esset</span> <span class='ocrx_word' id='word_1_402' title='bbox 1212 5571 1446 5630; x_wconf 86' lang='lat' dir='ltr'>audires</span> <span class='ocrx_word' id='word_1_403' title='bbox 1488 5573 1545 5628; x_wconf 91' lang='lat' dir='ltr'>in</span> <span class='ocrx_word' id='word_1_404' title='bbox 1586 5573 1862 5632; x_wconf 88' lang='lat' dir='ltr'>Ecclesia.</span> 
     </span>
    </p>
   </div>
   <div class='ocr_carea' id='block_1_58' title="bbox 1417 234 2664 297">
    <p class='ocr_par' dir='ltr' id='par_1_58' title="bbox 1417 234 2664 297">
     <span class='ocr_line' id='line_1_59' title="bbox 1417 234 2664 297; baseline -0.008 0"><span class='ocrx_word' id='word_1_405' title='bbox 1417 249 1486 297; x_wconf 92' lang='lat' dir='ltr'>D.</span> <span class='ocrx_word' id='word_1_406' title='bbox 1528 241 1770 296; x_wconf 85' lang='lat' dir='ltr'>IVONIS</span> <span class='ocrx_word' id='word_1_407' title='bbox 1807 236 2306 291; x_wconf 79' lang='lat' dir='ltr'>CARNOTENSIS</span> <span class='ocrx_word' id='word_1_408' title='bbox 2345 234 2664 290; x_wconf 79' lang='lat' dir='ltr'>EPISCOPI</span> 
     </span>
    </p>
   </div>
   <div class='ocr_carea' id='block_1_59' title="bbox 351 354 3208 431">
    <p class='ocr_par' dir='ltr' id='par_1_59' title="bbox 351 354 3208 431">
     <span class='ocr_line' id='line_1_60' title="bbox 351 354 3208 431; baseline -0.008 -1"><span class='ocrx_word' id='word_1_409' title='bbox 351 375 520 430; x_wconf 87' lang='lat' dir='ltr'>licuit</span> <span class='ocrx_word' id='word_1_410' title='bbox 551 374 856 428; x_wconf 87' lang='lat' dir='ltr'>observare</span> <span class='ocrx_word' id='word_1_411' title='bbox 884 371 973 426; x_wconf 90' lang='lat' dir='ltr'>vel</span> <span class='ocrx_word' id='word_1_412' title='bbox 999 369 1206 427; x_wconf 84' lang='lat' dir='ltr'>colere.</span> <span class='ocrx_word' id='word_1_413' title='bbox 1241 367 1400 431; x_wconf 87' lang='lat' dir='ltr'>Quod</span> <span class='ocrx_word' id='word_1_414' title='bbox 1444 366 1491 420; x_wconf 90' lang='lat' dir='ltr'>si</span> <span class='ocrx_word' id='word_1_415' title='bbox 1546 365 1629 420; x_wconf 86' lang='lat' dir='ltr'>ita</span> <span class='ocrx_word' id='word_1_416' title='bbox 1680 378 1739 416; x_wconf 91' lang='lat' dir='ltr'>se</span> <span class='ocrx_word' id='word_1_417' title='bbox 1781 360 1995 415; x_wconf 85' lang='lat' dir='ltr'>veritas</span> <span class='ocrx_word' id='word_1_418' title='bbox 2029 361 2078 424; x_wconf 83' lang='grc' dir='ltr'><strong>Α</strong></span> <span class='ocrx_word' id='word_1_419' title='bbox 2113 358 2244 412; x_wconf 88' lang='lat' dir='ltr'>CAP.</span> <span class='ocrx_word' id='word_1_420' title='bbox 2280 359 2403 412; x_wconf 70' lang='lat'>408.</span> <span class='ocrx_word' id='word_1_421' title='bbox 2435 389 2504 397; x_wconf 94' lang='lat'><strong>—</strong></span> <span class='ocrx_word' id='word_1_422' title='bbox 2530 358 2678 425; x_wconf 84' lang='lat' dir='ltr'>Quod</span> <span class='ocrx_word' id='word_1_423' title='bbox 2713 356 2910 412; x_wconf 75' lang='lat' dir='ltr'>Judaei</span> <span class='ocrx_word' id='word_1_424' title='bbox 2953 354 3208 431; x_wconf 76' lang='lat' dir='ltr'>bettandi</span> 
     </span>
    </p>
   </div>
   <div class='ocr_carea' id='block_1_60' title="bbox 3662 231 3778 285">
    <p class='ocr_par' dir='ltr' id='par_1_60' title="bbox 3662 231 3778 285">
     <span class='ocr_line' id='line_1_61' title="bbox 3662 231 3778 285; baseline -0.009 0"><span class='ocrx_word' id='word_1_425' title='bbox 3662 231 3778 285; x_wconf 76' lang='grc'>824</span> 
     </span>
    </p>
   </div>
   <div class='ocr_carea' id='block_1_61' title="bbox 3248 355 3776 425">
    <p class='ocr_par' dir='ltr' id='par_1_61' title="bbox 3248 355 3776 425">
     <span class='ocr_line' id='line_1_62' title="bbox 3248 355 3776 425; baseline -0.002 -17"><span class='ocrx_word' id='word_1_426' title='bbox 3248 361 3570 425; x_wconf 77' lang='lat' dir='ltr'>potestatem</span> <span class='ocrx_word' id='word_1_427' title='bbox 3622 355 3776 409; x_wconf 81' lang='lat' dir='ltr'>ami-</span> 
     </span>
    </p>
   </div>
   <div class='ocr_carea' id='block_1_62' title="bbox 2184 425 3776 498">
    <p class='ocr_par' dir='ltr' id='par_1_62' title="bbox 2184 425 3776 498">
     <span class='ocr_line' id='line_1_63' title="bbox 2184 425 3776 498; baseline -0.001 -15"><span class='ocrx_word' id='word_1_428' title='bbox 2184 431 2376 484; x_wconf 82' lang='lat' dir='ltr'>serint.</span> <span class='ocrx_word' id='word_1_429' title='bbox 2411 431 2777 498; x_wconf 78' lang='lat' dir='ltr'>Hieronymus</span> <span class='ocrx_word' id='word_1_430' title='bbox 2807 443 3018 496; x_wconf 76' lang='lat' dir='ltr'>semper</span> <span class='ocrx_word' id='word_1_431' title='bbox 3047 427 3249 480; x_wconf 78' lang='lat' dir='ltr'>Isaiam</span> <span class='ocrx_word' id='word_1_432' title='bbox 3281 427 3377 481; x_wconf 85' lang='lat' dir='ltr'>tib.</span> <span class='ocrx_word' id='word_1_433' title='bbox 3412 443 3471 480; x_wconf 82' lang='grc' dir='ltr'>ιι.</span> <span class='ocrx_word' id='word_1_434' title='bbox 3501 425 3586 496; x_wconf 80' lang='lat' dir='ltr'>(in</span> <span class='ocrx_word' id='word_1_435' title='bbox 3614 443 3664 481; x_wconf 94' lang='lat' dir='ltr'>c.</span> <span class='ocrx_word' id='word_1_436' title='bbox 3693 426 3776 497; x_wconf 88' lang='lat'>3).</span> 
     </span>
    </p>
   </div>
   <div class='ocr_carea' id='block_1_63' title="bbox 2184 512 3776 586">
    <p class='ocr_par' dir='ltr' id='par_1_63' title="bbox 2184 512 3776 586">
     <span class='ocr_line' id='line_1_64' title="bbox 2184 512 3776 586; baseline -0.001 -16"><span class='ocrx_word' id='word_1_437' title='bbox 2184 521 2309 571; x_wconf 87' lang='lat' dir='ltr'>Non</span> <span class='ocrx_word' id='word_1_438' title='bbox 2342 522 2430 571; x_wconf 92' lang='lat' dir='ltr'>est</span> <span class='ocrx_word' id='word_1_439' title='bbox 2449 517 2663 570; x_wconf 90' lang='lat' dir='ltr'>mirum</span> <span class='ocrx_word' id='word_1_440' title='bbox 2688 515 2734 570; x_wconf 92' lang='lat' dir='ltr'>si</span> <span class='ocrx_word' id='word_1_441' title='bbox 2760 514 2914 586; x_wconf 90' lang='lat' dir='ltr'>apud</span> <span class='ocrx_word' id='word_1_442' title='bbox 2938 513 3172 568; x_wconf 71' lang='lat' dir='ltr'>Judaaos</span> <span class='ocrx_word' id='word_1_443' title='bbox 3195 512 3430 579; x_wconf 84' lang='lat' dir='ltr'>perierit</span> <span class='ocrx_word' id='word_1_444' title='bbox 3461 513 3657 568; x_wconf 91' lang='lat' dir='ltr'>omnis</span> <span class='ocrx_word' id='word_1_445' title='bbox 3681 513 3776 568; x_wconf 81' lang='lat' dir='ltr'>di-</span> 
     </span>
    </p>
   </div>
   <div class='ocr_carea' id='block_1_64' title="bbox 2113 601 3776 676">
    <p class='ocr_par' dir='ltr' id='par_1_64' title="bbox 2113 601 3776 676">
     <span class='ocr_line' id='line_1_65' title="bbox 2113 601 3776 676; baseline -0.001 -18"><span class='ocrx_word' id='word_1_446' title='bbox 2113 605 2312 676; x_wconf 85' lang='lat' dir='ltr'>gnitus</span> <span class='ocrx_word' id='word_1_447' title='bbox 2335 603 2705 671; x_wconf 86' lang='lat' dir='ltr'>bellatorum,</span> <span class='ocrx_word' id='word_1_448' title='bbox 2726 621 2859 658; x_wconf 90' lang='lat' dir='ltr'>cum</span> <span class='ocrx_word' id='word_1_449' title='bbox 2883 602 3173 657; x_wconf 88' lang='lat' dir='ltr'>militandi</span> <span class='ocrx_word' id='word_1_450' title='bbox 3191 601 3509 674; x_wconf 87' lang='lat' dir='ltr'>subgladio</span> <span class='ocrx_word' id='word_1_451' title='bbox 3527 608 3776 658; x_wconf 89' lang='lat' dir='ltr'>etarma</span> 
     </span>
    </p>
   </div>
   <div class='ocr_carea' id='block_1_65' title="bbox 2117 693 3228 764">
    <p class='ocr_par' dir='ltr' id='par_1_65' title="bbox 2117 693 3228 764">
     <span class='ocr_line' id='line_1_66' title="bbox 2117 693 3228 764; baseline -0.003 -16"><span class='ocrx_word' id='word_1_452' title='bbox 2117 693 2386 764; x_wconf 88' lang='lat' dir='ltr'>portandi</span> <span class='ocrx_word' id='word_1_453' title='bbox 2420 711 2533 747; x_wconf 90' lang='lat' dir='ltr'>non</span> <span class='ocrx_word' id='word_1_454' title='bbox 2568 693 2824 746; x_wconf 89' lang='lat' dir='ltr'>habeant</span> <span class='ocrx_word' id='word_1_455' title='bbox 2855 696 3228 762; x_wconf 75' lang='lat' dir='ltr'>potestatein.</span> 
     </span>
    </p>
   </div>
   <div class='ocr_carea' id='block_1_66' title="bbox 2113 798 3776 856">
    <p class='ocr_par' dir='ltr' id='par_1_66' title="bbox 2113 798 3776 856">
     <span class='ocr_line' id='line_1_67' title="bbox 2113 798 3776 856; baseline -0.001 -1"><span class='ocrx_word' id='word_1_456' title='bbox 2113 802 2244 856; x_wconf 84' lang='lat' dir='ltr'>CAP.</span> <span class='ocrx_word' id='word_1_457' title='bbox 2281 801 2402 855; x_wconf 83' lang='lat'>109.</span> <span class='ocrx_word' id='word_1_458' title='bbox 2441 831 2503 837; x_wconf 59' lang='grc' dir='ltr'><strong>π</strong></span> <span class='ocrx_word' id='word_1_459' title='bbox 2534 801 2606 855; x_wconf 88' lang='lat' dir='ltr'>De</span> <span class='ocrx_word' id='word_1_460' title='bbox 2633 800 2992 854; x_wconf 82' lang='lat' dir='ltr'>damnatione</span> <span class='ocrx_word' id='word_1_461' title='bbox 3023 798 3331 854; x_wconf 68' lang='lat' dir='ltr'>Judazorum</span> <span class='ocrx_word' id='word_1_462' title='bbox 3381 799 3433 852; x_wconf 84' lang='lat' dir='ltr'>si</span> <span class='ocrx_word' id='word_1_463' title='bbox 3489 798 3776 854; x_wconf 81' lang='lat' dir='ltr'>Christia-</span> 
     </span>
    </p>
   </div>
   <div class='ocr_carea' id='block_1_67' title="bbox 2431 870 3442 926">
    <p class='ocr_par' dir='ltr' id='par_1_67' title="bbox 2431 870 3442 926">
     <span class='ocr_line' id='line_1_68' title="bbox 2431 870 3442 926; baseline -0.001 0"><span class='ocrx_word' id='word_1_464' title='bbox 2431 890 2567 926; x_wconf 85' lang='lat' dir='ltr'>num</span> <span class='ocrx_word' id='word_1_465' title='bbox 2594 871 3070 926; x_wconf 82' lang='lat' dir='ltr'>circumciderint.</span> <span class='ocrx_word' id='word_1_466' title='bbox 3110 871 3236 926; x_wconf 84' lang='lat' dir='ltr'>Cod.</span> <span class='ocrx_word' id='word_1_467' title='bbox 3274 870 3372 924; x_wconf 84' lang='lat' dir='ltr'>tib.</span> <span class='ocrx_word' id='word_1_468' title='bbox 3404 888 3442 925; x_wconf 81' lang='grc' dir='ltr'>ι.</span> 
     </span>
    </p>
   </div>
   <div class='ocr_carea' id='block_1_68' title="bbox 2187 958 3776 1030">
    <p class='ocr_par' dir='ltr' id='par_1_68' title="bbox 2187 958 3776 1030">
     <span class='ocr_line' id='line_1_69' title="bbox 2187 958 3776 1030; baseline -0.001 -16"><span class='ocrx_word' id='word_1_469' title='bbox 2187 963 2266 1028; x_wconf 94' lang='lat' dir='ltr'>(L.</span> <span class='ocrx_word' id='word_1_470' title='bbox 2297 960 2498 1017; x_wconf 70' lang='lat' dir='ltr'>Judaei.</span> <span class='ocrx_word' id='word_1_471' title='bbox 2534 962 2586 1016; x_wconf 80' lang='grc' dir='ltr'>ϐ.</span> <span class='ocrx_word' id='word_1_472' title='bbox 2623 961 2688 1014; x_wconf 78' lang='lat' dir='ltr'>de</span> <span class='ocrx_word' id='word_1_473' title='bbox 2717 960 2840 1015; x_wconf 84' lang='lat' dir='ltr'>Iud.</span> <span class='ocrx_word' id='word_1_474' title='bbox 2873 964 2926 1016; x_wconf 87' lang='lat' dir='ltr'>et</span> <span class='ocrx_word' id='word_1_475' title='bbox 2971 961 3165 1030; x_wconf 79' lang='lat' dir='ltr'>ccetic.)</span> <span class='ocrx_word' id='word_1_476' title='bbox 3221 958 3409 1014; x_wconf 68' lang='lat' dir='ltr'>Judaei</span> <span class='ocrx_word' id='word_1_477' title='bbox 3467 962 3527 1014; x_wconf 90' lang='lat' dir='ltr'>et</span> <span class='ocrx_word' id='word_1_478' title='bbox 3583 959 3776 1014; x_wconf 88' lang='lat' dir='ltr'>bono-</span> 
     </span>
    </p>
   </div>
   <div class='ocr_carea' id='block_1_69' title="bbox 2115 1047 3779 1121">
    <p class='ocr_par' dir='ltr' id='par_1_69' title="bbox 2115 1047 3779 1121">
     <span class='ocr_line' id='line_1_70' title="bbox 2115 1047 3779 1121; baseline -0.001 -17"><span class='ocrx_word' id='word_1_479' title='bbox 2115 1066 2242 1104; x_wconf 90' lang='lat' dir='ltr'>rum</span> <span class='ocrx_word' id='word_1_480' title='bbox 2280 1051 2702 1121; x_wconf 86' lang='lat' dir='ltr'>proscriptione</span> <span class='ocrx_word' id='word_1_481' title='bbox 2724 1055 2782 1104; x_wconf 92' lang='lat' dir='ltr'>et</span> <span class='ocrx_word' id='word_1_482' title='bbox 2801 1055 3077 1121; x_wconf 85' lang='lat' dir='ltr'>perpetuo</span> <span class='ocrx_word' id='word_1_483' title='bbox 3102 1047 3306 1104; x_wconf 86' lang='lat' dir='ltr'>exsilio</span> <span class='ocrx_word' id='word_1_484' title='bbox 3326 1049 3779 1104; x_wconf 88' lang='lat' dir='ltr'>damnabuntur</span> 
     </span>
    </p>
   </div>
   <div class='ocr_carea' id='block_1_70' title="bbox 2115 1137 3775 1203">
    <p class='ocr_par' dir='ltr' id='par_1_70' title="bbox 2115 1137 3775 1203">
     <span class='ocr_line' id='line_1_71' title="bbox 2115 1137 3775 1203; baseline -0.002 -8"><span class='ocrx_word' id='word_1_485' title='bbox 2115 1141 2160 1195; x_wconf 91' lang='lat' dir='ltr'>si</span> <span class='ocrx_word' id='word_1_486' title='bbox 2191 1146 2401 1194; x_wconf 65' lang='lat' dir='ltr'>nostra:</span> <span class='ocrx_word' id='word_1_487' title='bbox 2435 1140 2568 1194; x_wconf 82' lang='lat' dir='ltr'>ﬁdei</span> <span class='ocrx_word' id='word_1_488' title='bbox 2599 1139 2897 1194; x_wconf 90' lang='lat' dir='ltr'>hominem</span> <span class='ocrx_word' id='word_1_489' title='bbox 2929 1138 3369 1193; x_wconf 87' lang='lat' dir='ltr'>circumcidisse</span> <span class='ocrx_word' id='word_1_490' title='bbox 3400 1155 3521 1203; x_wconf 89' lang='lat' dir='ltr'>eos,</span> <span class='ocrx_word' id='word_1_491' title='bbox 3543 1137 3632 1193; x_wconf 91' lang='lat' dir='ltr'>vel</span> <span class='ocrx_word' id='word_1_492' title='bbox 3658 1137 3775 1192; x_wconf 86' lang='lat' dir='ltr'>cir-</span> 
     </span>
    </p>
   </div>
   <div class='ocr_carea' id='block_1_71' title="bbox 2115 1227 3294 1284">
    <p class='ocr_par' dir='ltr' id='par_1_71' title="bbox 2115 1227 3294 1284">
     <span class='ocr_line' id='line_1_72' title="bbox 2115 1227 3294 1284; baseline -0.003 0"><span class='ocrx_word' id='word_1_493' title='bbox 2115 1229 2564 1284; x_wconf 89' lang='lat' dir='ltr'>cumcidendum</span> <span class='ocrx_word' id='word_1_494' title='bbox 2603 1230 2914 1284; x_wconf 85' lang='lat' dir='ltr'>mandasse</span> <span class='ocrx_word' id='word_1_495' title='bbox 2945 1227 3294 1284; x_wconf 87' lang='lat' dir='ltr'>constiterit.</span> 
     </span>
    </p>
   </div>
   <div class='ocr_carea' id='block_1_72' title="bbox 2116 1333 3764 1405">
    <p class='ocr_par' dir='ltr' id='par_1_72' title="bbox 2116 1333 3764 1405">
     <span class='ocr_line' id='line_1_73' title="bbox 2116 1333 3764 1405; baseline -0.001 -15"><span class='ocrx_word' id='word_1_496' title='bbox 2116 1337 2241 1391; x_wconf 70' lang='grc' dir='ltr'>ΟΑΡ.</span> <span class='ocrx_word' id='word_1_497' title='bbox 2279 1337 2400 1391; x_wconf 79' lang='lat' dir='ltr'>HO.</span> <span class='ocrx_word' id='word_1_498' title='bbox 2436 1365 2498 1376; x_wconf 89' lang='lat'>——</span> <span class='ocrx_word' id='word_1_499' title='bbox 2531 1337 2604 1390; x_wconf 88' lang='lat' dir='ltr'>De</span> <span class='ocrx_word' id='word_1_500' title='bbox 2627 1334 2924 1405; x_wconf 81' lang='lat' dir='ltr'>mancipiis</span> <span class='ocrx_word' id='word_1_501' title='bbox 2953 1334 3344 1400; x_wconf 53' lang='lat' dir='ltr'>Judieorum,si</span> <span class='ocrx_word' id='word_1_502' title='bbox 3357 1335 3436 1390; x_wconf 82' lang='lat' dir='ltr'>ad</span> <span class='ocrx_word' id='word_1_503' title='bbox 3455 1333 3764 1390; x_wconf 74' lang='lat' dir='ltr'>Ecclesium</span> 
     </span>
    </p>
   </div>
   <div class='ocr_carea' id='block_1_73' title="bbox 2184 1406 3700 1480">
    <p class='ocr_par' dir='ltr' id='par_1_73' title="bbox 2184 1406 3700 1480">
     <span class='ocr_line' id='line_1_74' title="bbox 2184 1406 3700 1480; baseline -0.002 -18"><span class='ocrx_word' id='word_1_504' title='bbox 2184 1408 2565 1480; x_wconf 69' lang='lat' dir='ltr'>confugerint.</span> <span class='ocrx_word' id='word_1_505' title='bbox 2605 1409 2685 1461; x_wconf 78' lang='lat' dir='ltr'>Ea:</span> <span class='ocrx_word' id='word_1_506' title='bbox 2712 1410 2822 1462; x_wconf 86' lang='lat' dir='ltr'>vita</span> <span class='ocrx_word' id='word_1_507' title='bbox 2855 1409 3001 1462; x_wconf 72' lang='lat' dir='ltr'>beati</span> <span class='ocrx_word' id='word_1_508' title='bbox 3030 1406 3184 1475; x_wconf 85' lang='lat' dir='ltr'>Greg.</span> <span class='ocrx_word' id='word_1_509' title='bbox 3212 1406 3311 1462; x_wconf 86' lang='lat' dir='ltr'>lib.</span> <span class='ocrx_word' id='word_1_510' title='bbox 3343 1423 3420 1475; x_wconf 68' lang='grc' dir='ltr'>ιγ,</span> <span class='ocrx_word' id='word_1_511' title='bbox 3452 1423 3574 1478; x_wconf 87' lang='lat' dir='ltr'>cap.</span> <span class='ocrx_word' id='word_1_512' title='bbox 3611 1407 3700 1460; x_wconf 69' lang='lat'>43.</span> 
     </span>
    </p>
   </div>
   <div class='ocr_carea' id='block_1_74' title="bbox 2188 1495 3776 1566">
    <p class='ocr_par' dir='ltr' id='par_1_74' title="bbox 2188 1495 3776 1566">
     <span class='ocr_line' id='line_1_75' title="bbox 2188 1495 3776 1566; baseline -0.001 -15"><span class='ocrx_word' id='word_1_513' title='bbox 2188 1497 2688 1562; x_wconf 88' lang='lat' dir='ltr'>Quemadmodum</span> <span class='ocrx_word' id='word_1_514' title='bbox 2722 1497 2956 1551; x_wconf 69' lang='lat' dir='ltr'>Judaaos</span> <span class='ocrx_word' id='word_1_515' title='bbox 2988 1495 3271 1550; x_wconf 91' lang='lat' dir='ltr'>violenter</span> <span class='ocrx_word' id='word_1_516' title='bbox 3299 1495 3588 1566; x_wconf 88' lang='lat' dir='ltr'>baptizari</span> <span class='ocrx_word' id='word_1_517' title='bbox 3631 1498 3776 1549; x_wconf 88' lang='lat' dir='ltr'>Gre-</span> 
     </span>
    </p>
   </div>
   <div class='ocr_carea' id='block_1_75' title="bbox 2116 1584 3776 1657">
    <p class='ocr_par' dir='ltr' id='par_1_75' title="bbox 2116 1584 3776 1657">
     <span class='ocr_line' id='line_1_76' title="bbox 2116 1584 3776 1657; baseline -0.001 -18"><span class='ocrx_word' id='word_1_518' title='bbox 2116 1587 2316 1657; x_wconf 89' lang='lat' dir='ltr'>gorius</span> <span class='ocrx_word' id='word_1_519' title='bbox 2347 1586 2695 1656; x_wconf 85' lang='lat' dir='ltr'>denegabat,</span> <span class='ocrx_word' id='word_1_520' title='bbox 2728 1585 2802 1638; x_wconf 83' lang='lat' dir='ltr'>ita</span> <span class='ocrx_word' id='word_1_521' title='bbox 2836 1584 3201 1639; x_wconf 87' lang='lat' dir='ltr'>Christianos</span> <span class='ocrx_word' id='word_1_522' title='bbox 3225 1585 3309 1639; x_wconf 91' lang='lat' dir='ltr'>eis</span> <span class='ocrx_word' id='word_1_523' title='bbox 3333 1601 3568 1656; x_wconf 87' lang='lat' dir='ltr'>quoquo</span> <span class='ocrx_word' id='word_1_524' title='bbox 3598 1585 3776 1639; x_wconf 91' lang='lat' dir='ltr'>modo</span> 
     </span>
    </p>
   </div>
   <div class='ocr_carea' id='block_1_76' title="bbox 2118 1671 3773 1744">
    <p class='ocr_par' dir='ltr' id='par_1_76' title="bbox 2118 1671 3773 1744">
     <span class='ocr_line' id='line_1_77' title="bbox 2118 1671 3773 1744; baseline -0.001 -17"><span class='ocrx_word' id='word_1_525' title='bbox 2118 1672 2324 1743; x_wconf 83' lang='lat' dir='ltr'>subjici</span> <span class='ocrx_word' id='word_1_526' title='bbox 2361 1671 2693 1728; x_wconf 86' lang='lat' dir='ltr'>nullatenus</span> <span class='ocrx_word' id='word_1_527' title='bbox 2741 1672 3135 1744; x_wconf 87' lang='lat' dir='ltr'>permittebat.</span> <span class='ocrx_word' id='word_1_528' title='bbox 3188 1675 3318 1727; x_wconf 86' lang='lat' dir='ltr'>Item</span> <span class='ocrx_word' id='word_1_529' title='bbox 3377 1672 3512 1727; x_wconf 84' lang='lat' dir='ltr'>ibid.</span> <span class='ocrx_word' id='word_1_530' title='bbox 3570 1689 3619 1726; x_wconf 89' lang='lat' dir='ltr'>c.</span> <span class='ocrx_word' id='word_1_531' title='bbox 3685 1673 3773 1726; x_wconf 79' lang='grc'>45.</span> 
     </span>
    </p>
   </div>
   <div class='ocr_carea' id='block_1_77' title="bbox 2118 1761 3775 1834">
    <p class='ocr_par' dir='ltr' id='par_1_77' title="bbox 2118 1761 3775 1834">
     <span class='ocr_line' id='line_1_78' title="bbox 2118 1761 3775 1834; baseline 0.001 -18"><span class='ocrx_word' id='word_1_532' title='bbox 2118 1762 2386 1817; x_wconf 74' lang='lat' dir='ltr'>Judsaoru</span> <span class='ocrx_word' id='word_1_533' title='bbox 2399 1779 2450 1816; x_wconf 92' lang='lat' dir='ltr'>m</span> <span class='ocrx_word' id='word_1_534' title='bbox 2469 1763 2760 1834; x_wconf 89' lang='lat' dir='ltr'>mancipia</span> <span class='ocrx_word' id='word_1_535' title='bbox 2773 1761 2954 1818; x_wconf 89' lang='lat' dir='ltr'>semel</span> <span class='ocrx_word' id='word_1_536' title='bbox 2968 1761 3445 1833; x_wconf 88' lang='lat' dir='ltr'>confugientiaad</span> <span class='ocrx_word' id='word_1_537' title='bbox 3461 1761 3775 1817; x_wconf 89' lang='lat' dir='ltr'>ecclesiam</span> 
     </span>
    </p>
   </div>
   <div class='ocr_carea' id='block_1_78' title="bbox 2121 1850 3784 1922">
    <p class='ocr_par' dir='ltr' id='par_1_78' title="bbox 2121 1850 3784 1922">
     <span class='ocr_line' id='line_1_79' title="bbox 2121 1850 3784 1922; baseline -0.001 -17"><span class='ocrx_word' id='word_1_538' title='bbox 2121 1866 2414 1921; x_wconf 86' lang='lat' dir='ltr'>nusquam</span> <span class='ocrx_word' id='word_1_539' title='bbox 2430 1850 2788 1921; x_wconf 90' lang='lat' dir='ltr'>quibuslibet</span> <span class='ocrx_word' id='word_1_540' title='bbox 2806 1850 3183 1906; x_wconf 86' lang='lat' dir='ltr'>suasionibus</span> <span class='ocrx_word' id='word_1_541' title='bbox 3207 1850 3369 1905; x_wconf 87' lang='lat' dir='ltr'>reddi</span> <span class='ocrx_word' id='word_1_542' title='bbox 3397 1850 3784 1922; x_wconf 84' lang='lat' dir='ltr'>permittebat</span> 
     </span>
    </p>
   </div>
   <div class='ocr_carea' id='block_1_79' title="bbox 2121 1938 3784 2011">
    <p class='ocr_par' dir='ltr' id='par_1_79' title="bbox 2121 1938 3784 2011">
     <span class='ocr_line' id='line_1_80' title="bbox 2121 1938 3784 2011; baseline -0.001 -16"><span class='ocrx_word' id='word_1_543' title='bbox 2121 1943 2282 2009; x_wconf 86' lang='lat' dir='ltr'>Item,</span> <span class='ocrx_word' id='word_1_544' title='bbox 2319 1939 2457 1994; x_wconf 84' lang='lat' dir='ltr'>ibid.</span> <span class='ocrx_word' id='word_1_545' title='bbox 2497 1957 2544 1994; x_wconf 89' lang='lat' dir='ltr'>c.</span> <span class='ocrx_word' id='word_1_546' title='bbox 2579 1941 2667 1994; x_wconf 82' lang='grc'>46.</span> <span class='ocrx_word' id='word_1_547' title='bbox 2710 1940 2835 1995; x_wconf 88' lang='lat' dir='ltr'>Non</span> <span class='ocrx_word' id='word_1_548' title='bbox 2867 1938 3058 1994; x_wconf 89' lang='lat' dir='ltr'>solum</span> <span class='ocrx_word' id='word_1_549' title='bbox 3102 1938 3437 1995; x_wconf 89' lang='lat' dir='ltr'>Christiana</span> <span class='ocrx_word' id='word_1_550' title='bbox 3477 1939 3784 2011; x_wconf 89' lang='lat' dir='ltr'>mancipia</span> 
     </span>
    </p>
   </div>
   <div class='ocr_carea' id='block_1_80' title="bbox 2123 2027 3785 2100">
    <p class='ocr_par' dir='ltr' id='par_1_80' title="bbox 2123 2027 3785 2100">
     <span class='ocr_line' id='line_1_81' title="bbox 2123 2027 3785 2100; baseline 0 -17"><span class='ocrx_word' id='word_1_551' title='bbox 2123 2029 2182 2084; x_wconf 94' lang='lat' dir='ltr'>in</span> <span class='ocrx_word' id='word_1_552' title='bbox 2214 2029 2541 2084; x_wconf 86' lang='lat' dir='ltr'>libertatem</span> <span class='ocrx_word' id='word_1_553' title='bbox 2577 2029 2890 2100; x_wconf 85' lang='lat' dir='ltr'>pristinam</span> <span class='ocrx_word' id='word_1_554' title='bbox 2921 2027 3188 2100; x_wconf 89' lang='lat' dir='ltr'>legaliter</span> <span class='ocrx_word' id='word_1_555' title='bbox 3206 2029 3516 2084; x_wconf 88' lang='lat' dir='ltr'>revocabat</span> <span class='ocrx_word' id='word_1_556' title='bbox 3562 2031 3785 2100; x_wconf 87' lang='lat' dir='ltr'>Grego-</span> 
     </span>
    </p>
   </div>
   <div class='ocr_carea' id='block_1_81' title="bbox 2123 2117 3782 2190">
    <p class='ocr_par' dir='ltr' id='par_1_81' title="bbox 2123 2117 3782 2190">
     <span class='ocr_line' id='line_1_82' title="bbox 2123 2117 3782 2190; baseline 0 -18"><span class='ocrx_word' id='word_1_557' title='bbox 2123 2119 2270 2186; x_wconf 88' lang='lat' dir='ltr'>rius,</span> <span class='ocrx_word' id='word_1_558' title='bbox 2301 2134 2497 2172; x_wconf 91' lang='lat' dir='ltr'>verum</span> <span class='ocrx_word' id='word_1_559' title='bbox 2532 2134 2892 2190; x_wconf 89' lang='lat' dir='ltr'>paganorum</span> <span class='ocrx_word' id='word_1_560' title='bbox 2927 2118 2998 2172; x_wconf 87' lang='lat' dir='ltr'>ad</span> <span class='ocrx_word' id='word_1_561' title='bbox 3033 2117 3208 2172; x_wconf 84' lang='lat' dir='ltr'>fidem</span> <span class='ocrx_word' id='word_1_562' title='bbox 3251 2118 3450 2173; x_wconf 89' lang='lat' dir='ltr'>venire</span> <span class='ocrx_word' id='word_1_563' title='bbox 3499 2117 3782 2189; x_wconf 88' lang='lat' dir='ltr'>volentia,</span> 
     </span>
    </p>
   </div>
   <div class='ocr_carea' id='block_1_82' title="bbox 2122 2206 3122 2279">
    <p class='ocr_par' dir='ltr' id='par_1_82' title="bbox 2122 2206 3122 2279">
     <span class='ocr_line' id='line_1_83' title="bbox 2122 2206 3122 2279; baseline 0 -17"><span class='ocrx_word' id='word_1_564' title='bbox 2122 2206 2290 2262; x_wconf 88' lang='lat' dir='ltr'>vendi</span> <span class='ocrx_word' id='word_1_565' title='bbox 2327 2207 2487 2263; x_wconf 92' lang='lat' dir='ltr'>nullo</span> <span class='ocrx_word' id='word_1_566' title='bbox 2520 2207 2688 2262; x_wconf 88' lang='lat' dir='ltr'>modo</span> <span class='ocrx_word' id='word_1_567' title='bbox 2724 2207 3122 2279; x_wconf 89' lang='lat' dir='ltr'>permittebat.</span> 
     </span>
    </p>
   </div>
   <div class='ocr_carea' id='block_1_83' title="bbox 2123 2296 3788 2367">
    <p class='ocr_par' dir='ltr' id='par_1_83' title="bbox 2123 2296 3788 2367">
     <span class='ocr_line' id='line_1_84' title="bbox 2123 2296 3788 2367; baseline -0.001 -15"><span class='ocrx_word' id='word_1_568' title='bbox 2123 2296 2245 2352; x_wconf 86' lang='lat' dir='ltr'>CAP.</span> <span class='ocrx_word' id='word_1_569' title='bbox 2281 2298 2402 2352; x_wconf 86' lang='grc'>111.</span> <span class='ocrx_word' id='word_1_570' title='bbox 2435 2327 2502 2337; x_wconf 88' lang='lat'><strong><em>—</em></strong></span> <span class='ocrx_word' id='word_1_571' title='bbox 2532 2297 2682 2363; x_wconf 85' lang='lat' dir='ltr'>Quod</span> <span class='ocrx_word' id='word_1_572' title='bbox 2728 2298 2887 2351; x_wconf 83' lang='lat' dir='ltr'>nulla</span> <span class='ocrx_word' id='word_1_573' title='bbox 2941 2298 3172 2367; x_wconf 85' lang='lat' dir='ltr'>infamis</span> <span class='ocrx_word' id='word_1_574' title='bbox 3225 2312 3456 2367; x_wconf 77' lang='lat' dir='ltr'>persona</span> <span class='ocrx_word' id='word_1_575' title='bbox 3515 2312 3788 2352; x_wconf 76' lang='lat' dir='ltr'>accusare</span> 
     </span>
    </p>
   </div>
   <div class='ocr_carea' id='block_1_84' title="bbox 2190 2368 3567 2440">
    <p class='ocr_par' dir='ltr' id='par_1_84' title="bbox 2190 2368 3567 2440">
     <span class='ocr_line' id='line_1_85' title="bbox 2190 2368 3567 2440; baseline -0.001 -17"><span class='ocrx_word' id='word_1_576' title='bbox 2190 2371 2383 2438; x_wconf 73' lang='lat' dir='ltr'>possit.</span> <span class='ocrx_word' id='word_1_577' title='bbox 2420 2368 2727 2439; x_wconf 80' lang='lat' dir='ltr'>Stephanus</span> <span class='ocrx_word' id='word_1_578' title='bbox 2758 2368 3013 2423; x_wconf 86' lang='lat' dir='ltr'>omnibus</span> <span class='ocrx_word' id='word_1_579' title='bbox 3042 2370 3328 2440; x_wconf 73' lang='lat' dir='ltr'>episcopis,</span> <span class='ocrx_word' id='word_1_580' title='bbox 3358 2384 3476 2440; x_wconf 88' lang='lat' dir='ltr'>cap.</span> <span class='ocrx_word' id='word_1_581' title='bbox 3514 2370 3567 2423; x_wconf 83' lang='lat'>1.</span> 
     </span>
    </p>
   </div>
   <div class='ocr_carea' id='block_1_85' title="bbox 2193 2456 3784 2525">
    <p class='ocr_par' dir='ltr' id='par_1_85' title="bbox 2193 2456 3784 2525">
     <span class='ocr_line' id='line_1_86' title="bbox 2193 2456 3784 2525; baseline 0.001 -13"><span class='ocrx_word' id='word_1_582' title='bbox 2193 2460 2512 2512; x_wconf 90' lang='lat' dir='ltr'>Accusator</span> <span class='ocrx_word' id='word_1_583' title='bbox 2541 2463 2798 2513; x_wconf 84' lang='lat' dir='ltr'>vestrum</span> <span class='ocrx_word' id='word_1_584' title='bbox 2831 2456 3029 2512; x_wconf 90' lang='lat' dir='ltr'>nullus</span> <span class='ocrx_word' id='word_1_585' title='bbox 3060 2458 3346 2513; x_wconf 89' lang='lat' dir='ltr'>sitservus</span> <span class='ocrx_word' id='word_1_586' title='bbox 3370 2461 3473 2512; x_wconf 88' lang='lat' dir='ltr'>aut</span> <span class='ocrx_word' id='word_1_587' title='bbox 3507 2457 3784 2525; x_wconf 89' lang='lat' dir='ltr'>libertus,</span> 
     </span>
    </p>
   </div>
   <div class='ocr_carea' id='block_1_86' title="bbox 2126 2545 3785 2619">
    <p class='ocr_par' dir='ltr' id='par_1_86' title="bbox 2126 2545 3785 2619">
     <span class='ocr_line' id='line_1_87' title="bbox 2126 2545 3785 2619; baseline 0 -19"><span class='ocrx_word' id='word_1_588' title='bbox 2126 2545 2404 2618; x_wconf 90' lang='lat' dir='ltr'>nullaque</span> <span class='ocrx_word' id='word_1_589' title='bbox 2419 2547 2718 2618; x_wconf 89' lang='lat' dir='ltr'>suspendii</span> <span class='ocrx_word' id='word_1_590' title='bbox 2743 2551 2970 2613; x_wconf 90' lang='lat' dir='ltr'>rea,aut</span> <span class='ocrx_word' id='word_1_591' title='bbox 2991 2547 3251 2601; x_wconf 81' lang='lat' dir='ltr'>imtamis</span> <span class='ocrx_word' id='word_1_592' title='bbox 3275 2563 3542 2618; x_wconf 88' lang='lat' dir='ltr'>persona.</span> <span class='ocrx_word' id='word_1_593' title='bbox 3574 2547 3785 2619; x_wconf 83' lang='lat' dir='ltr'>Repel-</span> 
     </span>
    </p>
   </div>
   <div class='ocr_carea' id='block_1_87' title="bbox 2124 2634 3786 2702">
    <p class='ocr_par' dir='ltr' id='par_1_87' title="bbox 2124 2634 3786 2702">
     <span class='ocr_line' id='line_1_88' title="bbox 2124 2634 3786 2702; baseline 0.001 -14"><span class='ocrx_word' id='word_1_594' title='bbox 2124 2634 2321 2690; x_wconf 90' lang='lat' dir='ltr'>lantur</span> <span class='ocrx_word' id='word_1_595' title='bbox 2351 2635 2527 2690; x_wconf 88' lang='lat' dir='ltr'>etiam</span> <span class='ocrx_word' id='word_1_596' title='bbox 2561 2635 2966 2690; x_wconf 84' lang='lat' dir='ltr'>cobabitantes</span> <span class='ocrx_word' id='word_1_597' title='bbox 2996 2635 3279 2700; x_wconf 86' lang='lat' dir='ltr'>inimicis,</span> <span class='ocrx_word' id='word_1_598' title='bbox 3310 2640 3367 2690; x_wconf 90' lang='lat' dir='ltr'>et</span> <span class='ocrx_word' id='word_1_599' title='bbox 3384 2653 3592 2690; x_wconf 88' lang='lat' dir='ltr'>omnes</span> <span class='ocrx_word' id='word_1_600' title='bbox 3623 2635 3786 2702; x_wconf 89' lang='lat' dir='ltr'>laici,</span> 
     </span>
    </p>
   </div>
   <div class='ocr_carea' id='block_1_88' title="bbox 2126 2723 3780 2795">
    <p class='ocr_par' dir='ltr' id='par_1_88' title="bbox 2126 2723 3780 2795">
     <span class='ocr_line' id='line_1_89' title="bbox 2126 2723 3780 2795; baseline 0 -17"><span class='ocrx_word' id='word_1_601' title='bbox 2126 2741 2270 2795; x_wconf 88' lang='lat' dir='ltr'>quos</span> <span class='ocrx_word' id='word_1_602' title='bbox 2301 2725 2369 2779; x_wconf 89' lang='lat' dir='ltr'>ad</span> <span class='ocrx_word' id='word_1_603' title='bbox 2396 2725 2830 2779; x_wconf 89' lang='lat' dir='ltr'>infestationem</span> <span class='ocrx_word' id='word_1_604' title='bbox 2855 2723 3232 2794; x_wconf 70' lang='lat' dir='ltr'>blasphemiae</span> <span class='ocrx_word' id='word_1_605' title='bbox 3256 2724 3484 2780; x_wconf 75' lang='lat' dir='ltr'>affectio</span> <span class='ocrx_word' id='word_1_606' title='bbox 3509 2723 3780 2780; x_wconf 68' lang='lat' dir='ltr'>amicitia:</span> 
     </span>
    </p>
   </div>
   <div class='ocr_carea' id='block_1_89' title="bbox 2123 2812 2564 2868">
    <p class='ocr_par' dir='ltr' id='par_1_89' title="bbox 2123 2812 2564 2868">
     <span class='ocr_line' id='line_1_90' title="bbox 2123 2812 2564 2868; baseline -0.005 0"><span class='ocrx_word' id='word_1_607' title='bbox 2123 2812 2368 2868; x_wconf 89' lang='lat' dir='ltr'>incitare</span> <span class='ocrx_word' id='word_1_608' title='bbox 2398 2813 2564 2868; x_wconf 91' lang='lat' dir='ltr'>solet.</span> 
     </span>
    </p>
   </div>
   <div class='ocr_carea' id='block_1_90' title="bbox 2124 2902 3770 2983">
    <p class='ocr_par' dir='ltr' id='par_1_90' title="bbox 2124 2902 3770 2983">
     <span class='ocr_line' id='line_1_91' title="bbox 2124 2902 3770 2983; baseline -0.001 -25"><span class='ocrx_word' id='word_1_609' title='bbox 2124 2903 2255 2958; x_wconf 87' lang='lat' dir='ltr'>CAP.</span> <span class='ocrx_word' id='word_1_610' title='bbox 2291 2903 2414 2957; x_wconf 83' lang='grc'>112.</span> <span class='ocrx_word' id='word_1_611' title='bbox 2448 2934 2518 2944; x_wconf 94' lang='grc'><strong><em>-</em></strong></span> <span class='ocrx_word' id='word_1_612' title='bbox 2551 2904 2612 2959; x_wconf 85' lang='lat' dir='ltr'>Ut</span> <span class='ocrx_word' id='word_1_613' title='bbox 2634 2902 2831 2983; x_wconf 64' lang='lat' dir='ltr'>Judaei</span> <span class='ocrx_word' id='word_1_614' title='bbox 2858 2903 3106 2983; x_wconf 70' lang='lat' dir='ltr'>conversi</span> <span class='ocrx_word' id='word_1_615' title='bbox 3135 2903 3490 2959; x_wconf 68' lang='lat' dir='ltr'>honorantur</span> <span class='ocrx_word' id='word_1_616' title='bbox 3521 2903 3770 2958; x_wconf 79' lang='lat' dir='ltr'>Gelasius</span> 
     </span>
    </p>
   </div>
   <div class='ocr_carea' id='block_1_91' title="bbox 2647 2974 3264 3046">
    <p class='ocr_par' dir='ltr' id='par_1_91' title="bbox 2647 2974 3264 3046">
     <span class='ocr_line' id='line_1_92' title="bbox 2647 2974 3264 3046; baseline 0.002 -18"><span class='ocrx_word' id='word_1_617' title='bbox 2647 2974 2967 3045; x_wconf 83' lang='lat' dir='ltr'>Quinigesio</span> <span class='ocrx_word' id='word_1_618' title='bbox 2996 2976 3264 3046; x_wconf 82' lang='lat' dir='ltr'>episc0po.</span> 
     </span>
    </p>
   </div>
   <div class='ocr_carea' id='block_1_92' title="bbox 2200 3064 3781 3136">
    <p class='ocr_par' dir='ltr' id='par_1_92' title="bbox 2200 3064 3781 3136">
     <span class='ocr_line' id='line_1_93' title="bbox 2200 3064 3781 3136; baseline 0.001 -18"><span class='ocrx_word' id='word_1_619' title='bbox 2200 3065 2296 3118; x_wconf 82' lang='lat' dir='ltr'>Vir</span> <span class='ocrx_word' id='word_1_620' title='bbox 2318 3064 2685 3120; x_wconf 89' lang='lat' dir='ltr'>clarissimus</span> <span class='ocrx_word' id='word_1_621' title='bbox 2714 3064 3044 3133; x_wconf 87' lang='lat' dir='ltr'>Telesinus,</span> <span class='ocrx_word' id='word_1_622' title='bbox 3079 3064 3353 3136; x_wconf 88' lang='lat' dir='ltr'>quamvis</span> <span class='ocrx_word' id='word_1_623' title='bbox 3382 3064 3642 3119; x_wconf 70' lang='lat' dir='ltr'>Judaicas</span> <span class='ocrx_word' id='word_1_624' title='bbox 3661 3081 3781 3120; x_wconf 86' lang='lat' dir='ltr'>cre-</span> 
     </span>
    </p>
   </div>
   <div class='ocr_carea' id='block_1_93' title="bbox 2127 3152 3781 3225">
    <p class='ocr_par' dir='ltr' id='par_1_93' title="bbox 2127 3152 3781 3225">
     <span class='ocr_line' id='line_1_94' title="bbox 2127 3152 3781 3225; baseline 0 -17"><span class='ocrx_word' id='word_1_625' title='bbox 2127 3152 2393 3208; x_wconf 87' lang='lat' dir='ltr'>dulitatis</span> <span class='ocrx_word' id='word_1_626' title='bbox 2421 3170 2551 3208; x_wconf 91' lang='lat' dir='ltr'>esse</span> <span class='ocrx_word' id='word_1_627' title='bbox 2589 3153 2875 3222; x_wconf 90' lang='lat' dir='ltr'>videatur,</span> <span class='ocrx_word' id='word_1_628' title='bbox 2909 3153 3085 3208; x_wconf 90' lang='lat' dir='ltr'>talem</span> <span class='ocrx_word' id='word_1_629' title='bbox 3133 3171 3197 3208; x_wconf 90' lang='lat' dir='ltr'>se</span> <span class='ocrx_word' id='word_1_630' title='bbox 3240 3153 3408 3208; x_wconf 89' lang='lat' dir='ltr'>nobis</span> <span class='ocrx_word' id='word_1_631' title='bbox 3456 3155 3781 3225; x_wconf 88' lang='lat' dir='ltr'>approbare</span> 
     </span>
    </p>
   </div>
   <div class='ocr_carea' id='block_1_94' title="bbox 2126 3242 3779 3314">
    <p class='ocr_par' dir='ltr' id='par_1_94' title="bbox 2126 3242 3779 3314">
     <span class='ocr_line' id='line_1_95' title="bbox 2126 3242 3779 3314; baseline -0.001 -17"><span class='ocrx_word' id='word_1_632' title='bbox 2126 3243 2448 3308; x_wconf 88' lang='lat' dir='ltr'>contendit,</span> <span class='ocrx_word' id='word_1_633' title='bbox 2483 3245 2547 3296; x_wconf 89' lang='lat' dir='ltr'>ut</span> <span class='ocrx_word' id='word_1_634' title='bbox 2585 3258 2718 3297; x_wconf 90' lang='lat' dir='ltr'>eum</span> <span class='ocrx_word' id='word_1_635' title='bbox 2739 3242 2943 3296; x_wconf 91' lang='lat' dir='ltr'>merito</span> <span class='ocrx_word' id='word_1_636' title='bbox 2959 3247 3224 3297; x_wconf 90' lang='lat' dir='ltr'>nostrum</span> <span class='ocrx_word' id='word_1_637' title='bbox 3250 3242 3560 3313; x_wconf 87' lang='lat' dir='ltr'>[vestrum]</span> <span class='ocrx_word' id='word_1_638' title='bbox 3588 3242 3779 3314; x_wconf 90' lang='lat' dir='ltr'>appel-</span> 
     </span>
    </p>
   </div>
   <div class='ocr_carea' id='block_1_95' title="bbox 2124 3328 3778 3401">
    <p class='ocr_par' dir='ltr' id='par_1_95' title="bbox 2124 3328 3778 3401">
     <span class='ocr_line' id='line_1_96' title="bbox 2124 3328 3778 3401; baseline 0.002 -19"><span class='ocrx_word' id='word_1_639' title='bbox 2124 3328 2246 3384; x_wconf 89' lang='lat' dir='ltr'>lare</span> <span class='ocrx_word' id='word_1_640' title='bbox 2277 3330 2598 3384; x_wconf 88' lang='lat' dir='ltr'>debeamus</span> <span class='ocrx_word' id='word_1_641' title='bbox 2630 3329 2732 3399; x_wconf 91' lang='lat' dir='ltr'>qui</span> <span class='ocrx_word' id='word_1_642' title='bbox 2765 3346 2866 3400; x_wconf 88' lang='lat' dir='ltr'>pro</span> <span class='ocrx_word' id='word_1_643' title='bbox 2888 3329 3143 3384; x_wconf 79' lang='lat' dir='ltr'>Antonio</span> <span class='ocrx_word' id='word_1_644' title='bbox 3169 3329 3382 3401; x_wconf 84' lang='lat' dir='ltr'>[Antio]</span> <span class='ocrx_word' id='word_1_645' title='bbox 3407 3334 3652 3401; x_wconf 88' lang='lat' dir='ltr'>parente</span> <span class='ocrx_word' id='word_1_646' title='bbox 3675 3347 3778 3385; x_wconf 89' lang='lat' dir='ltr'>suo</span> 
     </span>
    </p>
   </div>
   <div class='ocr_carea' id='block_1_96' title="bbox 2125 3417 3778 3490">
    <p class='ocr_par' dir='ltr' id='par_1_96' title="bbox 2125 3417 3778 3490">
     <span class='ocr_line' id='line_1_97' title="bbox 2125 3417 3778 3490; baseline 0.001 -17"><span class='ocrx_word' id='word_1_647' title='bbox 2125 3418 2460 3490; x_wconf 88' lang='lat' dir='ltr'>specialiter</span> <span class='ocrx_word' id='word_1_648' title='bbox 2491 3418 2828 3490; x_wconf 88' lang='lat' dir='ltr'>postulavit,</span> <span class='ocrx_word' id='word_1_649' title='bbox 2861 3423 2926 3473; x_wconf 93' lang='lat' dir='ltr'>ut</span> <span class='ocrx_word' id='word_1_650' title='bbox 2955 3435 3086 3474; x_wconf 88' lang='lat' dir='ltr'>eum</span> <span class='ocrx_word' id='word_1_651' title='bbox 3120 3417 3420 3474; x_wconf 89' lang='lat' dir='ltr'>dilectioni</span> <span class='ocrx_word' id='word_1_652' title='bbox 3467 3422 3583 3474; x_wconf 71' lang='lat' dir='ltr'>tua:</span> <span class='ocrx_word' id='word_1_653' title='bbox 3629 3436 3778 3474; x_wconf 88' lang='lat' dir='ltr'>com-</span> 
     </span>
    </p>
   </div>
   <div class='ocr_carea' id='block_1_97' title="bbox 2125 3506 3776 3580">
    <p class='ocr_par' dir='ltr' id='par_1_97' title="bbox 2125 3506 3776 3580">
     <span class='ocr_line' id='line_1_98' title="bbox 2125 3506 3776 3580; baseline 0 -19"><span class='ocrx_word' id='word_1_654' title='bbox 2125 3507 2403 3563; x_wconf 88' lang='lat' dir='ltr'>mendare</span> <span class='ocrx_word' id='word_1_655' title='bbox 2433 3507 2776 3563; x_wconf 90' lang='lat' dir='ltr'>debeamus.</span> <span class='ocrx_word' id='word_1_656' title='bbox 2812 3507 3024 3562; x_wconf 88' lang='lat' dir='ltr'>Etideo</span> <span class='ocrx_word' id='word_1_657' title='bbox 3053 3507 3288 3562; x_wconf 87' lang='lat' dir='ltr'>fratrem</span> <span class='ocrx_word' id='word_1_658' title='bbox 3315 3506 3544 3580; x_wconf 83' lang='lat' dir='ltr'>[frater]</span> <span class='ocrx_word' id='word_1_659' title='bbox 3569 3523 3776 3579; x_wconf 86' lang='lat' dir='ltr'>supra-</span> 
     </span>
    </p>
   </div>
   <div class='ocr_carea' id='block_1_98' title="bbox 2125 3596 3773 3668">
    <p class='ocr_par' dir='ltr' id='par_1_98' title="bbox 2125 3596 3773 3668">
     <span class='ocr_line' id='line_1_99' title="bbox 2125 3596 3773 3668; baseline -0.001 -16"><span class='ocrx_word' id='word_1_660' title='bbox 2125 3596 2347 3652; x_wconf 86' lang='lat' dir='ltr'>dictum</span> <span class='ocrx_word' id='word_1_661' title='bbox 2379 3596 2696 3652; x_wconf 89' lang='lat' dir='ltr'>voluntatis</span> <span class='ocrx_word' id='word_1_662' title='bbox 2721 3602 2926 3651; x_wconf 68' lang='lat' dir='ltr'>nostris</span> <span class='ocrx_word' id='word_1_663' title='bbox 2950 3596 3484 3667; x_wconf 89' lang='lat' dir='ltr'>mandatorumque</span> <span class='ocrx_word' id='word_1_664' title='bbox 3509 3601 3773 3668; x_wconf 89' lang='lat' dir='ltr'>respectu</span> 
     </span>
    </p>
   </div>
   <div class='ocr_carea' id='block_1_99' title="bbox 2124 3681 3774 3755">
    <p class='ocr_par' dir='ltr' id='par_1_99' title="bbox 2124 3681 3774 3755">
     <span class='ocr_line' id='line_1_100' title="bbox 2124 3681 3774 3755; baseline -0.002 -15"><span class='ocrx_word' id='word_1_665' title='bbox 2124 3685 2207 3741; x_wconf 89' lang='lat' dir='ltr'>ita</span> <span class='ocrx_word' id='word_1_666' title='bbox 2237 3691 2291 3741; x_wconf 90' lang='lat' dir='ltr'>te</span> <span class='ocrx_word' id='word_1_667' title='bbox 2325 3686 2537 3742; x_wconf 87' lang='lat' dir='ltr'>habere</span> <span class='ocrx_word' id='word_1_668' title='bbox 2568 3684 2857 3751; x_wconf 86' lang='lat' dir='ltr'>convenit,</span> <span class='ocrx_word' id='word_1_669' title='bbox 2884 3689 2948 3739; x_wconf 90' lang='lat' dir='ltr'>ut</span> <span class='ocrx_word' id='word_1_670' title='bbox 2979 3701 3092 3739; x_wconf 92' lang='lat' dir='ltr'>non</span> <span class='ocrx_word' id='word_1_671' title='bbox 3128 3681 3318 3740; x_wconf 91' lang='lat' dir='ltr'>solum</span> <span class='ocrx_word' id='word_1_672' title='bbox 3343 3684 3400 3738; x_wconf 89' lang='lat' dir='ltr'>in</span> <span class='ocrx_word' id='word_1_673' title='bbox 3429 3683 3596 3739; x_wconf 91' lang='lat' dir='ltr'>nullo</span> <span class='ocrx_word' id='word_1_674' title='bbox 3621 3684 3774 3755; x_wconf 87' lang='lat' dir='ltr'>peni-</span> 
     </span>
    </p>
   </div>
   <div class='ocr_carea' id='block_1_100' title="bbox 2125 3772 3773 3846">
    <p class='ocr_par' dir='ltr' id='par_1_100' title="bbox 2125 3772 3773 3846">
     <span class='ocr_line' id='line_1_101' title="bbox 2125 3772 3773 3846; baseline -0.002 -17"><span class='ocrx_word' id='word_1_675' title='bbox 2125 3780 2222 3830; x_wconf 89' lang='lat' dir='ltr'>tus</span> <span class='ocrx_word' id='word_1_676' title='bbox 2249 3776 2634 3846; x_wconf 89' lang='lat' dir='ltr'>opprimatur,</span> <span class='ocrx_word' id='word_1_677' title='bbox 2666 3790 2866 3829; x_wconf 91' lang='lat' dir='ltr'>verum</span> <span class='ocrx_word' id='word_1_678' title='bbox 2903 3774 3080 3828; x_wconf 90' lang='lat' dir='ltr'>etiam</span> <span class='ocrx_word' id='word_1_679' title='bbox 3105 3772 3163 3826; x_wconf 92' lang='lat' dir='ltr'>in</span> <span class='ocrx_word' id='word_1_680' title='bbox 3190 3789 3304 3844; x_wconf 90' lang='lat' dir='ltr'>quo</span> <span class='ocrx_word' id='word_1_681' title='bbox 3333 3772 3386 3828; x_wconf 90' lang='lat' dir='ltr'>ei</span> <span class='ocrx_word' id='word_1_682' title='bbox 3407 3789 3557 3843; x_wconf 87' lang='lat' dir='ltr'>opus</span> <span class='ocrx_word' id='word_1_683' title='bbox 3584 3773 3773 3844; x_wconf 86' lang='lat' dir='ltr'>fuerit,</span> 
     </span>
    </p>
   </div>
   <div class='ocr_carea' id='block_1_101' title="bbox 2124 3861 3543 3934">
    <p class='ocr_par' dir='ltr' id='par_1_101' title="bbox 2124 3861 3543 3934">
     <span class='ocr_line' id='line_1_102' title="bbox 2124 3861 3543 3934; baseline -0.001 -15"><span class='ocrx_word' id='word_1_684' title='bbox 2124 3865 2334 3920; x_wconf 88' lang='lat' dir='ltr'>solatio</span> <span class='ocrx_word' id='word_1_685' title='bbox 2367 3868 2482 3918; x_wconf 64' lang='lat' dir='ltr'>tua:</span> <span class='ocrx_word' id='word_1_686' title='bbox 2513 3880 2573 3918; x_wconf 90' lang='lat' dir='ltr'>se</span> <span class='ocrx_word' id='word_1_687' title='bbox 2603 3863 2854 3934; x_wconf 88' lang='lat' dir='ltr'>gaudeat</span> <span class='ocrx_word' id='word_1_688' title='bbox 2887 3861 3219 3916; x_wconf 90' lang='lat' dir='ltr'>dilectionis</span> <span class='ocrx_word' id='word_1_689' title='bbox 3241 3862 3543 3932; x_wconf 88' lang='lat' dir='ltr'>adjutum.</span> 
     </span>
    </p>
   </div>
   <div class='ocr_carea' id='block_1_102' title="bbox 2124 3950 3774 4020">
    <p class='ocr_par' dir='ltr' id='par_1_102' title="bbox 2124 3950 3774 4020">
     <span class='ocr_line' id='line_1_103' title="bbox 2124 3950 3774 4020; baseline -0.003 -11"><span class='ocrx_word' id='word_1_690' title='bbox 2124 3954 2255 4009; x_wconf 82' lang='lat' dir='ltr'>CAP.</span> <span class='ocrx_word' id='word_1_691' title='bbox 2295 3954 2414 4007; x_wconf 86' lang='grc'>113.</span> <span class='ocrx_word' id='word_1_692' title='bbox 2455 3982 2525 3991; x_wconf 92' lang='grc'><strong><em>-</em></strong></span> <span class='ocrx_word' id='word_1_693' title='bbox 2582 3953 2697 4018; x_wconf 87' lang='lat' dir='ltr'>Qua</span> <span class='ocrx_word' id='word_1_694' title='bbox 2754 3951 3050 4020; x_wconf 82' lang='lat' dir='ltr'>diligentia</span> <span class='ocrx_word' id='word_1_695' title='bbox 3105 3950 3544 4004; x_wconf 72' lang='lat' dir='ltr'>examinandum</span> <span class='ocrx_word' id='word_1_696' title='bbox 3599 3952 3672 4004; x_wconf 88' lang='lat' dir='ltr'>sit</span> <span class='ocrx_word' id='word_1_697' title='bbox 3713 3951 3774 4005; x_wconf 85' lang='lat' dir='ltr'>de</span> 
     </span>
    </p>
   </div>
   <div class='ocr_carea' id='block_1_103' title="bbox 2194 4021 3778 4090">
    <p class='ocr_par' dir='ltr' id='par_1_103' title="bbox 2194 4021 3778 4090">
     <span class='ocr_line' id='line_1_104' title="bbox 2194 4021 3778 4090; baseline -0.001 -12"><span class='ocrx_word' id='word_1_698' title='bbox 2194 4027 2366 4079; x_wconf 79' lang='lat' dir='ltr'>servis</span> <span class='ocrx_word' id='word_1_699' title='bbox 2395 4024 2734 4078; x_wconf 61' lang='lat' dir='ltr'>Juda‘orum.</span> <span class='ocrx_word' id='word_1_700' title='bbox 2771 4022 3021 4077; x_wconf 83' lang='lat' dir='ltr'>Gelasius</span> <span class='ocrx_word' id='word_1_701' title='bbox 3085 4021 3392 4090; x_wconf 78' lang='lat' dir='ltr'>Siracusio,</span> <span class='ocrx_word' id='word_1_702' title='bbox 3454 4023 3778 4078; x_wconf 76' lang='lat' dir='ltr'>Constantio</span> 
     </span>
    </p>
   </div>
   <div class='ocr_carea' id='block_1_104' title="bbox 2195 4093 2882 4166">
    <p class='ocr_par' dir='ltr' id='par_1_104' title="bbox 2195 4093 2882 4166">
     <span class='ocr_line' id='line_1_105' title="bbox 2195 4093 2882 4166; baseline -0.003 -16"><span class='ocrx_word' id='word_1_703' title='bbox 2195 4099 2245 4150; x_wconf 81' lang='lat' dir='ltr'>et</span> <span class='ocrx_word' id='word_1_704' title='bbox 2275 4097 2574 4150; x_wconf 86' lang='lat' dir='ltr'>Laurentio</span> <span class='ocrx_word' id='word_1_705' title='bbox 2593 4093 2882 4166; x_wconf 79' lang='lat' dir='ltr'>episcopis.</span> 
     </span>
    </p>
   </div>
   <div class='ocr_carea' id='block_1_105' title="bbox 2195 4181 3773 4254">
    <p class='ocr_par' dir='ltr' id='par_1_105' title="bbox 2195 4181 3773 4254">
     <span class='ocr_line' id='line_1_106' title="bbox 2195 4181 3773 4254; baseline -0.002 -15"><span class='ocrx_word' id='word_1_706' title='bbox 2195 4185 2373 4240; x_wconf 85' lang='lat' dir='ltr'>Judas</span> <span class='ocrx_word' id='word_1_707' title='bbox 2396 4183 2492 4254; x_wconf 90' lang='lat' dir='ltr'>qui</span> <span class='ocrx_word' id='word_1_708' title='bbox 2515 4184 2767 4239; x_wconf 72' lang='lat' dir='ltr'>Judaicze</span> <span class='ocrx_word' id='word_1_709' title='bbox 2799 4183 3180 4254; x_wconf 81' lang='lat' dir='ltr'>professionis</span> <span class='ocrx_word' id='word_1_710' title='bbox 3198 4183 3394 4238; x_wconf 82' lang='lat' dir='ltr'>existit</span> <span class='ocrx_word' id='word_1_711' title='bbox 3417 4181 3773 4254; x_wconf 88' lang='lat' dir='ltr'>mancipium</span> 
     </span>
    </p>
   </div>
   <div class='ocr_carea' id='block_1_106' title="bbox 2116 4272 3774 4345">
    <p class='ocr_par' dir='ltr' id='par_1_106' title="bbox 2116 4272 3774 4345">
     <span class='ocr_line' id='line_1_107' title="bbox 2116 4272 3774 4345; baseline -0.002 -16"><span class='ocrx_word' id='word_1_712' title='bbox 2116 4274 2272 4344; x_wconf 90' lang='lat' dir='ltr'>juris</span> <span class='ocrx_word' id='word_1_713' title='bbox 2305 4272 2396 4328; x_wconf 91' lang='lat' dir='ltr'>sui</span> <span class='ocrx_word' id='word_1_714' title='bbox 2430 4274 2580 4345; x_wconf 89' lang='lat' dir='ltr'>quod</span> <span class='ocrx_word' id='word_1_715' title='bbox 2608 4279 2742 4327; x_wconf 89' lang='lat' dir='ltr'>ante</span> <span class='ocrx_word' id='word_1_716' title='bbox 2768 4289 2984 4338; x_wconf 90' lang='lat' dir='ltr'>paucos</span> <span class='ocrx_word' id='word_1_717' title='bbox 3008 4289 3192 4328; x_wconf 89' lang='lat' dir='ltr'>annos</span> <span class='ocrx_word' id='word_1_718' title='bbox 3215 4289 3276 4328; x_wconf 88' lang='lat' dir='ltr'>se</span> <span class='ocrx_word' id='word_1_719' title='bbox 3299 4272 3513 4327; x_wconf 87' lang='lat' dir='ltr'>asserit</span> <span class='ocrx_word' id='word_1_720' title='bbox 3539 4288 3774 4343; x_wconf 89' lang='lat' dir='ltr'>compa-</span> 
     </span>
    </p>
   </div>
   <div class='ocr_carea' id='block_1_107' title="bbox 2124 4361 3774 4432">
    <p class='ocr_par' dir='ltr' id='par_1_107' title="bbox 2124 4361 3774 4432">
     <span class='ocr_line' id='line_1_108' title="bbox 2124 4361 3774 4432; baseline -0.001 -14"><span class='ocrx_word' id='word_1_721' title='bbox 2124 4380 2306 4431; x_wconf 89' lang='lat' dir='ltr'>rasse,</span> <span class='ocrx_word' id='word_1_722' title='bbox 2338 4379 2493 4416; x_wconf 89' lang='lat' dir='ltr'>nunc</span> <span class='ocrx_word' id='word_1_723' title='bbox 2524 4363 2594 4416; x_wconf 90' lang='lat' dir='ltr'>ad</span> <span class='ocrx_word' id='word_1_724' title='bbox 2631 4361 2943 4417; x_wconf 84' lang='lat' dir='ltr'>Ecclesiam</span> <span class='ocrx_word' id='word_1_725' title='bbox 2999 4361 3383 4416; x_wconf 88' lang='lat' dir='ltr'>Venefranam</span> <span class='ocrx_word' id='word_1_726' title='bbox 3437 4361 3774 4432; x_wconf 85' lang='lat' dir='ltr'>confugisse</span> 
     </span>
    </p>
   </div>
   <div class='ocr_carea' id='block_1_108' title="bbox 2038 4450 3772 4524">
    <p class='ocr_par' dir='ltr' id='par_1_108' title="bbox 2038 4450 3772 4524">
     <span class='ocr_line' id='line_1_109' title="bbox 2038 4450 3772 4524; baseline -0.002 -17"><span class='ocrx_word' id='word_1_727' title='bbox 2038 4458 2080 4521; x_wconf 76' lang='grc' dir='ltr'>Ι)</span> <span class='ocrx_word' id='word_1_728' title='bbox 2117 4453 2432 4524; x_wconf 74' lang='lat' dir='ltr'>suggessit,</span> <span class='ocrx_word' id='word_1_729' title='bbox 2465 4452 2618 4506; x_wconf 88' lang='lat' dir='ltr'>sicut</span> <span class='ocrx_word' id='word_1_730' title='bbox 2644 4451 2897 4522; x_wconf 86' lang='lat' dir='ltr'>petitorii</span> <span class='ocrx_word' id='word_1_731' title='bbox 2934 4456 3100 4505; x_wconf 88' lang='lat' dir='ltr'>tenor</span> <span class='ocrx_word' id='word_1_732' title='bbox 3121 4467 3385 4506; x_wconf 85' lang='lat' dir='ltr'>annexus</span> <span class='ocrx_word' id='word_1_733' title='bbox 3410 4450 3690 4519; x_wconf 88' lang='lat' dir='ltr'>ostendit,</span> <span class='ocrx_word' id='word_1_734' title='bbox 3710 4466 3772 4504; x_wconf 93' lang='lat' dir='ltr'>eo</span> 
     </span>
    </p>
   </div>
   <div class='ocr_carea' id='block_1_109' title="bbox 2121 4539 3772 4612">
    <p class='ocr_par' dir='ltr' id='par_1_109' title="bbox 2121 4539 3772 4612">
     <span class='ocr_line' id='line_1_110' title="bbox 2121 4539 3772 4612; baseline -0.002 -16"><span class='ocrx_word' id='word_1_735' title='bbox 2121 4543 2278 4612; x_wconf 91' lang='lat' dir='ltr'>quod</span> <span class='ocrx_word' id='word_1_736' title='bbox 2311 4542 2466 4595; x_wconf 88' lang='lat' dir='ltr'>dicat</span> <span class='ocrx_word' id='word_1_737' title='bbox 2497 4540 2606 4595; x_wconf 65' lang='lat' dir='ltr'>subi</span> <span class='ocrx_word' id='word_1_738' title='bbox 2641 4539 2712 4594; x_wconf 88' lang='lat' dir='ltr'>ab</span> <span class='ocrx_word' id='word_1_739' title='bbox 2736 4539 2985 4594; x_wconf 86' lang='lat' dir='ltr'>infantia</span> <span class='ocrx_word' id='word_1_740' title='bbox 3006 4541 3345 4595; x_wconf 89' lang='lat' dir='ltr'>Christiano</span> <span class='ocrx_word' id='word_1_741' title='bbox 3368 4555 3558 4610; x_wconf 90' lang='lat' dir='ltr'>nuper</span> <span class='ocrx_word' id='word_1_742' title='bbox 3577 4555 3610 4593; x_wconf 88' lang='lat' dir='ltr'>a</span> <span class='ocrx_word' id='word_1_743' title='bbox 3634 4556 3772 4609; x_wconf 69' lang='lat' dir='ltr'>prie-</span> 
     </span>
    </p>
   </div>
   <div class='ocr_carea' id='block_1_110' title="bbox 2120 4627 3770 4700">
    <p class='ocr_par' dir='ltr' id='par_1_110' title="bbox 2120 4627 3770 4700">
     <span class='ocr_line' id='line_1_111' title="bbox 2120 4627 3770 4700; baseline -0.001 -15"><span class='ocrx_word' id='word_1_744' title='bbox 2120 4629 2236 4685; x_wconf 88' lang='lat' dir='ltr'>fato</span> <span class='ocrx_word' id='word_1_745' title='bbox 2268 4629 2506 4684; x_wconf 91' lang='lat' dir='ltr'>domino</span> <span class='ocrx_word' id='word_1_746' title='bbox 2558 4627 2930 4700; x_wconf 88' lang='lat' dir='ltr'>signaculum</span> <span class='ocrx_word' id='word_1_747' title='bbox 2982 4627 3451 4684; x_wconf 88' lang='lat' dir='ltr'>circumcisionis</span> <span class='ocrx_word' id='word_1_748' title='bbox 3503 4627 3770 4683; x_wconf 78' lang='lat' dir='ltr'>inﬁxum.</span> 
     </span>
    </p>
   </div>
   <div class='ocr_carea' id='block_1_111' title="bbox 2119 4715 3771 4790">
    <p class='ocr_par' dir='ltr' id='par_1_111' title="bbox 2119 4715 3771 4790">
     <span class='ocr_line' id='line_1_112' title="bbox 2119 4715 3771 4790; baseline -0.002 -16"><span class='ocrx_word' id='word_1_749' title='bbox 2119 4721 2483 4790; x_wconf 89' lang='lat' dir='ltr'>Quapropter</span> <span class='ocrx_word' id='word_1_750' title='bbox 2513 4717 2824 4788; x_wconf 88' lang='lat' dir='ltr'>diligenter</span> <span class='ocrx_word' id='word_1_751' title='bbox 2855 4722 3047 4772; x_wconf 88' lang='lat' dir='ltr'>vestra</span> <span class='ocrx_word' id='word_1_752' title='bbox 3080 4717 3232 4771; x_wconf 89' lang='lat' dir='ltr'>inter</span> <span class='ocrx_word' id='word_1_753' title='bbox 3265 4721 3584 4787; x_wconf 88' lang='lat' dir='ltr'>utrumque</span> <span class='ocrx_word' id='word_1_754' title='bbox 3616 4715 3771 4772; x_wconf 85' lang='lat' dir='ltr'>solli-</span> 
     </span>
    </p>
   </div>
   <div class='ocr_carea' id='block_1_112' title="bbox 2119 4805 3772 4876">
    <p class='ocr_par' dir='ltr' id='par_1_112' title="bbox 2119 4805 3772 4876">
     <span class='ocr_line' id='line_1_113' title="bbox 2119 4805 3772 4876; baseline -0.001 -14"><span class='ocrx_word' id='word_1_755' title='bbox 2119 4809 2313 4863; x_wconf 89' lang='lat' dir='ltr'>citudo</span> <span class='ocrx_word' id='word_1_756' title='bbox 2339 4825 2534 4862; x_wconf 89' lang='lat' dir='ltr'>rerum</span> <span class='ocrx_word' id='word_1_757' title='bbox 2563 4806 2815 4861; x_wconf 73' lang='lat' dir='ltr'>ﬁdeliter</span> <span class='ocrx_word' id='word_1_758' title='bbox 2837 4805 3131 4861; x_wconf 86' lang='lat' dir='ltr'>examinet</span> <span class='ocrx_word' id='word_1_759' title='bbox 3147 4805 3772 4876; x_wconf 88' lang='lat' dir='ltr'>veritatem,quatenus</span> 
     </span>
    </p>
   </div>
   <div class='ocr_carea' id='block_1_113' title="bbox 2120 4893 3771 4966">
    <p class='ocr_par' dir='ltr' id='par_1_113' title="bbox 2120 4893 3771 4966">
     <span class='ocr_line' id='line_1_114' title="bbox 2120 4893 3771 4966; baseline -0.002 -14"><span class='ocrx_word' id='word_1_760' title='bbox 2120 4915 2224 4952; x_wconf 87' lang='lat' dir='ltr'>nec</span> <span class='ocrx_word' id='word_1_761' title='bbox 2258 4897 2459 4966; x_wconf 88' lang='lat' dir='ltr'>religio</span> <span class='ocrx_word' id='word_1_762' title='bbox 2491 4900 2778 4951; x_wconf 86' lang='lat' dir='ltr'>temerata</span> <span class='ocrx_word' id='word_1_763' title='bbox 2802 4895 3092 4960; x_wconf 89' lang='lat' dir='ltr'>videatur,</span> <span class='ocrx_word' id='word_1_764' title='bbox 3127 4911 3232 4949; x_wconf 91' lang='lat' dir='ltr'>nec</span> <span class='ocrx_word' id='word_1_765' title='bbox 3255 4911 3459 4949; x_wconf 86' lang='lat' dir='ltr'>servus</span> <span class='ocrx_word' id='word_1_766' title='bbox 3479 4893 3588 4949; x_wconf 89' lang='lat' dir='ltr'>hac</span> <span class='ocrx_word' id='word_1_767' title='bbox 3612 4895 3771 4964; x_wconf 75' lang='lat' dir='ltr'>obje~</span> 
     </span>
    </p>
   </div>
   <div class='ocr_carea' id='block_1_114' title="bbox 2119 4974 3771 5056">
    <p class='ocr_par' dir='ltr' id='par_1_114' title="bbox 2119 4974 3771 5056">
     <span class='ocr_line' id='line_1_115' title="bbox 2119 4974 3771 5056; baseline -0.001 -16"><span class='ocrx_word' id='word_1_768' title='bbox 2119 4987 2309 5041; x_wconf 86' lang='lat' dir='ltr'>ctione</span> <span class='ocrx_word' id='word_1_769' title='bbox 2341 4974 2625 5040; x_wconf 80' lang='lat' dir='ltr'>mentitus</span> <span class='ocrx_word' id='word_1_770' title='bbox 2657 4983 3043 5056; x_wconf 83' lang='lat' dir='ltr'>competentis</span> <span class='ocrx_word' id='word_1_771' title='bbox 3068 4986 3207 5054; x_wconf 88' lang='lat' dir='ltr'>jura</span> <span class='ocrx_word' id='word_1_772' title='bbox 3229 4983 3453 5040; x_wconf 89' lang='lat' dir='ltr'>domini</span> <span class='ocrx_word' id='word_1_773' title='bbox 3479 4983 3771 5039; x_wconf 86' lang='lat' dir='ltr'>declinare</span> 
     </span>
    </p>
   </div>
   <div class='ocr_carea' id='block_1_115' title="bbox 2119 5078 2455 5132">
    <p class='ocr_par' dir='ltr' id='par_1_115' title="bbox 2119 5078 2455 5132">
     <span class='ocr_line' id='line_1_116' title="bbox 2119 5078 2455 5132; baseline 0.006 -2"><span class='ocrx_word' id='word_1_774' title='bbox 2119 5078 2455 5132; x_wconf 87' lang='lat' dir='ltr'>contendat.</span> 
     </span>
    </p>
   </div>
   <div class='ocr_carea' id='block_1_116' title="bbox 2119 5164 3765 5232">
    <p class='ocr_par' dir='ltr' id='par_1_116' title="bbox 2119 5164 3765 5232">
     <span class='ocr_line' id='line_1_117' title="bbox 2119 5164 3765 5232; baseline -0.001 -15"><span class='ocrx_word' id='word_1_775' title='bbox 2119 5167 2248 5219; x_wconf 91' lang='lat' dir='ltr'>CAP.</span> <span class='ocrx_word' id='word_1_776' title='bbox 2285 5165 2405 5220; x_wconf 73' lang='grc'>114.</span> <span class='ocrx_word' id='word_1_777' title='bbox 2440 5195 2506 5203; x_wconf 87' lang='grc'>-</span> <span class='ocrx_word' id='word_1_778' title='bbox 2541 5165 2690 5232; x_wconf 81' lang='lat' dir='ltr'>Quod</span> <span class='ocrx_word' id='word_1_779' title='bbox 2721 5166 2905 5220; x_wconf 64' lang='lat' dir='ltr'>Judaei</span> <span class='ocrx_word' id='word_1_780' title='bbox 2931 5165 3148 5218; x_wconf 81' lang='lat' dir='ltr'>servari</span> <span class='ocrx_word' id='word_1_781' title='bbox 3177 5164 3424 5228; x_wconf 83' lang='lat' dir='ltr'>debeant,</span> <span class='ocrx_word' id='word_1_782' title='bbox 3457 5177 3568 5217; x_wconf 89' lang='lat' dir='ltr'>non</span> <span class='ocrx_word' id='word_1_783' title='bbox 3629 5164 3765 5216; x_wconf 85' lang='lat' dir='ltr'>occi-</span> 
     </span>
    </p>
   </div>
   <div class='ocr_carea' id='block_1_117' title="bbox 2187 5235 3766 5307">
    <p class='ocr_par' dir='ltr' id='par_1_117' title="bbox 2187 5235 3766 5307">
     <span class='ocr_line' id='line_1_118' title="bbox 2187 5235 3766 5307; baseline -0.001 -18"><span class='ocrx_word' id='word_1_784' title='bbox 2187 5237 2268 5290; x_wconf 86' lang='lat' dir='ltr'>di.</span> <span class='ocrx_word' id='word_1_785' title='bbox 2299 5236 2610 5290; x_wconf 68' lang='lat' dir='ltr'>Alexander</span> <span class='ocrx_word' id='word_1_786' title='bbox 2638 5253 2784 5307; x_wconf 76' lang='lat' dir='ltr'>papa</span> <span class='ocrx_word' id='word_1_787' title='bbox 2836 5238 2883 5291; x_wconf 92' lang='lat' dir='ltr'>II</span> <span class='ocrx_word' id='word_1_788' title='bbox 2937 5235 3195 5290; x_wconf 83' lang='lat' dir='ltr'>omnibus</span> <span class='ocrx_word' id='word_1_789' title='bbox 3250 5237 3516 5304; x_wconf 85' lang='lat' dir='ltr'>episcopis</span> <span class='ocrx_word' id='word_1_790' title='bbox 3567 5235 3766 5304; x_wconf 49' lang='lat' dir='ltr'>Hispo-</span> 
     </span>
    </p>
   </div>
   <div class='ocr_carea' id='block_1_118' title="bbox 2186 5307 2591 5378">
    <p class='ocr_par' dir='ltr' id='par_1_118' title="bbox 2186 5307 2591 5378">
     <span class='ocr_line' id='line_1_119' title="bbox 2186 5307 2591 5378; baseline 0 -16"><span class='ocrx_word' id='word_1_791' title='bbox 2186 5310 2301 5362; x_wconf 67' lang='lat' dir='ltr'>nia?</span> <span class='ocrx_word' id='word_1_792' title='bbox 2332 5307 2591 5378; x_wconf 60' lang='lat' dir='ltr'>[Galliae].</span> 
     </span>
    </p>
   </div>
   <div class='ocr_carea' id='block_1_119' title="bbox 2189 5393 3762 5468">
    <p class='ocr_par' dir='ltr' id='par_1_119' title="bbox 2189 5393 3762 5468">
     <span class='ocr_line' id='line_1_120' title="bbox 2189 5393 3762 5468; baseline 0 -20"><span class='ocrx_word' id='word_1_793' title='bbox 2189 5395 2412 5449; x_wconf 87' lang='lat' dir='ltr'>Placuit</span> <span class='ocrx_word' id='word_1_794' title='bbox 2432 5396 2602 5450; x_wconf 91' lang='lat' dir='ltr'>nobis</span> <span class='ocrx_word' id='word_1_795' title='bbox 2625 5413 3019 5468; x_wconf 85' lang='lat' dir='ltr'>sermo,quem</span> <span class='ocrx_word' id='word_1_796' title='bbox 3047 5411 3233 5465; x_wconf 88' lang='lat' dir='ltr'>nuper</span> <span class='ocrx_word' id='word_1_797' title='bbox 3257 5396 3326 5450; x_wconf 91' lang='lat' dir='ltr'>de</span> <span class='ocrx_word' id='word_1_798' title='bbox 3347 5393 3518 5450; x_wconf 88' lang='lat' dir='ltr'>vobis</span> <span class='ocrx_word' id='word_1_799' title='bbox 3541 5394 3762 5449; x_wconf 87' lang='lat' dir='ltr'>audivi-</span> 
     </span>
    </p>
   </div>
   <div class='ocr_carea' id='block_1_120' title="bbox 2120 5483 3760 5556">
    <p class='ocr_par' dir='ltr' id='par_1_120' title="bbox 2120 5483 3760 5556">
     <span class='ocr_line' id='line_1_121' title="bbox 2120 5483 3760 5556; baseline -0.001 -18"><span class='ocrx_word' id='word_1_800' title='bbox 2120 5501 2275 5551; x_wconf 89' lang='lat' dir='ltr'>mus,</span> <span class='ocrx_word' id='word_1_801' title='bbox 2308 5486 2600 5554; x_wconf 86' lang='lat' dir='ltr'>quomodo</span> <span class='ocrx_word' id='word_1_802' title='bbox 2632 5486 2801 5540; x_wconf 90' lang='lat' dir='ltr'>tutati</span> <span class='ocrx_word' id='word_1_803' title='bbox 2835 5484 2977 5540; x_wconf 90' lang='lat' dir='ltr'>estis</span> <span class='ocrx_word' id='word_1_804' title='bbox 3014 5484 3246 5539; x_wconf 82' lang='lat' dir='ltr'>Judaeos</span> <span class='ocrx_word' id='word_1_805' title='bbox 3298 5484 3395 5556; x_wconf 87' lang='lat' dir='ltr'>qui</span> <span class='ocrx_word' id='word_1_806' title='bbox 3452 5483 3608 5539; x_wconf 89' lang='lat' dir='ltr'>inter</span> <span class='ocrx_word' id='word_1_807' title='bbox 3663 5499 3760 5537; x_wconf 89' lang='lat' dir='ltr'>vos</span> 
     </span>
    </p>
   </div>
   <div class='ocr_carea' id='block_1_121' title="bbox 2117 5571 3760 5644">
    <p class='ocr_par' dir='ltr' id='par_1_121' title="bbox 2117 5571 3760 5644">
     <span class='ocr_line' id='line_1_122' title="bbox 2117 5571 3760 5644; baseline -0.002 -14"><span class='ocrx_word' id='word_1_808' title='bbox 2117 5572 2412 5642; x_wconf 87' lang='lat' dir='ltr'>habitant,</span> <span class='ocrx_word' id='word_1_809' title='bbox 2441 5590 2510 5630; x_wconf 88' lang='lat' dir='ltr'>ne</span> <span class='ocrx_word' id='word_1_810' title='bbox 2571 5573 3047 5630; x_wconf 87' lang='lat' dir='ltr'>interimerentur</span> <span class='ocrx_word' id='word_1_811' title='bbox 3102 5571 3176 5630; x_wconf 88' lang='lat' dir='ltr'>ab</span> <span class='ocrx_word' id='word_1_812' title='bbox 3229 5571 3348 5629; x_wconf 89' lang='lat' dir='ltr'>illis</span> <span class='ocrx_word' id='word_1_813' title='bbox 3406 5572 3508 5644; x_wconf 88' lang='lat' dir='ltr'>qui</span> <span class='ocrx_word' id='word_1_814' title='bbox 3562 5574 3760 5628; x_wconf 83' lang='lat' dir='ltr'>contra</span> 
     </span>
    </p>
   </div>
  </div>
