4002 6054
206 270 316 324 8'25

1028 276 1337 328 DECRETI
1377 278 1560 330 PARS
1597 248 1745 329 XIV.
1793 304 1856 313 —
1902 277 1996 327 DE
2036 274 2801 327 EXCOMMUNICATIONE.

3515 270 3621 328 826

210 395 559 449 Sarracenos
635 378 709 447 in
749 394 1089 465 Hispaniam
1159 396 1696 465 proficiscebantur.
1773 394 1859 451 Illi
1891 399 1938 463 Α
1977 402 2074 448 aut
2106 397 2297 464 eos,in
2333 394 2783 449 inﬁrmitatibus
2808 393 3127 460 suisvocet,
3145 396 3245 447 aut
3265 393 3619 448 medicinam

209 484 430 553 quippe
489 484 673 538 stulla
721 484 1073 554 ignorantia,
1124 484 1210 539 vel
1260 486 1404 539 forte
1437 503 1585 540 caeca
1632 486 1857 557 cupidi-

208 578 325 626 tate
383 574 680 641 commoti,
730 574 786 626 in
838 590 1038 627 eorum
1090 590 1285 628 necem
1320 573 1591 629 volebant
1636 576 1856 641 saevire,

210 676 359 730 quos
421 661 669 715 fortasse
725 662 922 715 divina
972 662 1156 732 pietas
1213 662 1282 716 ad
1346 662 1592 717 salutem
1637 666 1857 733 prende-

210 748 471 804 stinavit.
508 751 600 805 Sic
633 750 805 804 etiam
855 752 1061 805 beatus
1091 751 1406 820 Gregorius
1438 753 1725 821 quosdam
1759 754 1856 823 qui

210 841 279 893 ad
342 856 443 893 eos
502 839 782 894 delendos
832 841 1289 895 exardescebant
1333 841 1693 911 prohuibuit,
1749 842 1857 895 im-

211 928 374 999 pium
430 944 558 983 esse
607 929 965 983 denuntians
1023 945 1123 984 cos
1179 929 1371 984 delere
1428 930 1573 985 velle
1602 930 1699 999 qui
1764 931 1860 985 Dei

209 1017 617 1072 misericordia
647 1019 860 1072 servati
921 1022 1083 1084 sunt,
1144 1023 1206 1072 ut
1239 1019 1427 1089 patria
1477 1018 1861 1091 libertateque

186 1107 746 1172 ‘amissa,diuturna
780 1107 1125 1177 poenitentia
1146 1107 1386 1162 Patrum
1411 1108 1772 1179 prsejudicio,
1797 1108 1855 1163 in

210 1194 495 1249 effusione
528 1196 833 1266 sanguinis
874 1195 1190 1252 Salvatoris
1222 1196 1507 1261 damnati,
1540 1214 1641 1268 per
1680 1203 1858 1252 terra-

212 1300 340 1337 rum
377 1284 534 1338 orbis
569 1284 769 1355 plagas
800 1284 1049 1356 dispersi
1091 1286 1304 1339 vivant.
1340 1285 1549 1357 Dispar
1580 1286 1857 1340 nimirum

209 1379 300 1426 est
328 1373 659 1427 Judaeorum
692 1378 747 1427 et
768 1374 1221 1429 Sarracenorum
1249 1391 1441 1429 causa.
1471 1375 1529 1429 In
1556 1374 1670 1430 illis
1701 1376 1856 1430 enim

211 1462 307 1532 qui
338 1462 704 1517 Christianos
732 1468 1188 1534 persequuntur,
1213 1470 1267 1517 et
1296 1481 1363 1518 ex
1388 1465 1633 1518 urbibus
1655 1470 1711 1519 et
1732 1482 1859 1535 pro-

211 1550 356 1621 priis
380 1552 622 1607 sedibus
646 1553 875 1623 pellunt
897 1553 1058 1621 juste
1082 1558 1396 1623 pugnatur,
1431 1553 1488 1606 hi
1515 1554 1732 1624 ubique
1759 1570 1856 1625 pa-

209 1640 316 1692 rati
352 1644 490 1693 sunt
520 1641 751 1694 servire.
785 1642 1105 1706 Quemdem
1167 1642 1342 1694 etiam
1394 1643 1732 1712 episcopum
1768 1659 1859 1713 sy-

207 1744 494 1799 nagogam
528 1745 730 1783 eorum
764 1732 1065 1783 destruere
1096 1729 1384 1784 volentem
1417 1731 1696 1785 cohibuit.

206 1834 343 1889 CAP.
379 1836 499 1889 115.
534 1864 599 1876 -
636 1841 716 1891 De
740 1836 945 1892 eodem.
982 1837 1318 1917 Berengario
1348 1837 1689 1893 Narbonensi
1716 1839 1856 1893 vice-

929 1919 1141 1962 6‘07nll2.

290 1997 520 2050 Noverit
544 1996 854 2067 prudentia
876 2004 1066 2051 vestra
1090 1998 1256 2051 nobis
1274 1997 1563 2068 placuisse
1582 2000 1745 2069 quod,
1761 1999 1858 2054 Ju-

210 2084 367 2139 dzeos
398 2084 497 2155 qui
530 2086 637 2139 sub
664 2090 853 2140 vestra
886 2091 1172 2156 potestate
1206 2086 1488 2154 habitant,
1514 2088 1685 2142 tutati
1717 2089 1858 2142 estis

208 2190 277 2228 ne
310 2174 733 2231 occiderentur.
768 2175 892 2228 Non
920 2175 1073 2229 enim
1128 2178 1345 2247 gaudet
1386 2182 1534 2231 Deus
1574 2177 1856 2233 effusione

204 2263 536 2333 sanguinis,
593 2280 781 2335 neque
816 2262 1044 2318 laetatur
1093 2265 1150 2318 in
1188 2265 1509 2337 perditione
1541 2266 1854 2321 malorum.

218 2351 373 2414 Item,
441 2352 754 2423 Willefredo
813 2353 1130 2423 [Wz'I/redo]
1190 2355 1535 2410 Narbonensi
1585 2357 1857 2427 archiepi-

203 2440 606 2511 scopo.0mnes
640 2442 799 2511 leges
834 2448 947 2496 tam
986 2441 1389 2498 ecclesiasticae
1415 2461 1587 2513 quam
1611 2445 1855 2499 sarcula-

217 2546 330 2593 res,
363 2530 707 2585 effusionem
742 2530 983 2585 humani
1020 2533 1327 2603 sanguinis
1348 2533 1675 2604 prohibent.

205 2637 343 2710 Cap.
378 2640 498 2692 116.
536 2669 601 2677 -
633 2642 712 2695 Ne
766 2638 1043 2692 medicina
1102 2656 1131 2689 a
1174 2638 1357 2695 Iudaeo
1389 2640 1722 2707 accipiatur.
1777 2642 1858 2695 Ex

632 2712 875 2777 septima
906 2713 1133 2780 synodo,
1171 2727 1287 2781 cap.
1327 2713 1411 2765 11.

275 2798 477 2854 Nullus
495 2816 695 2854 eorum
725 2800 823 2868 qui
852 2800 907 2853 in
941 2817 1105 2854 sacro
1136 2807 1278 2854 sunt
1309 2800 1511 2855 ordine
1536 2806 1637 2854 aut
1667 2800 1853 2855 laicus

203 2903 403 2959 azyma
426 2888 763 2943 Judaeorum
801 2889 1133 2955 manducet,
1170 2895 1273 2944 aut
1305 2905 1438 2944 cum
1475 2889 1559 2943 eis
1607 2889 1853 2957 habitet,

1971 485 2041 537 ab
2077 484 2157 538 eis
2194 485 2459 554 accipiat,
2487 489 2587 537 aut
2609 500 2741 537 cum
2774 484 2856 537 eis
2884 483 2940 536 in
2968 481 3175 536 balneo
3196 480 3364 536 lavet.
3396 483 3449 535 Si
3485 499 3617 537 vero

1970 573 2279 643 quisquam
2316 573 2423 627 hoc
2459 573 2692 638 fecerit;
2729 573 2777 627 si
2810 571 3057 626 clericus
3087 575 3195 639 est,
3249 572 3615 643 deponatur;

1970 661 2020 716 si
2051 661 2235 716 laicus
2263 677 2418 726 vero,
2450 662 3009 715 excommunicetur.

1969 769 2102 825 CAP.
2138 770 2257 823 117.
2294 802 2360 808 -
2393 771 2467 824 Ne
2498 769 2808 822 Christiani
2860 784 2983 821 cum
3030 767 3233 823 Judaeis
3264 769 3453 821 ineant
3491 783 3615 823 con-

2218 844 2391 896 vivia.
2424 842 2536 895 Eex
2555 841 2788 895 concilio
2819 840 3116 910 Agat/zensi
3136 856 3254 908 cap.
3280 841 3366 894 4Ο.

2042 932 2151 1000 (28,
2186 948 2235 1000 q.
2274 931 2319 984 1.
2356 947 2402 984 c.
2431 929 2623 984 Omnes
2643 928 2899 997 deinceps
2924 928 3167 999 clerici.)
3193 928 3407 983 Omnes
3424 928 3617 983 clerici

1970 1020 2090 1075 sive
2124 1019 2605 1075 laiciJudazorum
2632 1018 2893 1073 convivia
2915 1017 3241 1084 vitent,nec
3268 1032 3367 1071 eos
3389 1017 3459 1071 ad
3476 1034 3619 1072 con-

1970 1109 2188 1163 vivium
2244 1108 2559 1180 quisquam
2594 1107 2859 1177 accipiat,
2896 1106 3055 1177 quia,
3090 1122 3222 1161 cum
3247 1106 3401 1177 apud
3432 1106 3621 1161 Chris-

1970 1197 2161 1253 tianos
2193 1198 2339 1252 cibis
2370 1196 2786 1253 communibus
2832 1213 2941 1250 non
2995 1200 3256 1263 utantur,
3306 1194 3615 1268 indignum

1970 1290 2059 1341 est
2092 1292 2267 1358 atque
2295 1286 2667 1357 sacritlegum
2729 1301 2931 1340 eorum
2983 1284 3143 1339 cibos
3191 1301 3221 1337 a
3269 1284 3617 1339 Christianis

1970 1376 2147 1445 sumi,
2184 1392 2314 1430 cum
2337 1392 2403 1431 ea
2426 1392 2552 1446 quae
2590 1373 2861 1445 Apostolo
2890 1373 3262 1445 permittente
3296 1390 3402 1428 nos
3427 1372 3615 1427 sumi-

1971 1480 2104 1518 mus
2128 1464 2198 1517 ab
2224 1464 2339 1518 illis
2358 1463 2695 1533 judicentur
2719 1462 3075 1529 immunda(l
3093 1463 3404 1531 Tim.1v),ac
3428 1462 3510 1517 sic
3528 1462 3617 1516 in-

1970 1554 2209 1607 feriores
2244 1552 2527 1622 incipiant
2571 1568 2698 1606 esse
2748 1550 3067 1605 Christiani
3118 1566 3293 1621 quam
3325 1550 3533 1617 Judaei,
3568 1549 3618 1604 si

1969 1643 2137 1697 nobis
2169 1660 2295 1713 quas
2320 1642 2391 1696 ab
2426 1641 2539 1695 illis
2564 1640 2821 1695 vitantur
2847 1646 3243 1711 apponuntur,
3264 1639 3345 1692 illi
3372 1641 3619 1711 [nosque

1968 1732 2041 1786 ab
2075 1731 2189 1785 illis
2225 1737 2524 1801 ponuntur
2554 1736 2825 1784 utamur:
2876 1729 2981 1798 illi,
3014 1734 3160 1799 etc.,
3210 1730 3377 1800 orig.)
3418 1744 3553 1783 vero
3585 1745 3620 1782 a

1970 1822 2135 1875 nobis
2168 1820 2363 1875 oblata
2391 1826 2787 1874 contemnant.

1968 1929 2102 1995 CAP,
2139 1928 2257 1981 118.
2292 1958 2359 1967 -
2390 1929 2464 1982 Ne
2486 1927 2699 1997 judice:
2728 1926 2813 1981 vel
2866 1924 3140 1997 telonarii
3182 1926 3617 1980 constituantur.

2037 2002 2121 2054 Ex
2150 2016 2298 2054 conc.
2343 1997 2747 2054 Matisconcnsi
2795 2008 3033 2065 tempore
3083 1996 3397 2052 Guntranni
3442 1999 3618 2064 regis,

2036 2088 2154 2141 cap.
2196 2072 2256 2124 16
2296 2073 2532 2141 (.llalisc.
2564 2086 2694 2124 conc
2726 2086 2763 2136 ι,
2794 2085 2841 2122 c.
2876 2068 2985 2139 13).

2036 2168 2118 2223 Ne
2145 2167 2330 2223 Judaei
2360 2166 2709 2223 Christianis
2755 2165 2971 2236 proeliis
3017 2163 3292 2236 (pupulis,
3325 2164 3492 2235 orig.]
3517 2164 3614 2234 ju-

1966 2258 2125 2312 dices
2158 2260 2532 2328 deputentur,
2577 2261 2677 2310 aut
2710 2254 2976 2309 telonarii
3010 2270 3137 2309 esse
3178 2254 3616 2325 per-mittantur,

1968 2364 2069 2417 per
2099 2349 2252 2418 quod
2288 2346 2402 2400 illis
2453 2347 2628 2416 (quod
2691 2345 2842 2399 Deus
2895 2343 3135 2413 avertat)
3170 2341 3487 2397 Christiani
3534 2343 3616 2397 vi-

1967 2439 2213 2491 deantur
2242 2452 2368 2489 esse
2400 2434 2671 2502 subjecti.

2037 2544 2169 2597 ΟΑρ.
2205 2541 2323 2595 HO.
2361 2571 2427 2579 —
2460 2541 2529 2593 De
2556 2538 2887 2608 ρωηὶιεηῐὶα
2932 2552 3123 2608 eorum
3147 2534 3391 2608 quicum
3413 2532 3620 2608 Judaei:

2034 2613 2217 2667 cibum
2255 2604 2612 2681 sumpserint.
2650 2612 2741 2662 lia:
2767 2624 2914 2662 conc.
2946 2604 3310 2673 Eliberitano,
3365 2621 3486 2674 cap.
3527 2605 3617 2659 30.

2038 2710 2094 2765 Si
2129 2710 2343 2779 aliquis
2375 2707 2621 2763 clericus
2655 2706 2774 2759 sive
2805 2705 2996 2758 fidelis
3028 2702 3202 2757 fuerit
3223 2702 3323 2773 qui
3355 2718 3488 2756 cum
3521 2701 3620 2756 Ju-

1965 2801 2104 2853 daeis
2136 2799 2330 2852 cibum
2364 2794 2709 2866 sumpserit,
2736 2793 2953 2864 placuit
2975 2807 3107 2846 eum
3142 2808 3175 2845 a
3205 2790 3617 2844 communione

1968 2887 2283 2953 abstinere,
2318 2890 2381 2941 ut
2408 2885 2618 2939 debeat
2648 2883 2969 2938 emendari.

882 3183 1404 3275 DECRETI
1475 3183 1781 3275 PARS
1857 3182 2328 3274 DECIMA
2397 3180 2925 3290 QUARTA.

438 3363 523 3421 De
554 3362 1209 3424 excommunicatione
1234 3363 1407 3443 justa
1442 3364 1532 3425 vel
1565 3364 1825 3443 injusta,
1861 3369 1923 3424 et
1954 3363 2183 3442 quibus
2216 3362 2293 3423 de
2326 3361 2553 3435 causis,
2588 3367 2650 3421 et
2678 3378 2804 3439 quo
2835 3359 3055 3419 ordine
3084 3357 3373 3418 facienda

1848 3444 1950 3504 sit.

195 3732 333 3786 CAP.
372 3734 504 3805 LL—
544 3731 659 3798 Qua
688 3732 1014 3788 discretione
1058 3734 1242 3788 beatus
1281 3736 1473 3789 Petrus
1516 3735 1758 3791 docuerit
1790 3736 1850 3790 in
1881 3737 1923 3804 C
1965 3736 2123 3790 nime
2154 3735 2467 3791 concordat
2498 3754 2510 3802 ;
2547 3750 2613 3789 ac
2632 3751 2782 3805 saepe
2813 3734 3006 3805 agitur
3037 3736 3101 3786 ut
3128 3729 3473 3785 veldamnet
3502 3727 3614 3783 im-

268 3818 378 3856 uno
404 3801 673 3877 Clemente
704 3819 886 3859 omnes
911 3807 1174 3859 Ecclesia:
1204 3808 1463 3875 przrsules
1480 3808 1652 3877 ligare
1674 3816 1723 3862 et
1745 3811 1849 3863 sol-

268 3889 391 3928 vere
420 3875 601 3948 (epist.
652 3876 674 3948 1
718 3877 791 3930 ad
847 3877 1113 3931 Jacobum
1140 3881 1378 3948 fratrem
1410 3875 1635 3935 Domini
1664 3882 1844 3935 statim

265 3949 384 4014 post
415 3946 707 4015 princip).

265 4032 545 4089 Clementi
578 4035 764 4104 trado,
786 4035 864 4089 ait
887 4036 1095 4093 beatus
1124 4039 1349 4110 Petrus,
1375 4057 1407 4094 a
1430 4039 1676 4095 Domino
1702 4040 1847 4094 mihi

190 4122 467 4177 traditam
519 4128 865 4193 potestatem
897 4125 1108 4196 ligandi
1144 4132 1316 4199 atque
1352 4129 1638 4197 solvendi,
1673 4133 1736 4183 ut
1777 4130 1847 4184 de

194 4212 475 4266 omnibus
504 4212 955 4285 quibuscunque
987 4216 1385 4272 decreveritin
1411 4220 1602 4283 terris,
1626 4218 1734 4273 hoc
1756 4219 1847 4273 de-

194 4305 420 4355 cretum
455 4302 530 4357 sit
563 4303 619 4356 in
653 4302 832 4357 cmlis.
869 4304 1093 4375 Ligabit
1127 4306 1279 4360 enim
1329 4307 1481 4376 quod
1516 4312 1743 4378 Oportet
1772 4306 1842 4360 li-

192 4390 339 4461 gari,
374 4394 430 4445 et
461 4390 644 4446 solvet
676 4394 828 4462 quod
895 4394 1129 4464 expedit
1180 4395 1364 4463 solvi;
1410 4400 1692 4468 tanquam
1746 4396 1845 4466 qui

199 4479 269 4533 ad
306 4478 593 4549 liquidum
629 4480 899 4537 Ecclesim
928 4482 1191 4554 regulam
1226 4485 1472 4540 noverit.

232 4568 365 4622 CAP.
398 4567 451 4620 2.
485 4598 552 4607 —
583 4569 714 4623 Item
744 4570 816 4624 de
848 4571 1035 4625 eodem
1067 4574 1292 4634 (ibidem
1323 4575 1608 4645 aliquanto
1648 4574 1810 4644 post).

265 4660 505 4725 Omnes,
522 4658 856 4725 oClemens,
872 4677 1002 4715 cum
1026 4667 1189 4717 tanta
1213 4665 1533 4718 reverentia
1555 4668 1656 4718 tua
1677 4664 1850 4719 verba

194 4746 545 4818 suscipiant,
571 4753 635 4803 ut
664 4749 856 4803 sciant
884 4748 1140 4821 legatum
1173 4760 1225 4806 te
1272 4758 1329 4806 et
1359 4769 1681 4824 praeconem
1723 4769 1851 4808 esse

193 4836 487 4903 veritatis,
519 4842 575 4891 et
598 4840 961 4909 quodcunque
990 4840 1251 4909 ligaveris
1276 4858 1442 4913 super
1483 4850 1711 4909 terram,
1742 4844 1850 4898 erit

200 4924 437 4991 ligatum
467 4932 518 4979 et
550 4927 609 4979 in
641 4928 792 4996 cwlo,
825 4936 876 4982 et
902 4929 1267 5001 quodcunque
1294 4932 1522 4986 solveris
1552 4947 1717 5001 super
1746 4935 1851 4985 ter-

192 5028 337 5075 ram,
371 5016 475 5067 erit
505 5015 745 5069 solutum
774 5024 823 5070 et
876 5019 934 5071 in
984 5020 1118 5073 caelo
1164 5020 1375 5090 (Matth.
1428 5038 1541 5088 xvr,
1584 5020 1847 5090 quando-

185 5102 426 5171 quidem
462 5103 1025 5174 quoniam’quidem,
1060 5108 1223 5182 orig.)
1257 5112 1342 5181 (ut
1365 5109 1649 5182 dixi)quaa
1673 5125 1842 5181 opor-
1872 5107 1920 5171 D

190 5194 275 5244 tet
306 5189 539 5261 ligabis,
572 5196 628 5245 et
659 5208 785 5262 qua:
818 5195 1047 5264 expedit
1079 5197 1284 5252 solves.

187 5276 326 5332 CAP.
349 5280 411 5359 .3.
449 5311 513 5359 -_-
544 5282 617 5335 Ne
647 5283 916 5359 praelatus
945 5286 1229 5359 propriam
1252 5304 1479 5359 sequens
1500 5287 1843 5359 voluntatem

260 5355 359 5403 aut
388 5353 600 5425 solvere
628 5353 965 5417 noxios,’aut
988 5358 1163 5425 ligare
1184 5353 1408 5414 coneEur
1430 5362 1687 5415 insontes.
1714 5358 1840 5413 Gre-

262 5424 459 5489 gorius
490 5425 553 5477 in
584 5425 812 5479 humilia
843 5426 913 5479 26
944 5424 1062 5497 (lib.
1098 5430 1478 5498 Quadraginta
1508 5432 1697 5500 hom.).

270 5510 384 5581 (11,
421 5529 473 5582 q.
505 5513 557 5577 3,
590 5528 636 5567 c.
670 5514 1048 5587 Plerumque.)
1080 5517 1432 5590 Plerumque
1463 5517 1750 5590 contingit
1780 5521 1846 5573 ut

192 5597 291 5655 hic
312 5600 539 5671 judicia
568 5599 763 5658 locum
792 5604 1006 5676 teneat,
1036 5610 1207 5677 cujus
1256 5608 1325 5663 ad
1358 5605 1551 5664 locum
1579 5606 1697 5663 vita
1735 5606 1843 5662 mi-

1961 3825 2218 3891 meritos,
2248 3823 2334 3879 vel
2360 3823 2503 3879 alios
2526 3824 2651 3895 ipse
2675 3822 2893 3893 ligatus
2914 3822 3117 3877 solvat.
3136 3817 3367 3890 Saepein
3392 3817 3615 3873 solven-

1959 3915 2051 3968 dis
2083 3931 2147 3968 ac
2180 3913 2434 3985 ligandis
2468 3913 2724 3968 subditis
2752 3930 2869 3968 suae
2894 3909 3220 3967 voluntatis
3253 3912 3468 3975 motus,
3491 3924 3606 3961 non

1958 4010 2152 4057 autem
2174 4020 2487 4057 causarum
2512 4003 2722 4057 merita
2745 4001 3012 4072 sequitur
3037 4003 3254 4071 pastor;
3278 3997 3432 4050 unde
3458 3996 3520 4049 ﬁt
3542 3999 3605 4048 ut

1956 4092 2315 4164 ipsaligandi
2344 4108 2408 4146 ac
2431 4090 2690 4146 solvendi
2719 4096 3005 4160 potestate
3032 4104 3092 4143 se
3116 4086 3319 4159 privet,
3338 4083 3435 4153 qui
3457 4083 3607 4137 hanc

1958 4199 2062 4254 pro
2094 4182 2217 4236 suis
2248 4180 2648 4235 voluntatibus
2670 4185 2724 4234 et
2754 4196 2863 4234 non
2899 4195 3001 4247 pro
3034 4175 3408 4231 subditorum
3433 4172 3607 4225 mori-

1958 4271 2067 4325 bus
2098 4274 2341 4325 exercet.
2375 4270 2535 4339 Saape
2568 4270 2629 4322 tit
2659 4272 2724 4321 ut
2754 4283 2891 4336 erga
2922 4264 3242 4335 quemlibet
3272 4259 3605 4332 proximum

1957 4360 2089 4414 odio
2120 4358 2204 4413 vel
2237 4358 2427 4429 gratia
2447 4360 2742 4411 moveatur
2764 4360 2983 4426 pastor.
3010 4351 3283 4407 Judicare
3302 4354 3495 4404 autem
3520 4348 3608 4403 di-

1958 4462 2069 4518 gne
2091 4447 2162 4501 de
2184 4445 2433 4501 subditis
2459 4448 2781 4516 nequeunt,
2804 4444 2904 4512 qui
2932 4442 2988 4495 in
3014 4440 3385 4495 subditorum
3408 4436 3606 4492 causis

1959 4552 2067 4591 sua
2097 4535 2181 4590 vel
2214 4536 2347 4591 odia
2371 4533 2458 4589 vel
2481 4534 2729 4605 gratiam
2756 4536 3107 4602 sequuntur.
3133 4528 3298 4584 Unde
3331 4530 3483 4582 recte
3507 4542 3609 4597 per

1959 4624 2305 4696 Prophetam
2341 4622 2585 4679 dicitur:
2622 4620 3022 4690 Mortz'ﬁcabant
3069 4620 3289 4673 animas
3338 4631 3458 4687 quae
3496 4630 3609 4669 non

1958 4716 2296 4781 moriuntur,
2357 4722 2406 4767 et
2438 4711 2821 4782 vivliﬁcabant
2848 4712 3074 4764 animas
3106 4721 3232 4780 quae
3259 4721 3370 4761 non
3418 4706 3609 4759 vivunt

1958 4804 2172 4875 (Επειδὴ.
2206 4803 2482 4874 xm).Non
2518 4802 2866 4857 morientem
2899 4799 3116 4870 quippe
3137 4795 3473 4859 mortificat,
3505 4794 3607 4863 qui

1950 4895 2183 4965 justum
2208 4894 2468 4958 damnat,
2503 4895 2561 4946 et
2592 4907 2706 4945 non
2730 4888 3021 4943 victurum
3054 4885 3342 4941 viviﬁcare
3373 4881 3607 4949 nititur,

1960 4982 2056 5055 qui
2092 4998 2253 5037 reum
2288 4999 2315 5035 a
2352 4973 3447 5052 supplicioabsolvereconatur.Causa:
3474 4986 3607 5038 ergo

1959 5072 2270 5146 pensanda?
2298 5074 2457 5140 sunt,
2481 5074 2538 5125 et
2565 5074 2701 5124 tunc
2726 5067 2945 5139 ligandi
2970 5070 3145 5136 atque
3170 5060 3429 5119 solvendi
3456 5064 3609 5130 pote-

1951 5169 2073 5218 stas
2104 5161 2443 5223 exercenda,
2478 5159 2793 5214 videndum
2840 5174 2966 5229 qua:
3014 5153 3207 5224 culpa,
3242 5154 3343 5204 aut
3393 5165 3519 5218 quae
3552 5146 3615 5201 si

1951 5250 2289 5321 pmnitentia
2318 5254 2519 5305 secuta
2550 5253 2681 5320 post
2702 5246 2956 5317 culpam,
2981 5248 3044 5297 ut
3066 5256 3213 5313 quos
3234 5236 3607 5307 omnipotens

1951 5341 2107 5396 Deus
2140 5357 2241 5411 per
2270 5336 2741 5411 compunctionis
2798 5334 3046 5406 gratiam
3080 5330 3297 5392 visitat,
3322 5325 3451 5379 illos
3484 5339 3611 5378 sen-

1954 5431 2139 5486 tentia
2178 5428 2429 5501 pastoris
2462 5426 2743 5482 absolvat.
2766 5422 3099 5479 Tuncenim
3123 5434 3257 5474 vera
3276 5411 3610 5471 estabsolu-

1953 5509 2034 5574 tio
2050 5518 2435 5589 praesidentis,
2459 5533 2591 5571 cum
2621 5514 2833 5569 interni
2854 5512 3157 5567 arbitrium
3174 5502 3606 5577 sequiturjudi-

1959 5607 2063 5664 cis.
2097 5606 2260 5672 Quod
2294 5607 2442 5662 bene
2470 5601 2846 5675 quatriduani
2875 5600 3072 5658 Lazari
3119 5597 3219 5653 illa
3256 5592 3606 5652 resurrectio
