4002 6054
231 226 340 278 829

1060 228 1372 280 DECRETI
1412 226 1596 279 PARS
1632 223 1779 279 XIV.
1806 249 1876 260 —
1912 223 2008 275 DE
2044 220 2813 277 EXCOMMUNICATIONE.

3538 212 3645 266 830

231 352 462 417 citetur,
514 366 586 404 nc
630 349 703 403 iis
737 350 836 419 qui
879 349 950 404 ad
986 349 1292 406 ecclesiam
1338 350 1546 406 nolunt
1594 348 1887 415 accedere,
1922 351 1967 414 Α
2004 349 2295 412 neantur;
2341 349 2399 400 et
2445 346 2495 401 si
2547 360 2745 416 parere
2786 340 3104 407 noluerint,
3138 337 3473 395 communio
3527 338 3645 393 illis

229 442 379 495 sicut
409 439 491 493 ait
520 438 857 510 Apostolus,
897 440 1104 494 demus
1129 440 1517 505 occasionem,
1543 439 1612 509 (ll
1639 441 1762 494 Cor.
1796 438 1883 505 ιι),

228 547 345 584 non
380 530 489 583 erit
522 528 631 582 hoc
662 533 929 582 nostrum
959 529 1195 583 factum.
1230 529 1377 593 Quid
1402 528 1555 582 enim
1589 527 1755 581 obest
1788 525 1887 578 ho-

230 618 397 687 mini,
432 617 588 688 quod
617 634 684 671 ex
714 616 816 671 illa
846 616 1043 671 tabula
1068 633 1179 671 non
1208 618 1333 671 vult
1365 634 1498 671 eum
1533 614 1761 669 recitari
1786 613 1889 666 liu-

228 725 407 763 mana
454 706 809 777 ignorantia,
859 706 906 761 si
959 707 1029 760 de
1060 705 1209 761 libro
1250 706 1573 761 viventium
1606 721 1719 759 non
1752 718 1886 758 eum

225 798 426 853 deleat
456 797 662 868 iniqua
691 797 1073 851 conscientia.

225 901 360 951 CAP.
414 895 499 950 l2.
554 926 621 934 —-
655 896 727 948 De
774 894 975 949 eodem.
1012 894 1364 962 Augustinus
1403 895 1472 948 ad
1512 892 1883 949 Secundinum

295 967 665 1108 Mazichaziu)":
698 969 851 1037 (tom.
894 968 970 1036 Vl,
1001 965 1097 1021 lib.
1132 972 1323 1021 contra
1354 966 1724 1021 Secundinum
1761 968 1885 1017 Ma-

297 1055 390 1093 mc
436 1079 449 1093 .
481 1056 528 1093 c.
566 1066 569 1069 -
626 1078 638 1091 .

297 1055 449 1093 πίση.
481 1056 528 1093 (3.
566 1055 638 1093 1).

299 1137 411 1207 (11,
453 1152 503 1206 q.
556 1136 608 1205 3,
643 1152 688 1190 c.
733 1134 912 1205 Sent.)
944 1134 1104 1190 Senti
1138 1136 1209 1189 de
1236 1134 1565 1205 Augustino
1598 1137 1884 1209 quidquid

227 1225 391 1289 libet,
427 1224 551 1280 sola
605 1241 696 1278 me
727 1224 787 1277 in
822 1223 1008 1278 oculis
1058 1223 1159 1278 Dei
1211 1224 1572 1280 conscientia
1625 1243 1738 1281 non
1791 1243 1888 1283 ac-

225 1320 419 1369 cuset.

224 1401 361 1455 CAP.
417 1402 503 1457 13.
556 1432 624 1439 ——
675 1403 734 1455 In
775 1400 989 1471 judicio
1040 1401 1215 1455 solam
1263 1404 1573 1456 timendam
1605 1419 1718 1458 esse
1754 1420 1886 1459 con-

292 1475 604 1528 scientiam.
638 1474 773 1544 Aug.
807 1488 974 1542 super
1010 1471 1159 1543 psal.
1194 1490 1360 1527 xxxw
1391 1474 1500 1544 (ad.
1535 1492 1673 1529 vers.
1702 1476 1810 1547 33).

299 1583 406 1648 (11,
440 1598 489 1649 q.
526 1580 576 1644 3,
601 1594 650 1635 c.
685 1580 798 1634 Etsi
828 1580 1089 1648 tempus.)
1121 1579 1239 1633 Etsi
1267 1580 1336 1633 ad
1374 1585 1609 1653 tempus
1641 1582 1885 1637 damna-

227 1668 308 1723 ris
338 1669 409 1723 ab
442 1668 700 1733 homine,
733 1673 790 1723 et
824 1669 875 1721 si
906 1668 1120 1722 dixeris
1152 1669 1511 1724 sententiam
1546 1671 1883 1742 proconsuli

224 1760 466 1831 [dixeris
485 1760 831 1814 sententiam
860 1758 1221 1831 proconsuli)
1248 1760 1303 1813 in
1324 1760 1703 1832 Cyprianum,
1729 1761 1883 1816 aliud

227 1854 317 1905 est
338 1847 481 1903 sella
500 1853 751 1915 terrena,
770 1848 929 1903 aliud
956 1848 1211 1902 tribunal
1240 1848 1495 1919 cmleste,
1520 1850 1592 1903 ab
1616 1851 1887 1906 inferiore

230 1937 442 2008 accipit
471 1937 848 2003 sententiam,
882 1954 915 1991 a
946 1937 1250 2007 superiore
1282 1954 1578 1992 coronam.

229 2057 367 2109 CAP.
419 2054 502 2107 14.
553 2084 622 2093 -ο
652 2055 801 2109 Justo
839 2070 935 2123 pro
969 2052 1262 2108 maledicto
1310 2055 1514 2125 injuste
1556 2055 1711 2109 illato
1740 2070 1885 2123 prae-

304 2127 479 2178 mium
540 2127 662 2198 fore
718 2128 1075 2194 sperandum.
1136 2127 1471 2196 Augustinus
1526 2143 1694 2197 super
1742 2127 1882 2198 psal.

308 2214 503 2251 xxxvu
532 2197 623 2266 (ad
656 2214 798 2251 vers.
836 2199 943 2262 16).

299 2297 412 2364 (11,
453 2312 503 2365 q.
545 2295 600 2362 3,
647 2311 695 2349 c.
729 2296 988 2360 Custodi.)
1021 2294 1260 2349 Custodi
1295 2295 1453 2349 intus
1486 2295 1884 2351 innocentiam

225 2388 389 2438 tuam
424 2384 523 2438 ubi
558 2400 724 2439 nemo
757 2383 1037 2454 opprimit
1068 2398 1305 2438 causam
1343 2388 1526 2440 tuam.
1582 2385 1887 2440 Praevaluit

220 2472 283 2527 in
340 2476 398 2526 te
450 2471 663 2527 falsum
728 2472 1158 2537 testimonium,
1231 2473 1331 2527 sed
1384 2474 1539 2543 apud
1590 2473 1883 2529 homines.

225 2560 504 2631 Nunquid
537 2561 690 2630 apud
722 2562 902 2615 Deum
932 2559 1165 2623 valebit,
1193 2560 1289 2614 ubi
1316 2578 1493 2615 causa
1519 2567 1616 2615 tua
1640 2562 1889 2617 dicenda

225 2649 362 2704 est?
408 2649 650 2714 Quando
704 2648 858 2704 Deus
888 2651 999 2703 erit
1040 2649 1245 2718 judex,
1296 2648 1449 2704 alius
1494 2652 1660 2705 testis
1707 2668 1882 2721 quam

226 2737 583 2792 conscientia
632 2740 730 2791 tua
790 2754 903 2791 non
964 2738 1094 2791 erit.
1151 2738 1303 2790 inter
1337 2738 1601 2807 judiccm
1649 2738 1883 2808 justum

229 2831 285 2882 et
331 2826 751 2882 conscientiam
804 2832 965 2881 tuam
1017 2827 1133 2882 noli
1194 2828 1419 2894 timere,
1484 2828 1594 2883 nisi
1643 2845 1884 2885 causam

226 2919 414 2970 tuam.
464 2915 614 2970 Item.
664 2915 890 2983 August.
934 2931 1100 2985 super
1144 2917 1284 2985 psal.
1340 2916 1441 2969 102
1480 2916 1572 2984 (ad
1620 2933 1756 2973 vers.
1805 2920 1884 2987 6).

227 3004 331 3067 Qui
354 3005 555 3071 justus
586 3008 675 3057 est
695 3008 752 3058 et
782 3004 999 3074 injuste
1033 3003 1428 3069 maledicitur,
1462 3006 1771 3076 praemium
1801 3006 1884 3062 illi

230 3091 511 3145 redditur.

182 3206 192 3215 '
233 3192 370 3245 CAP.
416 3190 502 3245 15.
545 3221 611 3231 -—-
650 3190 713 3246 Ut
754 3189 1039 3262 presbyter
1080 3190 1163 3243 vel
1218 3190 1491 3245 diaconus
1538 3192 1605 3244 ab
1643 3193 1889 3262 episcopo

298 3276 397 3314 suo
465 3277 781 3331 quocunque
837 3260 996 3315 modo
1064 3262 1300 3333 dejeclus
1357 3280 1391 3316 α
1457 3260 1890 3333 provincialibus

298 3333 563 3402 episcopis
594 3334 949 3397 discutiatur,
975 3341 1031 3386 et
1057 3336 1183 3388 ante
1205 3332 1303 3388 hoc
1333 3350 1365 3386 (ι
1394 3332 1618 3388 nemine
1648 3338 1710 3389 in
1738 3351 1886 3389 com-

294 3405 617 3459 munionem
638 3406 959 3474 recipiatur.
990 3408 1074 3459 Ex
1095 3404 1414 3459 Sardicensi
1436 3421 1586 3460 conc.
1610 3422 1727 3476 cap.
1764 3407 1882 3461 117.

294 3502 406 3571 (11,
440 3519 491 3573 q.
524 3504 580 3568 3,
612 3520 657 3559 c.
694 3505 758 3559 Si
787 3504 1069 3574 episcopus
1098 3505 1241 3572 forte
1272 3504 1626 3574 iracundus.)
1660 3505 1717 3559 Si
1751 3506 1884 3575 quis

222 3591 535 3663 episcopus
585 3592 730 3647 forte
762 3593 1081 3647 iracundus
1130 3593 1305 3664 (quod
1341 3608 1470 3647 esse
1521 3610 1635 3648 non
1688 3594 1883 3665 debet)

224 3682 338 3736 cito
386 3686 442 3735 et
474 3699 677 3752 aspere
709 3686 1113 3737 commovetur
1145 3682 1430 3736 adversus
1472 3683 1880 3754 presbyterum

224 3772 347 3826 sive
396 3771 735 3836 diaconum,
786 3777 843 3826 et
890 3771 1280 3826 exterminare
1330 3787 1463 3826 eum
1515 3773 1586 3826 de
1630 3772 1884 3829 Ecclesia

223 3860 495 3929 voluerit,
526 3860 843 3914 videndum
877 3866 964 3915 est
998 3877 1069 3914 ne
1102 3860 1381 3914 innocens
1412 3860 1748 3928 damnatur,
1783 3866 1884 3916 aut

224 3950 433 4021 perdat
453 3950 955 4004 communionem.
986 3950 1053 4003 Et
1076 3949 1204 4003 ideo
1229 3948 1439 4003 habeat
1461 3953 1809 4019 potestatem
1832 3952 1882 4005 is

224 4041 325 4111 qui
346 4039 610 4110 abjectus
641 4044 750 4106 est,
785 4043 849 4094 ut
878 4039 1184 4110 episcopos
1210 4038 1494 4093 finitimos
1523 4038 1883 4111 interpellet,

223 4134 280 4184 et
320 4144 500 4183 causa
550 4128 678 4200 ejus
728 4129 1023 4195 audiatur,
1072 4144 1137 4182 ac
1182 4127 1527 4199 diligentius
1576 4132 1878 4200 tractetur,

222 4216 362 4288 quia
394 4232 505 4271 non
543 4220 771 4286 oportet
811 4216 859 4271 ei
902 4215 1101 4286 negari
1137 4214 1491 4269 audientiam
1530 4214 1779 4287 roganti.
1814 4216 1882 4269 Et

221 4303 319 4358 ille
368 4302 679 4373 episc0pus
713 4302 811 4373 qui
849 4302 1011 4372 juste
1062 4304 1164 4355 aut
1203 4301 1422 4372 injuste
1475 4316 1609 4355 eum
1642 4302 1877 4372 abjecit,

221 4392 512 4465 patienter
556 4390 802 4462 accipiat
835 4396 898 4445 ut
929 4389 1227 4462 negotium
1272 4389 1647 4459 discutiatur,
1695 4397 1760 4444 ut
1789 4390 1878 4445 vel

222 4485 503 4556 probetur
534 4482 821 4536 sententia
848 4482 974 4552 ejus
1007 4498 1039 4536 a
1067 4479 1363 4551 plurimis,
1386 4479 1474 4535 vel
1509 4482 1875 4537 emendetur.
1910 4450 1955 4513 Β

222 4576 437 4626 Tamen
488 4570 835 4641 priusquam
896 4568 1093 4623 omnia
1144 4568 1459 4639 diligenter
1514 4573 1572 4623 et
1631 4567 1879 4623 ﬁdeliter

223 4658 652 4724 examinentur,
712 4673 846 4712 eum
881 4657 981 4727 qui
1029 4655 1204 4711 fuerit
1252 4674 1286 4710 a
1330 4657 1744 4712 communione
1785 4675 1877 4712 se-

223 4752 487 4819 paratus,
536 4744 735 4800 nullus
779 4746 952 4800 debet
984 4760 1341 4816 praesumere
1371 4749 1435 4799 ut
1474 4747 1875 4802 communioni

223 4837 423 4893 societ.

220 4946 353 5000 CAP.
405 4942 492 4996 16.
541 4970 609 4980 —-
660 4940 725 4996 Ut
771 4940 1039 5008 episcopis
1086 4945 1186 5011 qui
1231 4942 1485 5013 subjectis
1536 4940 1875 4998 vehementes

287 5015 501 5084 fuerint
542 5021 595 5085 et
647 5012 1027 5080 implacabiles
1073 5031 1107 5067 a
1166 5014 1367 5069 vicinis
1413 5015 1683 5085 episcopis
1727 5030 1873 5069 com-

290 5087 482 5139 munio
530 5084 840 5153 denegetur.
879 5088 961 5139 Ea:
985 5084 1293 5142 Arelatensi
1333 5084 1601 5151 concilio,
1631 5102 1750 5157 cap.
1795 5087 1855 5140 11

288 5158 501 5228 (Agath.
537 5171 683 5210 conc.
717 5156 772 5225 3)

285 5257 396 5326 (11,
428 5272 480 5325 q.
512 5253 567 5317 3,
590 5269 637 5307 c.
666 5252 954 5323 Episcopi.)
976 5253 1245 5326 Episcopi
1292 5255 1340 5310 si
1382 5254 1729 5310 sacerdotali
1753 5271 1870 5309 mo-

218 5342 521 5399 deramine
542 5340 889 5412 postposito,
924 5341 1266 5398 innocentes
1289 5361 1353 5398 ac
1388 5343 1652 5400 minimis
1675 5343 1868 5399 causis

221 5431 544 5503 culpabiles
587 5430 1093 5485 excommunicare
1124 5433 1632 5504 praesumpserint,
1663 5437 1766 5488 aut
1795 5434 1867 5487 ad

218 5522 472 5596 gratiam
522 5518 864 5575 festinantes
895 5518 1150 5588 recipere
1194 5521 1443 5577 fortasse
1472 5521 1788 5588 noluerint,
1836 5540 1870 5578 a

218 5610 426 5689 vicinis
466 5606 756 5681 episcopis
802 5606 1121 5680 cujuslibet
1148 5609 1460 5682 provincia
1488 5609 1706 5667 litteris
1736 5628 1865 5668 mo-

2000 450 2184 504 usque
2215 433 2287 487 ad
2320 439 2553 502 tempus
2583 430 2791 503 synodi
2821 448 2854 485 a
2886 427 3124 499 reliquis
3148 426 3439 497 episcopis
3469 426 3647 480 dene-

2000 527 2186 589 getur.

1998 610 2127 665 CAP.
2182 613 2268 666 17.
2304 641 2370 648 -—
2402 611 2736 680 Exemplum
2785 609 2947 678 hujus
2992 609 3092 680 rei.
3128 606 3423 680 Gregorius
3449 618 3643 680 magno

2068 684 2316 753 episcopo
2368 675 2700 753 [presbytero
2767 675 2932 735 habet
2994 679 3172 751 Greg.)
3232 676 3524 732 Mediolani
3579 675 3642 741 (l.

2067 771 2129 819 Il,
2164 754 2284 809 ind.
2321 756 2406 819 11,
2441 770 2523 824 ep.
2554 753 2669 821 26.)

2067 842 2178 913 (24,
2240 860 2292 913 q.
2346 844 2400 911 3,
2457 858 2503 896 c.
2558 842 2973 912 Comperimus.)
3022 838 3427 907 Comperimus
3486 834 3642 906 quod

1998 934 2346 988 Laurentius
2379 933 2675 1003 quondam
2709 933 2886 986 frater
2916 936 2973 986 et
3011 930 3394 1000 coepiscopus
3425 932 3646 991 noster,

1997 1021 2177 1076 nullis
2209 1029 2264 1077 te
2286 1022 2475 1092 culpis
2496 1020 2864 1076 exstantibus
2884 1018 3298 1075 communione
3313 1015 3649 1087 privaverit,

1995 1112 2238 1179 ideoque
2268 1111 2447 1181 hujus
2478 1110 2745 1181 praecepti
2780 1108 2966 1164 nostri
2997 1106 3345 1163 auctoritate
3380 1103 3647 1158 munitus

1995 1199 2252 1255 ofﬁcium
2286 1205 2455 1254 tuum
2505 1214 2747 1253 securus
2779 1213 3009 1269 perage,
3059 1200 3115 1252 et
3163 1192 3647 1250 communionem

1998 1288 2125 1344 sine
2154 1288 2353 1359 aliqua
2382 1304 2549 1344 sume
2580 1287 2912 1344 formidine.

1995 1376 2131 1430 CAP.
2188 1378 2273 1431 18.
2321 1408 2385 1416 —
2437 1376 2511 1431 Ne
2567 1378 2848 1447 episcopus
2911 1374 3256 1447 praecipitem
3315 1369 3649 1447 sententiam

2064 1448 2248 1502 dictet.
2301 1447 2569 1515 Grgorius
2596 1444 2950 1502 Maximiano
3004 1445 3352 1515 Syracusano
3399 1444 3645 1514 episcopo

2065 1522 2122 1586 (ι,
2159 1537 2234 1572 x11
2268 1522 2453 1587 regist.
2488 1536 2606 1590 cap.
2645 1521 2761 1590 26).

2067 1608 2424 1678 Frequenter
2481 1625 2572 1663 me
2630 1606 3013 1663 admonuisse
3066 1622 3168 1661 vos
3214 1604 3425 1673 recolo,
3484 1608 3547 1657 ut
3590 1603 3649 1657 in

1916 1716 1963 1781 B
1996 1700 2344 1770 proferenda
2374 1700 2666 1754 sententia
2688 1717 2815 1755 esse
2839 1698 3165 1781 praecipites
3191 1695 3529 1751 nullatenus
3552 1694 3651 1748 de-

1999 1788 2297 1855 beretis,et
2329 1806 2481 1844 nunc
2511 1806 2639 1845 ecce
2670 1789 2910 1861 cognovi
2936 1788 3071 1858 quia
3094 1784 3650 1840 reverendissimum

1996 1877 2184 1931 virum
2218 1878 2489 1933 abbatem
2533 1879 2845 1933 Eusebium
2892 1879 3187 1930 commota
3228 1874 3421 1927 furore
3459 1876 3653 1926 vestra

1997 1966 2332 2021 fraternitas
2366 1966 2930 2033 excommunicavit;
2983 1964 3138 2036 quod
3193 1979 3299 2034 ego
3330 1961 3498 2017 valde
3539 1959 3649 2015 mi-

1996 2059 2162 2110 ratus
2196 2074 2347 2109 sum.

1995 2144 2128 2199 CAP.
2180 2145 2264 2198 19.
2301 2174 2369 2184 —-
2403 2145 2464 2200 Ut
2494 2160 2629 2198 sana
2666 2146 2817 2197 ratio
2862 2145 3101 2214 corrigat
3150 2140 3291 2215 quod
3334 2154 3492 2215 mens
3530 2141 3649 2215 tur-

2064 2218 2187 2270 bata
2234 2218 2557 2286 peccaverit.
2632 2218 2981 2284 Augustinus
3057 2213 3483 2269 ad‘Auxilium
3533 2213 3651 2281 epi-

2064 2303 2287 2357 scopum
2310 2290 2492 2357 (epist.
2525 2288 2639 2355 75).

2069 2376 2274 2430 Precor
2306 2383 2368 2429 ut
2417 2377 2684 2445 ignoscas
2731 2375 2989 2446 precanti
3038 2373 3267 2428 veniam
3310 2387 3647 2426 excommu-

1994 2466 2207 2531 nicato,
2251 2466 2298 2518 si
2344 2464 2643 2535 agnoverit
2688 2464 2946 2534 culpam.
2982 2463 3040 2517 Si
3076 2468 3270 2517 autem
3318 2460 3465 2515 nihil
3510 2476 3643 2513 eum

1995 2568 2264 2625 peccasse
2316 2554 2635 2623 prudenter
2699 2552 2974 2619 advertis,
3034 2552 3121 2605 fac
3168 2550 3322 2620 quod
3376 2553 3645 2603 sanctum

1993 2642 2180 2697 virum
2228 2643 2413 2697 facere
2471 2646 2717 2712 oportet,
2752 2647 2818 2696 ut
2866 2641 2910 2697 si
2946 2640 3051 2694 tibi
3086 2638 3335 2709 contigit
3368 2642 3647 2707 tanquam

1997 2733 2238 2799 homini,
2291 2733 2443 2803 quod
2478 2734 2680 2804 utique
2712 2733 2885 2786 homo
2934 2731 3076 2785 dicit
3110 2731 3166 2784 in
3203 2728 3471 2800 psalmo:
3508 2729 3642 2781 Tur-

1996 2823 2151 2876 batus
2195 2826 2272 2876 est
2317 2838 2431 2892 pra:
2479 2821 2566 2876 ira
2595 2822 2792 2877 oculus
2834 2837 2988 2876 meus
3016 2820 3190 2891 (Psal.
3242 2820 3317 2888 v),
3354 2816 3643 2872 exclames

1996 2912 2066 2967 ab
2100 2912 2281 2966 Deum
2307 2928 2318 2966 :
2353 2914 2607 2967 Miserere
2639 2912 2764 2983 mei,
2795 2914 3045 2977 Domine,
3077 2908 3355 2980 quoniam
3383 2907 3647 2976 inﬁrmus

1991 3017 2113 3055 sum
2140 3001 2346 3071 (ibid),
2387 3005 2450 3054 ut
2479 3001 2740 3072 porrigat
2770 3001 2877 3055 tibi
2902 3001 3161 3053 dextram
3198 3012 3387 3062 suam,
3409 3000 3465 3050 et
3487 3012 3644 3050 com-

1913 3081 1957 3148 C
1997 3090 2213 3161 primat
2260 3088 2625 3144 iracundiam
2666 3095 2851 3152 tuam,
2903 3093 2960 3143 et
3003 3084 3343 3157 tranquillet
3386 3088 3644 3139 mentem

1998 3182 2162 3232 tuam
2195 3179 2266 3232 ad
2298 3178 2609 3232 videndam
2643 3174 3437 3247 faciendamquejustitiam.
3472 3174 3648 3225 Aufer

1998 3273 2163 3340 gesta
2212 3268 2607 3323 ecclesiastica
2636 3284 2764 3337 quae
2810 3265 3204 3339 perturbatior
3232 3280 3411 3336 quam
3453 3261 3645 3318 consi-

1996 3357 2250 3411 deratior
2272 3358 2512 3412 forsitan
2550 3357 2759 3412 fecisti.

1996 3444 2127 3500 CAP.
2143 3446 2232 3497 20.
2257 3476 2323 3484 —
2346 3444 2641 3511 Sugillatio
2659 3444 3016 3498 sacerdotum
3036 3445 3136 3514 qui
3155 3441 3228 3496 ad
3240 3439 3651 3514 persequendas

2064 3518 2250 3586 culpas
2270 3516 2577 3585 prosiliunt
2624 3519 2858 3569 incaute.
2911 3513 3170 3570 Rabanus
3248 3514 3319 3568 De
3366 3513 3644 3584 pressaris

2064 3588 2473 3656 ecclesiasticis,
2502 3588 2520 3641 ι
2527 3588 2599 3641 ib.
2636 3604 2674 3641 1.

2064 3680 2173 3745 (24,
2226 3695 2277 3749 q.
2328 3680 2381 3742 3,
2429 3694 2476 3732 c.
2526 3678 2642 3731 Non
2675 3679 2731 3731 in
2763 3679 3138 3747 perpetuum.)
3169 3675 3292 3729 Non
3346 3674 3403 3728 in
3438 3689 3642 3745 perpe-

1992 3770 2163 3823 tuum
2193 3769 2547 3822 damnamur
2594 3782 2725 3821 cum
2767 3767 2985 3835 injuste
3024 3765 3387 3836 judicamur,
3415 3763 3644 3817 dicente

1992 3858 2300 3916 Psalmista
2352 3873 2364 3911 :
2436 3862 2545 3913 Nec
2591 3855 2876 3911 damnabit
2924 3855 3088 3910 illum
3134 3871 3258 3909 cum
3297 3852 3644 3925 judicabitur

1992 3949 2089 4004 illi
2113 3946 2503 4019 (Psal.xxxv1).
2527 3945 2691 4000 Multi
2724 3946 2977 4016 denique
3001 3945 3371 3999 sacerdotum
3404 3940 3638 4011 culpam

1988 4038 2111 4094 zelo
2142 4037 2243 4093 Dei
2276 4054 2338 4091 se
2388 4035 2661 4108 persequi
2712 4036 3084 4106 proﬁtentur,
3135 4034 3236 4088 sed
3276 4033 3416 4086 dum
3461 4030 3641 4084 indis-

1990 4131 2144 4182 crete
2191 4126 2298 4180 hoc
2331 4128 2536 4196 agunt,
2583 4123 2875 4194 sacrilegii
2920 4122 3148 4177 facinus
3193 4120 3529 4185 incurrunt,
3585 4125 3642 4171 et

1989 4217 2131 4271 dum
2164 4214 2491 4286 praccipites
2520 4212 2685 4283 quasi
2719 4215 2789 4267 ad
2822 4211 3257 4267 emendandum
3288 4212 3492 4276 ruunt,
3524 4206 3637 4279 ipsi

1989 4321 2225 4376 quoque
2256 4302 2442 4358 multo
2474 4302 2664 4374 magis
2704 4301 2963 4357 deterius
2996 4301 3233 4356 cadunt.

1987 4401 2116 4451 CAP.
2149 4397 2235 4448 21.
2270 4425 2337 4434 -
2371 4392 2625 4461 Qualiter
2652 4394 2712 4447 in
2758 4391 3067 4461 praelatum
3113 4389 3389 4446 vindicari
3424 4388 3635 4453 debeat,

2059 4468 2153 4592 gui
2198 4466 2501 4533 subjectum
2575 4464 2777 4520 illicito
2841 4465 3206 4519 damnaverit.
3270 4465 3353 4518 Ea:
3406 4461 3638 4516 concilio

2106 4538 2369 4592 arisiensi
2399 4546 2637 4592 tempore
2669 4537 2948 4591 Ludovici.

2106 4538 2369 4592 arisiensi
2399 4546 2637 4606 tempore
2669 4537 2948 4591 Ludovici.

2058 4632 2167 4699 (24,
2201 4646 2253 4701 q.
2295 4631 2349 4693 3,
2399 4645 2448 4684 c.
2484 4630 2556 4683 De
2588 4628 2841 4701 illicita.)
2887 4631 2961 4685 De
2993 4628 3197 4683 illicita
3238 4627 3638 4684 excommuni-

1988 4721 2218 4776 catione
2248 4720 2337 4775 lex
2360 4718 2683 4775 Justiniani
2714 4718 2988 4774 catholici
3029 4718 3424 4790 imperatoris,
3457 4731 3635 4786 quam

1986 4812 2193 4882 probat
2236 4816 2296 4865 et
2343 4814 2536 4865 servat
2584 4809 2842 4865 Ecclesia
2890 4808 3179 4865 catholica
3218 4806 3638 4864 constitutione

1986 4901 2108 4967 118,
2143 4900 2333 4970 capite
2364 4900 2489 4965 451,
2521 4899 2776 4955 decrevit
2806 4904 2869 4955 ut
2895 4917 3065 4955 nemo
3097 4898 3429 4970 episcopus,
3463 4910 3634 4950 nemo

1984 4989 2307 5061 presbyter,
2327 4987 2796 5043 excommunicet
2819 4987 3096 5061 aliquem,
3118 4992 3434 5057 antequam
3458 4999 3637 5039 causa

1983 5079 2264 5149 probetur
2311 5083 2549 5150 propter
2578 5094 2753 5148 quam
2798 5077 3176 5133 ecclesiastici
3225 5090 3475 5131 canones
3525 5072 3635 5127 hoc

1983 5166 2109 5222 fieri
2150 5168 2387 5237 jubent.
2439 5168 2496 5221 Si
2540 5166 2673 5238 quis
2708 5172 2901 5223 autem
2955 5168 3237 5222 adversus
3267 5181 3335 5219 ea
3376 5162 3632 5232 aliquem

1981 5255 2595 5321 excommunicaverit,
2623 5254 2720 5309 ille
2751 5257 2988 5326 quidem
3024 5254 3124 5325 qui
3159 5248 3636 5308 excommunica-

1979 5347 2079 5399 tus
2109 5350 2199 5399 est
2251 5346 2493 5415 majoris
2527 5344 2850 5399 sacerdotis
2895 5342 3241 5398 auctoritate
3281 5340 3350 5395 ad
3385 5336 3633 5410 gratiam

1980 5440 2195 5488 sanctas
2227 5432 2666 5488 communionis
2702 5431 2918 5486 redeat.
2951 5431 3003 5485 Is
3040 5436 3237 5485 autem
3270 5427 3369 5498 qui
3403 5441 3517 5481 non
3551 5424 3633 5480 le-

1977 5521 2180 5594 gitime
2197 5521 2739 5591 excommunicavit,
2763 5521 2823 5575 in
2845 5524 3074 5575 tantum
3092 5524 3330 5588 tempus
3349 5515 3637 5573 abstineat

1976 5629 2011 5667 a
2057 5629 2225 5670 sacra
2275 5610 2716 5681 communione,
2741 5614 3028 5681 quantum
3085 5607 3292 5682 majori
3344 5608 3636 5666 sacerdoti
