3972 6064
367 243 468 296 831

1454 245 1520 293 n.
1564 239 1802 293 IVONIS
1838 236 2333 291 CARNOTENSIS
2370 222 2686 291 EPISCOPI

3692 233 3809 288 832

365 365 557 421 visum
596 364 794 433 fuerit,
828 368 893 422 ut
921 365 977 421 id
1012 365 1164 437 quod
1195 365 1413 435 injuste
1447 361 1581 417 fecit
1608 361 1907 432 ipsejuste
1930 377 2022 430 pa-
2050 358 2102 426 Α
2135 358 2467 415 adversum.
2503 359 2608 414 Sed
2645 374 2747 413 nec
2779 356 2938 428 loqui
2986 356 3080 412 bis
3139 355 3355 428 quibus
3384 356 3510 428 ipse
3560 374 3680 413 non
3716 357 3808 413 lo-

364 454 566 510 tiatur.
601 455 672 510 Et
701 454 839 511 hinc
872 459 1110 512 sanctus
1141 451 1451 525 Gregorius
1471 451 1540 507 ad
1573 450 1853 506 Joannem
1870 449 2029 521 epis-.

365 560 575 617 copum
598 561 627 599 c
655 545 752 600 lib.
789 563 852 600 III
877 546 1072 616 Regist.
1097 560 1143 598 c.
1167 545 1254 611 45,
1278 559 1354 613 ep.
1381 543 1434 606 6,
1459 527 2030 613 primwlustinianw)

365 631 591 705 injuste
649 633 1254 689 excommunicanlem
1313 631 1465 686 inter
1518 636 1722 686 caetera
1768 629 2029 700 scripsit’

369 722 572 778 dicens
599 740 611 778 :
648 746 675 773 ‹‹
703 723 960 779 Cassatis
984 721 1168 793 prius,
1198 726 1376 792 atque
1401 722 1472 775 ad
1504 721 1755 776 nihilum
1781 718 2032 774 redactis

372 813 663 883 praedictae
704 811 1007 867 sententiae
1066 815 1177 866 tua:
1234 811 1506 880 decretis,
1551 826 1620 864 ex
1674 810 1820 864 beati
1876 797 2030 863 Petri

367 901 775 971 apostolorum
808 899 1094 971 principis
1122 899 1493 964 auctoritate,
1547 900 1923 954 decernimus
1963 897 2032 952 30

365 989 591 1044 dierum
624 988 816 1059 spatio
847 1004 1013 1044 sacra
1048 993 1104 1042 te
1133 988 1551 1044 communione
1597 986 1916 1060 privatum,
1957 985 2029 1039 ab

368 1078 759 1149 omnipotenti
778 1079 897 1135 Deo
919 1078 1069 1134 tanti
1088 1095 1366 1135 excessus
1381 1079 1613 1134 veniam
1638 1093 1771 1132 cum
1795 1092 2034 1132 summa

362 1166 710 1238 poenitentia
737 1183 806 1223 ac
837 1167 1119 1240 lacrymis
1151 1185 1408 1224 exorare.
1441 1168 1604 1232 Quod
1637 1166 1687 1222 si
1722 1166 1871 1221 banc
1895 1178 2030 1220 sen'

364 1255 610 1312 tentiam
640 1262 904 1313 nostram
941 1262 995 1313 te
1029 1257 1480 1330 cognoverimus
1511 1256 1789 1325 implesse
1821 1248 2032 1310 remis-

366 1343 514 1414 sius,
548 1361 662 1402 non
689 1348 815 1418 jam
849 1351 1083 1402 tantum
1136 1346 1515 1418 injustitiam,
1560 1347 1660 1402 sed
1719 1349 1774 1401 et
1821 1349 2028 1400 contu-

366 1435 610 1490 maciam
640 1436 1031 1493 fraternitatis
1064 1443 1176 1492 tuaz
1221 1453 1565 1509 cognoscas,
1618 1436 1857 1506 juvante
1915 1434 2028 1489 Do-

365 1523 546 1591 mino,
581 1526 840 1581 severius
867 1527 1254 1598 puniendam,
1279 1526 1418 1598 quia
1461 1542 1632 1580 nemo
1663 1539 2029 1598 przepropere

362 1613 450 1668 vel
485 1619 855 1686 praepostere,
911 1614 1159 1671 scillicet
1210 1633 1325 1670 non
1377 1615 1802 1679 commonitus,
1834 1629 2028 1684 neque

363 1710 684 1760 conventus
715 1709 804 1760 est
827 1705 1215 1775 judicandus,
1271 1705 1341 1760 de
1376 1704 1759 1760 conventione
1809 1703 2024 1772 hujus-
2058 1733 2105 1799 Β

361 1793 517 1848 modi
541 1793 854 1866 patratoris
882 1794 1331 1850 manifestorum
1363 1793 1677 1848 criminum
1731 1791 1823 1847 lex
1861 1791 2024 1847 dicito

363 1883 707 1954 Quicunque
737 1883 928 1938 tribus
959 1883 1410 1938 auctoritatibus
1431 1882 1653 1954 judicis
1677 1886 2032 1976 conventus;

358 1972 447 2026 vel
472 1971 662 2026 tribus
693 1973 900 2026 edictis
926 1971 1099 2027 fuerit
1121 1972 1190 2026 ad
1216 1973 1481 2042 judicem
1522 1977 1894 2043 provocatus,
1926 1988 1999 2026 au

362 2076 479 2114 uno
513 2076 615 2131 pro
649 2060 928 2116 omnibus
962 2061 1378 2133 peremptorio,
1403 2061 1458 2115 id
1483 2065 1569 2116 est
1601 2061 1752 2132 quod
1784 2077 2022 2115 causam

362 2148 706 2220 exstinguit,
740 2149 914 2204 fuerit
969 2155 1263 2216 evocatus,
1317 2153 1374 2204 et
1417 2150 1790 2221 praesentiam
1851 2166 2023 2204 suam

364 2239 520 2310 apud
545 2239 810 2309 judicem
844 2258 876 2295 a
925 2258 1040 2312 quo
1070 2241 1121 2295 ei
1173 2241 1583 2296 denuntiatum
1618 2245 1706 2296 est
1753 2239 2022 2296 exhibere

363 2327 637 2398 noluerit,
671 2329 951 2385 adversus
978 2347 1109 2385 eum
1143 2330 1311 2401 quasi
1345 2330 1404 2384 in
1427 2335 1834 2385 contumacem
1868 2331 2021 2401 judi-

361 2418 478 2474 cari
499 2418 985 2490 potest,quinimo
1007 2435 1113 2474 nec
1135 2419 1433 2474 retractari
1455 2435 1557 2491 per
1569 2418 2018 2491 appellationem

363 2507 600 2579 negotia
639 2511 910 2579 possunt,
945 2508 1177 2580 quoties
1209 2509 1266 2563 in
1291 2513 1701 2564 contumacem
1725 2509 1899 2564 fuerit
1919 2511 2017 2579 ju-

363 2596 682 2653 dicatuma
721 2597 787 2653 Et
807 2597 958 2654 hanc
989 2598 1345 2654 sententiam
1377 2599 1449 2654 de
1478 2598 1669 2654 tribus
1699 2599 2015 2654 auctorita-

360 2685 523 2743 tibus
544 2687 844 2743 conventis
874 2705 941 2744 ex
971 2687 1320 2760 Evangelica
1376 2689 1619 2744 veritate
1668 2687 2015 2744 Caelestinus

364 2776 436 2830 ad
477 2776 810 2832 Nestorium
859 2777 1146 2843 scribens,
1190 2782 1249 2832 et
1297 2777 1592 2848 Ephesina
1637 2779 1896 2850 synodus
1944 2778 2015 2834 de

362 2864 564 2920 eodem
597 2865 919 2920 decernens
948 2869 1053 2936 (ep.
1085 2881 1234 2921 conc.
1266 2865 1460 2937 Ephes.
1485 2866 1554 2921 ad
1575 2867 1932 2936 Nestorium),
1957 2870 2016 2922 et

363 2951 570 3008 beatus
593 2953 908 3025 Gregorius
960 2955 1030 3009 ad
1087 2955 1375 3010 Joannem
1427 2955 1688 3011 scribens
1726 2956 1868 3027 (cap.
1922 2957 2013 3023 44)

361 3042 768 3111 comprobant.
805 3047 881 3097 De
941 3042 1334 3114 peremptorio
1365 3048 1558 3098 autem
1593 3046 1832 3115 scripto,
1863 3045 2010 3099 Afri-

361 3145 577 3185 canum
609 3129 919 3186 concilium
949 3132 1327 3186 monstratde
1355 3133 1684 3199 Cresconio,
1717 3138 1782 3188 ut
1813 3133 1860 3188 si
1879 3151 2010 3190 con-
2042 3097 2086 3163 α
2125 3107 2383 3199 Ολξῖέὲῗζ
2409 3106 2583 3199 ily":

359 3223 572 3274 ventus
603 3219 946 3291 resipiscere
976 3219 1406 3290 detrectaverit,
1431 3238 1538 3276 suo
1587 3227 1925 3295 contemptu
1957 3227 2014 3280 et

361 3309 735 3365 contumacia
766 3308 1035 3378 faciente,
1080 3309 1426 3366 auctoritate
1473 3310 1781 3381 iudiciaria
1829 3315 2012 3384 proti-

362 3414 477 3454 nus
509 3397 871 3454 excludatur.
924 3399 992 3454 Et
1023 3398 1162 3453 item
1195 3398 1403 3454 beatus
1432 3398 1747 3472 Gregorius
1778 3402 1848 3457 de
1880 3419 2012 3458 sen-

361 3487 549 3542 tentia
579 3487 638 3542 in
670 3491 1100 3556 contumacem,
1133 3488 1395 3544 scribens
1429 3489 1499 3544 ad
1533 3489 1852 3545 Maximum
1874 3509 2010 3562 prae-

363 3581 729 3647 sumptorem
751 3575 1159 3632 Salonitanum
1185 3578 1522 3650 episcopum
1549 3579 1787 3651 dicit(V.
1821 3581 2008 3652 regist.

360 3681 446 3736 ep.
477 3665 535 3720 3.
575 3682 673 3719 seu
699 3681 744 3719 c.
781 3665 918 3720 193:
952 3665 1269 3722 Hortamur
1293 3671 1356 3722 ut
1387 3668 1458 3722 ad
1495 3685 1599 3724 nos
1625 3669 1819 3724 venire
1851 3670 2011 3725 omni

362 3751 690 3822 postposita
722 3753 1097 3808 excusatione
1130 3753 1392 3819 festines,
1451 3761 1743 3826 quatenus
1783 3762 2012 3812 servata

355 3839 590 3910 justitia
621 3841 743 3895 haec
779 3842 850 3896 de
881 3843 1098 3912 quibus
1129 3843 1428 3898 accusaris
1459 3848 1514 3898 et
1575 3861 1926 3916 cognoscere
1957 3850 2014 3901 et

362 3928 534 3984 ﬁnire
557 3931 886 3985 secundum
949 3931 1230 3986 canonica
1261 3931 1554 3999 instituta,
1587 3933 1816 3989 Christo
1850 3952 2007 3991 reve-

361 4016 521 4073 lante
567 4018 882 4090 possimus.
919 4020 1004 4074 Ita
1059 4025 1254 4074 autem
1307 4020 1396 4075 fac
1444 4026 1509 4075 ut
1538 4021 1609 4075 ad
1658 4023 2010 4079 veniendum

362 4108 618 4178 amplius
640 4109 767 4179 jam
794 4125 990 4164 moras
1022 4125 1136 4163 non
1188 4109 1441 4181 ingeras,
1476 4126 1548 4163 ne
1571 4109 1698 4180 ipsa
1734 4115 1790 4166 te
1823 4114 2011 4185 magis

363 4197 631 4251 absentia
663 4199 976 4253 obnoxium
1009 4197 1102 4253 his
1154 4214 1282 4269 quae
1332 4198 1609 4253 dicuntur
1638 4200 1916 4272 assignet,
1959 4212 2009 4258 el

363 4301 470 4339 nos
500 4284 559 4339 in
592 4290 647 4340 te
679 4286 797 4340 haec
830 4304 918 4340 res
947 4303 1058 4341 non
1087 4286 1279 4342 solum
1319 4293 1550 4358 propter
1581 4288 1736 4345 dicta
1767 4291 2013 4347 crimina

365 4391 493 4446 quae
523 4390 774 4445 purgare
803 4375 1184 4447 subterfugis,
1218 4376 1319 4431 sed
1352 4376 1525 4431 etiam
1553 4383 1788 4451 propter
1819 4380 2013 4437 inobe-

2139 448 2358 520 quitur,
2392 452 2455 503 ut
2487 447 2898 519 unusquisque
2935 445 3032 518 qui
3068 446 3122 500 in
3158 446 3330 516 culpa
3362 450 3472 512 est,
3516 447 3658 502 dum
3696 463 3800 502 cu-

2144 538 2226 608 pit
2255 537 2516 592 omnium
2557 542 2886 591 vestrorum
2919 535 3210 591 amicitias
3237 535 3409 604 ferre,
3440 537 3684 592 festinet
3714 536 3800 590 ci-

2139 626 2258 681 tius
2289 627 2336 682 ei
2362 627 2724 682 reconciliari
2756 625 2857 697 qui
2888 625 3164 680 omnibus
3196 629 3428 696 praeest,
3462 631 3520 680 et
3551 642 3654 697 per
3691 625 3798 681 hoc

2142 716 2339 771 redeat
2416 717 2486 771 ad
2520 715 2793 784 salutem,
2826 731 2959 769 cum
2994 715 3229 768 obedire
3258 713 3498 785 coeperit
3546 714 3799 770 monitis

2143 806 2531 877 praesidentis.
2565 805 2625 860 Si
2653 806 2786 874 quis
2818 820 2950 858 vero
2982 802 3209 858 amicus
3237 803 3415 858 fuerit
3444 803 3536 858 his
3571 804 3799 875 quibus

2140 896 2266 967 ipse
2296 895 2523 950 amicus
2555 910 2670 949 non
2699 906 2808 963 est,
2841 898 2898 948 et
2945 891 3177 948 locutus
3226 893 3404 948 fuerit
3447 892 3538 948 his
3572 894 3799 966 quibus

2141 985 2266 1057 ipse
2298 1002 2412 1039 non
2445 983 2724 1054 loquitur,
2751 999 2904 1037 unus
2926 986 3034 1048 est,
3067 986 3125 1036 et
3154 981 3279 1054 ipse
3310 999 3380 1038 ex
3403 981 3522 1037 illis
3555 983 3656 1054 qui
3691 1000 3799 1038 ex-

2143 1073 2460 1130 terminare
2491 1071 2694 1128 volunt
2743 1071 2836 1127 Dei
2870 1069 3211 1140 Ecclesium,
3262 1077 3319 1126 et
3374 1087 3510 1127 cum
3543 1088 3796 1144 corpore

2141 1165 2446 1220 vobiscum
2498 1177 2627 1217 esse
2676 1161 2964 1222 videatur,
2998 1165 3056 1215 et
3105 1166 3301 1216 mente
3331 1166 3388 1216 et
3420 1161 3621 1216 anima
3650 1178 3798 1217 con-

2141 1261 2231 1308 tra
2259 1269 2360 1308 vos
2392 1256 2503 1321 est,
2532 1256 2588 1306 et
2621 1249 2804 1305 multo
2835 1255 2926 1306 est
2956 1249 3201 1321 nequior
3230 1249 3418 1306 hostis
3463 1250 3581 1320 hic,
3613 1268 3794 1322 quam

2140 1345 2234 1402 hic
2265 1345 2363 1416 qui
2398 1343 2536 1400 foris
2568 1347 2732 1412 sunt,
2764 1345 2822 1397 et
2851 1341 3148 1397 evidenter
3177 1341 3397 1398 inimici
3430 1344 3590 1398 sunt.

2138 1463 2266 1518 CAP.
2299 1463 2391 1516 23.
2443 1490 2510 1500 -—
2569 1461 2632 1517 Ut
2690 1458 3110 1514 communicans
3157 1460 3576 1514 communicatis
3628 1461 3790 1513 simi-

2211 1535 2312 1590 lem
2344 1533 2611 1588 sortiatur
2641 1531 2959 1587 vindictam.
2997 1531 3246 1586 L'ali'ctus
3274 1530 3545 1602 episcopis
3579 1528 3795 1587 Gatlix

2205 1609 2389 1677 (epist.
2428 1606 2483 1672 2,
2515 1621 2564 1659 c.
2597 1604 2672 1674 2).

2208 1713 2318 1784 (11,
2350 1729 2405 1784 p.
2439 1712 2493 1776 3,
2543 1728 2588 1766 c.
2643 1709 3202 1781 Excommunicatoe.)
3234 1709 3792 1765 Excommunicatos

2139 1818 2371 1874 quoque
2403 1818 2434 1856 a
2464 1799 2864 1856 sacerdotibus
2886 1797 3085 1854 nullus
3117 1797 3358 1869 recipiat
3387 1801 3524 1853 ante
3555 1797 3786 1852 utrius-

2139 1907 2253 1963 que
2284 1890 2466 1963 partis
2489 1890 2715 1960 justam
2749 1887 3264 1943 examinationem.
3297 1902 3403 1942 nec
3431 1903 3564 1942 cum
3619 1886 3709 1942 eis
3733 1888 3790 1942 in

2138 1980 2418 2047 oratione,
2451 1983 2554 2034 aut
2583 1978 2733 2044 cibo,
2767 1976 2856 2032 vel
2901 1981 3064 2047 potu,
3097 1976 3186 2031 vel
3219 1976 3420 2031 osculo
3451 1976 3790 2032 communi-

2137 2073 2247 2134 cet,
2282 2085 2386 2124 nec
2419 2070 2528 2124 Ave
2558 2067 2642 2122 eis
2675 2066 2850 2121 dicat.
2905 2065 3053 2129 Quia
3083 2064 3424 2137 quicunque
3482 2064 3541 2119 in
3573 2064 3672 2120 his
3705 2065 3792 2120 vel

2135 2157 2266 2214 aliis
2297 2157 2610 2228 prohibitis
2641 2157 2892 2212 scienter
2913 2154 3439 2209 excommunicatis
3459 2153 3791 2210 communi-

2133 2246 2538 2315 caverit,juxta
2558 2242 2954 2316 apostolorum
2971 2243 3551 2315 institutionem(cap.
3572 2245 3631 2298 11
3653 2244 3791 2299 Can.

2130 2336 2368 2407 Apost),
2391 2339 2448 2390 et
2469 2334 2594 2406 ipse
2618 2333 2796 2388 simili
2818 2331 3406 2388 excommunicationi
3429 2333 3785 2403 subjacebit.

2127 2454 2264 2510 ΟΑΡ.
2282 2452 2374 2508 24.
2398 2481 2466 2492 -
2488 2451 2564 2506 De
2593 2449 2778 2506 eadem
2802 2465 2880 2504 re.
2905 2449 3186 2504 Fabianus
3203 2465 3346 2520 papa
3358 2448 3621 2506 Ecclesiae
3637 2465 3785 2505 com-

2644 2519 2928 2577 ministris
2962 2522 3144 2593 (epist.
3178 2519 3253 2591 1⁷).

2197 2630 2309 2698 (11,
2345 2647 2397 2702 q.
2429 2631 2482 2686 3.
2515 2645 2563 2685 c.
2596 2628 2751 2684 Sicut
2801 2628 3078 2700 apostoli.)
3129 2628 3274 2684 Cum
3307 2627 3788 2684 excommunica-

2126 2721 2204 2776 tis
2233 2737 2348 2775 non
2381 2723 2470 2775 est
2501 2718 3082 2774 communicandum.
3133 2717 3202 2773 Et
3245 2718 3294 2773 si
3337 2717 3470 2788 quis
3498 2735 3636 2773 cum
3690 2735 3785 2774 ex—

2123 2812 2559 2868 communicato
2591 2808 2904 2865 avertendo
2936 2807 3170 2880 regulas
3200 2807 3451 2864 scienter
3481 2807 3697 2864 saltem
3719 2807 3777 2864 in

2125 2903 2299 2958 domo
2318 2899 2495 2956 simul
2517 2899 2747 2954 locutus
2771 2896 2946 2954 fuerit
2973 2896 3061 2953 vel
3093 2897 3365 2966 oraverit,
3394 2896 3492 2978 ille
3512 2913 3784 2953 commu-

2125 2991 2300 3047 nione
2335 2988 2612 3062 privetur.

2609 3104 2733 3175 quis
2763 3105 3040 3174 episcopus
3088 3102 3326 3157 alterius
3355 3101 3595 3173 episcOpi
3617 3119 3785 3175 (pres-

2198 3179 2384 3250 bytero
2436 3177 2520 3231 vel
2567 3174 2797 3250 diacono
2840 3176 3239 3250 communione
3259 3176 3488 3250 privata
3542 3174 3785 3250 scienter

2195 3245 2582 3305 communicet.
2613 3249 2694 3303 Ex
2722 3247 3040 3303 Sardicensi
3066 3245 3320 3315 concilio,
3348 3261 3466 3316 cap.
3505 3246 3591 3300 16.

2189 3355 2317 3412 Sive
2342 3356 2647 3420 diaconus,
2681 3354 2803 3410 sive
2835 3353 3155 3425 presbyter,
3204 3352 3328 3408 sive
3359 3351 3496 3423 quis
3535 3351 3777 3408 clerico-

2119 3462 2250 3502 rum
2282 3446 2354 3501 ab
2384 3445 2656 3516 episcOpo
2689 3459 2796 3498 suo
2848 3442 3262 3498 communione
3291 3441 3462 3497 fuerit
3486 3441 3775 3513 privatus,

2121 3539 2178 3592 et
2207 3535 2277 3590 ad
2311 3533 2564 3589 alterum
2597 3534 2850 3605 perrexit
2905 3531 3270 3601 episcopum,
3322 3534 3380 3584 et
3427 3530 3627 3585 scierit
3679 3529 3775 3585 ille

2120 3625 2192 3678 ad
2216 3640 2390 3695 quem
2423 3622 2706 3694 confugit,
2738 3637 2874 3676 eum
2907 3620 2978 3675 ab
3011 3619 3284 3690 episcopo
3315 3634 3422 3673 suo
3456 3619 3639 3674 fuisse
3673 3619 3772 3673 ab-

2115 3712 2358 3782 jectum,
2379 3729 2493 3767 non
2517 3714 2745 3782 oportet
2777 3716 2839 3764 ut
2859 3708 2910 3763 ei
2942 3709 3418 3762 communionem
3443 3705 3770 3778 indulgeat.

2120 3802 2282 3867 Quod
2316 3801 2365 3856 si
2399 3800 2620 3869 fecerit,
2647 3798 2796 3854 sciat
2828 3813 2888 3853 se
2913 3797 3176 3853 convotis
3205 3796 3497 3868 episcopis
3527 3799 3770 3851 causam

2121 3906 2249 3946 esse
2281 3889 2604 3944 dicturum.

2120 4005 2256 4062 CAP.
2287 4006 2378 4060 26.
2408 4037 2476 4045 -—
2511 4005 2574 4062 Ut
2604 4004 2834 4074 quilibet
2876 4002 3234 4060 ecclesiastici
3277 4000 3494 4057 ordinis
3525 3999 3776 4054 ministri

2191 4073 2688 4134 excommunicatis
2717 4077 3183 4130 communicantes
3228 4073 3611 4128 communione
3655 4075 3773 4142 pri-

2194 4157 2408 4204 ventur.
2444 4150 2527 4203 Ex
2553 4147 2910 4204 Antiochensi
2953 4163 3104 4202 conc.
3145 4163 3261 4216 εαρ.
3298 4147 3333 4198 2
3378 4145 3564 4216 (Anth,
3587 4161 3626 4214 ι,
3674 4145 3770 4199 sub

2188 4221 2337 4278 Iulio
2369 4221 2433 4290 1).
2990 4283 2995 4287 _

2191 4318 2252 4373 Si
2284 4317 2418 4388 quis
2441 4318 2512 4373 de
2543 4317 2854 4390 episcopis,
2904 4316 2990 4372 vel
3026 4315 3400 4388 presbyteris,
3452 4313 3543 4368 vel
3576 4314 3771 4370 diaco-

2122 4407 2236 4474 nis,
2267 4423 2367 4462 seu
2402 4407 2648 4476 quilibet
2681 4423 2748 4462 ex
2779 4405 2931 4462 clero
2962 4404 3364 4476 deprehensus
3415 4404 3593 4458 fuerit
3639 4421 3770 4459 cum

364 4462 599 4564 d'em‘m
629 4462 866 4564 culpa?
896 4463 1356 4564 dPr'us.5°.i.li?et
1388 4469 1451 4520 "t
1490 4467 1546 4521 in
1579 4474 2008 4543 contumacem,
2041 4472 2090 4535 ι)
2119 4462 2638 4551 excommunicatis
2669 4462 3130 4564 communicare,
3162 4492 3339 4548 etiam
3363 4493 3475 4548 iste
3513 4493 3773 4564 privetur

365 4555 533 4623 cogat
563 4567 630 4606 ex
660 4551 906 4607 concilio
929 4552 1076 4608 ferre
1098 4553 1414 4624 judicium.

433 4685 567 4767 CA1}.
599 4687 691 4767 22.
723 4719 792 4727 —
823 4687 1036 4767 Oriades
1065 4689 1297 4767 subjecti
1325 4707 1454 4767 erga
1491 4709 1582 4748 eos
1616 4709 1752 4767 gesse
1781 4693 2013 4749 debeant

436 4759 533 4837 qui
560 4759 1177 4837 animumoﬁenderint
1201 4759 1574 4836 prasidentis.
1606 4765 1690 4820 Ex
1714 4767 1950 4837 cpistola
1981 4767 2007 4821 1

436 4829 726 4886 Clementis
755 4831 830 4888 ad
850 4829 1137 4888 Iacobum.

435 4947 707 5011 Quasdam
739 4965 807 5003 ex
836 4948 995 5004 vobis
1029 4949 1142 5021 ipsi
1174 4949 1502 5022 intelligere
1531 4951 1777 5020 debetis,
1801 4952 1847 5007 si
1880 4969 2007 5024 quae

365 5039 501 5090 sunt
526 5052 651 5107 quae
685 5037 993 5110 episcopus
1014 5043 1204 5094 vester
1229 5043 1467 5110 prepter
1497 5037 1789 5095 malorum
1822 5040 2009 5096 homi-

361 5141 502 5180 num
538 5125 784 5183 insidias
816 5145 928 5183 non
958 5133 1146 5198 potest
1180 5126 1507 5182 evidentius
1547 5133 1604 5182 et
1636 5129 2007 5184 manifestius

363 5215 654 5287 proloqui,
687 5216 843 5272 verbi
900 5216 1110 5288 gratia,
1159 5215 1208 5270 si
1239 5215 1520 5271 inimicus
1575 5220 1665 5271 est
1695 5217 1868 5272 alicui
1905 5235 2006 5289 pro

361 5302 590 5360 actibus
618 5305 769 5373 suis,
802 5304 981 5360 nolite
1003 5307 1339 5376 exspectare
1371 5309 1435 5359 ut
1465 5305 1591 5376 ipse
1635 5307 1798 5361 vobis
1829 5307 2003 5362 dicat:

361 5393 625 5450 Cumillo
639 5394 818 5450 nolite
841 5393 1012 5449 amici
1036 5410 1167 5448 esse
1189 5413 1203 5460 ;
1223 5393 1320 5448 sed
1353 5395 1670 5464 prudenter
1699 5395 2006 5452 observare

364 5480 612 5548 debetis,
644 5487 703 5539 et
731 5482 1018 5540 voluntati
1046 5480 1175 5553 ejus
1227 5481 1450 5554 absque
1499 5483 1872 5540 contentione
1901 5484 2002 5541 ob-

364 5570 710 5640 secundare,
742 5575 800 5629 et
827 5576 1082 5629 avertere
1106 5587 1210 5628 vos
1231 5571 1303 5628 ab
1332 5587 1399 5628 eo
1430 5573 1524 5628 cui
1547 5571 1742 5645 ipsum
1770 5574 2002 5631 sentitis

2121 4583 2564 4655 communione,
2632 4591 2917 4655 tanquam
2977 4583 3076 4654 qui
3145 4581 3405 4647 regulam
3465 4581 3774 4638 contundit

2119 4673 2410 4730 Ecclesiae.

2189 4789 2322 4844 CAP.
2347 4789 2414 4842 27
2443 4819 2512 4872 :—.
2543 4789 2619 4845 Ne
2667 4790 2789 4872 quis
2838 4787 3102 4872 clericum
3151 4786 3767 4872 communionefriva-

2190 4869 2300 4916 tum
2334 4862 2589 4932 recipiat,
2624 4857 2735 4916 nisi
2765 4864 2860 4915 aut
2891 4875 2988 4915 suo
3013 4861 3264 4931 episcopo
3313 4857 3767 4932 reconciliatum,

2190 4935 2284 4987 aut
2315 4931 2573 5004 synodali
2628 4934 3009 5000 satisfactione
3060 4938 3376 5003 purgatum.
3437 4932 3532 4984 Ea:
3588 4931 3769 4988 eodem

2188 5020 2336 5060 conc.
2369 5020 2491 5075 cap.
2522 5005 2577 5060 6.

2190 5110 2300 5182 (11,
2334 5129 2386 5181 q.
2419 5111 2474 5179 3,
2504 5128 2551 5167 c.
2586 5110 2647 5167 Si
2675 5111 2798 5182 quis
2827 5127 2860 5165 a
2886 5108 3162 5182 proprio.)
3193 5107 3252 5162 Si
3287 5107 3421 5180 quis
3452 5125 3488 5163 a
3535 5108 3765 5180 proprio

2117 5201 2390 5270 episcopo
2422 5199 2836 5256 communione
2867 5198 3130 5271 privatus
3159 5202 3271 5264 est,
3321 5214 3437 5253 non
3469 5207 3606 5253 ante
3635 5215 3766 5253 sus-

2115 5287 2368 5359 cipiatur
2398 5288 2468 5342 ab
2501 5288 2633 5344 aliis
2665 5305 2842 5361 quam
2877 5303 2984 5344 suo
3015 5285 3425 5343 reconcilietur
3472 5287 3763 5359 episcopo,

2115 5382 2216 5432 aut
2245 5381 2398 5432 certe
2431 5377 2501 5431 ad
2535 5379 2825 5450 synodum
2858 5393 2987 5449 quas
3010 5379 3405 5448 congregatur
3427 5391 3763 5442 occurrens,

2115 5481 2220 5538 pro
2249 5480 2310 5521 se
2339 5466 2686 5524 satisfaciat.

2112 5572 2242 5630 ΟΔΡ.
2274 5571 2364 5630 28.
2399 5604 2468 5614 -
2495 5573 2572 5630 Ab
2597 5573 2841 5631 Ecclesia
2868 5573 3222 5630 eliminatum
3249 5570 3503 5646 quisquis
3530 5572 3760 5630 clerico-
