4002 6054
209 310 319 365 833

278 450 401 489 rum
429 448 489 487 in
513 431 957 487 communionem
997 430 1260 500 receperit
1279 424 1408 498 pari
1428 420 1863 495 legejudicetur.
1898 419 1947 487 Α

282 507 366 561 Ea:
387 520 536 560 conc.
573 520 610 556 ιι
638 502 906 574 Carthag.
929 518 1048 572 cap.
1065 501 1120 556 7.

286 613 397 684 (11,
422 629 476 683 q.
503 611 556 666 3.
581 626 631 666 c.
649 611 758 680 Qui
781 608 1022 677 merito.)
1048 606 1155 672 Qui
1178 604 1387 660 merito
1402 603 1728 658 facinorum
1743 614 1871 654 suo-

211 718 345 756 rum
378 701 450 755 ab
472 699 720 755 ecclesia
741 696 967 768 expulsi
994 700 1158 762 sunt,
1184 696 1231 749 si
1256 694 1329 748 ab
1354 692 1547 763 aliquo
1571 690 1867 760 episcopo,

208 789 298 845 vel
335 789 693 861 presbytero,
717 786 809 841 vel
833 785 1042 840 clerico
1068 782 1357 853 [diacono]
1385 779 1602 835 fuerint
1626 778 1683 831 in
1710 793 1869 831 com-

215 877 498 933 munione
526 874 805 946 suscepti,
839 874 1013 928 etiam
1046 871 1158 941 ipsi
1182 870 1305 942 pari
1337 868 1585 924 crimine
1605 882 1739 920 cum
1764 865 1874 919 eis-

215 969 347 1023 dem
371 971 681 1021 teneantur
709 961 967 1018 obnoxii.
998 962 1072 1016 De
1099 960 1289 1015 eadem
1318 974 1401 1013 re.
1434 959 1517 1012 Ex
1556 954 1786 1011 concilio
1817 969 1873 1008 v1

217 1058 476 1124 Carthag.
508 1071 635 1124 cap.
675 1052 747 1105 73
784 1052 896 1122 (11,
929 1067 985 1121 q.
1020 1052 1075 1117 3,
1107 1065 1157 1103 c.
1189 1048 1295 1115 Qui
1336 1045 1870 1110 communicaverat).

218 1145 322 1217 qui
398 1140 919 1200 communicaverit
975 1138 1061 1194 vel
1120 1137 1375 1193 oraverit
1434 1152 1570 1189 cum
1639 1148 1874 1188 excom-

220 1234 542 1300 municato,
594 1232 714 1287 sive
754 1229 999 1284 clericus
1049 1228 1170 1282 sive
1213 1226 1421 1295 laicus,
1473 1220 1873 1279 excommuni-

225 1330 415 1380 cetur.

223 1434 362 1488 CAP.
394 1431 483 1485 29.
517 1459 585 1469 —-
618 1433 697 1484 De
728 1425 919 1482 eadem
950 1440 1027 1481 re.
1060 1426 1154 1479 Ex
1180 1419 1697 1493 Caesaraugustensi
1723 1432 1874 1473 conc.

935 1513 1068 1567 cap.
1109 1498 1164 1550 5.

296 1592 361 1647 Hi
387 1591 485 1662 qui
509 1606 610 1662 per
630 1586 1007 1659 disciplinam
1031 1594 1129 1640 aut
1150 1581 1504 1639 sententiam
1526 1578 1781 1651 episcopi
1805 1578 1878 1632 ab

224 1681 489 1738 Ecclesia
507 1679 724 1733 fuerint
745 1675 1024 1748 separati,
1049 1675 1121 1728 ab
1144 1673 1275 1728 aliis
1292 1669 1585 1742 episcopis
1610 1685 1722 1722 non
1740 1671 1880 1721 sunt

225 1768 564 1839 reeipiendi.
610 1768 771 1831 Quod
805 1765 854 1820 si
887 1764 1140 1820 scientes
1170 1760 1430 1833 episcopi
1462 1757 1725 1828 fecerint,
1761 1772 1875 1811 non

229 1859 490 1914 habeant
522 1854 1021 1912 communionem.

234 1968 380 2022 CAP.
437 1965 540 2019 30.
599 1992 668 2003 —-
730 1962 801 2015 De
857 1959 1047 2015 eadem
1110 1972 1186 2012 re.
1244 1956 1330 2010 Ea:
1387 1970 1537 2011 conc.
1602 1954 1763 2009 Tolet.
1831 1969 1885 2022 ι,

966 2030 1146 2100 cap.5.

309 2126 419 2197 (11,
454 2140 509 2195 q.
554 2123 608 2191 3,
640 2138 688 2176 ο.
722 2120 782 2176 Si
811 2122 933 2191 quis
964 2120 1185 2185 laicus)
1213 2116 1269 2170 Si
1303 2115 1438 2186 quis
1471 2112 1659 2169 laicus
1701 2111 1886 2168 absti-

238 2222 429 2283 netur,
464 2213 533 2268 ad
567 2213 722 2266 hunc
751 2210 838 2264 vel
870 2209 938 2263 ad
976 2209 1211 2261 domum
1245 2206 1393 2275 ejus,
1419 2202 1507 2257 vel
1538 2201 1886 2257 clericorum

234 2303 323 2358 vel
374 2301 776 2373 religiosorum
826 2297 1026 2353 nullus
1083 2295 1339 2351 accedat.
1392 2291 1677 2347 Similiter
1720 2289 1888 2345 cleri-

234 2409 338 2447 cus
367 2391 413 2447 si
448 2388 798 2453 abstinetur,
832 2403 865 2441 a
895 2383 1124 2441 clericis
1157 2382 1461 2438 devitetur.
1496 2379 1556 2434 Si
1588 2379 1723 2450 quis
1753 2394 1888 2433 cum

235 2481 337 2536 illo
396 2479 649 2550 colloqui
705 2482 807 2531 aut
860 2472 1153 2530 convivari
1213 2471 1388 2525 fuerit
1445 2467 1887 2540 deprehensus,

237 2571 413 2627 etiam
463 2570 591 2641 ipse
628 2566 1014 2622 abstineatur.
1048 2562 1160 2617 Sed
1198 2561 1305 2615 hoc
1355 2558 1643 2637 pertineat
1673 2558 1744 2611 ad
1791 2572 1891 2613 eos

236 2660 484 2716 clericos
516 2658 613 2728 qui
649 2656 825 2711 unius
856 2653 1089 2726 [ejusd.,
1114 2651 1223 2721 or.)
1255 2653 1394 2704 sunt
1419 2645 1699 2716 episcopi,
1730 2648 1789 2699 et
1817 2644 1889 2698 ad

240 2765 449 2806 omnes
476 2747 575 2819 qui
608 2744 814 2800 moniti
848 2743 1064 2797 fuerint
1093 2741 1164 2794 de
1194 2754 1260 2793 eo
1287 2737 1387 2809 qui
1421 2736 1751 2790 abstinetur
1772 2736 1893 2788 sive

240 2838 392 2894 laico
424 2835 690 2907 quolibet
719 2834 838 2888 sive
867 2831 1098 2886 clerico.

240 2943 377 2999 CAP.
440 2942 529 2995 31.
579 2968 649 2979 -
678 2939 751 2993 De
798 2935 989 2993 eadem
1039 2949 1121 2988 re.
1182 2934 1269 2986 Ea:
1294 2930 1599 2986 canonibus
1658 2927 1895 2985 Martini

652 3009 890 3080 episcOpi
919 3007 989 3061 ad
1013 3006 1180 3061 laicos
1205 3004 1353 3074 (cap.
1386 3004 1499 3069 81).

313 3107 437 3158 Non
458 3100 631 3155 liceat
660 3094 1096 3154 communicare
1118 3089 1666 3159 excommunicatis,
1700 3104 1892 3159 neque

1030 305 1343 360 DECRETX
1381 302 1568 358 PARS
1604 297 1754 350 XIV.
1784 324 1849 335 —
1887 295 1985 348 DE
2022 288 2803 347 EXCOMMUNICATIONE.

3521 288 3629 343 834

2085 416 2146 469 ui
2173 398 2339 540 altiles
2356 413 2587 485 fecerint
2617 430 2636 468 :
2656 414 2891 468 Joannes
2914 412 3044 475 VIII,
3075 412 3217 468 clero
3246 420 3298 469 et
3322 413 3510 470 ordini
3529 414 3627 472 Sa-

2085 502 2202 540 ενηῖ
2229 503 2303 540 an
2344 527 2358 540 ο

2072 502 2358 541 ernuano.

2051 577 2164 646 (11,
2198 592 2249 645 q.
2281 576 2334 642 3,
2368 590 2415 629 c.
2454 578 2534 629 De
2572 573 2693 628 illis
2720 573 3100 645 presbyteris.)
3125 572 3205 627 De
3230 571 3347 628 illis
3387 577 3625 647 presby-

1980 664 2121 720 teris
2155 664 2251 733 qui
2286 666 2547 733 tempore
2578 660 2933 716 sanctissimi
2969 661 3413 731 praedecessoris
3448 663 3631 718 nostri

1981 752 2201 809 domini
2236 769 2393 824 papae
2426 749 3147 805 Nicolaiexcommunicati
3201 766 3434 805 sacrum
3458 751 3632 806 mini-

1981 842 2226 898 sterium
2250 840 2587 911 contingere
2612 843 3131 912 praesumpserant,
3156 838 3264 909 ipsi
3288 840 3346 893 in
3379 856 3441 895 se
3473 842 3636 895 dam-

1983 930 2240 986 nationis
2270 929 2447 1002 (sicut
2477 926 2664 983 sancti
2696 943 2947 982 canones
2992 928 3349 998 statuerunt)
3395 934 3633 983 senten-

1982 1020 2122 1075 tiam
2158 1018 2507 1073 intulerunt.
2538 1021 2756 1072 Tamen
2791 1015 2928 1086 quia
2962 1014 3262 1070 miseratio
3314 1016 3639 1087 apostolica

1983 1109 2216 1165 veniam
2252 1108 2401 1162 solet
2432 1112 2707 1178 praestare
2738 1104 3036 1169 correctis,
3075 1104 3146 1159 ob
3195 1104 3635 1164 multitudinem

1986 1197 2399 1253 misericordiae
2424 1195 2541 1250 illis
2560 1193 3155 1265 hancindulgentiam
3181 1193 3547 1261 exhibemus,
3573 1200 3638 1255 ut

1986 1291 2190 1343 sancta
2220 1285 2636 1342 communione
2667 1282 2919 1355 saginati
2940 1282 3217 1337 studeant
3235 1283 3429 1338 tribus
3450 1284 3637 1339 conti-

1986 1376 2123 1431 nuis
2157 1375 2329 1431 annis
2351 1391 2452 1446 per
2474 1372 2902 1429 hebdomadam
2926 1371 3086 1426 omni
3109 1373 3366 1427 secunda
3396 1377 3452 1427 et
3473 1379 3638 1430 sexta

1986 1464 2151 1534 feria,
2184 1480 2217 1517 a
2246 1464 2381 1517 vino
2405 1469 2505 1517 aut
2534 1468 2696 1516 aceto
2730 1460 2964 1532 penitus
2988 1461 3259 1530 jejunare
3292 1461 3476 1531 [omni
3494 1466 3637 1517 tem-

1988 1568 2148 1624 pore,
2181 1568 2221 1606 ιι
2251 1556 2308 1606 et
2337 1567 2390 1604 1v
2420 1556 2476 1605 et
2505 1567 2558 1604 v1
2591 1548 2733 1604 feria
2763 1566 2796 1602 a
2826 1548 2958 1603 vino
2989 1554 3045 1603 et
3075 1564 3249 1603 carne
3280 1549 3514 1620 penitus
3542 1551 3638 1620 je-

1980 1642 2194 1712 junare
2224 1641 2305 1695 sic
2333 1638 2528 1709 Grat.],
2553 1642 2610 1693 et
2633 1636 2784 1693 ultra
2813 1636 3069 1709 lugenda
3092 1653 3462 1708 nequaquam
3486 1655 3641 1696 com-

1992 1731 2247 1787 mittere.

1911 1793 1957 1857 Β
1992 1819 2126 1875 CAP.
2161 1820 2248 1873 36.
2282 1849 2351 1857 —-
2402 1818 2463 1874 Ut
2500 1815 2697 1870 nullus
2748 1815 3007 1871 Ecclesia:
3046 1819 3399 1871 sacramenta
3446 1817 3514 1871 ab
3545 1832 3642 1873 ea:-

2064 1890 2481 1945 communicatis
2510 1890 2745 1959 accipiat
2773 1889 3007 1943 Joannes
3042 1889 3166 1941 VIII
3214 1887 3466 1943 Michaeli
3514 1889 3642 1959 regi

2066 1964 2456 2032 Bulgarorum.

2069 2052 2127 2106 Si
2161 2052 2233 2106 ab
2265 2052 2357 2106 his
2389 2065 2540 2121 quos
2573 2047 3113 2103 excommunicatos
3165 2045 3530 2102 habebamus
3548 2063 3643 2101 sa-

1996 2146 2296 2196 cramenta
2325 2154 2693 2210 quaecunque
2714 2136 3037 2208 suscipitis,
3057 2141 3291 2192 constat
3310 2135 3645 2206 quiaidolo-

1997 2229 2252 2296 latriam,
2288 2245 2403 2283 non
2434 2233 2498 2282 ut
2514 2226 2795 2282 Catholici
2821 2225 3047 2292 essetis,
3071 2226 3171 2280 sed
3197 2230 3261 2279 ut
3282 2224 3645 2281 schismatiei

1998 2317 2399 2388 efﬁceremini,
2434 2317 2746 2388 reliquisse
2776 2314 3078 2371 videmini.

1999 2427 2132 2482 CAP.
2164 2427 2252 2480 37.
2280 2456 2347 2465 —-
2391 2427 2521 2479 Item
2550 2431 2610 2477 ut
2656 2424 2894 2477 clericus
2940 2423 3055 2476 sive
3102 2422 3278 2476 laicus
3309 2437 3343 2475 a
3388 2437 3484 2476 suo
3532 2421 3649 2491 epi-

2067 2513 2220 2567 scopo
2246 2497 2534 2551 damnatus
2563 2494 2631 2548 ab
2660 2495 2788 2549 aliis
2838 2510 2949 2547 non
2996 2494 3316 2563 recipiatur.
3370 2494 3452 2547 Ea:
3497 2508 3648 2548 conc.

2070 2569 2315 2633 Nicomo,
2347 2584 2467 2637 cap.
2490 2568 2544 2622 5.
2854 2573 2865 2585 ’

2071 2662 2148 2711 De
2182 2656 2272 2710 his
2304 2656 2404 2726 qui
2438 2654 2853 2710 communione
2885 2654 3208 2722 privantur,
3240 2666 3343 2706 seu
3377 2666 3446 2705 ex
3472 2650 3650 2715 clero,

2000 2763 2101 2802 seu
2134 2760 2197 2798 ex
2232 2744 2377 2799 laico
2396 2744 2623 2812 ordine,
2642 2744 2713 2798 ab
2736 2742 3027 2814 episcopis
3046 2758 3146 2811 per
3164 2756 3647 2811 unamquamque

2000 2834 2358 2906 provinciam
2392 2831 2685 2887 sententia
2716 2830 3002 2903 regularis
3032 2829 3311 2893 oblineat,
3346 2834 3409 2883 ut
3435 2828 3492 2882 bi
3545 2828 3648 2899 qui

2008 2922 2391 2992 abjiciuntur,
2423 2921 2496 2975 ab
2527 2920 2659 2975 aliis
2688 2937 2801 2974 non
2838 2917 3213 2989 recipiantur.

2000 3016 2137 3069 CAP.
2170 3012 2259 3065 38.
2293 3042 2359 3051 —
2400 3011 2472 3065 De
2493 3010 2686 3065 eadem
2711 3024 2789 3063 re.
2817 3010 2903 3062 Ex
2939 3007 3176 3078 epistola
3213 3006 3472 3074 Carthag.
3501 3021 3650 3062 conc.

2090 3089 2158 3137 ad
2192 3084 2545 3138 Cazlestinum
2588 3096 2792 3152 papam
2834 3080 3009 3152 (extat
3054 3081 3201 3134 inter
3243 3079 3459 3133 decreta
3505 3094 3655 3133 conc-

242 3192 301 3247 in
335 3192 539 3246 domos
570 3204 772 3245 eorum
804 3186 1170 3241 introeuntes
1202 3198 1367 3237 orare
1398 3196 1531 3235 cum
1565 3178 1670 3234 eis.
1703 3178 1761 3233 Si
1794 3194 1890 3232 au-

2082 3156 2339 3225 A/rican.
2374 3170 2418 3209 c.
2454 3154 2578 3218 105,
2611 3169 2656 3206 c.
2685 3153 2741 3222 5)

241 3286 362 3337 tem
385 3279 595 3351 aliquis
616 3278 950 3350 episcopus,
976 3278 1077 3329 aut
1104 3272 1428 3344 presbyter,
1452 3274 1555 3325 aut
1590 3268 1900 3333 diaconus,

244 3374 345 3426 aut
376 3366 623 3439 quilibet
647 3364 1080 3421 ecolesiasticus
1112 3358 1615 3416 excommunicato
1633 3372 1905 3411 commu-

245 3456 543 3526 nicaverit,
577 3455 744 3527 quasi
774 3453 1129 3526 perturbans
1151 3464 1383 3505 omnem
1403 3446 1775 3518 disciplinam
1798 3445 1906 3499 Ec-

246 3548 461 3612 clesiae,
496 3544 1067 3601 excommunicetur.

246 3656 384 3712 CAP.
435 3654 524 3709 32.
563 3683 626 3693 -—
682 3651 829 3707 Idem
858 3650 927 3705 de
948 3649 1150 3704 eodem.
1178 3644 1472 3713 Gregorius
1490 3642 1761 3698 Januario
1783 3640 1905 3709 epi-

501 3740 655 3796 scopo
705 3722 992 3777 Sardiniae
1023 3722 1085 3792 (ι.
1120 3735 1185 3774 ιιι
1210 3719 1392 3788 regist.
1426 3731 1510 3784 cp.
1542 3713 1653 3783 24).

321 3817 416 3871 Eis
449 3813 548 3886 qui
581 3814 654 3868 ab
695 3810 1083 3866 ecclesiastica
1113 3803 1599 3863 excommunione
1631 3809 1907 3871 suspensi

247 3910 407 3971 sunt,
446 3902 643 3958 nullus
669 3900 983 3972 religiosus
1013 3896 1336 3954 secundum
1362 3906 1655 3948 canonum
1689 3890 1907 3944 statuta

237 3997 554 4067 jungatur.

245 4063 388 4140 CAP.—
438 4081 527 4135 33.
579 4109 647 4119 —
676 4081 758 4134 Ne
812 4076 933 4147 quis
978 4082 1174 4128 contra
1231 4067 1656 4147 ecclesiasticam
1683 4063 1907 4147 satisfa-

316 4134 553 4211 ctionem
582 4166 650 4205 ex
663 4134 1081 4203 communicatis
1111 4142 1489 4198 communicet.
1529 4138 1778 4193 Gelasius
1799 4134 1905 4188 Μαι

308 4227 510 4297 jorico,
544 4222 771 4287 Serano,
806 4224 857 4275 et
887 4219 1090 4273 locum
1117 4214 1403 4285 episcopis.

319 4291 673 4370 Coelestinus
706 4308 1005 4379 presbyter
1034 4303 1232 4358 fratris
1266 4308 1320 4355 et
1351 4294 1685 4369 coepiscOpi
1720 4291 1902 4348 nostri

248 4401 477 4467 Serani,
510 4400 610 4470 qui
644 4402 846 4452 contra
898 4390 1229 4466 pontiﬁcale
1252 4387 1546 4459 judicium
1585 4388 1903 4451 contraque

250 4468 582 4563 apostolicae
615 4486 771 4542 sedis
804 4484 1076 4540 mandata
1105 4492 1514 4578 prorumpens,
1548 4468 1901 4582 supradictis
1942 4519 1983 4582 Β

252 4578 731 4637 communionem
795 4588 1020 4629 sacram
1087 4567 1422 4624 ministrare
1492 4557 1905 4635 praesumpsit,

254 4686 388 4727 cum
420 4684 537 4724 non
568 4664 781 4738 poterit
804 4663 1075 4733 ignorare
1099 4655 1453 4714 sententiam
1481 4650 1698 4724 proprii
1718 4664 1911 4705 sacer-

255 4758 431 4824 dotis,
468 4757 540 4812 ab
564 4754 756 4810 ofﬁcio
776 4749 1048 4823 protinus
1069 4743 1468 4802 ecclesiastico
1488 4739 1823 4812 repellatur,
1852 4740 1915 4791 ut

253 4848 451 4903 nullus
472 4843 728 4901 ecclesiae
754 4839 1163 4896 ministrorum
1190 4838 1392 4889 contra
1420 4827 1780 4902 pontificalia
1803 4832 1916 4881 sta-

250 4944 313 4993 tu
328 4943 385 4993 ta
414 4934 614 4991 venire
645 4930 984 4988 contendat.

253 5029 391 5084 CAP.
459 5025 547 5079 34.
582 5054 651 5063 —
680 5027 758 5077 De
788 5020 973 5076 eadem
1031 5031 1108 5071 re.
1146 5016 1239 5069 Em
1290 5010 1491 5082 Regula
1520 5008 1696 5063 sancti
1742 5008 1917 5061 Bene-

870 5089 1026 5154 dicti,
1059 5104 1179 5157 cap.
1221 5085 1310 5139 26.

326 5184 386 5239 Si
423 5183 558 5254 quis
594 5182 772 5236 frater
806 5173 1369 5250 prmsmpseritmine
1392 5169 1664 5241 jussione
1689 5164 1919 5220 abbatis

256 5274 426 5338 fratri
450 5270 956 5327 excommunicato
980 5264 1243 5335 quolibet
1266 5263 1438 5316 modo
1470 5275 1532 5313 se
1549 5258 1799 5329 jungere
1820 5258 1921 5309 aut

257 5356 418 5433 loqui
470 5377 604 5416 cum
641 5376 731 5427 eo,
764 5357 849 5412 vel
884 5354 1230 5410 mandatum
1262 5352 1312 5405 ei
1355 5348 1629 5421 dirigere,
1664 5344 1919 5399 similem

258 5452 550 5509 sortiatur
597 5439 1219 5506 excommunicationis
1253 5439 1596 5494 vindictam.

259 5559 398 5615 CAP.
455 5558 545 5611 35.
582 5587 649 5596 —-
685 5555 748 5611 Ut
802 5548 1318 5607 excanmunicatus
1349 5552 1481 5598 ante
1531 5528 1768 5615 examen
1814 5553 1924 5615 non

330 5609 720 5696 communicet,
761 5631 966 5680 statuta
1010 5616 1451 5675 misericorditer
1480 5610 1806 5685 pccnitcntia
1837 5609 1924 5662 his

2085 3244 2481 3315 Deprecamur
2511 3245 2573 3295 ut
2595 3240 2872 3311 deinceps
2922 3241 2991 3294 ad
3046 3255 3216 3293 aures
3252 3240 3475 3293 vestras
3524 3237 3661 3293 hinc

2014 3333 2311 3387 venientes
2345 3348 2457 3386 non
2493 3329 2724 3385 facilius
2757 3328 3106 3395 admittatis,
3141 3344 3244 3381 nec
3278 3344 3311 3380 a
3344 3327 3513 3381 nobis
3563 3344 3661 3381 ex-

2015 3422 2485 3476 communicatos
2508 3420 2565 3473 in
2598 3418 3076 3472 communionem
3112 3417 3266 3469 ultra
3298 3414 3487 3469 velitis
3506 3416 3663 3470 exci-

2018 3526 2172 3582 pere,
2206 3509 2345 3580 quia
2366 3508 2545 3562 etiam
2571 3507 2678 3561 hoc
2711 3506 2943 3559 Nicieno
2962 3503 3209 3558 concilio
3241 3502 3551 3557 deﬁnitum
3586 3504 3665 3559 fa-

2016 3599 2124 3653 cile
2141 3596 2387 3653 advertit
2402 3594 2814 3651 venerabilitas
2834 3600 2954 3647 tua.
2974 3593 3114 3646 Nam
3136 3592 3271 3646 side
3289 3591 3667 3648 inferioribus

2015 3687 2243 3743 clericis
2266 3685 2352 3740 vel
2384 3679 2549 3739 laicis
2570 3684 2797 3737 videtur
2820 3682 2896 3736 ibi
2924 3681 3257 3753 prmcaveri,
3277 3690 3497 3751 quanto
3542 3697 3666 3736 ma-

2016 3777 2107 3848 gis
2138 3776 2245 3831 boc
2270 3776 2341 3829 de
2371 3772 2663 3845 episcopis
2688 3770 2869 3826 voluit
2899 3769 3214 3840 observari,
3248 3786 3318 3824 ne
3352 3770 3407 3824 in
3433 3770 3668 3841 provin-

2016 3865 2104 3922 cia
2130 3883 2163 3920 a
2189 3861 2601 3920 communione
2634 3860 2904 3932 suspensi
2935 3877 2969 3915 a
3017 3864 3117 3914 tua
3166 3859 3477 3914 sanctitate
3524 3876 3670 3930 pras-

2016 3969 2258 4026 propere
2270 3952 2354 4007 vel
2368 3951 2627 4006 indebita
2641 3950 2941 4005 videantur
2954 3965 3080 4003 com
3093 3947 3367 4002 munione
3390 3948 3670 4003 restitui?

2012 4043 2488 4114 Presbyterorum
2535 4055 2771 4111 quoque
2804 4042 2860 4091 et
2905 4037 3276 4106 sequentium
3319 4034 3667 4089 clericorum

2011 4132 2286 4203 improba
2303 4129 2714 4201 refugiatsicut
2731 4132 2787 4182 te
2800 4126 3045 4197 dignum
3068 4125 3176 4195 est)
3193 4122 3434 4195 repellat
3450 4122 3671 4177 sancti-

2016 4228 2108 4276 tas
2141 4225 2262 4275 tua.

2014 4312 2141 4364 CAP.
2174 4309 2261 4363 39.
2294 4337 2362 4347 ——
2399 4308 2531 4361 Item
2572 4306 2637 4361 de
2676 4304 2862 4384 eadem
2912 4318 2971 4356 re
3023 4301 3299 4356 Nicotaus.
3351 4298 3667 4371 Epiphanio

2696 4389 2961 4444 episcopo.

2090 4467 2403 4524 Sancimus
2427 4471 2490 4520 ut
2532 4466 2581 4520 si
2629 4464 2761 4534 quis
2818 4462 3119 4534 presbyter
3168 4476 3269 4531 pro
3323 4459 3523 4532 aliquo
3576 4478 3676 4517 ne-

2021 4556 2213 4629 glectu
2230 4556 2586 4611 autcrimine
2610 4570 2643 4608 a
2665 4552 2898 4623 proprio
2921 4548 3465 4604 excomlnunicatus
3501 4548 3679 4603 fuerit

2022 4648 2319 4719 episcopo,
2354 4644 2424 4699 ab
2458 4642 2571 4697 alio
2604 4640 2878 4712 episc0po
2909 4656 3022 4693 non
3080 4638 3569 4692 communicatur.
3616 4638 3677 4693 Si

2025 4753 2158 4791 vero
2190 4739 2323 4790 ante
2356 4731 2714 4787 audientiam
2747 4726 3185 4784 communicare
3219 4726 3678 4797 pressumpserit,

2028 4823 2425 4880 damnationis
2456 4822 2513 4875 in
2547 4836 2605 4875 se
2636 4818 2853 4873 illatam
2888 4820 3206 4889 cognoscat
3230 4817 3606 4870 sententiam.

2026 4915 2160 4970 ΟΑΡ.
2195 4914 2280 4966 40.
2305 4942 2373 4951 -
2406 4913 2476 4965 De
2503 4909 2695 4964 eadem
2725 4923 2801 4962 re.
2836 4909 3138 5031 Eicicanon.
3171 4904 3570 4975 Apostolorum,

2713 4995 2836 5031 can.
2946 5019 2959 5031 .

2713 4995 2836 5046 cap.
2872 4995 2959 5033 ιι.

2105 5075 2215 5144 (11,
2245 5090 2296 5144 q.
2329 5073 2379 5136 3,
2410 5088 2457 5126 c.
2492 5069 2645 5125 Sicut
2680 5065 2973 5139 apostoli.)
3016 5066 3073 5121 Si
3107 5064 3241 5135 quis
3273 5062 3681 5119 excommuni-

2030 5168 2158 5219 cato
2186 5162 2391 5217 saltem
2422 5160 2479 5213 in
2514 5160 2687 5213 domo
2738 5156 2969 5211 locutus
3021 5151 3218 5221 fuerit,
3265 5151 3352 5207 vel
3403 5150 3678 5216 oraverit,

2035 5254 2144 5307 iste
2175 5249 2589 5306 communione
2622 5245 2898 5317 privetur.
2931 5242 3260 5312 Exemplum
3300 5239 3569 5295 cavendi:
3603 5239 3683 5292 Ex

2033 5342 2125 5397 lib.
2153 5338 2490 5411 Pontiﬁcali.
2525 5339 2686 5409 (Disl.
2724 5336 2810 5400 19,
2842 5350 2889 5388 c.
2923 5329 3293 5400 Anastasius.)
3335 5327 3685 5383 Anastasius

2043 5430 2115 5497 II,
2140 5430 2374 5485 natione
2400 5428 2719 5491 Romanus,
2743 5424 2896 5479 sedit
2918 5437 3092 5483 anno,
3113 5434 3249 5483 uno,
3272 5415 3578 5472 mensibus
3598 5417 3684 5485 11,

2037 5518 2425 5574 diebas2li.Et
2448 5515 2614 5569 multi
2634 5512 2957 5584 presbyteri
2983 5513 3158 5579 atque
3180 5505 3376 5561 clerici
3392 5507 3693 5577 ejecerunt

2036 5623 2097 5664 se
2131 5622 2299 5662 acom
2312 5604 2589 5661 munione
2607 5602 2797 5675 ipsius
2811 5616 2876 5655 eo
2891 5598 3044 5670 quod
3070 5597 3194 5652 sine
3216 5595 3462 5653 consilio
3484 5611 3687 5653 eorum
