3972 6064
374 319 480 374 835
1454 315 1522 366 D.
1563 311 1806 367 IVONIS
1841 309 2344 366 CARNOTENSIS
2381 311 2701 367 EPISCOPI
3687 316 3801 371 836

375 441 872 501 communicasset
913 439 1155 496 diacono
1194 435 1671 492 Thessalonicen.
1722 433 1822 504 qui
1861 448 2019 488 com-
2047 441 2102 507 Α
2133 433 2256 489 suis
2280 435 2553 492 omnibus
2575 435 2956 506 quiejusdem
2981 436 3301 507 impietatis
3325 438 3646 509 participes
3672 441 3798 498 fue-

285 557 288 564 ν
377 533 576 589 munis
602 534 727 588 erat
753 529 982 599 Acacio,
1017 532 1072 582 et
1095 525 1232 599 quia
1261 523 1486 579 occulte
1523 522 1708 578 voluit
1754 537 2020 577 revocare
2130 527 2288 591 runt,
2327 523 2540 594 pariter
2571 525 2931 580 interfectos.
2957 525 3121 581 Tunc
3153 527 3371 598 quippe
3393 529 3464 583 ad
3497 535 3790 586 terrorem
3847 557 3852 560 -

375 623 679 687 Acacium,
701 624 758 675 et
781 637 893 675 non
924 614 1291 690 potuit,quia
1312 612 1508 668 divino
1532 619 1681 668 nutu
1705 627 2018 684 percussus
2127 613 2441 669 viventium
2469 614 2738 669 mortalia
2755 630 3001 684 corpora
3031 615 3494 689 periniebantur,
3521 621 3798 690 quando-

377 719 467 770 est
501 711 762 768 Acacius.
2127 717 2240 771 que
2269 702 2446 757 etiam
2479 703 2776 758 moritura.
2811 703 3145 774 Spiritualis
3163 709 3359 760 autem
3379 710 3795 779 poena,quatit

375 831 510 887 CAP.
546 829 631 881 41.
667 856 733 864 -
777 820 1125 895 Ωαοᾴνηεηιο
1172 819 1343 888 possit
1385 819 1527 895 iuste
1571 816 1850 895 damnari2
1892 816 1985 895 321's

2149 792 2280 860 μιοό
2332 793 2616 864 scriptum
2673 798 2762 847 est
2802 809 2814 846 :
2864 796 3008 862 Qum
3055 792 3320 862 ligaveris
3369 811 3536 866 super
3580 801 3796 852 terram

443 881 702 955 canonice
723 881 809 949 αιῖ
824 881 1421 948 ααάἰεηιέαηιύοσαιιιὲ.
1454 889 1763 945 Alexander
1803 881 1850 942 II
1874 889 2015 942 (Σεγ-
2124 888 2285 936 erunt
2317 881 2489 950 ligata
2516 886 2568 936 et
2595 882 2652 935 in
2685 881 2814 935 creto
2838 882 3045 952 (Matth.
3093 886 3226 948 xvi),
3261 883 3491 939 animas
3535 885 3792 957 obligat,

449 972 596 1026 vasio
627 967 878 1023 Remensi
908 964 1328 1033 archiepiscopo.

2149 970 2194 1023 le
2239 970 2455 1040 quibus
2488 970 2708 1024 dictum
2755 974 2877 1025 est:
2911 971 3123 1025 Anima
3172 971 3357 1042 patris
3391 989 3518 1027 mea
3557 981 3688 1044 est;
3723 981 3792 1032 et

440 1060 606 1115 JUStB
637 1073 750 1112 non
784 1057 977 1125 Ροιθεῐ
998 1052 1144 1117 ﬁeri:
1182 1056 1247 1106 ιιι
1272 1051 1431 1120 Prius
1477 1049 1608 1118 QUiS
1635 1065 1667 1103 οι
1716 1063 2012 1118 quoquam
2125 1057 2323 1112 anima
2341 1057 2438 1111 ﬁlii
2475 1074 2605 1114 mea
2635 1065 2759 1126 est;
2793 1059 2992 1114 Anima
3024 1074 3149 1130 qua
3167 1062 3475 1131 peccaverit
3502 1063 3628 1126 ipsa
3663 1082 3785 1120 mo-

369 1147 603 1220 prmlalo
631 1141 1194 1205 excommunicetur,
1214 1155 1387 1210 quam
1413 1139 1591 1192 missa
1613 1137 1892 1208 8Υηοάίοᾶ
1915 1152 2011 1190 08·
2122 1148 2298 1202 rietur
2315 1148 2532 1214 (Ezech.
2554 1148 2733 1217 xvul).
2758 1147 3023 1203 Audistis
3053 1151 3300 1204 fortasse
3321 1149 3556 1221 aliquos
3580 1156 3787 1222 magni

368 1237 574 1293 nonice
603 1235 674 1289 ad
706 1231 1185 1304 respondendum
1220 1233 1474 1283 vocetur.
2122 1237 2380 1291 nominis
2411 1237 2742 1292 sacerdotes
2774 1253 2906 1291 cum
2929 1238 3101 1292 domo
3134 1255 3243 1293 sua
3265 1241 3610 1310 quempiam
3635 1259 3785 1298 ana-

2119 1324 2537 1381 thematizasse
2566 1326 2958 1397 peccantium.
2985 1327 3102 1398 Ego
3141 1334 3334 1383 autem
3360 1329 3408 1383 si
3435 1332 3569 1400 quis
3596 1347 3669 1385 ex
3693 1348 3786 1388 me

2119 1413 2432 1485 quaesierit,
2462 1418 2656 1470 utrum
2691 1424 2841 1470 recte
2863 1414 2963 1470 fiat
2993 1416 3132 1488 quid
3164 1416 3215 1471 ei
3249 1419 3639 1489 respondeam
3663 1437 3780 1476 non

2117 1503 2370 1560 invenio.
2420 1505 2733 1576 Nunquam
2767 1504 2874 1560 hoc
2907 1504 3092 1561 facere
3123 1523 3305 1562 ausus
3336 1523 3470 1561 sum
3503 1509 3576 1563 de
3628 1526 3780 1582 quo-

2117 1593 2390 1648 rumdam
2407 1592 3136 1649 facinoribusunanimiter
3155 1595 3435 1651 adversus
3449 1597 3779 1654 Ecclesiam

2117 1681 2486 1753 perpetratis,
2545 1683 2655 1737 nisi
2716 1683 3060 1754 gravissime
3125 1700 3544 1740 commoverer.
3612 1691 3775 1753 Item,

2114 1772 2366 1842 pauculis
2390 1773 2709 1839 interiectis.
2743 1773 3046 1835 Quomodo
3081 1789 3403 1843 possumus
3427 1774 3513 1830 vel
3544 1776 3667 1832 Deo
3688 1777 3779 1832 vel

2117 1861 2453 1917 hominibus
2474 1863 2702 1933 justam
2735 1863 2978 1918 reddere
3002 1865 3309 1933 rationem,
3342 1865 3390 1920 si
3425 1867 3659 1923 animas
3688 1869 3779 1923 in-

2113 1956 2390 2006 nocentes
2425 1969 2526 2020 pro
2558 1951 2777 2006 scelere
2796 1951 2986 2008 alieno
3007 1955 3160 2024 quod
3191 1971 3305 2008 non
3327 1955 3597 2023 trahunt,
3622 1958 3779 2011 sicut

2112 2056 2179 2094 ex
2209 2042 2390 2094 Adam
2425 2041 2483 2095 in
2524 2057 2629 2112 quo
2660 2057 2846 2096 omnes
2871 2046 3234 2112 peccaverunt
3269 2045 3443 2114 (Rom.
3476 2046 3554 2115 v),
3587 2047 3775 2116 origi-

2112 2129 2244 2185 nale
2284 2134 2588 2202 peccatum
2623 2130 2915 2201 spirituali
2945 2132 3236 2202 supplicio
3269 2133 3593 2204 puniamus
3615 2137 3644 2188 ?
3671 2136 3769 2189 Et-

2110 2219 2267 2274 enim
2299 2218 2636 2275 Classiciani
2680 2218 2840 2275 filius
2871 2226 2929 2276 et
2960 2221 3008 2274 si
3051 2221 3228 2276 traxit
3255 2237 3324 2276 ex
3353 2228 3519 2293 patre
3553 2239 3764 2280 noxam

2108 2308 2280 2378 primi
2311 2309 2570 2365 hominis
2602 2326 2767 2365 sacro
2803 2309 2960 2364 [onte
2990 2310 3363 2381 baptismatis
3395 2312 3751 2383 expiandam

2109 2402 2304 2453 tamen
2337 2399 2621 2470 quidquid
2644 2403 2846 2470 postea
2876 2397 3127 2471 quieum
3154 2400 3380 2470 genuit,
3413 2387 3635 2471 peccati
3661 2420 3761 2474 pa-

2105 2492 2196 2542 ter
2241 2488 2366 2558 ejus
2407 2488 2666 2554 admisit,
2719 2487 2816 2542 ubi
2868 2489 3160 2560 particeps
3193 2489 3303 2543 iste
3349 2506 3466 2545 non
3504 2492 3634 2558 fuit,
3689 2493 3758 2547 ad

2107 2593 2238 2632 eum
2271 2594 2384 2632 non
2419 2577 2707 2649 pertinere
2747 2577 2879 2648 quis
2913 2577 3218 2649 ambigat?
3249 2579 3398 2644 Quid
3430 2579 3626 2635 dicam
3662 2582 3760 2636 de-

2105 2667 2394 2738 conjuge?
2437 2666 2576 2738 quid
2609 2666 2798 2723 dicam
2825 2667 2895 2724 de
2925 2671 3010 2723 tot
3041 2666 3350 2723 animabus
3390 2669 3448 2723 in
3484 2668 3760 2725 universa

2107 2754 2371 2810 familia?

364 1352 678 1410 CAP.42—-
711 1351 773 1406 Ut
815 1345 1091 1418 prwlatus
1139 1347 1189 1399 si
1231 1348 1574 1418 quemqante
1627 1341 2011 1418 probationem

433 1439 618 1480 causae
668 1413 1033 1484 damnaverit,
1065 1413 1270 1486 majori
1298 1415 1604 1470 audientiae
1632 1413 1879 1467 addictus
1919 1427 2008 1486 re-

433 1497 607 1567 cipiat
632 1501 681 1549 et
712 1495 825 1565 ipse
853 1489 991 1562 quod
1027 1485 1180 1560 lecti.
1215 1487 1562 1542 Noveltarum
1603 1486 1885 1539 constitut.
1921 1485 2007 1553 11,

434 1568 707 1730 (ag-iob
748 1669 796 1708 c.
849 1653 1011 1708 Nemo
1074 1645 1396 1719 episcOpus.)
1453 1644 1633 1700 Nemo
1673 1643 2004 1715 episcopus,

361 1762 533 1803 nemo
565 1746 867 1816 presbyter
888 1736 1352 1794 excommunicet
1378 1733 1658 1806 aliquem,
1684 1738 2003 1804 antequam

360 1851 540 1892 causa
563 1804 839 1904 probetur
870 1832 1106 1899 propter
1134 1841 1313 1896 quam
1344 1821 1722 1879 ecslesiastici
1753 1837 2006 1876 canones
2038 1804 2085 1869 Β

362 1925 468 1979 hoc
500 1922 622 1976 ﬁeri
654 1919 879 1990 iubent.
914 1917 972 1971 Si
995 1914 1124 1985 quis
1147 1918 1341 1968 autem
1373 1913 1656 1967 adversus
1682 1927 1751 1966 ea
1779 1925 2006 1964 excom-

361 2008 746 2068 municaverit
775 2005 1054 2077 aliquem,
1079 2003 1174 2058 ille
1199 2003 1434 2074 quidem
1467 2001 1567 2071 qui
1607 1998 2004 2055 excommuni-

360 2105 526 2156 catus
556 2103 664 2167 est,
701 2094 940 2166 majoris
962 2091 1283 2148 sacerdotis
1301 2089 1642 2146 auctoritate
1663 2088 1733 2143 ad
1754 2089 2000 2159 gratiam

359 2191 574 2245 sanctas
605 2181 1042 2242 communionis
1068 2182 1286 2244 redeat,
1309 2178 1360 2234 is
1379 2182 1574 2232 autem
1605 2176 1702 2248 qui
1731 2192 1842 2230 non
1866 2175 2002 2247 legi-

354 2278 499 2334 time
528 2270 1076 2335 excomrnunicavit,
1099 2270 1156 2323 in
1181 2272 1410 2323 tantum
1437 2265 1726 2322 abstineat
1749 2273 1999 2334 tempus,

346 2371 640 2438 quantum
669 2361 874 2433 majori
895 2358 1180 2416 sacerdoti
1203 2358 1394 2412 visum
1420 2354 1615 2421 fuerit,
1636 2358 1702 2409 ut.
1731 2352 1885 2426 quod
1911 2352 1998 2406 in-

344 2457 506 2528 juste
539 2453 694 2524 fecit,
728 2450 1007 2524 patiatur.

351 2572 486 2628 CAP.
522 2571 610 2626 43.
643 2599 712 2609 -
743 2569 854 2637 Quo
884 2564 1264 2637 moderamine
1291 2561 1441 2637 sedes
1473 2561 1770 2637 apostolica
1801 2559 1862 2613 in
1904 2559 1994 2637 fe-

421 2642 588 2698 renda
610 2630 881 2696 senteiitia
909 2635 1266 2708 qualitatibus
1286 2630 1571 2689 hominum
1587 2630 1992 2687 condescendat.

423 2719 505 2770 Ea:
531 2714 758 2768 decretis
786 2716 1014 2777 Gregor.
1054 2709 1156 2762 VII.

419 2804 532 2874 (tt,
567 2819 617 2871 q.
650 2801 704 2864 3,
753 2815 800 2853 c.
849 2796 1122 2869 Quoniam
1159 2793 1411 2864 multos.)
1443 2792 1726 2858 Quoniam
1778 2789 1996 2845 multos

349 2889 604 2962 peccatis
628 2888 844 2942 nostris
867 2883 1258 2956 exigentibus,
1279 2899 1378 2953 pro
1395 2898 1572 2936 causa
1593 2879 1994 2934 excommuni-

349 2977 595 3035 cationis
622 2977 807 3048 perire
840 2973 1099 3046 quotidie
1130 2971 1450 3039 cernimus,
1473 2969 1687 3042 partim
1720 2968 1994 3038 ignoran-

345 3071 448 3133 tia,
467 3065 676 3138 partim
697 3063 876 3118 nimia
891 3061 1289 3133 simplicitate,
1305 3059 1515 3131 partim
1532 3057 1766 3126 timore,
1783 3057 1994 3126 partim

346 3157 523 3214 etiam
549 3153 914 3222 necessitate,
933 3149 1135 3206 devicti
1157 3147 1578 3212 misericordia,
1595 3144 1992 3200 anathematis
2024 3174 2066 3240 Ο

340 3244 687 3303 sententiam
725 3243 793 3298 ad
814 3245 1046 3312 tempus
1075 3240 1273 3308 (prout
1303 3236 1643 3309 possumus)
1697 3239 1988 3305 tempera-

2105 2915 2238 2969 CAP.
2291 2913 2377 2988 45.
2413 2943 2482 2954 —-
2532 2914 2871 2988 Apostolicac
2915 2915 3057 2970 sedis
3096 2915 3436 2983 exemplum,
3486 2919 3757 2988 quomodo

2178 2985 2438 3061 quosdam
2465 2987 2964 3061 cacommungicatos
2982 2989 3202 3057 publice
3214 2985 3560 3058 pronuntiet,
3594 3008 3755 3061 quos-

2175 3058 2304 3110 dam
2353 3056 2515 3128 quasi
2543 3058 2866 3126 dissimulet,
2918 3056 3051 3129 quos
3082 3056 3260 3114 tamen
3293 3056 3617 3114 salvandos'
3637 3079 3751 3131 pa?-

2175 3131 2422 3183 nitentiw
2437 3131 2846 3184 medica-mento
2869 3136 3070 3186 monet.
3103 3131 3349 3188 Urbanus
3375 3134 3423 3188 ΙΙ
3447 3132 3755 3190 Gibehardo

2178 3201 2592 3256 Constantiensi
2620 3205 2884 3273 episcopo.

340 3353 495 3392 mus.
525 3330 858 3405 Apostolica
882 3331 1081 3400 itaque
1113 3326 1459 3382 auctoritate
1491 3327 1561 3380 ab
1593 3323 1985 3379 anathematis

332 3425 564 3480 vinculo
597 3423 702 3478 hos
742 3419 1169 3482 subtrahimus,
1203 3414 1472 3470 videlicet
1494 3429 1724 3480 uxores,
1746 3413 1981 3482 liberos,

331 3515 509 3581 filios,
541 3527 758 3580 servos,
789 3507 1040 3563 ancillas
1071 3522 1171 3560 seu
1199 3503 1512 3574 mancipia,
1540 3518 1644 3557 nec
1666 3519 1781 3556 non
1804 3503 1981 3556 rusti-

329 3619 449 3668 cos,
481 3605 539 3656 et
570 3598 911 3665 servientes,
942 3600 997 3650 et
1019 3609 1225 3649 omnes
1257 3593 1402 3648 alios
1425 3592 1525 3662 qui
1559 3607 1664 3645 nos
1697 3592 1840 3646 adeo
1877 3607 1978 3644 cu-

333 3691 509 3746 riales
542 3692 704 3757 sunt,
731 3689 796 3741 ut
815 3701 1016 3741 eorum
1041 3683 1286 3738 consilio
1309 3681 1529 3737 scelera
1547 3684 1978 3751 perpetrentur,

330 3785 387 3836 et
402 3796 500 3835 eos
524 3778 620 3850 qui
642 3777 977 3848 ignoranter
992 3770 1514 3828 excommunicatis
1538 3769 1978 3824 communicant

327 3869 448 3925 sive
480 3867 612 3922 illos
643 3865 744 3936 qui
775 3861 1214 3918 communicant
1245 3876 1378 3914 cum
1401 3860 1485 3914 eis
1508 3857 1608 3928 qui
1638 3873 1973 3912 excommu-

326 3956 538 4014 nicatis
562 3951 1035 4010 communicant.
1064 3948 1403 4018 Quicunque
1452 3951 1645 4001 autem
1693 3950 1794 4000 aut
1841 3963 1970 4000 ara-

321 4049 431 4114 tor,
459 4049 560 4101 aut
591 4042 960 4116 peregrinus,
995 4043 1094 4095 aut
1115 4037 1300 4094 viator
1319 4037 1379 4091 in
1404 4040 1616 4092 terram
1635 4051 1969 4091 excommu-

319 4137 649 4192 nicatorum
684 4129 985 4188 devenerit
1018 4127 1115 4184 ubi
1140 4144 1254 4183 non
1292 4126 1704 4199 possitemere,
1741 4124 1826 4179 vel
1854 4142 1965 4179 non

320 4226 534 4280 habeat
557 4224 711 4279 unde
755 4224 935 4284 emat,
961 4219 1031 4273 ab
1082 4215 1600 4274 excommunicatis
1645 4213 1965 4286 accipiendi

319 4313 618 4368 licentiam
654 4313 885 4366 damus.
921 4311 987 4363 Et
1020 4308 1067 4364 si
1099 4307 1235 4379 quis
1277 4304 1800 4362 excommunicatis
1849 4321 1962 4358 non

315 4417 422 4474 pro
453 4399 881 4455 sustentatione
903 4397 1212 4468 superbiae,
1248 4396 1347 4450 sed
1372 4392 1762 4449 humanitatis
1785 4409 1965 4448 causa

316 4490 456 4544 dare
485 4487 752 4556 voluerit,
781 4503 894 4541 non
930 4486 1332 4557 prohibemus.

314 4606 450 4662 CAP.
477 4602 565 4656 44.
598 4632 667 4642 -—
703 4602 893 4657 Utrum
921 4616 1028 4655 uno
1058 4600 1296 4669 quolibet
1327 4607 1588 4666 peccante
1627 4602 1742 4653 tota
1771 4597 1963 4652 domus

388 4678 509 4745 ejus
537 4673 890 4728 anathemate
917 4673 1180 4745 ferienda
1217 4674 1308 4726 sit.
1351 4673 1436 4745 Ea;
1475 4673 1631 4742 epist.
1674 4669 1971 4739 Augustini

388 4743 463 4802 ad
488 4745 778 4801 Aumatium
809 4759 1122 4814 episcOpum
1153 4743 1332 4814 (epist.
1364 4743 1476 4810 75).

390 4836 503 4907 (24,
535 4850 586 4906 q.
620 4833 674 4900 3,
707 4833 842 4888 ο.δί
890 4831 1097 4902 habes.)
1131 4831 1187 4886 Si
1228 4831 1406 4886 habes
1460 4830 1530 4884 de
1581 4829 1688 4885 hac
1733 4845 1790 4884 re
1833 4846 1967 4884 sen-

317 4925 561 4980 tentiam
593 4920 766 4977 certis
789 4919 1117 4975 rationibus
1139 4919 1225 4974 vel
1248 4918 1678 4989 Scripturarum
1706 4918 1964 4973 testimo-

319 5013 435 5069 niis
460 5012 846 5084 exploratam,
863 5024 969 5063 nos
991 5008 1198 5062 docere
1218 5006 1475 5077 digneris
1498 5007 1789 5076 quomodo
1815 5011 1966 5062 recte

317 5099 842 5158 anathematizetur
873 5114 976 5169 pro
1010 5093 1190 5168 patris
1217 5099 1450 5166 peccato
1491 5094 1670 5159 ﬁlius,
1722 5099 1822 5150 aut
1862 5113 1964 5167 pro

319 5191 512 5248 mariti
552 5205 715 5256 uxor,
750 5191 853 5243 aut
882 5183 1239 5258 prodomini
1269 5200 1498 5252 servus,
1519 5187 1620 5237 aut
1649 5183 1962 5255 quisquam

313 5280 372 5336 in
392 5282 566 5336 domo
580 5278 753 5334 etiam
771 5276 1033 5331 nondum
1049 5276 1225 5329 etiam
1245 5277 1419 5327 natus
1432 5272 1480 5326 si
1496 5289 1561 5327 eo
1575 5276 1836 5345 tempore
1849 5289 1964 5343 quo

315 5371 590 5424 universa
620 5369 833 5423 domus
855 5371 944 5421 est
968 5363 1340 5420 anathemate
1371 5361 1628 5432 obligata
1666 5366 1961 5431 nascatur,

313 5473 420 5512 nec
449 5458 500 5512 ei
534 5457 724 5528 possit
747 5471 848 5526 per
871 5453 1170 5510 lavacrum
1195 5449 1654 5523 regenerationis
1679 5451 1734 5504 in
1759 5451 1964 5507 mortis

309 5543 564 5618 periculo
596 5542 916 5600 subveniri.
951 5543 1069 5598 Hac
1119 5541 1272 5612 [nec]
1320 5539 1479 5596 enim
1521 5538 1842 5610 corporalis
1880 5544 1966 5594 est

310 5650 500 5707 poena,
524 5649 641 5704 qua
661 5632 918 5704 legimus
935 5632 1226 5704 quosdam
1248 5632 1680 5704 contemptores
1702 5627 1804 5685 Dei
1827 5644 1962 5685 cum

2168 3314 2801 3373 Excommunicationis
2851 3317 3172 3388 quaestione
3220 3322 3491 3386 tractata,
3560 3321 3750 3376 sancti

2095 3405 2538 3476 praedecessoris
2553 3407 2734 3461 nostri
2750 3406 3012 3475 Gregorii
3028 3408 3381 3462 sententiam
3399 3409 3752 3464 conﬁrman-

2092 3500 2200 3560 tes,
2255 3494 2334 3548 ita
2365 3511 2490 3549 eam
2542 3495 2780 3549 domino
2811 3495 3136 3566 inspirante
3186 3498 3737 3553 determinavimus.

2091 3583 2282 3638 Primo
2315 3583 2601 3653 siquidem
2635 3584 2816 3655 gradu
2851 3585 3246 3641 Ravennatem
3281 3585 3740 3642 haeresiarcham

2089 3673 2366 3730 Romanae
2395 3672 2665 3728 Ecclesiae
2687 3674 3014 3730 invasorem
3040 3676 3111 3729 ab
3135 3675 3412 3731 omnibus
3434 3676 3743 3732 catholica

2085 3761 2356 3817 Ecclesia:
2406 3762 2685 3817 membris
2734 3763 2994 3818 alienum
3057 3769 3113 3817 et
3160 3764 3740 3820 excommunicatum

2085 3867 2213 3906 esse
2263 3868 2590 3908 censemus.
2647 3853 2912 3907 Secundo
2944 3868 3042 3908 eos
3090 3853 3188 3923 qui
3243 3852 3445 3915 armis,
3491 3855 3744 3924 pecunia

2080 3939 2324 3995 consilio
2356 3944 2455 3994 aut
2484 3940 2813 3996 obedientia
2845 3941 3273 3997 ecclesiasticos
3301 3941 3558 3998 maxime
3579 3944 3735 3998 ordi-

2080 4046 2184 4085 nes
2215 4033 2314 4083 aut
2344 4029 2595 4084 honores
2621 4030 2692 4084 ab
2718 4029 2802 4084 eis
2826 4030 3190 4101 accipiendo,
3222 4047 3422 4085 eorum
3457 4031 3735 4102 nequitiis

2077 4117 2500 4172 adminiculum
2518 4117 2992 4173 subministrant.
3012 4119 3740 4191 Hosigiturprincipaliter

2073 4205 2469 4261 anathematis
2499 4206 2752 4262 vinculis
2788 4207 3208 4277 astringentes,
3245 4207 3301 4261 in
3333 4208 3506 4262 tertio
3539 4211 3733 4278 gradu

2075 4295 2619 4349 commuunicantes
2646 4296 2732 4350 eis
2751 4313 2857 4351 nos
2872 4295 3107 4368 quidem
3136 4313 3248 4351 non
3266 4299 3740 4374 excommunica-

2072 4381 2290 4446 vimus,
2345 4383 2446 4437 sed
2482 4382 2622 4453 quia
2659 4382 2772 4454 ipsi
2805 4399 2866 4438 se
2911 4400 3112 4438 eorum
3146 4385 3564 4439 communione
3614 4387 3740 4455 [ex-

2071 4469 2634 4541 communicatione]
2666 4470 3086 4537 condemnant,
3121 4471 3179 4527 in
3213 4478 3474 4527 nostram
3511 4489 3610 4528 eos
3641 4490 3739 4528 so-

1993 4541 2038 4607 D
2071 4556 2342 4612 cietatem
2361 4558 2489 4613 sine
2515 4558 2871 4630 poenitentiae
2898 4560 3120 4616 ultione
3152 4566 3209 4616 et
3240 4561 3610 4617 absolutione
3643 4579 3742 4617 ne-

2084 4662 2384 4718 quaquam
2405 4646 2744 4718 recipimus.
2772 4649 3003 4705 Sanctis
3024 4651 3240 4721 quippe
3263 4651 3593 4706 canonibus
3610 4668 3745 4706 cau-

2078 4739 2204 4789 tum
2253 4739 2504 4806 constat,
2540 4741 2602 4791 ut
2635 4737 2732 4808 qui
2769 4738 3298 4794 excommunicatis
3341 4741 3743 4795 communica-

2079 4823 2243 4890 verit,
2278 4826 2842 4880 excommunicetur.
2877 4825 2994 4897 Ipsi
3028 4831 3224 4882 tamen
3256 4827 3611 4898 poenitentia:
3653 4835 3742 4885 at-

2081 4929 2192 4983 que
2209 4913 2601 4969 absolutionis
2620 4915 2826 4970 modos
2841 4932 2905 4970 ea
2933 4916 3333 4972 moderatione
3351 4918 3741 4984 decrevimus,

2082 5007 2147 5056 ut
2177 5003 2515 5074 quicunque
2563 5020 2663 5059 seu
2698 5003 3052 5075 ignorantia,
3087 5021 3184 5060 seu
3219 5006 3449 5072 timore,
3495 5025 3597 5063 seu
3643 5024 3742 5062 ne-

2081 5093 2354 5148 cessitate
2408 5094 2628 5164 negotii
2675 5094 3034 5187 cujusquam
3087 5096 3329 5151 maximi
3380 5101 3436 5152 et
3486 5102 3739 5158 maxime

2077 5181 2418 5247 necessarii,
2438 5197 2639 5236 eorum
2655 5197 2716 5236 se
2732 5181 3026 5250 co'nvictu,
3057 5183 3428 5254 salutatione,
3453 5191 3738 5258 oratione,

2075 5269 2347 5326 osculove
2369 5271 2877 5341 contaminaverit,
2909 5272 3156 5327 minoris
3181 5273 3535 5342 poenitentia;
3561 5283 3738 5336 medi.

2077 5359 2208 5414 cina
2259 5359 2558 5414 societatis
2594 5364 2809 5415 nostra:
2855 5361 3235 5438 participium
3269 5366 3573 5424 sortiatur.
3626 5371 3733 5426 Eos

2074 5464 2208 5502 vero
2237 5449 2336 5519 qui
2369 5453 2473 5502 aut
2511 5454 2837 5519 spontanee
2863 5455 2965 5505 aut
2995 5449 3362 5522 negligenter
3396 5454 3734 5514 inciderint:

2074 5538 2185 5593 sub
2218 5554 2286 5593 ea
2319 5536 2590 5593 volumus
2631 5537 2959 5609 disciplina:
2992 5539 3350 5598 coercitione
3383 5546 3635 5618 suscipi,
3679 5553 3739 5604 ut

2073 5627 2302 5685 caeteris
2336 5632 2529 5685 metus
2565 5627 2906 5684 incutiatur.
