4002 6054
161 264 272 320 837

986 265 1299 322 DECRETI
1336 266 1521 321 PARS
1556 267 1703 321 XIV.
1737 295 1806 308 —-
1843 269 1941 323 DE
1977 269 2751 336 EXCOMMUNICATIONE.

3468 292 3573 348 838

158 389 293 444 CAP.
325 388 413 443 46.
451 416 519 429 —
546 386 829 488 DeDeadem
868 403 946 443 re.
1006 388 1261 488 Nicotaus
1320 405 1462 460 papa
1520 391 1822 448 Hincmaro
1849 395 1905 463 Α
1936 396 2084 488 stus.
2109 397 2183 488 ac
2216 398 2442 488 perhoc
2470 406 2641 475 quasi
2664 405 2897 464 diabolo
2920 410 3071 465 tradi
3110 411 3346 483 dicitur,
3382 418 3481 488 qui
3507 420 3580 474 ab

610 461 903 515 Remorum
948 460 1376 532 archiepiscopo.

234 550 347 619 (11,
383 564 433 618 q.
467 548 522 615 3,
555 564 603 602 c.
640 548 1131 621 Excellentissim.)
1163 548 1706 607 Excellentissimus
1724 566 1823 606 rex

161 637 407 693 Carolus
480 636 877 708 apostolatum
956 643 1225 693 nostrum
1300 638 1617 709 consuluit,
1678 641 1819 711 quid

163 726 460 797 agendum
494 726 571 780 sit
601 725 671 780 de
704 724 796 780 his
819 725 919 797 qui
954 728 1394 782 communicant
1426 744 1556 782 cum
1590 726 1680 783 his
1722 727 1821 799 qui

162 832 299 872 cum
382 815 717 886 lngeltrude
793 815 1236 886 [Engiltrude]
1314 833 1464 889 saepe
1541 818 1822 872 damnata

164 904 604 962 communicant
642 904 881 973 femina,
942 905 1219 976 quoniam
1278 922 1405 961 eam
1465 923 1597 961 cum
1660 922 1818 961 com-

163 994 633 1050 municatoribus
663 998 713 1048 et
749 994 1075 1049 fautoribus
1100 995 1224 1049 suis
1257 997 1382 1066 pari
1417 995 1649 1051 vinculo
1681 1013 1818 1051 ana-

164 1082 444 1138 thematis
501 1081 739 1137 retineri
792 1087 1019 1137 constat
1079 1083 1379 1137 astrictam
1410 1125 1419 1135 .
1456 1087 1820 1156 Quapropter

160 1189 321 1226 nunc
356 1171 702 1227 beatitudini
733 1176 847 1226 tuae
876 1172 1246 1243 injungimus
1279 1178 1343 1227 ut
1373 1189 1549 1244 super
1588 1174 1696 1229 hoc
1720 1191 1820 1229 no-

160 1267 282 1316 stra
313 1261 658 1316 auctoritate
682 1261 826 1315 freta
848 1277 1047 1315 curam
1072 1263 1141 1316 de
1164 1261 1256 1316 his
1287 1278 1517 1317 sumere
1561 1264 1812 1318 studeat.

156 1350 229 1404 Et
281 1349 423 1420 quia
451 1349 621 1405 docta
651 1348 930 1404 divinitus
976 1350 1258 1405 sanctitas
1298 1354 1400 1405 tua
1448 1350 1613 1406 valde
1659 1352 1819 1407 novit

162 1437 323 1492 aliud
358 1455 486 1493 esse
508 1454 577 1493 ex
601 1437 968 1502 necessitate,
990 1436 1150 1493 aliud
1176 1454 1243 1493 ex
1265 1439 1614 1511 ignorantia,
1640 1446 1817 1511 atque

161 1526 322 1581 aliud
350 1526 504 1597 quod
527 1542 595 1581 ex
618 1526 815 1582 studio
838 1524 1221 1598 delinquitur,
1237 1528 1509 1599 istudque
1521 1530 1817 1600 posterius

162 1616 395 1670 duobus
427 1613 718 1685 prioribus
749 1614 1010 1670 strictius
1042 1631 1167 1670 esse
1189 1616 1577 1688 puniendum,
1601 1618 1816 1674 idcirco

163 1702 413 1759 solerter
442 1702 707 1775 invigilet
732 1709 789 1758 et
813 1708 984 1759 cauta
1042 1703 1393 1760 discretione
1450 1706 1813 1777 singulorum

162 1792 364 1847 modos
399 1766 703 1863 dijudicet,
749 1796 1042 1864 quatenus
1091 1791 1150 1847 hi
1201 1809 1269 1848 ex
1329 1766 1674 1850 necessitate
1731 1766 1895 1853 velB

165 1881 502 1952 ignorantia
525 1879 877 1951 delinquunt
909 1881 1256 1937 auctoritate
1288 1888 1488 1937 nostra
1506 1900 1608 1954 per
1637 1887 1691 1939 te
1716 1885 1816 1939 ab-

163 1969 490 2033 solvantur,
519 1969 565 2022 si
600 1973 796 2025 tamen
828 1969 957 2041 ipsa
989 1987 1191 2025 eorum
1235 1970 1569 2043 ignorantia
1598 1973 1683 2027 vel
1719 1990 1817 2028 ne-

161 2059 411 2114 cessitas
440 2076 578 2114 vera
606 2063 663 2114 et
694 2076 807 2113 non
841 2060 1138 2127 simulata;
1169 2059 1254 2114 vel
1283 2078 1394 2115 non
1420 2077 1488 2115 ex
1518 2063 1816 2117 voluntate

162 2148 534 2219 processerit.
569 2148 715 2213 Quia
744 2152 810 2202 ut
841 2149 988 2203 bene
1021 2149 1195 2214 nosti,
1231 2149 1494 2221 plerique
1527 2157 1667 2206 sunt
1717 2152 1816 2223 qui

160 2243 411 2308 possunt
441 2237 704 2308 quidem,
739 2238 838 2292 sed
877 2255 987 2292 non
1021 2238 1399 2293 voluntrecta
1425 2256 1619 2295 nosse.
1656 2240 1818 2297 Unde

162 2325 475 2380 Psalmista
495 2326 564 2379 de
598 2326 976 2395 hujusmodi:
1013 2327 1198 2381 Noluit
1243 2326 1451 2398 inquit,
1505 2329 1819 2400 intelligere

159 2423 225 2470 ut
257 2416 389 2470 bene
425 2424 611 2483 ageret
641 2416 817 2485 (Psal.
848 2416 1034 2486 xxxv).
1072 2415 1209 2471 Illos
1258 2423 1453 2472 autem
1492 2420 1589 2488 qui
1623 2420 1817 2475 studio

161 2521 269 2559 suo
301 2503 641 2575 obligantur
670 2509 725 2559 et
744 2508 1082 2575 contemptu
1106 2505 1419 2560 interdicta
1442 2513 1641 2563 rmstra
1665 2515 1817 2580 post-

162 2599 410 2665 ponunt,
448 2610 562 2647 non
615 2593 727 2647 nisi
760 2592 937 2664 digna
986 2592 1383 2650 satisfactione
1433 2598 1816 2666 praeveniente

161 2682 435 2737 volumus
467 2698 500 2735 a
530 2685 586 2736 te
619 2698 859 2753 prorsus
891 2682 1137 2739 absolvi.

162 2791 290 2846 CAP.
324 2790 411 2843 47.
442 2818 513 2863 έ-
546 2788 697 2863 Quod
724 2793 910 2843 ratum
948 2791 1021 2844 sit
1064 2791 1130 2863 in.
1176 2788 1311 2845 caelo
1356 2791 1615 2849 Ecclesiae
1654 2794 1816 2863 judi-

233 2861 781 2985 lgugustinus
835 2877 998 2933 super
1047 2862 1312 2917 Joannem
1367 2868 1539 2934 parte.
1564 2881 1603 2935 ι,
1656 2861 1811 2921 tract.

234 2933 883 3075 Cirgiellizcommunicat
917 3020 1190 3087 Ecclesia,
1212 3021 1272 3075 in
1304 3021 1447 3077 coelo
1477 3023 1695 3096 ligatur
1724 3042 1819 3082 ex-

1931 482 2322 544 ecclesiastica
2365 495 2778 551 communione
2831 505 3183 558 removetur.
3239 503 3399 560 Unde
3446 508 3579 566 illos

1932 586 2079 642 quos
2110 580 2250 630 tunc
2273 578 2587 649 Apostolus
2616 587 2838 640 Satanas
2871 602 3000 642 esse
3034 590 3275 647 traditos
3309 597 3580 663 praedicat

1931 660 1978 729 (I
2008 663 2145 717 Tom.
2178 666 2239 734 1),
2272 673 2805 730 excommunicatos
2836 693 2869 730 a
2912 692 2974 732 se
3021 694 3149 734 esse
3198 681 3580 741 demonstrat.

1931 768 2062 847 CAP.
2093 770 2180 823 5l.
2214 775 2453 847 —_-Quid
2502 778 2722 833 intersit
2771 783 2917 836 inter
2958 790 3581 847 excommunicationem

2000 842 2050 894 et
2105 844 2435 936 anathema.
2492 850 2733 906 Joannes
2808 855 2917 908 VIII
2970 856 3247 914 Luitberto
3296 842 3578 936 cii-iiut;

1998 926 2153 984 scapo
2184 915 2521 986 Moguntina.

2000 1000 2392 1073 Engeltruden
2428 1024 2661 1064 uxorem
2696 1010 2930 1069 Bolonis
2963 1017 3193 1072 noveris
3234 1035 3351 1074 non
3384 1021 3575 1079 solum

1928 1095 2529 1152 excommunicatione
2560 1098 2704 1169 (quae
2735 1118 2768 1155 a
2814 1102 3071 1160 fraterna
3100 1108 3374 1164 societate
3414 1128 3579 1183 sepa-

1928 1180 2059 1249 rat),
2093 1183 2192 1236 sed
2208 1175 2675 1252 etanathemate,
2700 1192 2854 1261 quod
2880 1194 2952 1248 ab
2974 1192 3100 1264 ipso
3132 1211 3373 1268 corpore
3411 1175 3581 1255 Chri-

1926 1267 2022 1335 sti,
2056 1273 2212 1340 quod
2243 1277 2331 1328 est
2363 1275 2638 1345 Ecclesia,
2686 1278 2912 1347 recidit,
2964 1284 3164 1339 crebro
3216 1301 3577 1363 percussam_

1925 1376 2055 1429 CAP.
2097 1377 2185 1453 52.
2223 1409 2289 1419 —-
2323 1380 2495 1446 Quam
2525 1384 2600 1436 sit
2630 1401 2800 1449 grave
2843 1390 3160 1445 anathema.
3213 1392 3299 1447 Ea:
3338 1396 3582 1453 Historia

2103 1451 2388 1507 Anastasii
2418 1454 2827 1512 bibliothecarii
2854 1460 3109 1516 Romanae
3137 1465 3407 1522 Ecclesia?

1998 1535 2318 1594 Tharasius
2343 1542 2674 1611 patriarcha
2696 1561 2827 1600 cum
2854 1548 3185 1620 eligeretur,
3209 1552 3355 1610 dixit
3379 1572 3392 1611 :
3428 1561 3582 1613 Ana-

1924 1622 2126 1680 thema
2150 1628 2349 1696 procul
2382 1646 2416 1684 a
2437 1635 2551 1687 Deo
2574 1634 2813 1704 emittit,
2846 1641 2901 1691 et
2918 1654 2952 1691 a
2981 1654 3159 1711 regno
3181 1642 3460 1700 cmlorum
3484 1663 3585 1702 ex-

1926 1712 2110 1784 pellit,
2144 1715 2367 1773 ducens
2399 1718 2458 1773 in
2492 1722 2764 1779 tenebras
2795 1726 3137 1786 exteriores.

1928 1818 2062 1913 ΟΑΞ.
2093 1821 2182 1913 5Ξ.
2219 1854 2285 1913 :—
2314 1825 2461 1913 Quod
2491 1843 2727 1913 regnum
2752 1832 3017 1913 caelorum
3047 1836 3440 1895 intercluditur
3466 1843 3587 1913 qui-

2000 1891 2361 1984 guqu'ccleslia
2392 1891 2706 1984 clauditur.
2751 1902 3133 1984 Eutychianus
3179 1891 3443 1982 episcopis

1998 1962 2257 2019 Siciliam
2293 1968 2471 2037 (epist.
2504 1972 2558 2036 2,
2588 1980 2708 2042 post
2739 1962 2890 2044 init.)

1999 2054 2222 2118 Quibus
2248 2073 2493 2127 regnum
2528 2059 2626 2115 Dei
2662 2062 3062 2136 praecluditur,
3096 2069 3298 2139 procul
3323 2072 3503 2128 dubio
3530 2080 3587 2130 et
3684 2146 3685 2149 η

1927 2141 2185 2198 Ecclesia
2214 2145 2557 2218 denegatur.
2590 2150 2671 2204 De
2701 2153 2915 2222 quibus
2937 2155 3220 2213 Dominus
3243 2157 3301 2213 in
3327 2161 3585 2234 Evange-

1925 2229 2026 2296 lio,
2051 2236 2392 2301 potestatem
2420 2237 2817 2308 apostolorum
2842 2258 3157 2315 eorumque
3177 2264 3583 2306 successorum

1927 2321 2307 2393 annuntians,
2340 2325 2420 2378 ait
2445 2327 2733 2393 :.Quorum
2762 2332 3099 2389 remiseritis
3128 2348 3367 2409 peccata,
3388 2343 3585 2395 remit-

1925 2410 2120 2463 tuntur
2146 2412 2246 2475 eis,
2276 2416 2329 2466 et
2356 2429 2587 2483 quorum
2636 2418 3007 2489 alligaverilis
3051 2430 3295 2493 peccata,
3347 2428 3588 2498 alligata

1926 2506 2091 2553 erunt
2122 2498 2339 2568 (Matth.
2374 2504 2559 2573 XVIII),
2592 2504 2649 2558 id
2682 2512 2771 2561 est
2802 2508 3016 2578 quibus
3059 2511 3374 2570 Ecclesiam
3410 2517 3589 2572 inter.

1928 2585 2211 2657 dixeritis,
2243 2589 2355 2644 nisi
2379 2592 2735 2648 reconciliati
2759 2611 2859 2666 per
2879 2598 3343 2657 satisfactionem
3370 2604 3589 2661 fuerint

1927 2673 2074 2745 ipsis
2098 2675 2283 2744 janua
2314 2678 2475 2750 regni
2506 2680 2760 2738 caelestis
2792 2683 2991 2740 clausa
3021 2686 3149 2742 erit.

1927 2780 2060 2863 CAP:
2106 2782 2207 2863 54_._
2249 2814 2315 2824 —
2366 2785 2515 2863 Quod
2556 2787 2837 2863 ordinatio
2889 2808 3014 2863 qua:
3041 2794 3111 2848 ab
3154 2799 3588 2855 excomunicatis

1995 2853 2054 2940 ﬁt
2085 2854 2299 2940 nullam
2332 2858 2652 2940 viniliabel.
2695 2853 2982 2940 Gregorius
3028 2866 3266 2940 Maximo
3312 2853 3587 2940 prmum;

1993 2925 2143 2994 ptori
2161 2926 2382 2983 Salonae
2412 2928 2533 2998 (lib.
2569 2948 2630 2985 III
2664 2925 2851 3000 regis].
2885 2938 3046 3004 epist.
3080 2939 3192 3008 20).
3312 2925 3326 2940 ⁸
3642 2946 3649 2952 ”

1997 3014 2774 3076 Additurinauditumnefas
2791 3025 2944 3094 quod
2966 3028 3583 3095 postinterdictionem

161 3109 675 3174 communicatus;
707 3125 841 3164 cum
875 3109 1210 3166 reconciliet
1242 3109 1516 3183 Ecclesia,
1562 3114 1622 3168 in
1671 3116 1814 3172 caelo
1849 3135 1891 3202 α
1929 3118 2165 3173 quoque
2196 3108 2476 3202 ξλοδῑτδῐξι]
2511 3124 2638 3202 qua?
2672 3111 2780 3165 50b
2814 3116 3418 3173 “communicatione
3448 3136 3590 3189 quo'

167 3196 419 3253 solvitur
450 3197 884 3255 reconciliatus.

165 3305 301 3359 CAP.
337 3304 425 3358 48.
456 3335 521 3345 -
548 3305 679 3359 Item
709 3303 773 3358 de
802 3307 1069 3370 potestate
1103 3306 1373 3361 Ecclesiae.
1411 3307 1826 3375 Chrysostomus

242 3392 407 3453 super
437 3375 834 3453 epistolam_a_d
879 3376 1149 3453 Hebraeos,
1198 3394 1447 3434 sermone
1502 3382 1532 3433 4
1570 3384 1716 3453 (hom
1767 3386 1821 3441 4.

242 3447 313 3501 ad
342 3463 453 3503 c.1i
486 3450 580 3518 Ep.
604 3447 675 3501 ad
706 3447 914 3517 Hebr)

246 3536 358 3606 (11,
390 3553 449 3607 q.
487 3536 538 3603 3,
564 3553 610 3590 c.
642 3537 808 3591 Nemo
855 3535 1214 3607 contemnat.)
1261 3537 1442 3593 Nemo
1489 3544 1827 3598 contemnat

171 3624 407 3679 vincula
437 3625 869 3692 ecclesiastica;
907 3642 1018 3680 non
1038 3626 1193 3680 enim
1218 3626 1394 3681 homo
1416 3632 1506 3682 est
1528 3630 1625 3700 qui
1660 3630 1822 3702 ligat,

176 3714 277 3769 sed
301 3713 588 3783 Christus,
611 3714 711 3785 qui
733 3715 884 3770 hanc
907 3718 1253 3785 potestatem
1277 3716 1456 3781 dedit,
1479 3724 1531 3772 et
1554 3718 1826 3776 dominos

176 3801 314 3857 fecit
343 3802 609 3857 homines
642 3803 787 3858 tanti
820 3804 1081 3858 honoris.

173 3912 306 3962 CAP.
344 3908 429 3963 49.
466 3939 533 3949 —
565 3908 702 3976 Quid
727 3910 798 3963 sit
829 3910 1314 3987 anathematizari.
1344 3914 1426 3967 Ea:
1451 3914 1664 3986 quintae
1693 3931 1825 3987 syn-

787 3980 876 4034 odi
912 3981 1128 4037 actione
1156 3984 1210 4037 5.

244 4068 356 4135 (24,
390 4086 441 4140 q.
475 4069 527 4124 3.
564 4085 610 4123 c.
648 4070 874 4125 Certum
904 4072 1028 4141 est.)
1072 4070 1301 4125 Certum
1365 4076 1455 4128 est
1511 4075 1666 4145 quod
1727 4076 1825 4147 qui

172 4156 399 4228 impius
432 4158 869 4213 demonstratus
900 4164 1012 4225 est,
1044 4159 1380 4215 omnimodo
1412 4167 1718 4233 separatus
1741 4169 1828 4219 est

174 4246 361 4313 aDeo;
386 4247 536 4302 sicut
558 4248 731 4302 etiam
759 4247 853 4301 ille
878 4248 972 4318 qui
997 4247 1826 4322 anathematizatustanquam

173 4334 399 4406 impius
428 4342 734 4407 separatus
766 4342 874 4391 est.
908 4335 1063 4390 Nihil
1127 4336 1278 4391 enim
1322 4336 1479 4393 aliud
1532 4340 1828 4412 significat

172 4424 506 4490 anathema,
540 4424 652 4481 nisi
686 4443 716 4480 a
751 4425 865 4480 Deo
920 4425 1230 4495 separatio.
1288 4427 1515 4482 Actione
1555 4430 1607 4484 8.
1656 4431 1825 4485 Judi-

1934 3206 2047 3260 que
2085 3197 2307 3255 nostra,
2342 3194 2857 3269 ordinantiumque
2882 3206 2938 3256 te
2973 3202 3126 3257 facta
3141 3208 3248 3272 est,
3274 3206 3441 3263 caesis
3463 3225 3589 3275 pre-

1934 3278 2205 3349 sbyteris,
2240 3280 2605 3349 diaconibus,
2624 3291 3117 3360 cesteroqueclero
3150 3310 3327 3348 manu
3349 3295 3590 3351 militari

1935 3367 2003 3421 ad
2028 3368 2280 3424 medium
2306 3371 2517 3428 diceris
2540 3374 2845 3432 deductus.
2894 3379 3076 3441 Quam
3103 3397 3222 3435 rem
3260 3398 3361 3436 nos
3387 3400 3589 3440 conse-

1934 3452 2249 3509 crationem
2285 3458 2474 3513 dicere
2498 3460 2658 3515 nullo
2679 3464 2850 3517 modo
2873 3482 3215 3535 possumus,
3240 3470 3377 3539 quia
3399 3471 3469 3525 ab
3488 3488 3590 3527 ex-

1936 3544 2388 3601 communicatis
2420 3552 2508 3602 est
2529 3547 2868 3607 hominibus
2902 3560 3240 3611 consecrata
3265 3556 3386 3629 [al.,
3438 3558 3587 3614 cele-

1938 3630 2146 3702 brata].

1939 3729 2071 3785 CAP.
2103 3730 2194 3785 55.
2229 3762 2296 3771 —
2346 3734 2419 3789 De
2449 3734 2637 3790 eadem
2698 3753 2777 3792 re.
2827 3740 2909 3795 Ea:
2944 3740 3140 3797 decret.
3202 3743 3451 3816 Gregorii
3505 3749 3591 3804 VII

2781 3827 2845 3865 ω.

2011 3891 2323 3963 Gregorius
2354 3911 2503 3965 papa
2521 3826 3095 3970 synogszPiesidens
3124 3905 3309 3962 dixit:
3350 3926 3372 3955 ι
3423 3907 3591 3963 Ordi-

1937 3978 2206 4034 nationes
2238 3980 2468 4037 illorum
2500 3986 2600 4054 qui
2624 3988 2696 4041 ab
2718 3993 3246 4049 excommunicatis
3274 4001 3416 4049 sunt
3436 3996 3591 4051 ordi-

1939 4068 2083 4139 nati,
2116 4077 2451 4128 sanctorum
2481 4075 2716 4133 Patrum
2751 4086 3066 4151 sequentes
3097 4084 3344 4155 vestigia
3390 4085 3591 4141 irritas

1936 4157 2062 4210 ﬁeri
2096 4160 2457 4216 censuimus.
2494 4187 2515 4215 ι

1936 4257 2066 4310 CAP.
2122 4257 2210 4311 56.
2271 4289 2339 4299 —-
2396 4261 2724 4333 Exemplum
2774 4268 3026 4323 cavendi.
3092 4271 3302 4326 Paulus
3349 4276 3405 4327 in
3472 4276 3592 4330 Vita

2427 4332 2603 4403 Gregi,
2641 4334 2740 4390 lib.
2766 4353 2841 4403 iv,
2875 4356 2994 4409 cap.
3035 4341 3087 4394 9.

2008 4416 2147 4473 Cum
2165 4417 2265 4473 Dal
2278 4421 2628 4478 matinorum
2644 4427 2994 4497 generalitas
3008 4430 3359 4488 honoratum
3375 4434 3593 4491 archie-

172 4514 325 4568 cium
361 4515 755 4570 anathematis
781 4514 925 4569 nihil
950 4514 1109 4569 aliud
1132 4519 1241 4579 est,
1267 4515 1379 4570 nisi
1403 4533 1436 4571 a
1458 4516 1572 4573 Deo
1598 4535 1818 4591 separa-

1947 4507 2266 4572 iiaconum,
2292 4526 2462 4580 quem
2499 4512 2814 4585 Gregorius
2847 4532 2913 4571 ex
2950 4520 3287 4592 presbytero
3320 4523 3379 4578 in
3405 4523 3593 4579 diaco-

171 4602 275 4671 tio,
308 4603 463 4673 quod
499 4603 716 4675 impius
745 4603 883 4659 licet
914 4603 971 4657 in
1002 4603 1178 4657 verbo
1212 4603 1283 4657 ab
1316 4604 1514 4676 aliqua
1548 4623 1661 4661 non
1697 4625 1826 4663 sus-

170 4691 443 4762 cepisset,
475 4698 695 4763 ﬁtamen
744 4692 1055 4747 anathema
1103 4693 1297 4763 reipsa
1344 4693 1456 4747 sibi
1507 4694 1685 4750 infert
1728 4713 1827 4767 per

170 4796 344 4835 suam
372 4780 760 4852 impietatem,
813 4780 1197 4851 semetipsum
1248 4797 1281 4835 a
1312 4798 1446 4835 vera
1484 4783 1601 4837 vita
1654 4799 1825 4855 sepa-

170 4885 334 4924 rans.

241 4958 377 5011 CAP.
412 4957 502 5011 50.
534 4988 601 4997 —
622 4958 797 5026 Quam
824 4974 992 5025 grave
1011 4958 1084 5012 sit
1112 4958 1422 5027 periculum
1457 4960 1824 5017 anathemati-

242 5030 385 5084 sari.
419 5030 756 5097 Angustinus
789 5030 861 5084 De
892 5031 1065 5085 verbis
1097 5031 1277 5101 Apost.
1303 5048 1470 5086 serm.
1494 5031 1563 5086 68
1586 5033 1752 5103 (115).

242 5118 355 5189 (ll,
388 5134 438 5189 q.
473 5119 525 5187 3,
557 5135 602 5173 c.
642 5118 831 5173 Omnis
866 5119 1256 5189 Christianus.)
1289 5120 1494 5176 Omnis
1543 5121 1823 5178 Christia-

172 5222 307 5275 nus,
334 5205 724 5273 dilectissimi,
759 5207 910 5276 quia
934 5210 1335 5265 sacerdotibus
1357 5210 1822 5266 excommunica-

168 5300 286 5359 tur,
323 5296 549 5350 Satanae
580 5296 734 5351 tradi
768 5296 1001 5353 dicitur.
1033 5297 1383 5362 Quomodo?
1417 5299 1651 5356 Scilicet
1686 5300 1823 5370 quia

166 5388 332 5439 extra
353 5383 667 5440 Ecclesiam
692 5389 779 5440 est
804 5384 1095 5453 diabolus,
1121 5386 1275 5441 sicut
1296 5388 1354 5441 in
1378 5388 1635 5444 Ecclesia
1656 5388 1820 5444 Chri-

236 5526 390 5594 (114)
410 5524 832 5597 Milleloquium
858 5530 1106 5596 August.
1133 5528 1202 5581 ad
1223 5525 1461 5581 titulum
1487 5513 1822 5586 excommu-

168 5597 483 5653 nicationis
514 5597 723 5653 tribuit
751 5614 801 5655 c.
836 5598 922 5665 49,
956 5598 1056 5652 sed
1091 5614 1195 5653 nec
1228 5597 1306 5654 ibi
1338 5597 1569 5670 legitur.

1937 4611 2075 4647 num
2129 4604 2510 4665 converterat,
2562 4603 2671 4658 sibi
2737 4606 3169 4677 praeﬁciendum
3230 4612 3595 4668 concorditer

1936 4682 2270 4755 elegissent,
2305 4703 2626 4760 eorumque
2660 4692 2956 4751 decretum
2988 4698 3249 4768 pontifex
3268 4702 3589 4771 approbas-

1934 4776 2042 4839 set,
2077 4773 2327 4831 factione
2356 4776 2565 4833 Malchi
2588 4781 2846 4853 episcopi
2878 4786 3119 4841 rectoris
3138 4788 3440 4863 apostolici
3485 4808 3591 4861 pa-

1933 4861 2217 4929 trimonii,
2246 4881 2420 4919 manu
2437 4867 2698 4939 militari,
2716 4870 3004 4929 Maximus
3020 4861 3227 4933 multis
3244 4878 3592 4934 criminibus

1934 4948 2235 5005 involutus
2265 4953 2669 5026 episcOpatum
2701 4961 3051 5018 Salonitanae
3075 4964 3327 5020 civitatis
3353 4966 3589 5021 invasit.

1935 5038 2097 5103 Quod
2127 5039 2439 5111 Gregorius
2479 5046 2726 5102 audiens
2772 5048 3120 5107 Dalmatinis
3166 5059 3224 5109 et
3270 5055 3595 5111 Jadectinis

1936 5127 2250 5199 episcOpis,
2285 5148 2355 5185 ne
2388 5132 2503 5188 illis
2536 5152 2748 5192 manus
2800 5138 3171 5210 imponerent
3217 5146 3326 5198 sub
3378 5161 3595 5215 magna

1936 5214 2416 5274 interminatione
2449 5222 2770 5291 prohibuit.
2820 5229 2893 5281 At
2940 5245 3073 5283 vero
3125 5230 3436 5296 Maximus,
3489 5232 3592 5302 qui

1935 5305 2308 5378 episcopatus
2340 5310 2537 5366 sedem
2566 5320 2768 5369 contra
2799 5332 3055 5372 canones
3078 5317 3391 5387 invaserat,
3414 5320 3589 5375 etiam

1934 5396 2327 5453 sacerdotium
2361 5404 2564 5455 contra
2592 5406 2769 5458 Deum
2790 5420 2894 5475 per
2907 5404 3299 5461 Simoniacam
3323 5405 3592 5464 haeresim

1933 5606 1956 5659 ι
2004 5535 2151 5608 (115)
2182 5538 2605 5612 Milleloquium
2640 5543 2866 5611 tribuit,
2915 5561 2965 5600 c.
3002 5548 3091 5613 14,
3124 5563 3230 5604 nec
3261 5547 3341 5603 ibi
3374 5551 3593 5622 reperi-

1962 5621 2051 5659 ur.

1962 5621 2051 5659 UP.
