3972 6064
394 282 508 337 839

1483 275 1550 324 D.
1591 268 1831 324 IVONIS
1867 265 2364 320 CARNOTENSIS
2399 265 2723 320 RPISCOPI

3708 261 3827 316 840

393 407 465 464 ab
498 405 788 478 episcopis
819 405 1103 459 duntaxat
1130 394 1645 456 excommunicatis
1695 390 1879 466 pretio
1911 406 2041 445 cor-
2070 407 2125 474 Α
2155 389 2290 448 CAP.
2321 391 2514 478 62._.—
2547 389 2705 478 Quod
2727 391 2863 478 licet
2897 390 3198 478 haereticos.
3227 391 3544 478 aiant-ipost
3582 393 3826 478 mprtem

395 495 608 568 ruptis,
641 512 757 550 non
788 492 988 549 timuit
1019 486 1356 562 promereri.

390 589 504 642 CAP
531 627 543 639 .
590 586 661 639 57
683 626 695 639 .
753 613 823 624 —
875 579 1021 650 Quod
1052 579 1170 650 qui
1196 574 1704 650 excommunicatus
1741 575 1817 650 est
1846 570 2046 650 Ofilium

461 641 937 713 excommunicare
1003 641 1228 721 nequit.
1284 645 1605 702 Alexander
1655 645 1704 698 II
1753 641 2048 696 Guitlelmo

466 730 752 784 tllarcioni.

466 819 644 887 (24,q.
685 817 733 883 1,
769 829 816 868 c.
851 807 1226 878 Audiuimus.)
1259 805 1610 862 Audivimus
1641 803 1796 876 quod
1849 797 2051 855 llenri-

393 925 522 972 cus,
548 907 851 960 Ravennas
874 900 1068 954 dictus
1094 894 1778 968 archiepiscopus,nisus
1793 891 1867 946 sit
1885 895 1939 944 te
1955 891 2050 942 ex'

389 993 825 1054 communicare
856 989 1034 1060 quod,
1073 987 1215 1060 quia
1246 983 1788 1040 excommunicatus
1834 984 1889 1034 te
1943 995 2053 1033 ex-

389 1081 828 1141 communicare
861 1095 976 1133 non
1011 1076 1227 1149 potuit,
1271 1072 1590 1144 apostolica
1620 1069 1968 1126 auctoritate
1998 1071 2053 1120 te

381 1182 640 1244 tuosque
673 1168 1072 1232 absolventes,
1091 1165 1450 1220 mandamus
1467 1161 1676 1217 exinde
1693 1175 1804 1214 non
1829 1171 2052 1212 curare.

460 1280 593 1336 CAP.
626 1277 717 1333 58.
745 1306 814 1317 -—
846 1277 917 1329 De
935 1272 1126 1329 eadem
1156 1287 1235 1327 re.
1278 1270 1539 1327 Nicotaus
1567 1283 1710 1338 papa
1739 1263 1988 1320 Michaeli

1099 1345 1357 1412 Augusto.

463 1440 574 1511 (24,
607 1455 659 1509 q.
695 1438 748 1504 1,
778 1453 825 1492 c.
849 1435 936 1490 Ait
968 1433 1337 1492 Caetestinus.)
1368 1430 1464 1484 Ait
1507 1426 1858 1482 Ccelestinus
1910 1439 2061 1495 papa

389 1525 684 1602 episcopis
715 1523 1102 1580 orientalibus
1135 1521 1398 1576 scribens
1423 1519 1514 1573 :Si
1535 1516 1666 1586 quis
1690 1516 1760 1570 ab
1782 1513 2059 1602 episcopo

391 1599 660 1674 .‘lestorio
693 1613 877 1668 autab
894 1610 1024 1666 aliis
1044 1609 1295 1682 quicum
1312 1611 1659 1676 sequuntur,
1679 1620 1746 1658 ex
1785 1617 1901 1673 quo
1925 1599 2064 1654 talia

398 1704 714 1778 praedicare
733 1703 1060 1772 cmperunt,
1077 1696 1163 1752 vel
1184 1693 1728 1751 excommunicatus
1744 1691 1828 1746 vel
1853 1694 2063 1750 exutus

393 1800 483 1851 est
501 1809 604 1850 seu
629 1789 912 1847 antistitis
935 1803 1036 1843 seu
1061 1784 1254 1842 clerici
1277 1781 1755 1855 dignitate,hunc
1781 1780 1840 1833 in
1859 1783 2057 1833 nostra
2090 1781 2134 1846 Β

394 1879 808 1940 communione
839 1883 895 1932 et
926 1877 1194 1944 durasse,
1229 1877 1285 1928 et
1317 1873 1530 1926 durare
1563 1868 1943 1924 manifestum
1969 1870 2058 1920 est

397 1988 502 2027 nec
524 1969 1014 2040 judicamuseum
1035 1979 1164 2019 esse
1183 1966 1500 2021 remotum.
1527 1958 1670 2031 quia
1694 1974 1805 2012 non
1831 1961 2056 2027 poterat

393 2072 754 2131 quemquam
789 2057 918 2124 ejus
975 2068 1273 2108 removere
1317 2049 1628 2112 sententia,
1683 2045 1780 2116 qui
1828 2061 1889 2100 se
1929 2044 2056 2115 jam

395 2148 725 2221 praebuerat
753 2144 881 2216 ipse
911 2142 1350 2198 removendum.

395 2255 529 2310 CAP.
561 2254 650 2308 59.
682 2252 831 2306 —De
855 2250 1046 2306 eadem
1075 2265 1158 2303 re.
1194 2248 1328 2302 Item
1346 2245 1416 2300 ad
1446 2243 1710 2300 clericum
1743 2239 2056 2298 Constanti-

1023 2319 1429 2391 nopotitunum.

466 2413 578 2484 (24,
609 2428 662 2483 q.
703 2414 753 2478 1,
788 2426 835 2465 c.
869 2411 1085 2480 Aperte,
1111 2407 1338 2480 inquit.)
1371 2410 1606 2478 Aperte,
1636 2403 1851 2474 inquit,
1901 2401 2059 2456 sedis

395 2509 618 2558 nostra;
647 2500 841 2557 sanxit
871 2497 1188 2553 auctoritas
1220 2496 1475 2559 nuilum,
1526 2493 1645 2549 sive
1691 2493 2056 2564 episcopum,

395 2591 518 2648 sive
549 2589 854 2656 clericum,
879 2604 981 2644 seu
1017 2585 1380 2657 professione
1411 2583 1612 2654 aliqua
1651 2580 2058 2638 Christianum

404 2679 505 2752 qui
537 2696 572 2734 a
601 2678 868 2734 Nestorio
897 2674 983 2730 vel
1015 2676 1144 2746 ejus
1173 2673 1492 2740 similibus,
1526 2689 1594 2727 ex
1618 2688 1730 2742 quo
1764 2669 1901 2724 talia
1921 2686 2060 2739 prte-

400 2769 594 2824 dicare
625 2769 948 2838 cmperunt,
990 2764 1077 2818 vel
1101 2763 1225 2818 loco
1259 2779 1366 2816 suo
1388 2760 1477 2814 vel
1507 2759 1919 2815 communione
1961 2758 2059 2812 de-

389 2856 532 2926 jecti
569 2859 729 2922 sunt,
764 2853 850 2906 vel
877 2853 1124 2922 ejectum
1150 2850 1234 2906 vel
1262 2848 1831 2904 excommunicatum
1850 2846 2057 2902 videri.

394 2943 503 2998 Sed
529 2943 587 2997 hi
623 2958 826 2996 omnes
861 2941 914 2994 in
951 2943 1151 2995 nostra
1181 2938 1603 2994 communione
1635 2942 1689 2991 et
1722 2937 1955 2990 fuerunt
2004 2937 2060 2989 et

394 3032 507 3086 huc
538 3047 726 3101 usque
756 3030 1092 3101 perdurant,
1139 3029 1278 3099 quia
1326 3027 1626 3082 neminem
1672 3025 1919 3094 dejicere
1969 3023 2057 3078 vel

397 3134 696 3176 removere
723 3122 970 3189 poterat,
995 3117 1092 3186 qui
1119 3116 1444 3187 praedicans
1463 3114 1600 3170 talia
1623 3113 1936 3169 titubabat.
1964 3115 2061 3168 In—

388 3207 691 3273 tellexisti,
723 3207 1063 3277 imperator,
1106 3222 1172 3260 ex
1208 3222 1384 3275 supra
1419 3203 1760 3258 memoratis
1792 3219 1904 3256 non
1952 3219 2056 3273 po-

392 3297 580 3354 tuisse
608 3301 803 3351 utnon
829 3295 1096 3350 dicamus
1115 3293 1416 3365 praelatum
1435 3309 1608 3347 suum
1630 3291 1833 3346 saltem
1849 3307 2058 3361 quem-

393 3384 536 3442 libet
568 3400 866 3441 removere
887 3383 986 3456 qui
1010 3383 1241 3438 fuerant
1263 3382 1401 3437 olim
1426 3381 1656 3446 remoti,
1684 3397 1787 3436 nec
1810 3381 2058 3450 dejicere

389 3491 750 3547 quemquam
778 3474 904 3545 jam
939 3477 1075 3527 ante
1109 3471 1407 3544 prostrati.

386 3565 520 3619 CAP.
554 3564 645 3619 60.
695 3593 749 3602 —
798 3562 900 3618 Nos
951 3577 1057 3617 non
1108 3561 1306 3616 debere
1354 3561 1757 3616 communicare
1786 3558 2058 3629 defunctis

460 3635 655 3706 quibus
689 3635 746 3688 in
769 3637 879 3688 vita
902 3634 1446 3706 communicavimus.
1482 3633 1580 3686 Leo
1607 3633 1816 3686 Rustico
1847 3632 2054 3686 Narbo-

465 3705 626 3760 nensi
656 3707 907 3777 episcOpo
935 3707 1116 3776 (epist.
1147 3705 1261 3774 92).

465 3795 655 3866 (24,q.
701 3797 756 3855 2.
802 3810 849 3848 c.
901 3799 980 3849 De
1026 3791 1456 3862 communione.)
1503 3792 1584 3846 De
1640 3790 2056 3846 communione

393 3883 636 3956 privatis
669 3888 726 3938 et
756 3883 837 3938 ita
861 3883 1173 3948 defunctis,
1221 3881 1431 3936 borum
1465 3896 1644 3935 causa
1687 3879 1787 3934 Dei
1829 3879 2054 3950 judicio

389 3972 678 4028 servanda
708 3977 818 4040 est,
846 3971 906 4026 in
940 3971 1112 4040 cujus
1146 3987 1326 4025 manu
1350 3969 1480 4034 fuit,
1517 3975 1582 4023 ut
1612 3969 1820 4023 talium
1859 3969 2054 4023 obitus

397 4077 514 4116 non
548 4076 738 4132 usque
770 4060 840 4115 ad
875 4059 1309 4115 communionis
1339 4057 1665 4113 remedium
1699 4057 2051 4112 differretur.

393 4148 511 4206 Nos
537 4155 731 4204 autem
756 4148 973 4219 quibus
989 4147 1311 4203 viventibus
1327 4163 1438 4202 non
1460 4146 2056 4221 communicavimus,

393 4242 644 4294 mortuis
676 4237 1114 4293 communicare
1147 4253 1259 4292 non
1297 4251 1636 4306 possumus.

483 4326 617 4380 CAP.
653 4326 744 4379 61.
778 4357 845 4365 -
881 4330 956 4380 De
985 4325 1173 4380 eadem
1200 4341 1278 4380 re.
1314 4325 1560 4381 Gelasius
1591 4341 1731 4396 papa
1764 4325 1966 4380 Fausto

807 4398 1072 4466 magistro
1101 4397 1331 4452 militiae
1351 4396 1532 4466 (epist.
1567 4397 1643 4466 4).

2289 462 2787 519 αηαιὴεηιαιίχιανί.
2823 465 2903 518 Em
2931 466 3148 519 actione
3175 462 3198 516 1
3238 463 3450 533 quinte
3479 461 3684 533 synodi

2225 570 2335 640 (24,
2369 586 2420 640 q.
2452 570 2506 638 2,
2539 587 2584 626 c.
2625 571 2765 626 Sane
2793 571 3124 640 profertur.)
3164 570 3311 640 (116)
3343 569 3493 624 Sane
3524 570 3832 640 profertur

2155 673 2188 711 a
2218 657 2697 731 quibusdam,qui
2722 659 2925 714 dicunt
2953 663 3218 730 oportere
3251 661 3380 728 post
3416 663 3665 713 mortem
3700 658 3826 711 bae—

2159 747 2367 800 reticos
2399 748 2905 813 anathematizari,
2939 756 2995 803 et
3038 748 3201 818 sequi
3236 747 3296 801 in
3345 746 3454 802 hoc
3485 748 3828 801 doctrinam

2159 851 2459 890 sacrorum
2494 837 2756 900 Patrum,
2793 837 2894 908 qui
2928 854 3042 892 non
3075 836 3269 892 solum
3298 837 3558 892 viventes
3590 835 3832 890 haereti-

2162 940 2260 978 cos
2281 925 2838 992 condemnaverunt,
2874 927 2972 980 sed
2992 931 3048 980 et
3070 931 3201 996 post
3225 930 3495 992 mortem,
3535 930 3743 996 utpote
3769 926 3828 979 in

2163 1029 2272 1066 sua
2295 1012 2653 1083 impietatate
2676 1019 2960 1082 mortuos,
2982 1014 3644 1079 anathematizaverunt,
3671 1014 3832 1069 sicut

2163 1117 2262 1156 eos
2293 1100 2393 1172 qui
2417 1101 2633 1172 injuste
2664 1103 3034 1158 condemnati
3068 1108 3207 1158 sunt
3253 1109 3673 1158 revocaverunt
3695 1108 3834 1175 post

2166 1195 2441 1257 mortem,
2474 1196 2531 1244 et
2562 1189 2620 1246 in
2654 1191 2838 1246 sacris
2871 1187 3160 1264 διπτύχοις
3208 1193 3610 1263 scripserunt:
3666 1192 3828 1264 quod

2167 1278 2382 1332 factum
2432 1284 2522 1334 est
2569 1280 2625 1334 in
2675 1280 2901 1336 Joanne
2949 1281 3187 1350 ('Iheod.,
3248 1283 3378 1337 eccl.
3425 1283 3568 1348 Hist,
3617 1281 3720 1336 tib.
3775 1300 3830 1348 v,

2165 1384 2212 1423 c.
2245 1368 2309 1421 31
2342 1373 2391 1422 et
2413 1369 2500 1438 35)
2527 1372 2584 1424 et
2613 1369 2671 1424 in
2709 1369 2978 1426 Flaviano
3010 1371 3093 1439 (in
3141 1386 3289 1426 conc.
3325 1371 3681 1438 Chalcedon.)
3741 1387 3830 1426 re-

2168 1455 2386 1528 ligiosas
2438 1459 2733 1514 memoriae
2793 1460 3086 1532 episcopis
3135 1460 3831 1532 Constantinoyiolitanis,

2169 1549 2298 1602 Item
2330 1547 2554 1615 August.
2609 1551 2689 1603 ait
2737 1550 2858 1619 (tib.
2906 1551 2978 1604 De
3022 1549 3163 1605 unit.
3216 1550 3488 1621 Eccles.):
3539 1550 3648 1602 «Si
3690 1551 3834 1604 forte

2171 1638 2267 1692 isti
2303 1638 2431 1692 libri
2465 1638 2546 1693 ita
2575 1637 2884 1710 designant
2913 1638 3250 1694 traditorem
3277 1655 3475 1706 suum,
3498 1638 3658 1692 sicut
3680 1639 3832 1693 desi-

2174 1729 2374 1800 gnavit
2401 1727 2684 1783 Dominus
2715 1728 2925 1783 Judam
2975 1729 3154 1798 (Joan.
3205 1729 3352 1799 xm),
3395 1726 3597 1800 legant
3642 1728 3704 1782 in
3755 1728 3836 1783 eis

2165 1815 2509 1872 nominatim
2543 1821 2598 1870 et
2619 1831 2890 1886 expresse
2920 1817 3003 1871 vel
3037 1817 3412 1872 Caicilianum
3450 1817 3536 1872 vel
3574 1818 3710 1888 ejus
3742 1834 3832 1872 or-

2166 1906 2461 1962 dinatores
2491 1905 2830 1960 eorumdem
2867 1906 3151 1961 librorum
3189 1907 3370 1962 fuisse
3399 1906 3747 1972 traditores,
3780 1911 3831 1960 et

2167 1995 2216 2050 si
2245 2011 2359 2049 non
2393 2011 2490 2050 eos
2523 1994 3112 2058 anathematizavero,
3148 1995 3272 2066 ipse
3302 2010 3436 2049 cum
3482 1995 3569 2050 eis
3595 1995 3831 2066 judicer

2170 2082 2498 2138 tradidisse.
2533 2105 2560 2132 »
2588 2083 2739 2138 Item.
2763 2086 2897 2146 Quae
2924 2084 3095 2138 modo
3119 2083 3356 2138 recitata
3379 2090 3518 2138 sunt
3543 2100 3576 2138 a
3597 2083 3828 2138 Gelasio

2167 2179 2380 2228 sancta:
2400 2172 2714 2240 memoriae,
2737 2172 3095 2226 conveniunt
3119 2172 3299 2227 statui
3320 2173 3542 2227 tenenti
3565 2174 3639 2228 ab
3666 2173 3829 2228 initio

2166 2261 2334 2333 [Aug.
2362 2265 2576 2316 sancta:
2599 2261 2894 2316 memoria:
2917 2261 3218 2317 consuluit
3241 2266 3295 2316 et
3319 2262 3531 2316 statuit
3552 2263 3736 2317 teneri
3760 2263 3827 2317 ab

2168 2349 2358 2414 initio,
2391 2354 2499 2404 etc.
2535 2350 2628 2404 Sic
2658 2351 2785 2406 Crat
2815 2351 2832 2422 ]
2866 2351 2924 2405 in
2982 2349 3256 2417 Ecclesia,
3310 2350 3563 2422 impium
3617 2352 3828 2420 dogma

2168 2440 2284 2508 iam
2319 2438 2684 2510 inculpatum
2718 2444 2775 2494 et
2817 2442 3298 2506 condemnatum,
3349 2447 3404 2495 et
3445 2457 3543 2495 eos
3594 2441 3699 2511 qui
3731 2441 3824 2495 tali

2169 2527 2426 2600 dogmati
2459 2528 2692 2582 obnoxii
2727 2533 2868 2583 sunt
2896 2529 3379 2584 av'athematizari
3406 2528 3529 2584 vult
3559 2530 3827 2584 Ecclesia

2168 2617 2424 2681 traditio,
2456 2615 2592 2672 licet
2617 2617 2831 2672 mortui
2873 2623 3087 2674 essent.
3144 2619 3276 2674 Ideo
3327 2624 3382 2673 et
3439 2625 3660 2674 sancta
3718 2636 3826 2674 me-

2170 2707 2368 2761 moriae
2399 2705 2768 2777 Augustinus
2798 2706 2977 2762 dicit:
3014 2729 3042 2756 «
3075 2706 3130 2760 Si
3179 2708 3348 2762 modo
3379 2708 3828 2763 convinceretur

2169 2795 2514 2850 Caecilianus
2545 2795 2615 2849 de
2646 2794 2738 2850 his
2770 2813 2894 2866 qua
2931 2796 3266 2850 inferuntur
3321 2797 3393 2866 ei,
3456 2795 3634 2851 etiam
3704 2802 3827 2868 post

2169 2890 2414 2940 mortem
2450 2884 2616 2938 illum
2669 2883 3118 2938 anathematizo.
3149 2908 3176 2935 ››
3223 2889 3362 2940 Item
3410 2887 3579 2953 (conc.
3632 2887 3823 2955 Africa,

2167 2990 2213 3028 c.
2249 2974 2363 3041 48).
2404 2973 2568 3026 Multi
2601 2971 2860 3044 episc0pi
2895 2973 3253 3045 congregati,
3276 2979 3331 3029 et
3353 2975 3621 3046 quaedam
3648 2976 3723 3030 de
3751 2975 3827 3029 di-

2168 3063 2352 3118 versis
2374 3062 2444 3117 ad
2469 3059 2929 3117 ecclesiasticum
2955 3069 3172 3118 statum
3193 3065 3622 3134 pertinentibus
3638 3066 3824 3135 dispo-

2094 3145 2136 3212 C
2177 3157 2404 3217 nentes,
2438 3152 2508 3205 de
2539 3151 2829 3222 episcopis
2860 3156 3196 3207 statuerunt
3225 3153 3516 3208 defunctis
3547 3154 3649 3224 qui
3692 3172 3824 3210 suas

2170 3240 2476 3296 facultates
2505 3239 2794 3295 haereticis
2826 3241 3185 3313 relinquunt,
3222 3246 3285 3296 ut
3314 3247 3370 3296 et
3399 3247 3529 3313 post
3578 3250 3819 3298 mortem

2169 3329 2530 3383 anathemati
2564 3329 2975 3399 subjiciantur.
3009 3332 3138 3385 Item
3169 3331 3427 3403 (Auyust.
3460 3334 3620 3402 epist.
3655 3333 3726 3384 50
3762 3332 3825 3386 ad

2169 3419 2561 3489 Boni/nciam).
2597 3418 2661 3473 Et
2693 3419 2739 3472 si
2770 3437 2902 3473 vera
2937 3425 3076 3474 sunt
3109 3437 3236 3490 quae
3269 3421 3574 3476 Caeciliano
3605 3422 3825 3489 objecta

2167 3513 2330 3576 sunt,
2364 3512 2417 3562 et
2453 3508 2618 3562 nobis
2650 3508 2965 3578 aliquando
2999 3515 3238 3578 possent
3270 3511 3610 3578 monstrari,
3636 3512 3819 3580 ipsum

2167 3602 2462 3652 mortuum
2497 3595 3148 3652 anathematizaromus.
3202 3598 3352 3651 Sunt
3409 3607 3606 3652 autem
3652 3599 3818 3652 etiam

2164 3685 2473 3756 Augustini
2507 3692 2719 3738 sanctae
2755 3684 3047 3739 memoriae
3081 3685 3340 3755 epistolae
3365 3686 3626 3741 dicentes
3673 3686 3819 3757 quod

2165 3774 2215 3830 si
2247 3773 2426 3844 quiin
2461 3773 2580 3826 vita
2629 3789 2737 3826 sua
2769 3789 2882 3826 non
2929 3779 3082 3828 recte
3129 3779 3478 3844 sapuerunt,
3529 3775 3667 3829 licet
3715 3792 3818 3829 non

2165 3862 2427 3917 damnati
2461 3861 2712 3916 fuissent
2743 3861 2932 3916 adhuc
2976 3862 3258 3931 viventes,
3311 3869 3374 3917 ut
3420 3865 3821 3919 demonstrato

2165 3959 2421 4022 peccato,
2450 3949 2546 4003 isti
2573 3949 2748 4004 etiam
2783 3955 2914 4021 post
2944 3956 3191 4006 mortem
3229 3951 3594 4007 anathemati
3638 3954 3822 4024 subji-

2165 4041 2415 4095 ciuntur.
2451 4040 2602 4093 Item.
2641 4060 2664 4088 ‹·
2694 4037 2846 4093 Dicis
2876 4038 3050 4094 licere
3084 4040 3227 4094 mihi
3259 4041 3436 4096 etiam
3470 4042 3541 4096 de
3576 4043 3823 4097 mortuis

2156 4129 2444 4200 judicare,
2479 4127 2614 4197 quia
2639 4126 2929 4196 judicium
2963 4145 3075 4183 non
3111 4134 3339 4184 tantum
3386 4131 3457 4184 de
3506 4131 3676 4197 vivis,
3727 4132 3821 4186 sed

2165 4216 2339 4272 etiam
2371 4217 2441 4271 de
2467 4216 2714 4270 mortuis
2747 4217 2868 4270 fieri
2905 4221 3118 4288 potest.
3151 4220 3305 4273 Item.
3349 4219 3518 4288 (11⁸7).
3570 4219 3824 4274 Rabulas

2163 4311 2376 4361 sancite
2412 4303 2704 4359 memoriae.
2737 4305 3049 4376 episcopus
3075 4306 3264 4361 factus
3297 4307 3605 4362 Edessena;
3629 4308 3825 4363 civita-
3899 4297 3904 4308 ’

2164 4395 2260 4460 tis,
2295 4393 2394 4465 qui
2453 4395 2509 4447 in
2571 4395 2974 4448 sacerdotibus
3031 4395 3392 4466 explenduit,
3445 4396 3821 4451 Theodorum

466 4485 731 4539 Mortuos
764 4485 1086 4539 suscitasse
1117 4483 1371 4554 legimus
1400 4484 1721 4549 Christum,
1752 4484 1811 4539 in
1857 4501 2051 4541 errore
2083 4508 2126 4571 Β
2167 4485 2648 4557 Mopsuestenum
2680 4484 2854 4538 etiam
2882 4490 3015 4555 post
3037 4490 3303 4550 mortem,
3331 4486 3387 4539 in
3414 4485 3674 4540 Ecclesia
3695 4503 3824 4540 ana-

395 4577 658 4627 mortuos
685 4571 1010 4628 absolvisse
1031 4589 1144 4628 non
1183 4573 1451 4642 legimus.
1489 4573 1554 4627 Et
1573 4574 1671 4644 qui
1700 4572 1808 4628 hoc
1829 4578 2048 4628 certam

393 4660 644 4715 faciendi
671 4659 830 4715 salus
862 4660 1070 4715 habuit
1101 4666 1444 4732 potestatem
1479 4662 1647 4716 beato
1693 4661 1858 4716 Petro
1912 4679 2050 4733 apo-

393 4747 542 4804 stolo
575 4747 978 4820 principaliter
996 4749 1258 4804 mandat.
1293 4750 1638 4820 Quazcunque
1656 4765 1819 4820 super
1842 4754 2052 4805 terram

394 4838 660 4909 ligaveris
689 4846 849 4892 erunt
881 4836 1054 4907 ligata
1081 4840 1132 4892 et
1154 4838 1214 4891 in
1245 4839 1373 4893 casto
1398 4841 1449 4892 et
1496 4853 1836 4908 quaecunque
1881 4840 2052 4895 solve-

393 4928 474 4983 ris
503 4942 674 4996 super
699 4935 906 4982 terram
935 4931 1101 4981 erunt
1129 4927 1314 4982 soluta
1343 4930 1393 4982 et
1448 4927 1599 4981 cauis
1651 4928 1854 4996 (Matth.
1911 4933 2048 4996 xvr).

394 5017 572 5089 Super
602 5022 830 5086 terram,
860 5015 1074 5086 inquit,
1122 5031 1255 5070 nam
1288 5017 1344 5071 in
1378 5015 1487 5070 hac
1519 5016 1795 5088 ligatione
1842 5018 2052 5073 defun-

395 5109 555 5161 ctum
589 5120 887 5176 nusquam
921 5102 1071 5158 dixit
1096 5102 1544 5158 absolvendum.

464 5301 612 5369 (116)
628 5304 747 5355 Hac
777 5300 848 5353 de
878 5315 939 5354 re
971 5297 1155 5354 multa
1181 5299 1290 5354 sub
1320 5299 1492 5353 finem
1517 5298 1703 5355 Edicti
1730 5301 2050 5357 Justiniani

393 5372 769 5444 imperatoris
797 5371 1010 5427 Joanni
1046 5388 1204 5442 papa:
1240 5373 1308 5440 ll,
1334 5372 1673 5427 transmissi
1701 5388 1713 5427 :
1747 5377 1937 5428 exstat
1980 5374 2051 5428 ad

391 5447 612 5500 calcem
647 5449 791 5499 tom.
829 5444 1045 5498 lConc.

468 5516 620 5640 (117)
676 5516 870 5570 Refert
923 5515 1224 5598 Liberatus
1256 5514 1528 5600 Breviarii
1561 5514 1654 5570 sui
1701 5532 1828 5586 cap.
1864 5517 1950 5583 10,
1983 5533 2052 5572 ex

468 5590 562 5640 Ist.
627 5586 708 5640 be
743 5587 813 5640 ad
858 5585 1088 5640 Marim.
1137 5586 1396 5640 Persam.
1429 5601 1602 5640 cuius
1652 5587 2047 5640 fragmentum

392 5585 562 5657 epist.
599 5585 708 5640 lbae
743 5587 813 5642 ad
858 5585 1088 5642 Marim.
1137 5586 1396 5656 Persam,
1429 5587 1602 5659 cujus
1652 5585 2047 5661 fragmentum

2159 4573 2583 4629 thematizavit.
2624 4595 2644 4621 ι
2678 4575 2832 4627 Item.
2865 4573 3058 4628 Etiam
3113 4574 3510 4629 Romanorum
3571 4574 3822 4629 Ecclesia

2159 4669 2292 4717 ante
2321 4677 2537 4733 paucos
2562 4662 2860 4732 [quatuor]
2885 4678 3073 4717 annos
3126 4663 3466 4717 Dioscorum
3503 4663 3680 4734 (118),
3729 4664 3820 4731 qui

2161 4751 2272 4806 fuit
2289 4767 2439 4822 papa
2462 4749 2729 4805 Ecclesia:
2750 4751 3043 4819 ejusdem,
3067 4756 3123 4805 et
3149 4757 3280 4822 post
3301 4756 3551 4805 mortem
3584 4752 3820 4807 anathe-

2162 4840 2477 4907 iuatizavit,
2500 4856 2636 4894 cum
2661 4855 2765 4893 nec
2790 4839 2846 4893 in
2871 4839 3042 4894 ﬁdem
3071 4845 3370 4910 peccasset
3387 4857 3408 4901 ;
3422 4843 3480 4894 et
3501 4839 3612 4895 hoc
3633 4841 3821 4896 sciunt

2161 4945 2368 4985 omnes
2400 4927 2498 4999 qui
2532 4927 2625 4981 hic
2673 4927 2899 4998 degunt
2931 4927 3202 4997 Romani,
3252 4934 3310 4984 et
3340 4927 3597 4984 maxime
3631 4932 3729 5002 qui
3764 4930 3816 4984 in

2165 5017 2552 5089 dignitatibus
2583 5015 2863 5086 existunt,
2923 5017 3023 5088 qui
3077 5017 3252 5071 etiam
3314 5018 3502 5072 eidem
3557 5018 3819 5074 Dioscoro

2161 5106 2696 5162 communicatores
2731 5115 3185 5176 permanserunt
3216 5122 3403 5178 usque
3425 5107 3495 5163 ad
3519 5107 3650 5178 ejus
3674 5125 3815 5162 mor-

2163 5309 2348 5362 exstat
2383 5302 2609 5358 actione
2643 5302 2707 5356 10
2739 5301 2932 5357 Chalc.
2969 5319 3136 5358 conc.

2232 5377 2379 5446 (118)
2410 5375 2594 5429 Locus
2629 5377 2692 5427 ut
2725 5379 2970 5444 apparet
3001 5375 3357 5444 depravatus
3407 5375 3497 5430 vel
3548 5375 3811 5442 mutilus,

2161 5449 2344 5503 forte:
2381 5447 2542 5510 Quod
2573 5446 3247 5502 excommunicationem
3279 5448 3562 5504 dictasset
3592 5448 3652 5504 in
3687 5448 3813 5504 Leo-

2161 5536 2316 5589 nem,
2349 5517 2449 5590 qui
2479 5517 2613 5587 fuit,
2641 5522 2750 5572 etc.
