4002 6054
187 309 288 363 841

1020 314 1329 367 DECRETI
1369 315 1554 368 PARS
1593 313 1740 367 XIV.
1779 338 1846 349 -—-
1877 311 1972 363 DE
2010 308 2776 364 EXGOMMUNICATIONE.

3497 309 3604 364 842

185 437 327 487 tem.
387 437 549 489 Item.
593 433 783 488 Etiam
835 433 1142 505 Origenem
1191 437 1339 507 (119)
1379 438 1427 492 si
1468 440 1536 492 ad
1571 445 1836 508 tempora
1866 436 1919 500 Α
1949 433 2083 487 CAP.
2112 431 2201 486 67.
2242 463 2298 472 —
2335 430 2814 508 Excqmmunicati
2845 445 3078 486 munera
3095 446 3209 508 ngn
3231 433 3600 504 suscipienda.

182 520 492 592 TheOphili
525 526 737 577 sanctae
765 523 1081 589 memoria,
1103 523 1192 578 vel
1219 527 1492 596 superius
1514 526 1726 598 aliquis
1750 543 1842 581 re-

184 611 457 678 currerit,
492 615 625 680 post
655 616 902 666 mortem
940 611 1195 668 inveniet
1244 615 1834 685 anathematizatum;

188 699 346 768 quod
381 700 558 754 etiam
601 699 660 754 in
695 700 806 756 isto
839 701 974 756 fecit
994 706 1050 757 et
1075 707 1266 757 vestra
1289 705 1568 759 sanctitas
1599 711 1654 760 et
1685 707 1840 778 Vigi-

181 785 298 841 lius
332 786 812 859 religiosissimus
863 807 1013 861 papa
1046 792 1396 862 antiquioris
1430 793 1647 850 Romae.
1683 797 1831 852 Item.

183 875 360 930 Sacra
391 878 652 948 synodus
673 878 822 934 dixit
854 894 867 933 :
909 898 930 926 α
966 880 1282 936 Sufﬁciunt
1311 881 1548 952 quidem
1580 900 1706 954 qua:
1740 885 1834 939 di-

183 968 276 1018 cta
305 970 364 1018 et
389 965 614 1035 prolata
643 972 805 1034 sunt,
830 968 1294 1024 ecclesiasticam
1325 971 1701 1027 traditionem
1733 974 1832 1027 de-

184 1057 534 1115 monstrare.
562 1057 717 1125 quod
749 1061 977 1128 oportet
999 1056 1321 1129 haereticos,
1345 1065 1401 1115 et
1429 1066 1561 1132 post
1583 1066 1830 1117 mortem

184 1142 691 1200 anathematizari.
724 1166 752 1192 »

220 1266 358 1338 Cap.
381 1268 628 1324 63.——De
654 1269 842 1325 eadem
876 1289 951 1328 re.
987 1273 1211 1330 Actione
1242 1275 1271 1329 4
1301 1276 1546 1342 eiusdem
1577 1281 1794 1350 synodi.

252 1387 427 1438 Sacra
456 1386 717 1456 synodus
748 1386 930 1442 dixit:
964 1412 992 1438 «
1026 1391 1340 1461 Augustini
1389 1391 1668 1463 religiosae
1709 1411 1832 1449 me-

184 1473 402 1540 morias,
436 1475 531 1544 qui
563 1473 717 1530 inter
736 1475 1041 1548 episcopos
1073 1481 1368 1536 Afticanos
1389 1483 1710 1552 splenduit,
1743 1484 1830 1536 di-

181 1578 362 1617 versae
375 1563 633 1633 epistolas
649 1564 898 1621 recitata
913 1572 1071 1634 sunt,
1088 1569 1484 1638 signiﬁcantes
1500 1573 1653 1642 quod
1671 1588 1833 1643 opor-

182 1656 264 1706 tet
284 1651 590 1707 haereticos
620 1659 676 1708 et
705 1659 838 1725 post
869 1661 1118 1711 mortem
1169 1659 1673 1716 anathematizari.
1721 1662 1830 1715 Ta-

181 1738 296 1794 lem
330 1745 524 1796 autem
557 1741 1018 1800 ecclesiasticam
1051 1747 1428 1803 traditionem
1461 1756 1518 1803 et
1548 1749 1649 1805 alii
1680 1751 1829 1804 Afri-

181 1829 312 1884 cani
350 1831 821 1886 reverendissimi
871 1835 1130 1906 episcopi
1179 1844 1578 1907 servaverunt,
1624 1840 1721 1894 sed
1772 1843 1828 1895 et

181 1923 385 1974 sancta
414 1918 677 1975 Romana
700 1921 955 1978 Ecclesia
971 1925 1257 1994 quosdam
1287 1926 1591 1999 episcopos
1621 1935 1676 1982 et
1699 1933 1830 1999 post

183 2014 426 2062 mortem
489 2011 1018 2082 anethematizavit,
1052 2012 1188 2069 licet
1211 2031 1312 2085 pro
1345 2017 1456 2070 ﬁde
1506 2017 1562 2071 in
1588 2019 1704 2072 vita
1721 2035 1831 2074 sua

183 2113 300 2152 non
331 2103 530 2152 essent
558 2100 842 2167 accusati,
874 2105 930 2155 et
951 2107 1267 2174 utrumque
1298 2107 1454 2176 apud
1488 2123 1593 2162 nos
1628 2106 1831 2163 habita

182 2191 350 2256 gesta
370 2186 724 2258 signiﬁcant.
761 2211 790 2238 »

180 2311 315 2387 CAP.
349 2311 439 2366 64.
469 2342 540 2387 -_—
573 2313 634 2387 U_t
663 2329 757 2384 qui
779 2329 1035 2384 sponsam
1056 2316 1290 2372 alterius
1321 2321 1587 2387 rapuerit,
1623 2327 1676 2376 et
1706 2323 1829 2378 red-

250 2382 379 2438 dere
402 2382 818 2458 noluerit,'cum
848 2389 972 2452 ipsa
1021 2404 1185 2458 quam
1229 2382 1420 2454 rapuit
1449 2397 1830 2448 excommuni-

256 2460 433 2535 cctur,
494 2456 670 2535 si__a_c_i
699 2473 993 2535 -sponsum
1029 2456 1149 2535 illa
1199 2461 1377 2517 redire
1433 2470 1830 2535 contempserit.

267 2528 508 2582 Joannes
542 2529 658 2582 VIII
690 2530 954 2585 Rostanio
985 2532 1420 2604 archiepiscopo.

249 2642 363 2710 (27,
395 2659 424 2712 q
456 2644 511 2708 2,
537 2659 583 2696 c.
645 2643 782 2698 Atho
826 2649 1221 2716 prmscntium.)
1259 2649 1405 2704 Atho
1452 2653 1828 2720 praesentium

180 2728 332 2785 lator
389 2731 530 2785 dum
563 2731 621 2785 in
670 2739 868 2788 nostro
918 2735 1155 2790 servitio
1201 2737 1449 2793 ﬁdeliter
1499 2741 1830 2813 excubaret,

180 2819 495 2887 quemdam
529 2820 718 2875 virum
739 2822 1015 2877 feminam
1043 2823 1151 2880 sibi
1173 2825 1590 2897 desponsatam
1639 2832 1831 2898 queri-

181 2915 277 2962 tur
328 2909 632 2978 rapuisse:
666 2915 722 2965 et
754 2911 882 2965 ideo
931 2913 1268 2969 fraternitas
1326 2920 1426 2969 tua
1485 2920 1831 2976 auctoritate

184 3003 384 3050 nostra
405 2997 649 3053 suffulta
669 3000 1068 3072 suﬁ'raganeos
1090 3019 1228 3058 suos
1250 3005 1554 3076 episcopos
1575 3024 1830 3077 praesen-

181 3083 398 3140 tialiter
453 3093 760 3155 convocet,
825 3089 1027 3160 sicque
1080 3092 1348 3168 unanimi
1409 3096 1716 3166 sententia,
1778 3099 1825 3152 si

182 3190 457 3244 sponsam
493 3175 626 3231 huic
687 3183 885 3248 raptor
943 3196 1055 3234 non
1115 3181 1448 3246 reddiderit,
1499 3189 1617 3240 tam
1670 3186 1825 3241 idem

179 3280 355 3333 quam
381 3270 562 3333 rapta,
596 3265 646 3321 si
676 3268 744 3320 ad
780 3284 1063 3338 sponsum
1095 3270 1410 3340 pristinum
1435 3289 1694 3330 remeare
1726 3293 1828 3331 no-

179 3351 375 3414 luerit.
410 3355 567 3409 omni
601 3357 1013 3412 communione
1043 3359 1364 3429 priventur.

180 3479 316 3534 CAP.
351 3479 439 3532 65.
474 3511 542 3518 —
571 3481 631 3535 Ut
660 3489 916 3536 notentur
941 3487 1540 3541 excommunicatorum
1577 3493 1823 3550 nomina.

248 3551 488 3634 Ioannes
527 3552 654 3621 VIII,
713 3553 773 3606 in
828 3554 1065 3609 concilio
1121 3557 1267 3627 apud
1301 3559 1636 3624 Ravennam,
1696 3579 1820 3634 cap.

256 3625 338 3675 02°

148 3742 154 3747 ‘
242 3737 355 3806 (ll,
388 3753 440 3808 q.
473 3739 525 3793 3.
559 3755 606 3794 c.
641 3741 806 3796 Curae
834 3742 905 3795 sit
933 3741 1230 3814 omnibus.)
1261 3747 1418 3798 Curae
1447 3744 1523 3800 sit
1544 3747 1820 3805 omnibus

168 3825 486 3897 episcopis,
515 3830 1150 3886 excommunicatorum
1177 3833 1414 3889 omnino
1435 3836 1676 3890 nomina
1702 3842 1818 3894 tam

167 3914 382 3969 vicinis
411 3915 702 3988 episcopis
734 3935 904 3988 quam
941 3920 1066 3976 suis
1101 3922 1451 3992 parmcianis
1475 3924 1694 3994 pariter
1723 3926 1815 3981 in-

170 4005 384 4074 dicare,
439 4022 617 4076 eaque
660 4007 718 4061 in
770 4008 975 4064 celebri
1009 4010 1135 4066 loco
1196 4013 1384 4083 posita
1433 4031 1543 4085 prae
1597 4017 1819 4072 foribus

171 4092 673 4152 ccclesiaefcunctis
704 4097 1071 4153 venientibus
1093 4100 1402 4170 inculcare,
1426 4108 1715 4172 quatenus
1759 4105 1818 4159 in

173 4188 422 4252 utraque
452 4184 756 4256 diligentia
812 4190 1337 4245 excommunicatis
1387 4192 1604 4264 ubique
1635 4193 1821 4250 eccle-

170 4271 446 4326 siasticus
477 4274 670 4329 aditus
703 4276 1064 4346 excludatur,
1098 4283 1156 4335 et
1204 4283 1598 4339 excusationis
1646 4302 1823 4342 causa

172 4360 450 4416 omnibus
483 4364 798 4420 auferatur.

170 4485 308 4541 CAP.
350 4487 441 4541 66.
472 4519 539 4528 —-
571 4489 643 4544 De
668 4491 881 4548 eodem.
931 4495 1168 4550 Joannes
1201 4496 1315 4551 VIII
1344 4498 1502 4553 Petro
1554 4500 1824 4570 episcOpo.

243 4602 300 4658 Si
336 4603 614 4660 Dcotatus
637 4610 692 4661 et
714 4606 1028 4679 Gregorius
1061 4614 1280 4666 statuto
1301 4612 1423 4680 jam
1455 4618 1715 4686 tempore
1747 4618 1818 4672 ad

176 4707 286 4746 nos
317 4692 532 4760 venire,
566 4699 624 4750 et
655 4696 855 4751 omnia
895 4699 1055 4766 juste
1086 4703 1261 4770 atque
1301 4702 1578 4758 canonice
1627 4721 1822 4760 emen-

176 4781 316 4836 dare
347 4785 828 4855 contempserint,
860 4785 1227 4857 gravioribus
1259 4805 1355 4845 eos
1385 4794 1647 4862 perpetui
1690 4811 1828 4848 ana-

176 4868 456 4926 thematis
489 4873 742 4929 vinculis
773 4873 1212 4944 innodabimus,
1255 4894 1577 4950 eorumque
1607 4881 1826 4937 scelera

175 4964 231 5013 et
261 4962 900 5018 excommunicationes
947 4969 1003 5020 et
1050 4966 1431 5022 anathemata
1480 4969 1832 5038 scribentes,

177 5053 312 5104 ante
344 5051 780 5105 sanctissimam
816 5053 970 5108 beati
1010 5054 1156 5110 Petri
1208 5057 1456 5127 apostoli
1510 5057 1829 5130 imaginem

180 5139 640 5209 suspendemus,
666 5145 732 5194 ut
752 5142 1026 5198 omnibus
1050 5145 1119 5199 de
1146 5150 1265 5201 toto
1292 5147 1511 5203 mundo
1533 5149 1601 5202 ad
1627 5148 1834 5204 limina

178 5227 502 5297 apostolica
532 5229 902 5286 venientibus
947 5232 1181 5288 illorum
1233 5234 1309 5290 sit
1342 5241 1478 5292 nota
1526 5237 1834 5308 iniquitas,

179 5320 237 5370 et
280 5317 574 5372 consortio
607 5335 784 5374 sacra:
815 5318 1083 5376 Ecclesiae
1107 5322 1413 5379 videantur
1436 5326 1717 5382 extranei.

395 5477 695 5558 §ocrates,
730 5480 873 5558 Hist.
913 5479 1078 5550 eccl.,
1103 5481 1154 5558 _l_.
1187 5500 1295 5558 vx,
1321 5500 1371 5538 c.
1409 5485 1474 5558 10
1500 5493 1553 5541 et
1604 5486 1704 5543 lib.
1739 5505 1839 5558 vn,

173 5563 220 5602 c.
355 5565 367 5612 ;
393 5549 752 5630 Soanom_enus
786 5551 822 5630 l.
857 5569 980 5630 v11},
1005 5549 1198 5630 σξη-ς
1231 5549 1598 5630 Nicephorus
1633 5559 1666 5612 l.
1701 5549 1842 5630 xvn,

175 5637 224 5677 c.
258 5621 330 5675 27
367 5626 424 5676 et
451 5623 554 5690 28;
591 5623 895 5678 Liberatus
928 5625 986 5678 in
1020 5625 1330 5694 Breviario,
1364 5621 1492 5698 cap.
1525 5631 1614 5683 23.

515 5751 787 5814 Pauor"
833 5752 1040 5817 CLXI.

2339 506 2422 558 Ea:
2452 503 2704 558 Eliberit.
2737 519 2912 570 conc.,
2944 519 3065 574 cap.
3092 503 3181 557 28.

2019 591 2375 662 Episcopum
2411 591 2652 662 placuit,
2683 591 2754 646 ab
2785 609 2851 647 eo
2884 592 2984 662 qui
3032 608 3146 646 non
3179 592 3601 661 communicat,

1948 698 2195 737 munera
2227 699 2341 736 non
2374 681 2638 752 accipere
2671 681 2901 736 debere.

1944 775 2075 824 CAP.
2108 771 2198 824 68.
2229 801 2295 810 ——
2326 771 2748 840 Eleemosynam
2795 771 2914 841 ejus
2974 772 3071 840 qui
3099 772 3602 828 excommunicalus

2014 842 2144 911 fuit,
2178 843 2229 896 si
2257 841 2576 914 resipuerit,
2601 841 3269 914 accipiendam.Urbanus
3293 842 3602 900 Guimundo

2014 914 2286 968 Aversano
2315 913 2582 984 episcopo.

2014 1003 2124 1073 (24,
2158 1018 2208 1074 q.
2229 1005 2282 1068 2,
2315 1019 2355 1056 c.
2386 1001 2727 1073 Sanequod.)
2751 1001 2902 1057 Sane
2922 1003 3076 1072 quod
3105 1018 3283 1073 super
3313 1003 3602 1061 Richardo

1943 1090 2190 1146 Burrelli
2223 1091 2340 1146 ﬁlio
2367 1096 2558 1146 vestra
2589 1091 2924 1146 fraternitas
2955 1091 3149 1163 egisse
3198 1091 3456 1147 innotuit
3496 1109 3599 1164 pro

1943 1180 2064 1236 zelo
2098 1181 2195 1237 Dei
2238 1186 2295 1237 et
2345 1182 2677 1236 animarum
2737 1180 3038 1246 charitate,
3101 1179 3436 1250 laudamus,
3485 1183 3598 1250 fsed

1943 1287 2057 1324 non
2092 1270 2235 1325 adeo
2267 1270 2619 1338 timendum,
2653 1286 2768 1324 non
2802 1270 2946 1325 adeo
2993 1268 3158 1323 vobis
3192 1271 3262 1324 ab
3291 1271 3420 1340 ejus
3449 1269 3598 1326 elee-

1945 1359 2201 1430 mosynis
2232 1359 2674 1414 abstinendum.
2740 1359 2898 1412 Inter
2954 1363 3190 1413 caeteros
3247 1359 3463 1430 quippe
3495 1377 3598 1416 no-

1942 1452 2072 1502 stra
2109 1448 2243 1502 ﬁdei
2281 1449 2494 1513 Patres,
2524 1448 2732 1502 beatus
2757 1448 2868 1501 Leo
2900 1447 3104 1501 doctor
3132 1448 3598 1519 egregius(epist.

1939 1537 2030 1600 82,
2061 1553 2106 1592 c.
2140 1538 2195 1607 6)
2224 1554 2235 1592 :
2273 1559 2299 1585 «
2333 1536 2579 1600 Quibus,
2615 1535 2826 1606 inquit,
2858 1535 3005 1591 vivis
3036 1552 3148 1591 non
3185 1538 3595 1593 communica-

1939 1625 2154 1692 vimus,
2203 1642 2307 1680 nec
2339 1625 2588 1680 mortuis
2621 1625 3058 1680 communicare
3088 1626 3425 1682 debemus.»
3451 1627 3597 1682 Con-

1941 1718 2056 1768 stat
2082 1730 2239 1786 ergo,
2264 1713 2543 1785 quoniam
2580 1713 2796 1784 quibus
2829 1714 2974 1767 vivis
3009 1714 3095 1784 (ut
3124 1730 3190 1768 ex
3221 1715 3486 1786 opposito
3518 1714 3594 1770 lo-

1860 1806 1906 1870 B
1937 1811 2214 1874 quamur)
2246 1802 2838 1870 communicavimus,
2872 1802 3122 1856 mortuis
3163 1819 3398 1874 quoque
3429 1821 3590 1860 com-

1941 1893 2240 1947 municare
2271 1909 2610 1964 possumus.
2644 1891 2761 1947 Nos
2820 1892 2990 1963 plane
3043 1893 3195 1946 inter
3242 1894 3359 1948 duo
3399 1909 3586 1964 oppu-

1937 1981 2177 2052 gnantia
2210 1981 2411 2053 positi,
2435 1981 2631 2052 impiis
2654 1980 2890 2050 quidem
2925 1985 2980 2035 et
3005 1980 3404 2035 schismaticis
3427 1997 3585 2036 com-

1941 2071 2240 2125 municare
2272 2071 2430 2125 nullo
2464 2071 2634 2125 modo
2665 2086 3002 2139 possumus,
3039 2070 3169 2124 istis
3200 2074 3420 2139 autem,
3456 2069 3591 2125 licet

1938 2159 2338 2230 peccatoribus
2369 2165 2426 2214 et
2457 2157 2852 2230 praedonibus,
2883 2159 3275 2229 dispensative
3310 2175 3411 2229 pro
3443 2163 3591 2214 tem-

1937 2264 2072 2318 pore
2103 2248 2611 2304 communicamus
2646 2247 2920 2318 [Gratiam
2953 2248 3131 2312 habet,
3157 2253 3462 2318 propterea
3493 2247 3590 2304 be-

1937 2339 2320 2407 nedicamus].
2347 2338 2485 2409 quia
2517 2342 2572 2391 et
2597 2337 2885 2390 hactenus
2943 2336 3263 2390 Ecclesiam
3301 2341 3596 2393 sustenta-

1937 2431 2144 2480 verunt
2175 2432 2230 2480 et
2278 2442 2338 2480 se
2402 2424 2694 2479 ﬁdeliores
2747 2424 2804 2478 in
2861 2429 3160 2495 posterum
3222 2423 3599 2494 pollicentur,

1940 2514 2196 2586 alioquin
2215 2519 2440 2586 oportet
2469 2530 2573 2568 nos
2594 2530 2662 2568 ne
2685 2512 2863 2582 hujus
2895 2512 3098 2567 mundi
3127 2513 3394 2582 partibus
3418 2513 3596 2580 exire,

1940 2607 2049 2658 sub
2084 2621 2200 2674 qua
2228 2604 2402 2658 etiam
2438 2603 2755 2674 sponsione
2787 2618 2891 2656 nos
2913 2601 2997 2655 eis
3014 2617 3202 2671 nuper
3228 2600 3285 2654 in
3319 2601 3470 2655 beati
3489 2601 3596 2655 Pe-

1939 2693 2011 2746 tri
2046 2693 2325 2748 natalitiis
2358 2692 2789 2747 absolutionem
2843 2689 3221 2744 indulsimus.
3284 2689 3430 2754 Quia
3457 2705 3595 2760 ergo

1940 2781 2251 2854 praedictus
2285 2783 2372 2836 vir
2402 2797 2590 2852 neque
2622 2780 2984 2834 nominative
3032 2779 3596 2843 excommunicatus,

1940 2888 2131 2944 neque
2161 2871 2605 2927 communicans
2657 2868 3180 2924 excommunicatis
3239 2883 3308 2922 ex
3358 2867 3597 2922 nomine

1940 2961 2103 3029 obiit,
2140 2961 2238 3016 sed
2274 2961 2333 3015 in
2368 2959 2590 3016 domini
2625 2959 2717 3014 sui
2768 2959 2880 3013 ﬁde
2913 2967 3090 3029 atque
3145 2956 3404 3024 servitio,
3461 2956 3597 3012 licet

1941 3050 2110 3105 nobis
2142 3051 2290 3120 ejus,
2326 3049 2743 3120 dispensative,
2790 3049 2845 3102 id
2879 3053 2968 3101 est
3011 3046 3273 3117 quandiu
3325 3062 3422 3100 eos
3476 3063 3594 3102 non

1859 3174 1900 3240 Ο
1941 3139 2220 3209 patimur,
2252 3137 2669 3210 elecemosynis
2704 3136 3164 3204 communicare,
3217 3139 3275 3190 et
3333 3135 3592 3191 defuncti

1939 3228 2197 3283 animam
2233 3227 2577 3283 Christianae
2612 3226 2910 3298 religionis
2965 3226 3231 3280 moribus
3289 3225 3592 3295 adjuvare.

1938 3321 2068 3373 CAP.
2111 3319 2200 3372 69.
2261 3349 2329 3358 —
2389 3317 2866 3371 Excommunicato
2916 3330 3027 3368 non
3060 3314 3230 3368 licere
3275 3315 3594 3384 quempiam

2149 3405 2434 3443 accusare.
2463 3390 2544 3442 Ex
2574 3389 2830 3456 Chartag.
2863 3403 3011 3440 conc.
3039 3402 3135 3450 vn,
3170 3401 3288 3454 cap.
3325 3388 3376 3439 1.

2006 3480 2080 3549 (4,
2116 3495 2165 3550 q.
2198 3480 2242 3543 l,
2276 3495 2332 3532 c.
2367 3477 2712 3546 Deﬁnimus.)
2749 3473 3071 3528 Deﬁnimus
3093 3489 3226 3526 eum
3252 3472 3359 3526 rite
3391 3472 3461 3526 ad
3497 3488 3592 3526 ac-

1935 3568 2298 3622 cusationem
2332 3583 2446 3620 non
2499 3565 2751 3633 admitti,
2802 3562 2901 3633 qui
2935 3567 3315 3632 posteaquam
3357 3576 3588 3615 excom-

1933 3656 2265 3710 municatus
2298 3654 2491 3719 fuerit,
2525 3653 2585 3706 in
2614 3653 2742 3722 ipsa
2775 3652 2964 3706 adhuc
2985 3648 3590 3704 excommunicatione

1931 3741 2436 3808 constitutus,sive
2466 3742 2543 3796 sit
2571 3741 2818 3795 clericus
2850 3740 2970 3795 sive
2986 3739 3475 3808 laicus,accusare
3497 3755 3591 3793 vo-

1928 3833 2139 3895 luerit.

1926 3926 2058 3978 CAP.
2081 3923 2172 3975 '70-
2207 3954 2273 3962 —
2308 3922 2377 3976 De
2397 3920 2588 3975 eadem
2646 3935 2752 4046 νῶι
2784 3921 3040 4002 Nicotaus
3097 3919 3356 3975 Michaeli
3414 3921 3585 3990 impe-

2663 4009 2728 4046 ra
2753 4007 2859 4046 ori.

2663 4007 2783 4047 rato
2789 4008 2838 4046 η
2848 4032 2859 4045 .

2001 4083 2077 4154 (4,
2119 4087 2164 4152 1,
2197 4098 2244 4138 c.
2279 4081 2429 4150 Quod
2457 4085 2640 4136 autem
2695 4081 2799 4150 hi.)
2829 4079 2990 4143 Quod
3051 4078 3111 4132 hi
3153 4078 3254 4148 qui
3315 4093 3347 4131 a
3405 4077 3586 4133 fratre

1931 4172 2154 4243 Ignatio
2183 4172 2432 4243 depositi
2464 4177 2519 4225 et
2549 4168 3037 4224 excommunicait
3089 4168 3321 4220 fuerant
3354 4164 3577 4220 nullam

1931 4261 2209 4316 adversus
2229 4277 2362 4316 eum
2388 4260 2721 4330 intorquere
2742 4255 3177 4311 damnationem
3206 4254 3579 4324 [sententiam

1933 4349 2351 4419 damnationis]
2381 4347 2699 4419 potuerint,
2734 4361 2800 4399 ex
2831 4344 3089 4400 secunda
3136 4341 3451 4398 universali
3487 4359 3584 4412 sy-

1934 4439 2085 4493 nodo
2101 4439 2450 4501 declaratur,
2475 4453 2606 4491 cum
2632 4435 2879 4489 dicitur:
2915 4434 2960 4489 si
2978 4431 3436 4488 ecclesiasticum
3465 4432 3586 4486 fue-

1858 4546 1902 4609 D
1937 4528 2010 4581 rit
2041 4527 2259 4581 crimen
2295 4527 2449 4596 quod
2473 4525 2746 4596 episcopo
2776 4523 3002 4577 illatum
3045 4521 3244 4590 fuerit,
3285 4526 3424 4575 tunc
3457 4537 3589 4591 pro-

1936 4616 2059 4672 bari
2080 4620 2306 4688 Oportet
2325 4614 2730 4669 accusantium
2750 4629 3053 4684 personas,
3070 4611 3335 4680 utprimo
3350 4609 3587 4680 quidem

1934 4704 2226 4760 haereticis
2252 4720 2362 4758 non
2390 4703 2560 4758 liceat
2582 4703 2986 4758 accusationes
3018 4706 3214 4754 contra
3236 4699 3592 4754 orthodoxos

1936 4795 2242 4866 episcOpos
2277 4811 2376 4864 pro
2424 4792 2838 4847 ecclesiasticis
2880 4790 3130 4862 negotiis
3187 4790 3352 4861 (1‘20).
3387 4789 3493 4843 Sed
3523 4804 3594 4842 ne

1940 4884 2042 4939 hos
2073 4884 2374 4938 haereticos
2433 4900 2560 4937 esse
2617 4881 2940 4952 denegetis,
2999 4879 3197 4934 audite
3245 4876 3590 4948 sequentia:

1945 4994 1970 5025 ι
1997 4972 2329 5027 llmreticos‘.
2347 4970 2642 5042 inquiunt,
2664 4987 2791 5024 esse
2814 4969 3065 5024 dicimus
3091 4977 3204 5023 lam
3226 4984 3324 5022 eos
3340 4964 3593 5036 quiolim

1945 5062 2017 5116 ab
2051 5060 2310 5114 Ecclesia
2341 5058 2581 5130 projecti
2603 5063 2930 5128 suntquam
2952 5059 3048 5128 qui
3077 5061 3208 5129 post
3226 5056 3345 5110 haec
3369 5072 3402 5110 a
3425 5054 3597 5109 nobis

1946 5149 2414 5204 anathematizati
2449 5154 2606 5204 sunt.
2652 5171 2680 5197 »
2713 5148 2888 5203 Porro
2920 5149 2967 5202 si
3002 5147 3194 5203 adhuc
3226 5163 3329 5201 nec
3361 5146 3444 5200 sic
3473 5159 3597 5198 cre-

1947 5238 2110 5306 ditis,
2142 5239 2297 5309 quod
2347 5237 2620 5292 subditur
2678 5237 2915 5292 audite:
2951 5259 2976 5284 «
3017 5237 3231 5290 Praeter
3263 5235 3371 5288 hos
3403 5237 3597 5287 autem

1951 5327 2136 5395 aiunt,
2171 5335 2226 5382 et
2263 5343 2362 5383 eos
2395 5327 2493 5398 qui
2553 5327 2728 5381 ﬁdem
2780 5325 3018 5396 quidem
3079 5340 3282 5380 sanam
3317 5320 3604 5377 simulant

2025 5491 2172 5562 (1‘20)
2203 5490 2397 5566 Conc._
2429 5488 2875 5566 Constantinop.
2935 5501 2986 5566 1,_
3007 5502 3057 5540 c.
3088 5488 3144 5554 6,
3189 5488 3250 5538 ut
3303 5482 3610 5566 idemhali-

1956 5559 2176 5633 quanto
2208 5561 2474 5633 superius
2503 5562 2803 5627 admonet,
2838 5559 2988 5629 apud
3025 5574 3130 5612 nos
3149 5573 3263 5611 non
3298 5559 3609 5628 reperitur.

3212 5759 3284 5817 2'1
