3972 6064
388 295 494 350 843

1475 300 1542 350 D.
1583 296 1828 350 IVONIS
1863 293 2357 350 CABNOTENSIS
2392 293 2709 348 EPISCOPI

3700 288 3824 345 8“

390 418 678 487 confiteri,
710 418 1118 476 schismaticos
1148 419 1322 475 etiam
1355 421 1412 474 et
1439 434 1539 474 eos
1568 417 1671 490 qui
1711 434 1979 474 seorsum
2012 432 2046 472 a
2071 418 2126 486 Α
2157 415 2348 488 ipsius
2378 415 2627 486 abbatis,
2661 413 2871 470 deinde
2892 411 3432 486 omniumvestigiis
3450 413 3822 482 fratrum,ut

390 507 972 566 communicantibus
1004 509 1170 565 nobis
1195 506 1485 580 episcopis
1507 508 1780 564 collectas
1801 507 2042 564 faciunt.

391 598 613 654 Deinde
643 615 776 655 vero
807 604 864 654 et
892 599 942 655 si
975 597 1210 670 quidam
1239 598 1311 653 ab
1343 596 1601 654 Ecclesia
1629 614 1809 670 super
1851 596 2045 654 causis

391 689 743 760 quibusdam
777 687 994 744 fuerint
1032 685 1389 758 reprehensi,
1422 690 1480 743 et
1526 687 1766 759 projecti
1817 691 1918 742 aut
1947 702 2043 742 ex-

391 777 822 845 communicati,
857 776 976 832 sive
1008 793 1076 831 ex
1104 775 1257 832 clero
1315 776 1438 831 sive
1485 792 1554 832 ex
1582 775 1778 832 laicali
1818 776 2044 840 ordine,

392 885 498 924 nec
529 868 622 922 bis
652 867 823 922 licere
853 881 1131 922 accusare
1163 865 1530 938 episcopum,
1564 870 1879 938 antequam
1911 881 2045 936 pro-

391 957 516 1028 prio
547 955 792 1012 crimine
813 955 1093 1027 primitus
1116 960 1424 1011 exuuntur.
1456 955 1740 1012 Similiter
1770 959 1965 1010 autem
1989 958 2046 1009 et

392 1062 490 1102 eos
525 1043 624 1116 qui
655 1044 767 1098 sub
793 1043 1167 1100 accusatione
1198 1044 1376 1116 priori
1434 1045 1715 1117 existunt,
1765 1061 1881 1100 non
1914 1046 2047 1100 ante

393 1151 522 1191 esse
580 1133 966 1204 aceeptabiles
1024 1134 1082 1189 in
1143 1133 1401 1206 episcopi
1461 1134 1898 1191 accusationem
1949 1135 2048 1188 aut

393 1223 642 1281 aliorum
707 1221 1078 1292 clericorum,
1138 1241 1316 1297 quam
1373 1225 1645 1281 innoxios
1696 1222 2046 1296 semetipsos

394 1312 701 1370 illatorum
735 1313 846 1369 sibi
877 1313 1244 1370 ostenderint
1275 1315 1614 1372 criminum.
1651 1337 1672 1364 ι

397 1435 527 1486 Car.
559 1429 648 1502 71.
680 1458 750 1470 -—-
785 1428 935 1502 Quod
962 1445 1070 1485 non
1105 1428 1267 1485 liceat
1296 1430 1558 1502 cuiquam
1603 1430 1782 1486 alium
1827 1443 2049 1502 excom-

469 1500 783 1566 municare,
814 1499 930 1555 nisi
950 1502 1039 1556 cui
1064 1510 1301 1572 potestas
1327 1499 1506 1572 fuerit
1533 1517 1800 1558 concessa.
1832 1503 1927 1556 Ea:
1948 1500 2048 1554 Re-

469 1573 603 1644 gula
629 1571 814 1629 sancti
841 1571 1148 1639 BenediCti,
1179 1589 1299 1642 cap.
1324 1571 1413 1628 67.
1450 1576 1588 1646 (cap.
1620 1574 1736 1642 70).

471 1673 828 1729 Ordinamus
879 1676 1058 1745 atque
1096 1671 1515 1728 constituimus
1570 1675 1636 1726 ut
1675 1669 1821 1726 nulli
1879 1669 2052 1725 liceat

403 1780 763 1836 quemquam
816 1763 1062 1819 fratrum
1110 1779 1353 1819 suorum
1402 1759 1908 1818 excommunicare
1950 1762 2052 1814 aut

405 1854 645 1920 caedere,
679 1851 794 1907 nisi
825 1851 917 1908 cui
968 1855 1227 1923 potestas
1276 1851 1349 1907 ab
1400 1851 1610 1906 abbate
1657 1851 1793 1905 data
1852 1847 2047 1904 fuerit.

408 1944 698 1998 Peccantes
744 1946 936 1997 autem
988 1957 1174 1996 coram
1226 1940 1479 1996 omnibus
1509 1942 1856 2011 arguantur,
1915 1941 2055 1993 utet

405 2028 595 2082 exteri
619 2033 828 2083 metum
852 2029 1090 2084 habeant
1121 2027 1191 2099 (Il
1224 2029 1358 2085 Tim.
1390 2029 1471 2101 v.)

417 2146 550 2202 CAP.
585 2146 671 2202 72.
703 2175 774 2187 —-
807 2148 868 2203 Ut
899 2147 1088 2201 nullus
1137 2146 1372 2200 alterius
1404 2144 1708 2216 subjectum
1737 2158 2057 2216 excommw

483 2218 696 2297 uicare,
727 2233 827 2297 uec
854 2219 1311 2290 metmpolitanus
1329 2215 1554 2297 aliquid
1583 2217 1642 2270 in
1663 2215 1906 2297 parcecig
1939 2215 2056 2297 su]-

483 2286 752 2434 [ragttzug
802 2306 966 2360 agere
992 2286 1282 2361 p'avsumat.
1347 2286 1595 2344 Calixtus
1641 2287 1804 2360 episc.
1865 2286 2062 2343 Galliae

485 2377 664 2433 (epis.
761 2405 774 2417 .

485 2377 664 2433 (epist.
697 2377 774 2433 κ).

481 2451 561 2520 (9,
592 2469 643 2524 q.
675 2451 728 2519 2,
760 2467 808 2506 c.
839 2452 1044 2507 Nullus
1067 2450 1341 2521 alterius.)
1370 2448 1552 2503 Nemo
1575 2446 1817 2503 alterius
1861 2445 2063 2502 termi-

408 2557 516 2596 nos
549 2545 812 2612 usurpet,
846 2557 951 2596 nec
982 2539 1224 2596 alterius
1247 2537 1642 2611 parcecianum
1665 2536 1935 2608 judicare
1964 2539 2064 2592 aut

407 2630 916 2687 excommunicare
967 2632 1304 2702 praesumat,
1338 2626 1477 2699 quia
1514 2626 1651 2682 talis
1691 2625 2058 2698 dijudicatio,

406 2726 510 2776 aut
538 2720 1092 2787 excommunicatio,
1121 2718 1210 2774 vel
1259 2715 1584 2786 damnatio,
1636 2731 1741 2770 nec
1773 2719 1898 2770 rata
1927 2714 2058 2782 erit,

407 2824 512 2864 nec
543 2809 693 2865 vires
717 2808 866 2864 ullas
896 2809 1158 2876 habebit,
1185 2806 1459 2879 quoniam
1482 2804 1682 2860 nullus
1699 2803 2055 2875 alteriusju-

409 2897 557 2953 dicis
589 2898 704 2953 nisi
735 2899 826 2954 sui
860 2898 1152 2953 sententia
1180 2895 1476 2952 tenebitur
1523 2898 1625 2949 aut
1656 2893 2054 2950 damnabitur.

406 2988 559 3043 Item.
597 2989 667 3058 (9.
702 3005 754 3058 q.
787 2988 841 3058 3,
873 3004 919 3042 c.
953 2987 1151 3042 Nullus
1172 2985 1428 3058 primas.)
1461 2982 1669 3042 Nullus
1702 2983 1924 3054 primas
1965 2981 2056 3039 vel

408 3078 898 3148 metropolitanus
930 3075 1240 3131 dioecesani
1289 3073 1619 3141 ecclesiam,
1649 3071 1735 3128 vel
1777 3071 2056 3144 paroecia-

2155 510 2324 562 orent
2354 522 2456 577 pro
2487 522 2574 562 eo.
2607 506 2677 560 Et
2705 508 2868 560 tunc.
2905 504 2957 560 si
2978 503 3230 575 jusserit
3249 504 3453 572 abbas,
3484 503 3826 577 recipiatur

2153 595 2213 651 in
2243 595 2442 663 choro,
2461 595 2549 652 vel
2572 611 2688 668 quo
2710 594 2895 650 abbas
2915 593 3235 650 decreverit
3249 593 3482 650 ordinet
3503 593 3580 650 ita
3605 593 3820 667 plane,

2154 688 2220 740 ut
2249 684 2546 757 psalmum
2573 683 2666 740 vel
2692 682 3130 755 lectionem,vel
3146 682 3307 739 aliud
3337 682 3622 756 quidtnon
3655 699 3817 756 pra:-

2153 778 2351 830 sumat
2377 774 2438 830 in
2471 773 2724 830 oratorio
2754 773 3077 846 imponere,
3099 771 3216 829 nisi
3233 772 3451 829 iterum
3473 772 3661 829 abbas
3684 774 3822 844 jus-

2153 865 2316 921 serit.
2349 865 2417 920 Et
2447 864 2726 921 omnibus
2757 863 2923 920 boris
2951 864 3093 920 dum
3125 862 3456 935 completur
3495 879 3647 936 opus
3677 863 3816 934 Dei,

2155 953 2426 1024 projiciat
2455 969 2518 1009 se
2549 953 2609 1008 in
2641 957 2798 1009 terra
2827 952 2886 1008 in
2916 951 3044 1008 loco
3093 953 3153 1008 in
3183 968 3299 1025 quo
3329 955 3467 1025 stat,
3499 957 3557 1008 et
3583 952 3672 1009 sic
3707 969 3822 1009 sa-

2154 1042 2416 1099 tisfaciat
2446 1058 2636 1114 usque
2664 1043 2806 1098 dum
2831 1041 3045 1113 jubeat
3071 1042 3254 1098 abbas
3297 1046 3360 1097 ut
3390 1041 3658 1113 quiescat
3679 1042 3816 1113 jam

2155 1133 2227 1188 ab
2259 1132 2369 1188 hac
2418 1132 2840 1188 satisfactione.
2890 1131 2999 1196 Qui
3030 1147 3166 1188 vero
3198 1131 3323 1204 [pro
3352 1131 3579 1188 levibus
3615 1131 3818 1202 culpis

2155 1221 2741 1279 excommunicantur
2760 1224 2992 1278 tantum
3023 1238 3057 1278 a
3087 1235 3314 1290 mensa,
3340 1220 3400 1277 in
3421 1220 3678 1278 oratorio
3708 1237 3818 1278 sa-

2153 1310 2475 1380 tisfaciant,
2507 1315 2564 1367 et
2594 1327 2783 1383 usque
2813 1311 2884 1367 ad
2927 1310 3262 1382 jussionem
3315 1310 3547 1367 abbatis
3575 1310 3690 1367 hoc
3720 1311 3815 1367 fa—

2155 1402 2335 1470 ciant,
2363 1417 2552 1472 usque
2583 1401 2723 1456 dum
2748 1399 3053 1458 benedicat
3101 1399 3205 1468 eis,
3239 1404 3297 1457 et
3315 1399 3512 1456 dicat:
3555 1400 3816 1457 Sufﬁcit.

2154 1509 2284 1564 CAP.
2315 1508 2408 1563 74.
2440 1539 2510 1548 -—
2541 1507 2615 1563 De
2641 1507 2762 1564 sede
2806 1507 3199 1580 episcoporum,
3229 1524 3330 1563 cur
3357 1509 3419 1563 in
3446 1507 3679 1564 ecclesia
3729 1509 3817 1564 al-

2227 1583 2336 1637 tius
2358 1581 2566 1653 caeteris
2592 1579 2778 1636 sedere
2803 1579 3051 1636 debeam.
3087 1583 3169 1636 Bx
3196 1579 3680 1653 epistolaUrbani
3712 1597 3818 1653 pa-

2222 1668 2316 1724 pw
2333 1657 2356 1708 1
2383 1651 2470 1720 (ad
2485 1667 2672 1708 omnes
2688 1654 2853 1724 episc.
2876 1651 3244 1709 Decommuni
3251 1653 3368 1708 vita
3379 1651 3658 1722 ﬁdelium,
3680 1651 3818 1724 cli).

2229 1742 2391 1808 Quod
2425 1745 2616 1796 autem
2653 1742 2819 1798 sedes
2867 1741 3280 1814 episcoporum
3338 1757 3456 1797 non
3485 1740 3598 1796 nisi
3630 1740 3694 1796 in
3721 1757 3815 1798 ec-

2159 1830 2354 1888 clesiis
2385 1829 2609 1886 excelse
2639 1830 2996 1899 constitutas,
3029 1835 3088 1887 et
3108 1833 3446 1903 praeparata
3493 1831 3818 1887 inveniun-

2159 1925 2256 1976 tur
2284 1920 2342 1974 in
2375 1919 2587 1976 throno
2617 1920 2739 1989 [al.,
2791 1923 2859 1976 ut
2909 1919 3205 1991 thronus],
3240 1919 3709 1992 speculationem
3761 1924 3818 1976 et

2163 2013 2512 2083 potestatem
2537 2009 2869 2080 jndicandi,
2901 2012 2959 2066 et
3005 2009 3268 2064 solvendi
3316 2012 3494 2080 atque
3521 2007 3755 2081 ligandi
3784 2026 3817 2065 a

2109 2141 2111 2143 ι
2163 2098 2411 2156 Domino
2435 2098 2550 2154 sibi
2581 2098 2778 2154 datam
2814 2097 3068 2154 maxime
3097 2099 3324 2155 docent.
3347 2097 3513 2154 Unde
3535 2098 3667 2170 ipse
3689 2097 3817 2154 Sal-

2166 2192 2330 2246 vator
2351 2187 2412 2243 in
2443 2186 2756 2260 Evangelio
2778 2187 2860 2242 ait
2887 2205 2902 2247 :
2935 2187 3282 2260 Quacuqu
3310 2186 3634 2260 ligaveritis
3654 2203 3820 2259 super

2166 2282 2400 2345 terram,
2418 2285 2583 2333 erunt
2614 2279 2787 2348 ligata
2811 2279 2946 2334 etin
2969 2277 3104 2333 caelo
3127 2276 3338 2348 (Matth.
3362 2277 3546 2348 xvm),
3575 2280 3635 2333 et
3655 2276 3815 2334 alibi:

2168 2368 2410 2439 Accipite
2441 2367 2718 2436 Spiritum
2750 2370 3003 2423 sanctum
3020 2385 3045 2432 ;
3072 2381 3305 2438 quorum
3333 2365 3668 2422 remiseritis
3687 2382 3818 2438 pec-

2171 2465 2313 2527 cata,
2340 2457 2729 2512 remitttuntur
2756 2457 2858 2527 eis,
2886 2463 2942 2511 et
2967 2471 3203 2529 quorum
3230 2456 3583 2512 retiuueriti:
3611 2458 3819 2512 retenta

2170 2557 2300 2603 sunt
2329 2546 2509 2618 (Joan.
2541 2549 2658 2616 xx).
2697 2545 2832 2602 Ideo
2862 2545 2976 2601 ista
3016 2544 3406 2618 pratulimus,
3457 2545 3819 2616 charissimi,

2171 2641 2236 2692 ut
2267 2634 2609 2707 intelligetis
2640 2638 2988 2707 potestatem
3020 2634 3432 2708 episcoporum
3462 2638 3818 2700 vestrorum,

2167 2725 2228 2781 in
2261 2726 2466 2798 eisque
2496 2727 2673 2781 Deum
2700 2723 3080 2795 veneremini,
3131 2729 3190 2780 et
3217 2739 3317 2780 eos
3349 2728 3414 2780 ut
3434 2723 3670 2780 animas
3691 2741 3818 2781 ves-

2166 2819 2291 2871 tras
2316 2814 2601 2888 diligatis,
2633 2818 2691 2870 et
2720 2813 2938 2886 quibus
2967 2813 3054 2868 illi
3084 2829 3200 2869 non
3233 2813 3680 2870 communicant
3705 2830 3816 2870 non

2167 2903 2634 2974 communicatis,
2690 2908 2747 2959 et
2797 2920 2946 2976 quos
2993 2902 3272 2973 ejecerint
3317 2919 3433 2958 non
3493 2902 3816 2974 recipiatis.

2169 2993 2351 3050 Valde
2379 2993 2536 3049 enim
2560 2993 2824 3049 timenda
2851 2996 2941 3049 est
2970 2991 3264 3048 sententia
3291 2991 3555 3063 episcopi
3573 2990 3817 3048 licetin-

2156 3083 2319 3154 juste
2332 3081 2490 3155 liget,
2505 3083 2662 3155 quod
2680 3086 2878 3138 tamen
2897 3097 3271 3153 summopere
3287 3080 3604 3153 pmvidere
3618 3081 3812 3137 debet.

408 3182 572 3233 num’
625 3170 725 3260 mit
754 3165 1011 3260 alique?
1042 3165 1111 3260 ᾀῖδ
1141 3164 1268 3235 ejus
1325 3162 1925 3260 P“§?°i?,Pms“m?t
1953 3177 2053 3216 θλ·
2086 3169 2130 3237 C
2169 3190 2297 3246 Csp.
2329 3190 2418 3244 75.
2469 3221 2538 3229 -
2590 3189 2884 3260 Episcopus
2937 3187 3518 3246 excommunicatqu
3572 3188 3816 3259 aliquem

404 3255 838 3311 communicare
869 3253 957 3310 vel
970 3253 1236 3326 judicare
1265 3251 1356 3311 vel
1379 3250 1598 3323 aliquid
1620 3266 1811 3323 agere,
1835 3250 2056 3322 absque

401 3344 648 3402 consilio
679 3345 770 3401 vel
793 3343 1043 3417 judicio.

395 3466 530 3519 CAP.
560 3463 651 3518 73.
684 3493 754 3504 --
787 3463 848 3518 Ut
873 3476 972 3533 pro
1002 3461 1272 3532 qualitate
1315 3457 1533 3533 peccati
1570 3457 1904 3533 paenitentia
1957 3459 2059 3533 im:

462 3539 724 3677 ponatuer
755 3528 886 3675 )Eac'
926 3528 1131 3602 Requla
1194 3528 1374 3589 sancti
1439 3528 1741 3596 Benedicti,
1792 3545 1916 3598 cap.
1983 3529 2054 3584 23

501 3623 622 3677 cap.
733 3647 795 3661 ..

501 3623 622 3678 cap.
655 3623 795 3675 ιιι).

473 3696 812 3752 Secundum
828 3696 1067 3751 modum
1089 3692 1292 3765 culpae,
1317 3688 1942 3748 excommunicationis
1963 3689 2053 3746 vel

399 3784 723 3855 disciplinas
752 3785 923 3840 debet
952 3783 1181 3839 extendi
1231 3797 1540 3850 mensura;
1593 3779 1692 3851 qui
1747 3779 2051 3852 culparum

402 3875 614 3930 modus
637 3889 705 3929 ex
726 3873 956 3929 abbatis
983 3873 1198 3944 pendet
1229 3871 1445 3941 judicio
1496 3870 1577 3941 [in
1630 3868 1859 3924 abbatis
1909 3886 2052 3941 pen-

402 3965 537 4019 deat
567 3962 849 4033 arbitrio].
876 3961 936 4017 Si
967 3961 1100 4034 quis
1131 3965 1328 4016 tamen
1361 3959 1538 4013 frater
1565 3957 1624 4012 in
1651 3957 1842 4028 culpis
1871 3956 2050 4012 levio-

401 4054 567 4110 ribus
598 4052 912 4125 culpabilis
961 4050 1280 4117 invenitur,
1333 4066 1366 4104 a
1398 4064 1613 4104 mensae
1661 4045 2051 4118 partipatione

400 4144 676 4216 privetur.
712 4142 926 4200 Privati
951 4145 1146 4197 autem
1169 4157 1203 4196 a
1222 4155 1439 4196 mensae
1469 4136 1784 4204 consortio,
1807 4135 1920 4191 ista
1943 4135 2052 4191 erit

398 4234 564 4302 ratio,
599 4239 667 4290 ut
696 4234 754 4288 in
784 4232 1033 4290 oratorio
1059 4229 1352 4302 psalmum
1389 4230 1492 4284 aut
1517 4225 1899 4298 antiphonam
1933 4241 2047 4280 non

396 4323 682 4394 imponat,
717 4340 822 4378 nec
853 4321 1158 4377 lectionem
1208 4319 1432 4386 recitet,
1466 4333 1655 4388 usque
1703 4316 1775 4372 ad
1808 4314 2048 4371 satisfa-

398 4411 670 4464 ctionem.
704 4410 1097 4465 Rel'ectionem
1129 4413 1327 4463 autem
1353 4407 1466 4462 cibi
1507 4410 1642 4478 post
1672 4404 1920 4460 fratrum
1954 4419 2042 4459 re-

399 4499 709 4554 fectionem
732 4499 896 4556 solus
919 4498 1223 4571 percipiat,
1248 4503 1308 4554 ut
1333 4497 1383 4553 si
1400 4499 1630 4563 fratres,
1652 4494 1810 4552 verbi
1829 4495 2041 4566 gratia,

2237 3260 2477 3332 qualiter
2505 3261 2717 3333 alloqui
2743 3261 2935 3316 debeat
2964 3262 3178 3318 clerum
3208 3269 3259 3317 et
3285 3260 3519 3330 plebem.
3551 3263 3638 3316 Ex
3667 3276 3814 3318 conc.

2235 3333 2678 3404 Rothomagensi,
2708 3348 2838 3405 cap.
2868 3333 2924 3389 3.

2234 3422 2470 3478 Noverit
2495 3421 2753 3478 charitas
2771 3424 2987 3492 vestra,
3005 3421 3218 3477 fratres
3241 3421 3356 3476 mei
3375 3419 3532 3492 quod
3576 3419 3814 3492 quidam

2161 3511 2250 3567 vir
2285 3510 2523 3568 nomine
2559 3510 2652 3582 N.,
2672 3509 2904 3566 diabolo
2934 3509 3218 3566 suadente
3238 3507 3633 3583 [instigante],
3661 3513 3814 3582 post-

2163 3618 2383 3673 ponens
2416 3599 2810 3657 Christianam
2857 3599 3310 3671 promissionem
3342 3598 3809 3670 [professionem]

2162 3708 2335 3764 quam
2368 3691 2428 3746 in
2460 3690 2754 3763 baptismo
2807 3689 3111 3761 professus
3157 3693 3266 3754 est,
3316 3705 3421 3761 per
3457 3687 3813 3760 apostasiam

2162 3797 2480 3837 conversus
2503 3784 2636 3853 post
2664 3780 2939 3835 Satanam
2971 3777 3068 3834 cui
3090 3776 3526 3833 abrenuntiavit
3548 3782 3609 3833 et
3637 3776 3816 3834 omni-

2161 3869 2273 3925 bus
2304 3869 2578 3940 operibus
2594 3869 2744 3940 ejus,
2770 3866 3000 3923 vineam
3019 3865 3256 3936 Christi,
3283 3865 3341 3920 id
3375 3869 3467 3921 est
3497 3863 3812 3922 Ecclesiam

2157 3959 2307 4028 ejus,
2340 3958 2641 4013 devastare
2672 3961 2729 4012 et
2757 3955 3079 4027 depraedari
3103 3971 3218 4011 non
3251 3953 3640 4026 pertimescit,
3679 3971 3816 4027 pau-

2159 4063 2327 4119 peres
2357 4045 2572 4102 Christi
2601 4061 2747 4116 quos
2778 4045 3032 4117 pretioso
3082 4043 3374 4115 sanguine
3395 4059 3503 4098 suo
3536 4043 3803 4110 redemit,

2157 4135 2438 4192 violenter
2465 4133 2805 4207 opprimens
2835 4137 2894 4189 et
2922 4133 3306 4204 interﬁciens,
3337 4136 3396 4188 et
3425 4132 3582 4188 bona
3609 4149 3810 4189 eorum

2157 4225 2460 4296 diripiens.
2493 4223 2657 4280 Unde
2679 4223 2820 4295 quia
2867 4221 3027 4279 filius
3055 4221 3235 4294 hujus
3267 4225 3484 4278 nostra
3516 4223 3816 4290 Ecclesiae,

2156 4313 2272 4385 cui,
2305 4313 2422 4370 Deo
2452 4317 2711 4384 auctore,
2743 4312 3149 4384 praesidemus,
3201 4313 3486 4368 debuerat
3515 4313 3818 4384 esse(quia

2154 4413 2213 4468 in
2232 4420 2300 4459 ea
2313 4419 2415 4475 per
2432 4418 2646 4475 aquam
2667 4400 3021 4474 etSpiritum
3049 4405 3322 4457 sanctum
3351 4404 3600 4457 renatus
3631 4404 3817 4467 est,et

2153 4488 2306 4548 inter
2335 4492 2640 4562 adoptivos
2701 4490 2852 4546 filios
2902 4490 3004 4546 Dei
3055 4491 3500 4562 adnumeratus,
3548 4490 3816 4562 quamvis

399 4587 846 4644 reﬁciuntsexta
867 4563 1032 4655 hora,
1056 4563 1344 4643 illatrater
1367 4603 1522 4642 nona
1546 4606 1559 4654 ;
1585 4586 1634 4641 si
1654 4563 1861 4640 fratres
1880 4563 2054 4652 nona,
2087 4563 2133 4626 D
2167 4582 2340 4638 modo
2371 4581 2530 4637 ﬁlius
2559 4580 2663 4637 Dei
2684 4596 2804 4636 non
2825 4579 3157 4652 sit[diaboli
3173 4581 3271 4653 sit]
3297 4579 3586 4636 imitando
3617 4579 3816 4634 diabo-

400 4676 498 4732 ille
527 4693 787 4748 vespera,
825 4694 1014 4750 usque
1046 4678 1185 4732 dum
1221 4676 1619 4732 satisfactione
1667 4690 1926 4746 congrua
1955 4690 2052 4729 ve-

401 4765 560 4821 niam
593 4772 1008 4839 consequatur.
1068 4766 1274 4821 lltidem
1320 4783 1439 4836 cap.
1473 4765 1542 4819 42
1571 4766 1733 4836 Δ(εαρ.
1768 4763 1902 4834 (nili).
1943 4761 2054 4826 Qui

399 4872 504 4928 pro
525 4855 683 4926 gravi
716 4854 889 4926 culpa
918 4855 988 4910 ab
1012 4855 1264 4909 oratorio
1286 4858 1341 4909 et
1370 4871 1404 4908 a
1427 4870 1630 4909 mensa
1650 4849 2052 4908 excommuni-

400 4951 587 5013 catur,
622 4945 766 5000 hora
813 4961 927 5014 qua
958 4961 1105 5015 opus
1165 4945 1262 4998 Dei
1298 4943 1356 4998 in
1417 4941 1668 4998 oratorio
1700 4941 2052 5009 celebratur,

400 5040 536 5092 ante
571 5036 724 5090 fores
753 5033 991 5089 oratorii
1019 5035 1350 5104 prostratus
1391 5033 1602 5102 jaceat,
1628 5030 1774 5086 nihil
1807 5031 2007 5087 dicens
2033 5046 2046 5086 :

397 5124 512 5181 nisi
543 5128 774 5180 tantum
806 5123 995 5196 posito
1026 5122 1086 5176 in
1117 5126 1272 5178 terra
1304 5121 1493 5192 capite
1523 5124 1874 5192 prostratus,
1918 5136 2050 5192 pro-

395 5232 530 5281 nus,
567 5214 829 5270 omnium
867 5214 938 5268 de
970 5209 1222 5268 oratorio
1254 5210 1595 5265 exeuntium
1647 5209 1893 5280 pedibus
1925 5208 2051 5279 [sed

394 5305 583 5378 posito
607 5304 666 5358 in
682 5307 898 5359 terram
917 5300 1106 5374 capite
1121 5316 1342 5372 pronus
1365 5302 1668 5354 sternatur
1689 5297 1954 5354 omnium
1979 5298 2051 5354 de

392 5395 646 5450 oratorio
679 5393 1015 5450 exeuntium
1048 5390 1338 5461 pedibus;
1377 5390 1457 5445 sic
1506 5387 1663 5443 hodie
1713 5388 1922 5443 codices
1950 5403 2050 5442 ex-

390 5483 514 5539 cusi
544 5483 939 5553 conculcetur,
964 5486 1022 5537 et
1050 5479 1160 5536 hoc
1191 5485 1312 5535 tam
1344 5478 1442 5534 diu
1469 5477 1664 5544 iaciat,
1695 5493 1884 5548 usque
1905 5477 2047 5532 dum

395 5571 950 5642 abbasjudicaverit
1008 5570 1376 5627 satisfactum
1428 5584 1577 5625 esse.
1613 5566 1720 5633 Qui
1751 5566 1891 5623 dum
1916 5567 2048 5638 jus-

393 5678 499 5716 sus
533 5663 664 5716 ante
720 5661 989 5717 abbatem
1049 5659 1289 5732 venerit,
1349 5659 1648 5732 provolvat
1695 5673 1758 5713 se
1802 5656 2048 5729 pedibus

2163 4669 2311 4741 lum)
2333 4669 2563 4726 solliciti
2590 4685 2661 4725 ne
2684 4685 2786 4742 per
2804 4668 3221 4742 negligentiam
3240 4667 3598 4742 pastoralem
3619 4667 3817 4739 aliqua

2162 4760 2234 4816 de
2265 4760 2472 4816 ovibus
2503 4759 2676 4815 nobis
2707 4758 2948 4816 creditis
2978 4759 3294 4832 deperiret,
3325 4774 3429 4831 pro
3459 4774 3579 4830 qua
3603 4758 3667 4813 in
3699 4760 3814 4813 tre-

2162 4851 2371 4906 mendo
2393 4849 2621 4920 judicio
2651 4853 2787 4905 ante
2819 4846 3144 4920 principem
3175 4851 3475 4920 pastorum
3501 4846 3808 4902 Dominum

2160 4943 2431 4995 nostrum
2449 4939 2653 4995 Jesum
2677 4937 2976 4994 Christum
2991 4938 3279 4994 rationem
3300 4936 3544 4994 reddere
3565 4934 3814 5008 compel-

2159 5027 2435 5094 leremur,
2459 5029 2624 5099 justa
2647 5027 2804 5099 quod
2829 5026 2954 5098 ipse
2982 5025 3326 5083 terribiliter
3356 5025 3528 5082 nobis
3570 5024 3810 5082 commi-

2160 5123 2356 5185 natur,
2393 5117 2593 5173 dicens
2619 5134 2633 5173 :
2668 5117 2728 5172 Si
2747 5132 2857 5173 non
2880 5114 3310 5172 annuntiavcris
3332 5116 3527 5187 iniquo
3548 5116 3810 5186 iniquita-

2161 5211 2270 5263 tem
2297 5223 2479 5275 suam,
2513 5205 2840 5278 sauguinem
2903 5205 3020 5277 ejus
3050 5206 3122 5262 de
3166 5221 3342 5261 manu
3386 5212 3485 5261 tua
3534 5205 3812 5276 requiram

2158 5295 2353 5352 Ezech.
2389 5298 2499 5365 In),
2531 5294 2807 5351 misimus
2837 5295 2910 5351 ad
2941 5311 3078 5351 eum
3110 5295 3520 5367 presbyterum
3546 5296 3809 5350 nostrum

2159 5389 2216 5441 et
2245 5385 2471 5440 litteras
2499 5384 2980 5440 commonitorias
3029 5383 3234 5452 semel,
3266 5387 3323 5440 et
3365 5383 3606 5453 iterum,
3644 5387 3812 5454 atque

2159 5473 2354 5540 tertio,
2384 5473 2700 5530 invitantes
2731 5490 2866 5530 eum
2899 5473 3177 5530 canonice
3206 5472 3281 5529 ad
3311 5471 3808 5540 emendationem,

2157 5566 2214 5619 et
2243 5562 2700 5620 satisfactionem
2720 5567 2778 5620 et
2795 5563 3228 5637 pmnitentiam,
3261 5561 3649 5634 corripientes
3677 5576 3806 5618 eum

2156 5658 2400 5727 paterno
2419 5653 2646 5710 affectu.
2678 5653 2787 5711 Sed
2819 5652 2946 5726 ipse
2973 5652 3144 5725 (proh
3174 5652 3343 5710 dolor
3369 5652 3383 5708 ι
3427 5651 3662 5709 diabolo
3693 5648 3808 5723 cor)
