4000 6060
199 288 310 342 845
1025 285 1335 339 DRCRETI
1375 285 1562 338 PARS
1597 282 1745 336 XIV.
1789 307 1857 317 -—
1895 280 1990 331 DE
2031 279 2797 336 EXCOMMUNICATIONE.
3511 285 3618 342 846

203 414 334 483 ejus
370 411 705 474 indurante,
741 407 966 462 monita
996 406 1283 461 salutaria
1313 405 1531 476 sprevit
1569 401 1859 474 [spernit],
1889 409 1943 472 Α
1974 407 2031 455 et
2052 402 2206 458 beati
2251 403 2403 458 Petri
2453 403 2733 475 principis
2789 404 3187 476 apostolorum
3243 414 3302 463 et
3352 411 3616 467 omnium

206 506 263 557 et
294 501 350 555 in
383 499 637 571 incapta
667 496 894 552 malitia
949 512 1352 567 perseverans,
1413 493 1678 548 Ecclesia
1730 491 1851 562 Dei,
1963 496 2329 558 sanctorum,
2352 509 2455 547 nec
2487 509 2604 546 non
2637 496 2693 547 et
2724 498 2937 549 nostra
2954 495 3381 552 mediocritatis
3413 503 3614 555 aucto-

207 607 386 663 quam
407 589 554 645 lasit
571 587 858 660 superbia
878 585 1089 658 spiritu
1114 585 1376 649 inflatus,
1401 582 1737 638 satisfacere
1763 581 1856 636 de-
1965 579 2160 645 ritate,
2192 585 2248 636 et
2267 585 2556 652 potestate
2587 581 2757 638 nobis
2779 583 3061 641 divinitus
3082 584 3294 642 collata
3314 585 3537 658 ligandi
3559 595 3617 644 et

207 681 509 752 dignatur.
561 683 642 734 De
694 676 911 732 talibus
966 675 1165 746 itaque
1209 671 1769 744 transgressoribus,
1802 673 1858 724 et
1966 667 2224 724 solvendi
2257 669 2315 723 in
2348 669 2489 725 calo
2533 674 2588 726 et
2617 671 2674 724 in
2707 675 2886 741 terra,
2918 689 2950 726 a
2981 674 3221 745 pretiosi
3246 676 3508 746 corporis
3555 681 3614 732 et

207 771 422 822 sancta
446 764 745 836 religionis
768 762 1046 835 pacisque
1069 778 1244 833 quam
1261 760 1529 816 Christus
1548 759 1672 816 suis
1687 757 1855 813 disci-
1966 757 2272 830 sanguinis
2303 759 2696 831 perceptione,
2728 764 2786 815 et
2814 761 3093 818 societate
3126 764 3390 820 omnium
3439 763 3609 820 Chri-

207 857 364 929 pulis
411 855 572 910 dedit
609 858 785 924 atque
809 851 1066 923 reliquit,
1104 850 1510 920 violatoribus,
1571 851 1858 920 pracepta
1967 845 2293 901 stianorum
2317 863 2682 919 separamus,
2707 853 2763 904 et
2788 866 2821 904 a
2847 850 3152 907 liminibus
3173 859 3385 909 sancta
3408 855 3621 912 matris

207 943 513 1000 Dominica
545 946 600 998 et
638 940 960 1014 apostolica
977 940 1284 1005 habemus,
1319 939 1538 1010 quibus
1571 938 1854 992 informa-
1966 935 2234 991 Ecclesia
2266 936 2323 991 in
2357 936 2496 992 coelo
2518 942 2574 992 et
2605 938 2663 992 in
2697 942 2851 994 terra
2881 940 3268 1011 excludimus,
3302 948 3358 999 et
3388 961 3624 1000 excom-

207 1051 344 1094 mur
373 1033 514 1106 quid
538 1033 607 1088 de
639 1029 1049 1100 hujuscemodi
1082 1029 1628 1102 pravaricatoribus
1687 1042 1854 1098 agere
1967 1025 2978 1085 municatumetanalhematizatum
2996 1032 3624 1101 decernimus,etdam-

209 1139 319 1178 nos
350 1125 634 1193 oporteat.
669 1120 762 1176 Ait
792 1120 948 1175 enim
979 1119 1266 1175 Dominus
1297 1118 1356 1172 in
1390 1116 1698 1188 Evangelio
1724 1134 1736 1172 :
1798 1115 1860 1171 Si
1969 1120 2172 1171 natum
2202 1132 2336 1172 cum
2364 1116 2594 1172 diabolo
2625 1122 2681 1173 et
2707 1119 2928 1190 angelis
2967 1122 3097 1192 ejus
3127 1125 3183 1177 et
3209 1123 3486 1180 omnibus
3532 1140 3616 1180 re-

207 1213 512 1286 peccaverit
544 1212 604 1266 in
634 1208 1424 1281 te/ratertuus,corripeeum
1452 1209 1667 1276 (Matth.
1699 1222 1856 1271 xvm,
1969 1205 2168 1277 probis
2219 1204 2279 1260 in
2328 1206 2464 1278 igne
2518 1210 2729 1262 aterno
2794 1209 3153 1281 judicamus,
3206 1210 3318 1266 nisi
3374 1211 3520 1266 forte
3579 1228 3613 1268 α

212 1307 346 1358 Luc.
379 1303 537 1368 xvu).
564 1300 792 1355 Fratres
823 1299 881 1353 in
914 1313 1418 1369 unumquemque,
1452 1300 1861 1366 nostrumpec-
1969 1293 2188 1348 diaboli
2210 1293 2440 1366 laqueis
2467 1296 2794 1368 resipiscat,
2825 1302 2881 1353 et
2913 1299 2983 1353 ad
3037 1300 3510 1356 emendationem
3560 1305 3620 1357 et

213 1397 326 1462 cat,
362 1391 461 1463 qui
489 1389 548 1444 in
609 1393 873 1444 sanctam
931 1387 1255 1444 Ecclesium
1308 1389 1526 1459 peccat.
1585 1385 1643 1440 Si
1702 1383 1858 1438 enim
1970 1383 2372 1453 panitentiam
2408 1385 2625 1452 redeat,
2660 1391 2716 1441 et
2773 1387 3044 1443 Ecclesia
3087 1388 3189 1443 Dei
3241 1405 3416 1459 quam
3464 1388 3616 1445 lasit

211 1486 416 1538 sancta
439 1479 698 1535 Ecclesia
721 1494 906 1533 unum
940 1494 1153 1549 corpus
1207 1481 1315 1547 est,
1373 1476 1544 1547 cujus
1603 1473 1862 1544 corporis
1972 1471 2315 1528 satisfaciat.
2351 1473 3044 1545 Etrespondeantomnes
3069 1477 3619 1548 tertio:Aman,aut,

213 1573 394 1642 caput
422 1569 690 1626 Christus
717 1572 830 1633 est,
864 1566 1082 1639 singuli
1119 1570 1314 1622 autem
1364 1581 1576 1620 sumus
1609 1560 1864 1633 alterIal-
1970 1561 2114 1628 Fiat,
2146 1560 2263 1629 ﬁat,
2295 1565 2398 1616 aut
2427 1563 2735 1619 Anathema
2762 1567 2854 1620 sit.
2889 1567 3108 1622 Debent
3163 1567 3318 1623 enim
3346 1569 3411 1622 12
3431 1584 3622 1623 sacer-

211 1658 398 1715 terius
431 1658 714 1728 membra,
747 1657 874 1724 etsi
906 1672 1039 1711 cum
1072 1655 1294 1726 patitur
1313 1669 1497 1708 unum
1530 1652 1862 1707 membrum
1975 1650 2138 1706 dotes
2169 1650 2506 1722 epiSCOpum
2539 1652 2940 1724 circumstare,
2971 1659 3028 1711 et
3057 1655 3324 1713 lucernas
3348 1657 3621 1712 ardentes

214 1749 658 1820 compatiuntur
688 1746 887 1801 omnia
917 1746 1201 1809 membra,
1236 1742 1436 1815 procul
1466 1741 1644 1796 dubio
1667 1741 1724 1795 in
1756 1755 1864 1795 nos
1898 1784 1945 1850 Β
1975 1738 2033 1793 in
2055 1741 2327 1794 manibus
2348 1745 2562 1812 tenere,
2586 1743 2807 1814 quasin
2829 1745 3205 1801 conclusione
3227 1744 3625 1800 anathematis

400 1841 409 1850 ι
526 1837 536 1848 ο
733 1837 744 1850 ι
975 1840 987 1850 ι
1092 1833 1102 1850 1
1179 1833 1238 1850 ιιι
1309 1833 1330 1850 τ
1379 1833 1403 1850 L
1428 1835 1472 1850 ,ι
1513 1846 1634 1850 -.___
1671 1828 1832 1850 h__._2
1976 1829 2061 1850 ---1
2103 1829 2714 1850 __--_____-___'-_1!_d!,
2743 1849 2763 1850 η
2854 1834 2885 1850 9·
3071 1835 3085 1850 1
3130 1835 3142 1850 ι
3250 1840 3261 1850 Δ
3292 1836 3302 1846 ο
3384 1839 3393 1850 ι

215 1841 418 1910 peccat
439 1837 540 1908 qui
573 1837 837 1892 membra
860 1840 1062 1889 nostra
1091 1833 1266 1887 ladit.
1299 1833 1477 1888 Jubet
1505 1846 1642 1902 ergo
1669 1828 1866 1884 Domi-
1898 1828 1945 1850 ”
1975 1829 2065 1885 vel
2098 1829 2718 1887 excommunicationis
2739 1834 3022 1904 projicere
3055 1835 3270 1890 debent
3289 1836 3346 1890 in
3378 1839 3625 1904 terram,

219 1943 336 1982 nus
374 1931 440 1981 ut
467 1926 662 1995 frater,
711 1925 767 1978 id
799 1928 888 1979 est
917 1922 1314 1989 Christianus,
1342 1921 1401 1975 in
1462 1936 1569 1975 nos
1601 1933 1869 1990 peccans,
1978 1924 2036 1975 et
2065 1918 2404 1974 conculcare
2429 1921 2695 1992 pedibus.
2739 1922 2871 1978 Post
2929 1923 3050 1978 hac
3099 1923 3410 1995 episcopus
3470 1925 3628 1996 plebi

217 2016 414 2088 primo
438 2018 656 2070 secrete
684 2012 1054 2084 corripiatur,
1085 2010 1296 2066 deinde
1323 2026 1456 2065 cum
1489 2008 1741 2063 testibus
1781 2022 1870 2061 re-
1977 2007 2167 2080 ipsam
2217 2009 2886 2065 excommunicationem
2961 2013 3382 2068 communibus
3436 2013 3628 2069 verbis

217 2107 562 2177 darguatur,
592 2102 912 2158 novissimo
937 2102 995 2155 in
1028 2104 1316 2155 conventu
1345 2097 1615 2153 Ecclesia
1637 2094 1870 2167 publice
1979 2097 2152 2152 debet
2176 2097 2508 2168 explanare,
2543 2102 2608 2152 ut
2638 2115 2842 2155 omnes
2874 2099 3212 2172 intelligant
3243 2118 3421 2172 quam
3461 2102 3632 2157 terri—

217 2193 600 2251 oonveniatur
625 2191 1039 2262 [corripiatur].
1065 2189 1225 2253 Quod
1259 2189 1308 2243 si
1340 2187 1446 2243 has
1468 2191 1586 2242 tres
1609 2201 1869 2240 commo-
1976 2185 2612 2251 biliterdamnatussit,
2638 2191 2692 2242 et
2720 2192 2783 2243 ut
2805 2189 3071 2245 noverint
3088 2190 3242 2260 quod
3265 2191 3339 2245 ab
3368 2190 3468 2246 illa
3485 2190 3629 2246 hora

219 2284 472 2340 nitioues
491 2287 546 2338 et
565 2280 1096 2354 piascorreptiones
1115 2274 1867 2342 contemnit,etsatisfacere
1977 2274 2035 2328 in
2060 2273 2353 2344 reliquum
2388 2291 2500 2330 non
2535 2293 2636 2347 pro
2649 2276 3004 2344 Christiano,
3029 2279 3131 2333 sed
3155 2296 3255 2350 pro
3272 2294 3498 2350 pagano
3523 2279 3627 2335 ha-

219 2373 488 2444 despicit,
513 2377 644 2443 post
673 2370 793 2424 hac
820 2372 893 2424 sit
932 2369 1049 2434 tibi,
1094 2367 1306 2438 inquit,
1351 2366 1490 2420 sicut
1536 2364 1788 2420 ethnicus
1818 2366 1868 2416 et
1976 2364 2203 2418 bendus
2227 2363 2321 2428 sit,
2354 2368 2410 2418 et
2437 2365 2537 2434 qui
2571 2364 2652 2418 illi
2679 2365 2846 2435 quasi
2871 2365 3202 2422 Christiano
3222 2368 3626 2423 communica-

218 2463 551 2532 publicanus
581 2459 785 2532 (ibid),
814 2459 871 2512 id
905 2455 1246 2528 estgentilis
1269 2459 1444 2526 atque
1477 2467 1778 2524 paganus:
1807 2454 1870 2504 ut
1975 2452 2122 2506 verit
2142 2456 2241 2506 aut
2261 2468 2394 2505 cum
2413 2469 2478 2507 eo
2498 2454 2956 2521 manducaverit,
2991 2460 3091 2510 aut
3109 2456 3338 2522 biberit,
3373 2461 3625 2512 auteum

211 2553 339 2622 jam
375 2567 490 2605 non
516 2566 618 2620 pro
645 2547 1000 2614 Christiano,
1034 2545 1133 2600 sed
1167 2561 1270 2616 pro
1302 2559 1530 2615 pagano
1562 2541 1867 2596 habeatur.
1977 2541 2281 2596 osculatus
2314 2541 2506 2606 fuerit,
2541 2542 2625 2596 vel
2659 2558 2793 2597 cum
2826 2559 2892 2598 eo
2943 2543 3302 2615 colloquium
3335 2544 3626 2598 familiare

220 2640 288 2694 Et
319 2639 378 2692 in
411 2637 525 2693 alio
560 2638 706 2704 loco,
730 2635 1064 2690 membrum
1091 2633 1242 2703 quod
1278 2649 1310 2686 a
1341 2648 1450 2686 sua
1469 2644 1748 2701 compage
1780 2643 1868 2682 re-
1977 2630 2248 2684 habuerit
2271 2629 2403 2701 (nisi
2430 2631 2571 2686 forte
2589 2632 2659 2687 ad
2678 2633 3137 2688 satisfactionem
3152 2632 3624 2703 etpanitentiam

224 2728 472 2783 solvitur
488 2727 885 2796 etajunctura
902 2722 1204 2778 charitatis
1229 2720 1870 2784 dissociatur,etomne
1978 2735 2110 2773 eum
2147 2735 2456 2790 provocare
2486 2721 2826 2790 studuerit),
2861 2727 2962 2777 aut
3021 2722 3080 2777 in
3139 2723 3313 2778 domo
3345 2739 3454 2778 sua
3483 2737 3622 2778 eum

225 2833 438 2888 corpus
471 2814 851 2878 scandalizat,
890 2812 1167 2868 Dominus
1189 2814 1245 2866 et
1275 2809 1538 2865 abscindi
1572 2813 1628 2862 et
1666 2803 1870 2877 projici
1980 2808 2280 2879 receperit,
2313 2813 2414 2864 aut
2444 2809 2622 2864 simul
2653 2812 2904 2866 oraverit
2934 2829 3065 2867 cum
3092 2829 3180 2877 eo,
3215 2811 3416 2883 procul
3448 2810 3631 2866 dubio

222 2907 417 2978 jubet,
453 2905 694 2960 dicens:
729 2904 788 2957 Si
817 2903 1028 2971 oculus,
1053 2916 1270 2969 manus,
1304 2897 1395 2954 vei
1422 2913 1513 2969 pes
1541 2901 1668 2950 tuus
1711 2911 1869 2950 scan-
1981 2896 2254 2952 similiter
2310 2898 2388 2954 sit
2461 2900 3030 2956 excommunicatus.
3083 2901 3306 2958 Deinde
3368 2899 3632 2971 epistola

227 2996 433 3051 dazitat
463 2999 533 3060 te,
563 3009 689 3050 erue
710 3009 832 3048 eum
854 3001 903 3047 et
925 2991 1138 3064 projice
1167 2990 1261 3045 abs
1320 2997 1372 3044 te
1417 2986 1633 3059 (Matth.
1689 2985 1869 3054 xvm).
1981 2986 2335 3057 presbyteris
2384 3004 2488 3058 per
2551 2988 2834 3060 paracias
2886 2990 3212 3059 mittantur,
3265 2990 3633 3046 continentes

230 3085 297 3139 Et
326 3082 940 3156 ApostoluszAuferte,
982 3080 1188 3151 inquit,
1238 3078 1449 3132 malum
1501 3093 1572 3131 ea:
1625 3075 1773 3130 vobis
1827 3072 1874 3142 (I
1914 3151 1944 3156 ﬁ
1984 3075 2222 3130 modum
2247 3078 2888 3134 excommunicationis.
2923 3079 2985 3134 In
3013 3080 3635 3151 quibusjubeatur,ut

231 3175 353 3228 Cor.
377 3151 476 3243 vv):
496 3173 564 3226 Et
593 3172 732 3225 item
763 3151 788 3224 :7
824 3171 886 3224 Si
917 3171 1037 3240 quis
1082 3169 1268 3240 frater
1297 3167 1640 3235 nominatur,
1690 3168 1741 3218 et
1796 3165 1874 3217 est
1904 3151 1946 3216 C
1984 3164 2523 3222 Dominicisdiebus
2544 3172 2675 3238 post
2695 3167 3006 3223 lectionem
3026 3169 3341 3240 Evangelii,
3364 3167 3633 3241 plebibus

226 3264 554 3333 fomicator,
603 3270 698 3316 aut
754 3259 985 3327 adulter,
1035 3267 1131 3313 aut
1179 3257 1476 3320 homicida,
1533 3263 1629 3310 aut
1676 3269 1873 3324 rapax,
1985 3253 2097 3308 sibi
2120 3255 2456 3310 commissis
2477 3255 3637 3328 publiceannuutientipsamexcommu-

228 3367 355 3406 cum
393 3351 711 3422 hujusmodi
741 3365 837 3404 nec
865 3347 1048 3402 cibum
1104 3362 1318 3401 sumere
1375 3345 1500 3400 licet
1553 3343 1764 3411 (ibid).
1809 3342 1875 3396 Et
1985 3343 2361 3412 nicationem,
2385 3349 2446 3398 ut
2468 3361 2538 3400 ne
2559 3345 2690 3415 quis
2706 3346 3221 3417 perignorantiam
3245 3346 3638 3402 communicet

225 3440 482 3496 Joannes
500 3438 749 3494 dilectus
769 3436 1116 3508 pracateris
1135 3431 1675 3504 Christidiscipulis
1696 3430 1872 3485 talem
1985 3435 2512 3488 excommunicato.
2548 3433 2787 3505 Oportet
2818 3437 2993 3490 etiam
3043 3439 3107 3490 ut
3156 3434 3290 3490 aliis
3343 3434 3634 3506 episcopis

233 3528 522 3586 nefarium
547 3527 844 3583 hominem
905 3526 1161 3582 salutare
1213 3522 1580 3595 prohibebat,
1625 3520 1824 3574 dicens
1856 3533 1868 3571 :
1987 3519 2114 3590 ipsa
2146 3522 2675 3577 excommuuicatio
2707 3523 3138 3578 manifestetur.
3165 3523 3440 3596 Praecepit
3465 3523 3624 3578 enim

229 3621 335 3676 Nec
353 3620 406 3675 ei
435 3620 541 3673 Ave
569 3618 800 3683 dixeris,
833 3632 931 3670 nec
958 3631 1083 3670 eum
1114 3617 1174 3668 in
1206 3614 1431 3668 domum
1457 3611 1726 3681 receperis
1741 3611 1876 3679 ,‘qui
1987 3607 2331 3664 Toletanum
2365 3627 2381 3664 ι
2414 3610 2728 3666 concilium
2786 3611 2854 3682 (c.
2917 3612 3003 3682 11)
3065 3616 3130 3667 ut
3187 3612 3434 3667 invicem
3495 3628 3630 3666 mox

229 3708 383 3765 enim
412 3709 463 3762 ei
491 3708 596 3763 Ave
624 3706 780 3771 dicit,
807 3703 1446 3773 communicatoperibus
1466 3701 1582 3770 ejus
1603 3698 1874 3771 malignis
1990 3696 2204 3768 scripta
2229 3707 2570 3768 percurrent
2595 3717 2696 3771 per
2725 3716 2929 3756 omnes
2980 3701 3290 3773 provincia
3322 3701 3629 3772 episcopos

234 3798 306 3868 (11
332 3798 544 3865 Joan.).
571 3794 873 3850 Dominica
902 3793 1098 3864 itaque
1139 3797 1313 3862 atque
1361 3787 1683 3861 apostolica
1740 3805 1878 3858 pra-
1988 3802 2371 3857 quoscunque
2401 3789 2561 3843 adire
2614 3790 2934 3859 potuerint,
2985 3795 3051 3845 ut
3088 3790 3631 3846 excommunicatus

236 3883 806 3957 ceptaadimplentes
822 3881 1152 3937 membrum
1168 3879 1470 3950 putridum
1486 3875 1882 3932 etinsanabile
1991 3875 2286 3932 audiatur.
2319 3877 2544 3933 Seniori
2569 3877 2743 3933 etiam
2777 3880 2905 3950 ejus
2935 3879 3066 3952 ipsa
3109 3879 3637 3936 excommunicatio

235 3975 395 4048 quod
431 3973 777 4029 medicinam
804 3988 916 4026 non
948 3969 1175 4040 recipit,
1228 3969 1377 4023 ferro
1411 3966 1880 4022 excommunica-
1993 3965 2164 4020 debet
2185 3969 2322 4021 nota
2355 3967 2497 4022 ﬁeri.

236 4064 485 4120 tionisa
536 4075 775 4132 corpore
831 4058 1099 4115 Ecclesia
1158 4057 1599 4124 abscindamus,
1642 4072 1713 4110 ne
1762 4059 1883 4109 tam
1995 4082 2124 4138 CAP.
2201 4083 2291 4137 77.
2373 4113 2440 4125 _
2521 4085 3129 4139 Excommunicationis
3217 4083 3478 4139 auocuuo
3562 4083 3648 4135 Ex

237 4151 516 4225 pestifero
559 4151 761 4204 morbo
819 4147 1048 4218 reliqua
1105 4146 1371 4201 membra
1425 4143 1691 4216 corporis
1734 4142 1890 4199 velut
2405 4155 2636 4210 εοηείιίο
2667 4157 2991 4211 Aureliano,
3024 4172 3146 4227 σαρ,
3180 4155 3230 4209 1,

238 4256 486 4308 νθ⁰θ¹³⁰⁹
516 4239 878 4293 mﬁcmutur‘
2071 4269 2346 4340 Audistis,
2379 4270 2772 4337 dilectissimi,
2824 4277 3042 4342 quanto
3092 4276 3148 4326 et
3190 4287 3366 4342 quam
3412 4267 3650 4324 horrida

239 4363 373 4414 CAP.
434 4356 525 4410 76.
586 4385 656 4395 —-
706 4354 900 4408 Prima
974 4351 1493 4430 excommunicatio.
1552 4352 1634 4404 Ex
1686 4348 1819 4404 eode-

2073 4359 2301 4414 avitatis
2333 4364 2390 4414 et
2415 4358 2745 4430 iniquitatis
2777 4375 2952 4430 opera
2973 4365 3036 4415 N.
3075 4378 3108 4414 a
3137 4359 3369 4415 diabolo
3403 4357 3652 4430 instiga-

956 4441 1077 4495 εαΡ·
1109 4424 1163 4480 4·
2004 4424 2099 4502 tus
2129 4453 2461 4518 perpetrare
2492 4424 2605 4503 n-on
2639 4424 2919 4514 timuerit,
2954 4454 3011 4504 et
3042 4449 3333 4522 quomodo
3357 4465 3459 4520 per
3512 4424 3653 4518 apo-

319 4546 506 4617 lgitur
535 4542 674 4616 quia
723 4539 946 4597 monita
989 4543 1192 4595 nostra
1234 4541 1290 4592 et
1339 4537 1572 4592 crebras
1625 4533 1893 4589 exhorta-
1925 4525 1971 4591 Β
2005 4537 2247 4592 stasiam
2281 4537 2514 4591 atotius
2530 4537 2874 4592 Christiana
2898 4538 3198 4610 religionis
3223 4537 3384 4593 cultu
3413 4537 3660 4609 profana

248 4637 442 4691 tiones
470 4631 844 4703 contempsit,
879 4629 1018 4701 quia
1047 4627 1217 4682 tertio
1258 4625 1584 4682 secundum
1640 4621 1898 4678 Domini-
2008 4626 2826 4682 menterecesserit.Audistis
2849 4628 3354 4698 quemadmodum
3378 4625 3659 4681 canonice

251 4739 385 4780 cum
418 4725 770 4794 praeceptum
802 4722 1062 4782 vocatus,
1096 4717 1164 4771 ad
1202 4713 1668 4770 emendationem
1701 4716 1758 4766 et
1789 4729 1899 4783 ρω-
2009 4717 2080 4774 ad
2109 4715 2568 4772 satisfactionem
2596 4720 2866 4771 evocatus
2897 4716 3100 4786 sit,sed
3120 4717 3315 4772 venire
3331 4713 3662 4779 distulerit;

254 4812 564 4870 nitentiam
597 4809 793 4865 venire
822 4804 1104 4877 despexit,
1133 4803 1274 4875 quia
1305 4801 1536 4874 culpam
1560 4818 1729 4857 suam
1763 4818 1902 4856 nec-
2013 4806 2308 4877 quomodo
2342 4805 2673 4874 frequenter
2702 4805 3044 4860 admonitus
3075 4810 3140 4860 ut
3198 4805 3602 4876 resispisceret
3633 4818 3666 4856 a

255 4905 398 4960 dum
414 4896 1140 4973 cognovit,necconfessus
1159 4899 1392 4962 est,nec
1410 4893 1593 4946 missa
1623 4890 1792 4945 nobis
1823 4889 1904 4946 le-
2015 4893 2230 4950 diaboli
2255 4893 2480 4964 laqueis
2515 4893 2732 4965 quibus
2765 4899 2998 4949 tenetur
3043 4896 3322 4950 astrictus
3375 4891 3666 4961 [irretitus

255 4993 510 5066 gatione,
531 4989 630 5060 qui
654 5004 891 5043 causam
917 4987 1045 5056 ejus
1068 4983 1455 5055 exquirimus,
1478 4981 1617 5052 quia
1635 4979 1908 5053 parcecia-
2017 4985 2150 5053 est],
2183 4982 2604 5037 saluberrimas
2619 4983 2686 5036 ad
2699 4984 3049 5039 monitiones
3063 4983 3366 5039 obduratis
3401 4982 3664 5052 [obtura-

257 5097 372 5136 nus
406 5084 603 5134 noster
632 5080 744 5141 est,
779 5075 1006 5130 veniam
1042 5071 1382 5144 postulavit,
1418 5069 1558 5141 quia
1607 5070 1664 5124 in
1723 5073 1909 5140 ccepta
2018 5072 2578 5141 tis]auribuscordis
2594 5070 2797 5126 audire
2819 5072 3254 5142 contempserit.
3279 5069 3559 5126 Dominus
3581 5067 3670 5122 di-

256 5168 506 5234 malitia,
541 5164 774 5220 diabolo
799 5180 896 5218 cor
925 5165 1054 5232 ejus
1086 5163 1420 5228 indurante,
1455 5165 1808 5231 perseverat,
1857 5162 1913 5213 et
2021 5161 2173 5217 citin
2196 5161 2504 5232 Evangelio
2520 5161 2588 5216 de
2604 5157 3669 5232 talicontumacifratre,quiecclesia-

248 5261 426 5332 juxta
458 5252 940 5328 quodApostolus
955 5252 1118 5316 dicit,
1137 5251 1437 5306 secundum
1459 5249 1730 5304 duritiam
1747 5264 1912 5303 suam
2025 5251 2230 5305 sticam
2259 5251 2454 5304 renuit
2484 5249 2783 5319 suscipere
2811 5251 3236 5321 correptionem
3260 5267 3272 5305 :
3297 5249 3355 5303 Si
3381 5243 3674 5303 Ecciesiam

259 5353 318 5404 et
341 5364 437 5402 cor
468 5343 817 5416 impamitens
851 5340 1204 5397 thesaurizat
1236 5339 1346 5394 sibi
1372 5339 1523 5394 iram
1555 5341 1615 5393 in
1671 5338 1759 5392 die
1816 5340 1918 5393 ira:
2026 5355 2132 5394 non
2179 5339 2441 5405 audierit,
2475 5342 2545 5394 sit
2591 5339 2694 5393 tibi
2751 5340 2890 5395 sicut
2942 5339 3188 5394 ethnicus
3237 5344 3287 5394 et
3340 5335 3676 5407 publicanus

261 5440 439 5507 (Rom.
475 5436 578 5506 u);
613 5433 817 5489 idcirco
851 5447 956 5486 nos
987 5446 1122 5484 eum
1157 5445 1291 5484 cum
1326 5427 1617 5483 universis
1677 5425 1919 5498 compli-
2033 5426 2243 5497 (Matth.
2278 5430 2462 5495 xvm),
2526 5428 2580 5482 id
2613 5433 2724 5494 est,
2757 5428 2884 5496 jam
2937 5443 3049 5482 non
3101 5431 3191 5483 est
3240 5423 3676 5495 computandus

265 5527 435 5582 cibus
458 5519 1129 5580 etcommunicatoribus
1148 5517 1592 5588 fautoribusque
1609 5515 1924 5587 suis,judi-
2033 5517 2188 5571 inter
2219 5516 2598 5581 Christianos,
2626 5516 2728 5570 sed
2759 5515 2912 5571 inter
2941 5532 3224 5587 paganos.
3258 5514 3404 5569 Hinc
3460 5511 3682 5569 Paulus

268 5617 360 5673 cio
379 5609 916 5684 Deiomnipotentis
931 5605 1923 5677 Patris,etFilii,etSpiritussancti,
2037 5605 2267 5660 Domini
2300 5609 2357 5661 et
2388 5603 2653 5676 magistri
2687 5603 3016 5660 doctrinam
3050 5602 3341 5676 [vestigia]
3405 5619 3683 5674 sequens,
