3948 6072
379 301 482 354 847

1468 299 1536 350 D.
1576 296 1814 351 IVONIS
1849 295 2347 351 CABNOTENSIS
2382 295 2700 351 EPISCOPI

3691 289 3804 346 848

373 422 708 480 Corinthios
752 423 1073 494 redarguit,
1098 437 1278 494 quare
1307 437 1441 476 cum
1465 419 1802 476 criminosis
1823 424 1880 475 et
1899 435 2023 475 sce-
2053 420 2109 488 Α
2137 418 2386 486 dientes,
2421 420 2656 492 sintque
2687 420 2939 494 inldomo
2963 419 3281 486 maledicti,
3307 418 3366 474 in
3381 433 3516 491 agro
3537 416 3803 491 profugi.

375 511 579 568 leratis
609 513 1088 567 communionem
1121 511 1421 577 haberent,
1455 510 1657 564 dicens
1691 527 1703 566 :
1761 511 1856 564 Vos
1902 509 2030 564 estis

376 602 588 672 inflati,
617 610 671 656 et
721 617 832 657 non
882 601 1064 669 magis
1095 601 1304 655 luctum
1361 598 1655 668 habuistis,
1707 606 1765 654 ut
1800 598 2031 654 tollatur

377 693 470 746 vir
495 689 764 746 demedio
787 695 1023 744 vestrum
1066 688 1111 758 (ι
1139 690 1268 744 Cor.
1301 688 1375 759 v),
1410 687 1466 742 id
1500 693 1612 758 est,
1646 691 1954 759 separetur
1995 704 2028 742 a

381 785 575 836 vestro
606 777 919 846 consortio,
945 775 1047 848 qui
1081 777 1194 832 tale
1225 777 1419 832 scelus
1469 782 1744 848 operatus
1801 781 1912 842 est,
1970 781 2028 832 et

379 867 651 940 adjungit
674 883 688 921 :
715 868 820 936 Ego
839 867 1059 936 quidem
1088 865 1279 920 absens
1299 882 1542 938 corpore,
1574 882 1812 938 praesens
1839 871 2027 921 autem

377 960 607 1030 spiritu,
619 956 740 1027 jam
759 955 1000 1024 iudicavi
1027 963 1088 1010 ut
1111 971 1357 1026 praesens
1388 972 1514 1010 eum
1541 957 1639 1026 qui
1665 957 1745 1010 sic
1775 965 2028 1027 cperatus

379 1054 474 1116 est,
502 1048 559 1100 in
589 1047 813 1100 nomine
838 1043 1063 1100 Domini
1092 1043 1266 1099 nostri
1302 1049 1436 1102 Iesu
1468 1043 1674 1100 Christi
1727 1059 2025 1116 congrega-

374 1136 445 1190 tis
481 1134 631 1190 vobis
657 1133 715 1187 in
748 1149 923 1187 unum
951 1138 1006 1188 et
1034 1149 1150 1188 meo
1177 1135 1380 1204 spiritu
1409 1149 1533 1189 cum
1569 1133 1771 1189 virtute
1798 1133 2026 1188 Domini
2065 1142 2074 1150 ’

369 1222 480 1279 mei
505 1224 630 1279 Iesu
660 1221 868 1277 Christi
899 1222 1117 1277 tradere
1141 1223 1462 1290 huiusmodi
1517 1223 1740 1280 Satanae
1781 1222 1842 1278 in
1879 1222 2021 1278 inte-

369 1314 542 1367 ritum
569 1312 756 1367 carnis
780 1311 962 1380 ibid.).
997 1311 1066 1365 Et
1115 1316 1251 1382 post
1284 1329 1469 1382 pauca
1501 1328 1512 1365 :
1542 1311 1756 1382 Scripsi
1775 1311 1924 1368 vobis
1952 1326 2023 1366 ne

371 1400 840 1457 commisceamini
867 1399 1192 1471 fornicariis
1225 1399 1428 1471 (ibid.).
1463 1400 1531 1454 Et
1559 1400 1758 1456 statim
1810 1399 2016 1456 infert:

369 1490 430 1546 Si
457 1491 503 1544 is
524 1489 623 1560 qui
649 1491 827 1560 frater
857 1490 1278 1559 nominatur(id
1300 1499 1396 1554 est,
1425 1489 1819 1560 Christianus)
1841 1490 2021 1562 forni-

371 1588 524 1634 cator
577 1588 656 1634 est
707 1587 804 1632 aut
864 1594 1065 1646 rapax,
1117 1595 1242 1632 cum
1295 1577 1614 1648 hujusmodi
1670 1593 1768 1633 nec
1835 1578 2019 1632 cibum

2139 509 2491 581 veniantque
2521 525 2700 581 super
2751 527 2849 566 eos
2901 526 3108 566 omnes
3167 508 3280 564 illis
3325 507 3802 569 maledictiones.

2139 614 2288 670 quas
2318 597 2604 654 Dominus
2633 615 2736 668 per
2766 599 3080 670 Moysenin
3103 600 3390 670 populum
3411 595 3624 651 divinae
3646 593 3802 667 legis

2138 688 2638 760 praevaricatorem
2669 704 2732 744 se
2752 704 2883 744 esse
2905 689 3236 744 missurum
3267 686 3578 742 intentavit
3607 685 3798 757 (Deut.

2137 779 2355 849 xxvm),
2387 777 2624 848 sintque
2655 777 2991 848 anathema,
3027 775 3375 833 maranatha
3404 775 3450 846 (ι
3489 775 3617 830 Cor.
3650 774 3796 845 xw),

2135 866 2192 922 id
2224 873 2315 922 est
2346 872 2589 939 pereant
2618 867 2676 922 in
2708 868 2965 922 secundo
2985 866 3240 922 adventu
3291 864 3545 921 Domini.
3577 863 3798 919 Nullus

2135 956 2219 1011 eis
2251 955 2621 1012 Christianus
2669 964 2788 1011 Ave
2834 955 2992 1011 dicat
3019 956 3093 1024 (11
3119 956 3342 1026 Joan.);
3402 952 3604 1009 nullus
3655 969 3794 1024 pre-

2134 1047 2330 1118 sbyter
2360 1045 2601 1101 missam
2642 1061 2776 1100 cum
2824 1045 2910 1102 eis
2956 1044 3250 1102 celebrare
3306 1046 3648 1116 praesumat,
3700 1040 3792 1098 vel

2133 1141 2395 1192 sanctam
2427 1135 2902 1190 communionem
2925 1133 3085 1190 dare.
3119 1132 3436 1206 Sepultura
3456 1132 3613 1188 asini
3628 1146 3796 1203 sepe-

2131 1224 2355 1280 liantur
2382 1226 2506 1294 (.Ier.
2540 1228 2700 1291 xxu),
2734 1227 2793 1278 et
2837 1224 2893 1278 in
2935 1221 3376 1294 sterquilinium
3433 1222 3555 1278 sint
3609 1236 3794 1291 super

2131 1313 2336 1369 faciem
2366 1318 2534 1368 terrae
2555 1313 2689 1383 (Jer.
2721 1328 2839 1378 νηί,
2873 1328 2986 1377 xw,
3017 1312 3167 1381 xxv).
3201 1311 3271 1366 Et
3297 1309 3451 1366 sicut
3474 1310 3559 1366 ha;
3594 1307 3791 1364 lucer-

2131 1420 2215 1458 nas
2235 1401 2306 1457 de
2329 1401 2598 1456 manibus
2625 1400 2841 1456 nostris
2860 1400 3131 1472 projecta
3148 1398 3321 1456 hodie
3337 1398 3789 1471 extinguuntur,

2129 1491 2212 1548 sic
2242 1507 2441 1546 eorum
2481 1489 2722 1545 lucerna
2753 1488 2810 1543 in
2844 1492 3126 1544 aeternum
3186 1489 3625 1560 exstinguatur,
3677 1486 3788 1542 nisi

2129 1580 2273 1636 forte
2295 1579 2648 1651 resipuerint
2667 1582 2724 1633 et
2746 1576 3152 1645 EcclesiaaDei,
3173 1593 3353 1647 quam
3380 1576 3667 1631 laeserunt
3689 1591 3791 1648 per

300 1700 305 1706 ~
372 1683 586 1722 sumere
609 1666 813 1738 (ibid.).
848 1667 915 1720 Et
964 1665 1136 1722 alibi:
1191 1667 1416 1737 Auferte
1469 1667 1681 1721 malum
1734 1682 1804 1721 ex
1867 1665 2018 1721 vobis
2125 1667 2595 1725 emendationem
2627 1673 2684 1722 et
2726 1665 3078 1738 condignam
3109 1666 3516 1738 pcsnitentiam
3549 1665 3792 1720 satisfe-

375 1754 558 1827 (ibid.)
592 1757 656 1811 Et
689 1773 702 1811 :
735 1753 995 1810 lntidelis
1027 1755 1076 1810 si
1109 1753 1356 1810 discedit
1385 1755 1648 1810 discedat
1669 1757 1714 1824 (Ι
1735 1755 1855 1810 Cor.
1893 1755 2016 1825 vn.)

379 1844 501 1899 Una
518 1843 674 1900 enim
693 1845 817 1899 ovis
843 1843 1109 1898 morbida
1131 1859 1365 1898 omnem
1386 1860 1620 1916 gregem
1641 1844 2022 1912 contaminat,

379 1937 481 1987 et:
527 1931 798 1988 Modicum
853 1934 1186 2000 fermentum
1232 1941 1403 1987 totam
1435 1949 1675 1988 intissam
1721 1935 2026 2004 corrumpit

381 2022 428 2092 (ι
451 2023 577 2077 Cor.
612 2020 664 2090 ν)
699 2039 711 2075 :
746 2024 804 2075 et
835 2020 1180 2092 plerumque
1204 2039 1386 2076 unum
1440 2023 1773 2077 membrum
1835 2022 2023 2094 putri-

382 2110 523 2164 dum
557 2113 747 2164 totum
781 2125 994 2180 corpus
1028 2109 1235 2167 inficit.
1273 2110 1342 2164 Et
1365 2109 1493 2165 ideo
1541 2116 1660 2166 tam
1696 2111 2026 2184 perniciosa

382 2198 565 2270 pestis
597 2214 628 2253 a
659 2214 899 2270 corpore
929 2198 1199 2254 Ecclesiae
1225 2199 1505 2256 radicitus
1536 2199 1835 2255 avellatur.

381 2291 510 2342 ΟΑΡ.
535 2287 626 2341 78.
659 2317 728 2327 —
757 2288 1262 2342 Excommunicatio
1300 2305 1360 2342 ιι.
1397 2289 1479 2342 Ea:
1531 2289 1718 2344 eodem
1771 2290 2022 2346 concilio.

453 2375 771 2431 Dominicis
792 2374 976 2446 igitur
997 2380 1170 2446 atque
1193 2376 1532 2448 apostolicis
1552 2377 1851 2433 informati
1882 2395 2019 2450 pras-

383 2463 828 2536 ceptis,judicio
862 2465 1067 2529 Patris,
1093 2469 1151 2518 et
1204 2464 1332 2519 Filii
1364 2467 1492 2535 ejus
1549 2465 1779 2521 Domini
1841 2466 2024 2521 nostri

381 2553 521 2609 Jesu
556 2551 797 2615 Christi,
831 2558 885 2606 et
926 2553 1179 2622 Spiritus
1212 2556 1424 2622 sancti,
1478 2559 1535 2609 et
1573 2556 1915 2610 auctoritate
1973 2560 2032 2612 et

384 2645 670 2714 potestate
707 2639 987 2711 apostolis
1019 2642 1540 2714 apostolorumque
1588 2645 2030 2700 successoribus

384 2747 418 2786 a
447 2736 564 2785 Deo
590 2745 890 2795 concessa,
915 2747 1032 2784 una
1079 2731 1382 2786 vobiscum
1438 2733 1778 2801 praedictum
1839 2733 2028 2788 virum

383 2820 756 2890 pessimuma
783 2818 1072 2873 limitibus
1095 2825 1307 2875 sancte
1329 2822 1532 2875 matris
1555 2821 1820 2876 Ecclesiae
1833 2821 2030 2876 exclu-

383 2906 603 2970 dimus,
635 2910 692 2961 et
722 2907 794 2960 ab
824 2907 981 2961 omni
1017 2909 1293 2962 societate
1322 2914 1379 2962 et
1408 2909 1818 2964 communione
1861 2910 2027 2964 Chri-

387 2995 583 3050 stiana
609 3010 977 3064 separamus,
1009 3003 1462 3066 separatumque
1493 3013 1623 3052 esse
1655 2997 1710 3051 in
1743 3003 2026 3053 aeternum

383 3082 776 3148 decernimus,
801 3082 858 3135 id
880 3089 969 3136 est
999 3084 1056 3137 in
1091 3085 1346 3153 presenti
1378 3084 1588 3139 saeculo
1610 3090 1667 3139 et
1715 3085 1774 3139 in
1807 3087 2024 3141 futuro.

2131 1760 2340 1814 cerint.

2133 1867 2265 1922 CAP.
2289 1866 2360 1920 80
2389 1895 2455 1906 —
2487 1865 2560 1920 De
2586 1863 2776 1920 eadem
2808 1878 2886 2006 ἴε.
2908 1863 3254 2004 Εωᾶξῗσὶιίο
3275 1862 3566 1933 Meldensi,
3591 1879 3719 1936 cap.
3757 1862 3790 1916 3

2832 1951 2950 2006 cap.
3069 1975 3082 1988 .

2832 1951 2950 2006 cap.
2991 1951 3082 1989 oo.

2204 2027 2316 2097 (11,
2347 2043 2398 2096 q.
2421 2026 2473 2090 3,
2507 2040 2556 2079 c.
2591 2026 2761 2080 Nemo
2789 2022 3218 2093 episcoporum.)
3239 2021 3313 2078 Ut
3342 2037 3516 2078 nemo
3555 2021 3786 2093 episco-

2136 2131 2342 2186 porum
2375 2113 2699 2184 quemlibet
2729 2113 2858 2168 sine
2887 2119 3046 2167 certa
3075 2116 3130 2166 et
3187 2111 3502 2166 manifesta
3562 2110 3786 2182 peccati

2131 2221 2308 2260 causa
2325 2202 2739 2258 communione
2760 2200 2946 2272 privet
2972 2199 3388 2256 ecclesiastica.
3403 2199 3526 2255 Sub
3549 2199 3790 2254 anathe-

2134 2301 2289 2348 mate
2329 2297 2524 2347 autem
2546 2290 2672 2346 sine
2694 2290 3056 2345 conscientia
3085 2287 3511 2359 archiepiscopi
3538 2294 3643 2344 aut
3660 2304 3783 2345 coe-

2133 2384 2505 2454 pi300porum
2540 2378 2742 2434 nullus
2764 2382 2962 2451 ponat,
2996 2377 3107 2433 nisi
3133 2377 3289 2433 unde
3309 2377 3595 2433 canonica
3621 2377 3782 2433 docet

2141 2471 2481 2536 auctoritas,
2515 2469 2656 2540 quia
2685 2467 2998 2523 anathema
3027 2472 3245 2522 interna
3268 2472 3359 2521 est
3387 2466 3595 2521 mortis
3618 2467 3783 2521 dam-

2141 2559 2323 2624 natio,
2356 2563 2412 2613 et
2464 2573 2581 2612 non
2640 2555 2756 2611 nisi
2812 2572 2916 2628 pro
2977 2555 3212 2610 mortali
3261 2555 3435 2611 debet
3489 2555 3786 2626 interponi

2141 2649 2409 2716 crimine,
2431 2653 2488 2702 et
2518 2645 2602 2700 illi
2631 2645 2733 2717 qui
2766 2646 2936 2700 aliter
2968 2660 3082 2700 non
3108 2643 3322 2716 poterit
3350 2642 3587 2715 corrigi.

2139 2758 2252 2812 CAP
2297 2756 2384 2810 8t.
2420 2785 2488 2794 —
2543 2754 2618 2809 De
2671 2753 2867 2807 eadem
2913 2767 2991 2807 re.
3052 2752 3135 2806 Ex
3175 2749 3411 2805 concilio
3467 2749 3784 2821 Agathensi,

2730 2839 2853 2894 cap.
2884 2823 2915 2877 4
2945 2827 3091 2893 (cap.
3122 2823 3200 2889 3).

2207 2913 3097 2990 EpiscOpiveroquisacerdotali
3119 2911 3520 2968 moderamine
3543 2911 3786 2984 postha-

2137 3009 2280 3072 bito,
2313 3009 2673 3070 innocentes,
2703 3011 2804 3058 aut
2834 3004 2894 3058 in
2933 3001 3194 3057 minimis
3232 3001 3428 3056 causis
3459 2999 3788 3072 culpabiles

2133 3096 2642 3153 excommunicare
2671 3090 3172 3164 praesumpserint,
3195 3095 3254 3145 et
3281 3091 3351 3145 ad
3384 3090 3639 3162 gratiam
3673 3091 3785 3144 fes-

383 3170 591 3226 Nullus
622 3171 672 3224 ei
704 3170 1200 3225 ChristianusAve
1223 3173 1491 3242 dicat(ll.
1518 3175 1731 3243 Joan.),
1765 3180 1866 3228 aut
1887 3191 2021 3230 eum

2209 3191 2393 3240 iantes
2415 3184 2670 3254 recipere
2701 3183 2948 3236 fortasse
2979 3178 3293 3247 noluerint,
3324 3196 3358 3233 a
3382 3177 3590 3234 vicinis
3622 3180 3781 3250 epis-

383 3258 634 3315 osculari
667 3265 1002 3329 praesumat.
1039 3259 1248 3315 Nullus
1280 3263 1583 3333 presbyter
1605 3264 1846 3318 missam
1881 3262 2029 3319 cele-

382 3348 553 3403 brare
582 3364 715 3404 eum
735 3365 801 3404 eo
823 3349 1136 3420 audeat[eo
1158 3353 1440 3420 praesente
1462 3350 1752 3407 celebrare
1775 3353 2030 3422 audeat].

385 3437 472 3493 vel
496 3441 937 3493 sacrosanctum
973 3455 1183 3510 corpus
1208 3443 1262 3494 et
1284 3440 1629 3511 sanguinem
1668 3441 1892 3496 Domini
1913 3447 2037 3496 tra-

388 3527 543 3582 dere.
568 3526 748 3582 Nemo
779 3525 828 3581 ei
853 3529 1144 3598 jungatur
1173 3527 1230 3581 in
1265 3530 1580 3598 consortio,
1614 3546 1803 3600 neque
1831 3529 1892 3585 in
1925 3531 2035 3586 ali-

391 3632 507 3688 quo
542 3615 794 3685 negotio.
821 3615 886 3668 Et
909 3615 956 3669 si
986 3615 1120 3686 quis
1151 3615 1200 3671 ei
1234 3633 1292 3672 se
1323 3617 1652 3685 sociaverit,
1686 3625 1740 3673 et
1771 3635 2036 3675 commu-

392 3704 671 3759 nicaverit
701 3703 827 3772 ejus
857 3705 1136 3774 operibus
1168 3705 1462 3777 malignis,
1498 3708 1724 3762 noverit
1765 3724 1826 3762 se
1857 3707 2039 3763 simili

394 3807 738 3862 percussum
775 3794 1149 3848 anathemate
1183 3813 1197 3858 ;
1231 3794 1322 3848 his
1349 3797 1626 3866 exceptis,
1647 3797 1743 3865 qui
1785 3797 1857 3851 ob
1889 3796 2040 3853 hanc

397 3897 635 3936 causam
668 3881 718 3934 ei
743 3882 1100 3953 junguntur,
1136 3887 1200 3936 ut
1239 3897 1372 3936 eum
1408 3890 1674 3938 revocent
1707 3884 1780 3938 ab
1822 3902 2039 3954 errore,

393 3976 448 4026 et
480 3976 792 4042 provocent
847 3971 915 4024 ad
979 3971 1461 4024 satisfactionem.
1521 3971 1642 4025 Nisi
1700 3974 1844 4026 forte
1893 3975 2042 4030 resi-

392 4060 606 4131 puerit,
639 4063 715 4127 et,
751 4059 846 4113 Dei
895 4058 1084 4129 gratia
1125 4057 1475 4126 inspirante,
1529 4060 1598 4112 ad
1633 4062 2039 4130 pmnitentiam

389 4153 445 4204 et
489 4147 811 4204 remedium
847 4161 1164 4200 conversus
1191 4147 1386 4214 fuerit,
1448 4153 1503 4200 et
1533 4148 1711 4218 digna
1771 4151 2043 4206 emenda-

387 4237 546 4292 tione
568 4234 839 4292 Ecclesiae
857 4233 959 4288 Dei
993 4249 1174 4304 quam
1197 4232 1368 4302 laesit,
1401 4235 1706 4292 humiliter
1734 4239 2033 4295 satisfece-

389 4324 484 4380 rit.

390 4441 518 4495 Car.
542 4439 632 4494 79.
657 4470 726 4480 —
758 4441 1292 4567 Estcommunicatio2
1313 4457 1397 4497 III.
1430 4442 1510 4497 Ex
1563 4457 1712 4499 conc.
1749 4445 2040 4512 Turonico,

1105 4529 1224 4567 can.
1299 4556 1311 4567 .

1105 4529 1224 4582 cap.
1257 4529 1311 4569 κ.

465 4625 756 4682 Canonica
779 4625 1049 4682 instituta
1071 4631 1128 4683 et
1155 4633 1495 4684 sanctorum
1518 4634 1756 4686 Patrum
1781 4632 2048 4704 exempla

395 4719 727 4787 sequentes,
760 4715 1142 4772 ecclesiarum
1168 4718 1267 4774 Dei
1299 4718 1630 4787 violatores,
1654 4720 1920 4776 videlicet
1949 4737 2045 4777 ra-

395 4810 613 4880 ptores,
646 4805 1092 4876 depraedatores,
1127 4811 1184 4862 et
1215 4807 1562 4880 homicidas,
1595 4813 1662 4865 N.
1714 4809 1774 4864 in
1809 4809 2046 4866 nomine

394 4894 604 4963 Patris,
637 4898 693 4949 et
727 4893 878 4964 Filii,
911 4898 967 4948 et
995 4895 1209 4951 virtute
1248 4897 1501 4968 Spiritus
1533 4899 1741 4968 sancti,
1777 4915 1880 4956 nec
1929 4915 2043 4954 non

393 4983 736 5041 auctoritate
761 4983 1054 5055 episcopis
1075 5000 1176 5055 per
1209 4985 1440 5041 Petrum
1469 4987 1793 5059 principem
1818 4993 2047 5060 aposto-

395 5075 584 5129 lorum
619 5072 902 5127 divinitus
933 5070 1169 5140 collata,
1205 5090 1237 5128 a
1266 5080 1479 5129 sanctas
1512 5076 1720 5132 matris
1777 5077 2044 5134 Ecclesia

393 5162 615 5237 gremio
639 5177 1042 5234 segregamus,
1063 5178 1128 5215 ac
1149 5168 1444 5233 perpetua:
1467 5163 2043 5222 maledictionisana-

394 5254 652 5310 themate
684 5249 1169 5307 condemnemus.
1207 5251 1455 5324 Sintque
1487 5253 1782 5309 maledicti
1816 5254 1873 5309 in
1905 5254 2044 5310 civi-

395 5348 532 5412 tate,
563 5339 859 5397 maledicti
895 5338 952 5392 in
978 5355 1158 5410 agro:
1207 5339 1588 5397 maledictum
1638 5342 1911 5398 horreum
1953 5361 2046 5400 eo-

397 5449 548 5498 rum,
581 5435 638 5486 et
682 5427 1003 5484 maledictis
1052 5428 1316 5501 reliquiae
1363 5429 1598 5486 illorum
1634 5447 1646 5486 :
1702 5429 2045 5489 maledictus

399 5522 627 5575 fructus
657 5517 880 5574 ventris
927 5532 1152 5583 eorum,
1199 5522 1254 5573 et
1312 5521 1536 5576 fructus
1594 5523 1757 5577 terras
1815 5537 2040 5578 eorum.

402 5607 692 5667 Maledicti
724 5606 844 5663 sint
873 5605 1286 5682 ingredientes,
1319 5613 1375 5667 et
1403 5609 1693 5667 maledicti
1727 5610 1846 5667 sint
1875 5627 2040 5685 egre-

2070 4532 2118 4595 D

2137 3275 2298 3343 copis
2329 3272 2646 3340 cujuslibet
2675 3270 2983 3342 provinciis
3013 3267 3224 3324 litteris
3257 3274 3633 3332 moneantur,
3657 3274 3717 3323 et
3740 3267 3788 3322 si

2140 3377 2375 3436 parcere
2405 3359 2652 3432 [parere]
2677 3358 2995 3425 noluerint,
3027 3374 3060 3412 a
3085 3355 3500 3412 communione
3551 3356 3786 3411 confra-

2141 3457 2296 3506 trum
2330 3466 2515 3522 usque
2539 3450 2608 3506 ad
2644 3446 2968 3520 proximam
3001 3446 3290 3518 synodum
3321 3445 3782 3516 suspendantur,

2143 3546 2200 3596 et
2229 3539 2307 3594 ibi
2336 3540 2621 3595 rationem
2657 3554 2758 3609 pro
2787 3538 2939 3592 facto
2971 3536 3130 3602 dent,
3160 3551 3232 3590 ne
3291 3534 3540 3589 fortasse
3571 3534 3629 3589 in
3687 3551 3788 3590 ex-

2145 3629 2671 3685 communicatores
2693 3631 2998 3700 peccatum
3029 3622 3518 3680 excommunicati
3553 3621 3681 3695 [per
3708 3640 3793 3678 ex-

2147 3719 2678 3776 communicatores
2709 3719 3038 3788 peccatum,
3069 3715 3148 3768 sic
3168 3713 3339 3768 codex
3366 3711 3592 3783 concil.]
3626 3711 3796 3784 longo

2147 3815 2407 3881 tempore
2435 3811 2621 3864 morte
2652 3804 3070 3878 prteveniatur.

2147 3918 2278 3974 Car.
2311 3916 2400 3968 82.
2439 3946 2501 3954 —
2564 3915 2628 3972 Ut
2683 3912 2874 3968 nullus
2922 3911 3292 3983 episcoporum
3350 3910 3600 3978 graviter
3653 3910 3800 3983 ferat

2217 3990 2268 4042 si
2296 3988 2411 4054 eius
2438 3983 2788 4056 parmcianus
2817 3985 2884 4039 ab
2915 3981 3028 4056 alio
3057 3983 3305 4056 episcopo
3316 3996 3422 4052 pro
3446 3987 3601 4056 certa
3631 3981 3797 4049 culpa

2218 4051 2726 4114 excommunicatus
2748 4058 2940 4128 fuerit.
2967 4055 3051 4109 Ex
3077 4051 3486 4123 concitio’apud
3518 4051 3798 4121 Compen-

2217 4132 2396 4200 dium,
2426 4146 2547 4200 cap.
2573 4131 2628 4184 5.

2219 4221 2295 4291 (6,
2328 4236 2378 4292 q.
2410 4220 2465 4288 3,
2495 4235 2541 4273 c.
2569 4217 2832 4286 Placuit.)
2866 4215 3090 4271 Placuit
3133 4213 3308 4269 etiam
3356 4228 3462 4284 pro
3492 4212 3797 4268 communi

2148 4309 2406 4365 utilitate
2436 4313 2494 4363 et
2531 4305 2776 4362 instanti
2801 4303 3171 4370 necessitate,
3205 4307 3272 4358 ut
3302 4300 3504 4357 nullus
3562 4301 3795 4372 episco-

2147 4414 2355 4471 porum
2415 4395 2668 4469 graviter
2723 4396 2890 4461 ferat,
2941 4393 2993 4449 si
3041 4393 3171 4463 ejus
3223 4389 3649 4463 parcncianum,
3703 4406 3804 4462 pro

2148 4486 2603 4559 depraedationis
2627 4499 2827 4552 causa,
2856 4482 3009 4538 alter
3038 4485 3358 4553 episcopus
3400 4480 3807 4536 excommuni-

2155 4577 2390 4633 caverit.

2155 4685 2290 4740 CAP.
2321 4683 2412 4739 83.
2443 4713 2515 4723 —
2547 4686 2625 4737 De
2656 4681 2773 4734 illis
2801 4681 2899 4752 qui
2926 4681 2987 4734 in
3026 4677 3272 4752 parwcia
3299 4674 3666 4752 consistentes
3697 4674 3807 4752 alii

2226 4755 2364 4826 quid
2393 4765 2592 4826 contra
2621 4754 2791 4808 Deum
2811 4747 3070 4826 fecerint,
3104 4751 3314 4826 quoties
3351 4747 3420 4802 ab
3440 4749 3696 4826 episcopo
3740 4749 3810 4826 ad

2225 4817 2660 4952 emcngationem
2692 4817 2874 4881 vocari
2901 4817 3153 4879 debeant.
3200 4821 3284 4875 Ex
3310 4834 3465 4876 conc.
3527 4817 3806 4883 leldensi,

2225 4915 2349 4970 cap.
2420 4939 2432 4951 .

2219 4987 2536 5059 EpisGOpus
2553 4983 2612 5040 in
2636 4984 2806 5054 cujus
2831 4981 3084 5054 parmcia
3105 4978 3322 5051 aliquis
3343 4976 3682 5034 consistens
3704 4976 3804 5032 ali-

2156 5077 2293 5149 quid
2325 5075 2545 5146 injuste
2577 5071 2796 5141 fecerit,
2829 5070 3033 5141 semel,
3063 5069 3154 5126 bis
3185 5074 3362 5140 atque
3391 5066 3568 5123 tertio
3621 5066 3673 5121 si
3706 5081 3802 5122 ne-

2155 5182 2316 5222 cesse
2349 5164 2541 5232 fuerit,
2574 5161 2808 5219 vocabit
2862 5161 3028 5216 illum
3084 5175 3194 5215 sua
3245 5155 3650 5214 admonitione
3707 5170 3806 5228 per

2155 5272 2327 5312 suum
2343 5253 2618 5309 nuntium
2633 5250 2910 5308 canonice
2922 5249 2994 5305 ad
3013 5246 3484 5304 emendationem
3505 5244 3628 5300 sive
3650 5259 3802 5301 com-

2153 5344 2528 5418 positionem,
2551 5345 2608 5398 et
2640 5341 2713 5398 ad
2746 5339 3176 5413 paenitentiam,
3199 5339 3265 5393 ut
3293 5335 3409 5392 Deo
3435 5337 3493 5390 et
3532 5331 3802 5389 Ecclesia

2153 5431 2501 5503 satisfaciat,
2533 5447 2712 5504 quam
2744 5429 2912 5487 laesit.
2943 5428 2997 5484 Si
3032 5433 3230 5484 autem
3261 5422 3594 5497 despexerit
3625 5425 3798 5494 atque

2153 5519 2574 5593 contempserit
2602 5521 2731 5592 ejus
2760 5517 3222 5576 admonitionem
3255 5519 3312 5572 et
3340 5511 3796 5572 saluberrimam

2152 5615 2580 5687 invitationem,
2617 5612 2784 5670 feriat
2813 5611 2984 5668 illum
3024 5606 3304 5684 pastorali
3333 5606 3514 5679 virga,
3546 5603 3662 5662 hoc
3709 5619 3772 5660 es
