4000 6060
209 245 317 301 849

1042 252 1350 307 DECRETI
1388 254 1573 307 PARS
1606 253 1756 307 XIV.
1799 280 1868 291 —-
1908 255 2005 307 DE
2043 256 2808 314 EXCOMMUNICATIONE.

3525 260 3632 315 850

201 370 494 426 sententia
550 370 1200 440 excommunicationis,
1262 379 1328 428 ut
1376 390 1410 428 a
1442 374 1855 430 communione
1884 377 1939 442 Α
1965 376 2286 434 voluntatis
2316 380 2529 435 studiis
2552 380 2676 436 suis
2698 382 3061 452 compendiis
3080 382 3387 439 tentaverit
3407 384 3626 441 retine-

200 464 416 516 sanota
439 458 710 516 Ecclesia
742 460 1127 532 omniumque
1151 461 1621 518 Christianorum
1653 462 1730 518 sit
1760 480 1857 519 se-

198 554 436 621 paratus
469 566 659 621 usque
693 550 764 604 ad
799 566 1125 623 congruam
1158 550 1645 620 satisfactionem,
1678 556 1736 606 et
1765 552 1856 606 di-

199 653 376 711 gnam
436 637 932 695 emendationem.
969 641 1154 705 Quam
1188 640 1854 696 excommunicationem

205 726 379 782 debet
436 726 592 782 idem
650 727 963 800 episcopus
1020 728 1237 784 seniori
1283 727 1443 785 illius
1475 734 1672 785 notam
1704 729 1857 786 face-

214 831 296 882 re,
367 820 423 871 et
493 815 771 871 omnibus
825 816 949 872 suis
1029 816 1412 889 coepiscopis,
1468 822 1525 873 et
1582 817 1857 872 omnibus

203 904 329 960 suis
361 904 736 976 paracianis,
770 922 841 961 ne
870 922 1004 962 eum
1036 906 1341 978 recipiant,
1372 922 1558 979 usque
1588 907 1659 961 ad
1687 905 1856 962 satis-

205 993 536 1048 factionem.

203 1098 333 1155 CsP.
390 1100 479 1154 85.
540 1131 602 1143 ν-
663 1100 737 1155 De
790 1100 984 1156 eadem
1052 1117 1133 1157 re.
1210 1103 1295 1156 Ea:
1348 1101 1537 1157 eodem
1595 1100 1853 1170 concilio,

931 1189 1045 1243 cap.
1082 1174 1138 1227 6.

268 1258 595 1329 Episcopus
622 1260 719 1330 qui
753 1275 851 1316 eos
877 1260 1139 1332 quolibet
1157 1276 1400 1317 munere
1420 1261 1502 1317 vel
1533 1261 1726 1316 favore
1753 1263 1854 1316 aut

204 1346 562 1419 negligentia
593 1364 853 1413 monere,
886 1353 987 1404 aut
1017 1349 1526 1405 excommunicare
1558 1347 1854 1404 distulerit

203 1435 527 1509 [noluerit],
560 1436 659 1508 qui
696 1442 901 1493 contra
935 1440 1111 1493 Deum
1144 1442 1200 1493 et
1231 1438 1500 1493 Ecclesia
1530 1454 1731 1509 pacem
1765 1438 1855 1492 fa-

207 1524 393 1591 ciunt,
456 1530 522 1580 ut
576 1530 676 1581 aut
734 1530 1087 1582 revertentes
1118 1528 1420 1600 suscipiat,
1463 1531 1563 1583 aut
1592 1531 1851 1583 contem-

205 1620 414 1672 nentes
474 1616 543 1671 de
599 1616 842 1672 ecclesia
901 1617 1120 1689 ejiciat,
1173 1618 1715 1674 excommunicatus
1746 1618 1852 1675 ha-

202 1705 413 1760 beatur
429 1721 461 1760 a
481 1704 725 1777 collegio
749 1708 1116 1777 caterorum,
1136 1724 1443 1779 quousque
1464 1707 1549 1764 vel
1574 1708 1823 1763 emenda

207 1791 388 1848 tionis
416 1791 506 1850 vel
538 1794 939 1851 damnationis
970 1810 1171 1851 eorum
1202 1796 1275 1851 ab
1302 1813 1368 1852 eo
1399 1796 1689 1852 sententia
1720 1812 1822 1869 pro

206 1882 522 1954 mulgetur.
911 1887 913 1890 ‘

205 1988 343 2045 CAP.
375 1990 465 2045 85.
497 2019 565 2033 —
592 1990 756 2063 Quod
785 1991 942 2047 aliud
970 1994 1039 2047 sit
1068 2008 1301 2063 peccare
1321 1992 1382 2047 in
1402 1993 1591 2061 Deum,
1614 1992 1770 2048 aliud
1792 1991 1849 2047 in

451 2062 749 2118 hominem.
781 2064 866 2118 Ea:
893 2062 1383 2134 dictis’Augustini
1411 2065 1577 2136 (121).

269 2159 711 2215 Atlendendum
743 2165 829 2216 est
860 2162 1015 2232 quod
1056 2161 1337 2217 Dominus
1368 2160 1545 2216 dicit:
1578 2159 1639 2215 Si
1662 2176 1849 2233 pecca-

200 2250 342 2303 verit
366 2248 499 2303 inte
516 2251 699 2321 frater
714 2254 842 2306 tuus
871 2251 1076 2321 (Matth.
1105 2254 1286 2319 xvm).
1314 2250 1484 2306 Aliud
1509 2254 1596 2305 est
1615 2264 1853 2321 peccare

196 2335 260 2392 in
293 2352 419 2403 nos,
452 2336 608 2392 aliud
644 2338 701 2392 in
733 2338 939 2394 Deum.
974 2337 1032 2395 Si
1056 2339 1114 2394 in
1140 2356 1246 2395 nos
1269 2339 1485 2411 aliquis
1509 2340 1850 2410 peccaverit,

201 2442 314 2481 non
348 2431 438 2482 est
458 2427 641 2482 nostri
671 2426 918 2484 arbitrii.
940 2428 1229 2500 Scriptum
1254 2429 1469 2500 quippe
1492 2431 1580 2483 est
1603 2444 1615 2481 :
1641 2426 1704 2481 Si
1724 2442 1848 2497 pec-

198 2514 407 2570 caverit
435 2516 524 2571 vir
552 2516 610 2570 in
642 2515 852 2584 virum,
873 2519 1090 2587 placari
1118 2519 1170 2573 ei
1187 2522 1357 2589 potest
1385 2518 1546 2586 Deus,
1577 2516 1629 2571 si
1657 2520 1849 2571 autem

202 2602 264 2658 in
293 2604 464 2659 Deum
490 2608 815 2676 peccaverit,
849 2608 971 2676 quis
1001 2606 1177 2662 orabit
1204 2623 1305 2677 pro
1362 2609 1462 2662 eo?
1515 2606 1564 2672 (Ι
1606 2606 1727 2675 Reg.
1764 2604 1848 2676 ιι.)

198 2693 317 2748 Nos
377 2707 406 2747 θ
463 2694 757 2749 contrario
787 2694 844 2749 in
883 2696 977 2751 Dei
1011 2696 1228 2766 injuria
1262 2694 1498 2767 benigni
1528 2698 1585 2750 et
1617 2692 1847 2749 miseri-

195 2781 403 2838 cordes
434 2798 659 2849 sumus,
692 2787 750 2838 et
782 2783 878 2839 Dei
909 2784 1192 2840 offensam
1225 2784 1395 2855 quasi
1425 2784 1483 2839 in
1511 2788 1715 2839 nostra
1743 2798 1845 2853 po-

199 2873 417 2926 testate
446 2871 524 2927 sit
553 2872 683 2942 ejus
714 2871 862 2927 velle
892 2876 950 2927 et
986 2872 1116 2943 ejus
1148 2872 1325 2945 nolle)
1356 2873 1595 2944 impune
1625 2871 1846 2940 absque

199 2962 545 3032 congruenti
580 2961 933 3033 panitentia
962 2961 1219 3018 vindicta
1248 2962 1560 3028 donamus,
1592 2976 1727 3016 cum
1760 2962 1845 3013 ta-

198 3064 330 3105 men
361 3050 512 3120 quod
547 3050 606 3105 in
629 3049 797 3107 nobis
815 3051 1199 3108 commissum
1221 3056 1330 3119 est,
1359 3066 1465 3107 nec
1485 3048 1695 3106 saltem
1715 3064 1845 3103 ver-

1964 481 2046 532 re,
2098 468 2427 523 secundum
2490 469 2764 525 instituta
2794 488 3108 535 canonum,
3141 473 3212 526 ab
3244 475 3406 527 omni
3435 475 3623 529 eccle-

1965 554 2203 611 siastica
2259 559 2674 614 communione
2708 564 2773 614 ut
2836 559 3161 631 sacrilegus
3213 560 3386 615 debet
3415 561 3621 628 arceri,

1965 644 2148 700 donec
2171 647 2404 703 studeat
2429 648 2607 720 digna
2627 649 3030 705 satisfactione
3054 650 3209 721 quod
3238 648 3479 705 admisit
3500 666 3623 706 cor-

1966 748 2175 805 rigere.

1964 822 2100 899 CAP.
2159 823 2255 899 87.
2309 855 2377 865 —-
2432 825 2581 894 Quod
2626 830 2875 881 sanctum
2906 831 3221 882 sanctorum
3249 828 3323 882 sit
3353 827 3623 899 quidquid

2035 895 2137 971 Deo
2159 898 2462 971 “offertur:
2506 900 2597 971 [ξας
2653 899 2883 953 decretis
2914 900 3189 971 Bonz’faczi
3216 895 3397 971 papae,
3430 895 3550 971 cap.
3584 900 3618 952 5

2035 964 2252 1035 (Addit.
2275 968 2349 1021 ad
2377 968 2481 1022 cal.
2515 969 2722 1024 decret.
2763 971 3010 1038 Boni/ac.
3048 964 3122 1041 l).

2033 1054 2143 1126 (42,
2179 1072 2229 1126 q.
2261 1056 2315 1120 2,
2347 1073 2393 1110 c.
2457 1056 2623 1111 Nulli
2653 1058 2864 1129 liceat.)
2916 1057 3068 1112 Nulli
3120 1057 3295 1114 liceat
3324 1058 3612 1131 ignorare,

1962 1144 2116 1214 quod
2174 1160 2332 1201 omne
2388 1146 2526 1217 quod
2588 1149 2823 1202 Domino
2879 1152 3233 1203 consecratur
3284 1150 3396 1203 sive
3440 1149 3613 1219 fuerit

1961 1232 2137 1303 homo,
2169 1234 2285 1289 sive
2314 1237 2548 1307 animal,
2579 1236 2691 1292 sive
2719 1252 2868 1308 ager,
2897 1238 2982 1292 vel
3009 1237 3274 1309 quidquid
3299 1238 3462 1293 semel
3486 1240 3609 1309 fue-

1960 1324 2039 1377 rit
2087 1334 2481 1391 consecratum,
2537 1334 2786 1380 sanctum
2837 1334 3151 1381 sanctorum
3206 1328 3438 1381 Domino
3499 1328 3605 1383 erit

1960 1410 2110 1483 (Leo.
2142 1412 2340 1483 xxvu),
2375 1418 2431 1467 et
2452 1414 2643 1484 adjus
2668 1414 2916 1485 pertinet
2942 1416 3312 1470 sacerdotum
3336 1434 3350 1485 ;
3371 1422 3607 1487 propter

1962 1502 2116 1571 quod
2176 1502 2591 1558 inexcusabilis
2645 1505 2755 1559 erit
2784 1503 2976 1558 omnis
3009 1505 3105 1576 qui
3140 1520 3266 1575 qua
3297 1521 3330 1558 a
3363 1505 3605 1561 Domino

1962 1593 2020 1645 et
2075 1590 2320 1646 ecclesia
2350 1592 2444 1647 cui
2478 1596 2836 1664 competunt,
2872 1595 3080 1657 aufert,
3119 1596 3328 1661 vastat,
3362 1593 3605 1661 invadit,
3702 1628 3703 1631 η

1960 1679 2047 1735 vel
2079 1679 2255 1752 eripit
2287 1697 2472 1752 usque
2503 1683 2572 1736 ad
2607 1681 3073 1737 emendationem
3093 1681 3482 1754 Ecclesiaque
3512 1700 3605 1739 sa-

1828 1737 1851 1838 :
1882 1750 1930 1815 Β
1962 1737 2476 1836 ιίεῖαοιίοηθωίυῐ
2507 1770 2828 1843 sacrilegus
2860 1771 3238 1842 dijudicetur,
3256 1774 3313 1825 et
3338 1737 3607 1827 silemen-

1960 1860 2100 1915 dare
2127 1858 2384 1914 noluerit
2415 1859 2976 1915 excommunicetur.

1959 1958 2091 2014 CAP.
2126 1958 2217 2011 88.
2248 1990 2316 1998 —
2348 1958 2421 2012 De
2451 1957 2537 2012 his
2564 1959 2662 2028 qui
2688 1956 2898 2012 Christi
2922 1958 3184 2027 pecunias
3212 1956 3498 2027 auferunt,
3524 1957 3608 2028 vel

2032 2030 2278 2099 rapiunt.
2337 2031 2419 2083 Ea:
2475 2027 2707 2096 epistola
2766 2028 3022 2084 Anacleti
3046 2045 3202 2100 papa
3232 2031 3442 2083 cunctis
3471 2027 3603 2096 ﬁde-

2030 2102 2177 2157 libus
2209 2101 2373 2156 missa
2406 2101 2586 2172 (epist.
2624 2101 2673 2171 1)
2702 2101 2872 2171 (122).

2034 2190 2139 2255 Qui
2165 2190 2413 2258 abstulit,
2446 2190 2660 2261 inquit,
2691 2189 2909 2260 aliquid
2937 2192 3090 2259 patri
3117 2189 3200 2243 vel
3232 2189 3417 2256 matri,
3451 2192 3501 2242 et
3520 2188 3605 2243 di-

1958 2277 2034 2334 cit
2086 2285 2183 2335 hoc
2236 2295 2348 2334 non
2405 2295 2515 2334 esse
2558 2282 2858 2350 peccatum,
2900 2277 3193 2334 homicidae
3223 2277 3493 2347 particeps
3522 2280 3605 2332 est

1959 2369 2144 2436 (Prov.
2173 2370 2389 2433 xxvni).
2424 2366 2593 2421 Pater
2623 2369 2822 2419 noster
2846 2364 2971 2419 sine
3002 2366 3180 2418 dubio
3207 2368 3349 2419 Deus
3373 2369 3480 2432 est,
3502 2365 3603 2435 qui

1961 2469 2067 2508 nos
2099 2453 2331 2508 creavit.
2357 2457 2536 2509 Mater
2564 2469 2697 2508 vero
2730 2458 2935 2508 nostra
2957 2452 3232 2518 Ecclesia,
3267 2468 3395 2522 qua
3422 2452 3603 2507 nosin

1956 2541 2250 2612 baptismo
2274 2541 2658 2613 spiritualiter
2682 2541 3062 2613 regeneravit.
3096 2542 3239 2610 Ergo
3264 2540 3363 2610 qui
3388 2539 3601 2594 Christi

1956 2631 2235 2702 pecunias
2249 2637 2306 2686 et
2326 2630 2597 2686 Ecclesia
2620 2631 2825 2699 aufert,
2851 2630 3003 2701 rapit
3023 2633 3125 2683 aut
3144 2628 3397 2693 fraudat,
3419 2628 3603 2683 homi-

1957 2720 2084 2776 cida
2116 2724 2223 2787 est,
2257 2725 2429 2792 atque
2461 2724 2594 2775 ante
2620 2725 2797 2774 Deum
2820 2718 3116 2774 homicida
3138 2718 3471 2787 deputatur.
3494 2716 3602 2780 Qui

1954 2809 2109 2865 enim
2134 2826 2226 2865 res
2246 2809 2518 2865 Ecclesia
2541 2807 2871 2879 abstulerit,
2896 2806 3273 2878 sacrilegium
3292 2805 3447 2873 facit,
3472 2810 3603 2861 etut

1955 2899 2277 2972 sacrilegus
2302 2898 2661 2969 judicandus
2692 2901 2798 2952 est:

1953 2988 2069 3045 CAP
2148 2990 2237 3042 89.
2297 3020 2361 3028 —
2422 2989 2495 3041 De
2524 2986 2719 3042 eadem
2748 3002 2826 3041 re.
2870 2987 2949 3040 Ea:
2976 2984 3206 3040 decretis
3241 2972 3399 3038 Lucii
3427 2998 3602 3054 papae,

2024 3076 2123 3131 cap
2182 3061 2252 3115 40
2307 3060 2410 3130 (ep.
2472 3058 2543 3113 ad
2572 3059 2697 3126 Gal.
2728 3062 2781 3113 et
2813 3059 2961 3129 Hisp.
2996 3056 3186 3129 episc.,
3213 3058 3285 3121 6;
3328 3059 3381 3110 et
3410 3058 3600 3110 Anact.

200 3138 341 3193 bum
374 3115 868 3196 contumeliosum
889 3139 1208 3214 leviterque
1230 3115 1692 3214 prolatum,sine
1710 3139 1839 3192 vin-
1872 3115 1915 3184 θ
2022 3115 2105 3203 ep:
2142 3132 2214 3198 1)-

190 3227 350 3284 dicta
369 3228 723 3298 pertransire
746 3230 1025 3301 patimur.
1054 3231 1428 3287 Dimittamus
1450 3247 1586 3303 ergo
1603 3234 1841 3303 propter

190 3320 373 3372 Deum
408 3318 563 3389 quod
598 3317 659 3373 in
692 3319 860 3375 nobis
892 3324 1290 3392 perpetratum
1320 3324 1411 3376 est
1429 3323 1488 3375 et
1510 3321 1665 3392 quod
1685 3336 1841 3375 eom-

192 3404 444 3462 missum
502 3411 593 3462 est
648 3406 787 3474 Deo,
849 3408 990 3480 quia
1019 3408 1317 3465 dimittere
1348 3426 1462 3465 non
1496 3426 1837 3482 possumus,

184 3495 352 3565 juxta
382 3496 833 3552 constitutiones
865 3502 1203 3553 sanctorum
1234 3498 1837 3569 Patrum,secundum

190 3584 533 3639 canonicam
566 3585 973 3642 auctoritatem
1008 3585 1393 3643 vindicemus.

189 3692 326 3748 CAP.
353 3691 444 3745 80'.
480 3722 547 3732 —-
576 3696 662 3747 De
688 3692 982 3836 eadem(re.
1014 3693 1344 3838 Eglqoncilio
1364 3693 1639 3761 Meldensi,
1661 3709 1780 3765 cap.
1803 3696 1838 3751 5

898 3780 1018 3835 cap.
1150 3806 1163 3820 .

898 3780 1018 3835 cap.
1050 3780 1163 3835 01).

261 3862 338 3916 Ut
358 3875 696 3931 pervasores
710 3876 903 3916 rerum
918 3862 1444 3919 ecclesiasticarum
1455 3906 1468 3931 ,
1486 3865 1585 3936 qui
1598 3866 1834 3921 easdem

191 3962 286 4005 res
318 3953 521 4005 contra
551 3950 960 4007 auctoritatem
994 3969 1109 4008 non
1132 3951 1320 4008 solum
1336 3953 1606 4022 retinere,
1634 3972 1834 4010 verum

190 4042 248 4091 et
276 4036 589 4094 crudeliter
641 4038 984 4111 depopulari
1027 4045 1355 4097 noscuntur
1380 4042 1644 4115 (quidam
1675 4044 1834 4098 enim

192 4124 500 4181 facultates
533 4127 709 4182 etiam
739 4127 996 4183 ecclesia
1027 4129 1087 4183 in
1118 4129 1350 4186 diversa
1379 4130 1835 4188 collaboratione

190 4222 243 4270 et
264 4214 595 4271 redditibus
617 4231 715 4271 eas
737 4215 1084 4288 exspoliant,
1108 4219 1209 4276 sei
1232 4222 1289 4275 et
1312 4236 1596 4291 pauperes
1616 4225 1673 4276 et
1694 4221 1834 4277 vici-

190 4320 297 4359 nos
329 4307 386 4359 et
415 4304 941 4362 circummanentes
971 4305 1511 4364 immisericorditer
1541 4310 1831 4383 affligunt,

188 4392 515 4456 devastant,
547 4398 604 4450 et
632 4393 994 4465 opprimunt)
1032 4399 1095 4449 ut
1124 4412 1364 4467 rapaces
1386 4398 1484 4468 qui
1508 4400 1832 4455 secundum

186 4481 533 4552 Apostolum
566 4499 600 4537 a
632 4497 811 4553 regno
843 4482 945 4537 Dei
977 4483 1369 4540 excluduntur
1398 4487 1445 4556 (l
1486 4489 1613 4543 Cor.
1646 4490 1744 4559 vn),
1772 4507 1840 4544 ex
1867 4489 1914 4553 D

188 4570 479 4624 criminali
504 4574 560 4626 et
581 4570 819 4641 publico
834 4576 1070 4642 peccato
1086 4572 1320 4643 publica
1332 4575 1675 4644 paenitentia
1690 4577 1837 4633 mul-

183 4662 409 4724 tentur,
468 4658 633 4721 Quod
689 4658 739 4713 si
798 4657 907 4713 hoc
965 4674 1135 4730 agere
1167 4661 1479 4729 noluerint,
1513 4665 1838 4734 proferatur

183 4750 388 4802 contra
419 4763 517 4802 eos
569 4746 894 4819 apostolica
948 4746 1346 4821 terribilisque
1392 4754 1681 4809 sententia
1721 4773 1837 4826 qua

182 4835 402 4890 dicitur
430 4851 443 4889 :
480 4833 541 4890 Si
580 4837 707 4906 quis
734 4838 913 4905 frater
945 4835 1270 4892 nominatur
1298 4846 1348 4894 et
1374 4844 1453 4894 est
1481 4857 1679 4912 rapax,
1710 4860 1836 4899 cum

181 4923 499 4994 hujusmodi
553 4941 651 4980 nec
709 4924 889 4981 cibum
944 4927 1232 4999 quisquam
1275 4944 1491 4985 sumere
1536 4939 1836 5003 praesumat

181 5014 230 5083 (l
260 5014 381 5069 Cor.
406 5015 481 5086 v),
509 5014 650 5085 quia
680 5013 948 5085 iniquum
979 5020 1036 5071 et
1065 5016 1409 5090 sacrilegum
1442 5026 1531 5075 est
1554 5023 1639 5091 (ut
1670 5025 1833 5094 Sym-

185 5101 437 5158 machus
494 5120 647 5175 papa
675 5106 763 5171 (III
792 5106 940 5159 Rom.
974 5122 1098 5175 syn.
1129 5107 1226 5161 sub
1256 5108 1556 5179 Symmac.,
1590 5126 1634 5165 ο.
1668 5111 1744 5179 3),
1777 5116 1834 5167 et

182 5194 318 5262 post
341 5207 477 5246 eum
510 5191 714 5247 beatus
744 5193 1063 5264 Gregorius
1083 5196 1143 5267 (l.
1171 5213 1269 5251 vm
1288 5199 1521 5270 Regist.,
1546 5215 1627 5269 ep.
1652 5202 1705 5263 6)
1730 5202 1832 5256 Sa-

177 5280 319 5335 bino
349 5280 592 5348 [Ravino
649 5282 806 5339 habet
857 5281 1099 5356 Gregor.)
1131 5286 1490 5343 subdiacono
1523 5288 1748 5361 scribit)
1782 5292 1831 5347 si

177 5368 315 5440 quis
372 5370 529 5441 quod
590 5371 1022 5427 venerabilibus
1052 5372 1195 5429 locis
1228 5374 1601 5450 relinquitur,
1644 5396 1832 5450 prava

251 5513 403 5659 (124)
432 5514 634 5573 Simile
667 5516 808 5588 quid
840 5516 1017 5574 habet
1046 5533 1224 5575 serm.
1258 5525 1334 5577 De
1364 5524 1586 5580 sanctis
1618 5526 1706 5580 47.

280 5586 405 5659 122)
437 5586 596 5643 Idem
629 5587 809 5645 habet
838 5593 897 5645 et
932 5590 1138 5648 Lucius
1169 5608 1342 5659 papa,
1374 5594 1544 5659 epist.
1576 5598 1647 5653 ad
1681 5598 1706 5655 ί

2020 3221 2131 3291 (17.
2164 3237 2215 3291 q.
2247 3221 2297 3287 4,
2322 3236 2368 3276 c.
2390 3218 2589 3274 Omnes
2612 3222 2780 3285 rapi.)
2814 3217 3030 3272 Rerum
3063 3214 3597 3271 ecclesiasticarum

1950 3314 2007 3365 et
2036 3309 2376 3365 facultatum
2428 3313 2711 3378 raptores,
2745 3324 2778 3361 a
2808 3305 3114 3360 liminibus
3147 3310 3357 3358 sancta
3395 3304 3599 3358 matris

1948 3398 2210 3453 Ecclesia
2269 3397 2834 3451 anathematizantes
2891 3390 3215 3463 apostolica
3245 3391 3599 3447 auctoritate

1948 3487 2223 3559 pellimus
2253 3491 2310 3540 et
2339 3487 2714 3552 damnamus,
2749 3488 2924 3553 atque
2956 3481 3273 3549 sacrilegos
3293 3479 3596 3547 essejudi-
3688 3540 3691 3543 _

1948 3592 2171 3632 camus.
2226 3576 2294 3629 Et
2340 3590 2451 3628 non
2486 3573 2677 3628 solum
2711 3588 2829 3637 eos,
2865 3570 2965 3626 sed
2998 3569 3175 3623 etiam
3219 3584 3421 3623 omnes
3454 3584 3594 3622 con-

1947 3665 2268 3722 sentientes
2326 3662 2433 3732 eis,
2492 3661 2631 3733 quia
2689 3677 2803 3716 non
2857 3658 3048 3715 solum
3081 3657 3182 3725 qui
3218 3656 3461 3723 faciunt,
3494 3657 3596 3711 sed

1946 3755 2121 3811 etiam
2153 3753 2253 3824 qui
2288 3751 2687 3818 consentiunt,
2723 3749 2801 3803 rei
2827 3748 3177 3820 judicantur
3207 3748 3361 3815 (Rom
3392 3746 3453 3816 ι),
3483 3748 3595 3800 Au-

1946 3843 2219 3916 gustinus
2246 3842 2422 3897 dicit:
2456 3840 2562 3905 Qui
2598 3838 2820 3911 aliquid
2853 3838 2924 3893 de
2954 3835 3198 3893 ecclesia
3223 3836 3451 3891 furatur
3498 3839 3599 3890 aut

1946 3932 2119 4005 rapit,
2152 3932 2316 3988 Juda
2348 3928 2629 4002 proditori
2663 3929 3055 3998 comparatur.

1946 4031 2074 4086 CAP.
2124 4030 2213 4084 90.
2264 4059 2332 4069 —-
2378 4029 2453 4084 De
2482 4026 2669 4084 eadem
2722 4026 2940 4149 re.8Ea:
2996 4022 3232 4080 concilio
3265 4020 3594 4092 Gangrensi,

2671 4113 2792 4149 cap.
2868 4138 2879 4149 .

2671 4113 2792 4168 cap.
2826 4113 2879 4150 δ.

2016 4190 2120 4245 Hic
2152 4189 2249 4261 qui
2285 4188 2511 4245 dederit
2566 4186 2653 4242 vel
2688 4183 2976 4255 acceperit
3006 4181 3332 4237 oblationes
3364 4179 3590 4249 altaris,

1944 4288 2151 4351 prater
2172 4280 2510 4349 episcopum
2534 4275 2619 4330 vel
2644 4276 2769 4346 ejus
2801 4273 3071 4342 missum,
3094 4276 3151 4325 et
3174 4270 3272 4342 qui
3298 4271 3399 4324 dat
3416 4272 3472 4323 et
3492 4269 3592 4341 qui

1945 4368 2179 4439 accipit,
2216 4366 2529 4422 anathema
2559 4363 2654 4418 sit.

1945 4461 2074 4516 CAP.
2107 4457 2196 4510 91.
2232 4486 2297 4495 -
2331 4456 2401 4510 De
2431 4454 2617 4509 eadem
2646 4468 2724 4508 re.
2760 4456 2843 4508 Ea:
2872 4447 3158 4505 concicilio
3179 4446 3323 4519 apud
3344 4450 3593 4502 sanctum

2104 4527 2437 4593 Medardum,
2468 4543 2583 4596 cap.
2616 4529 2636 4578 1
2675 4525 2764 4593 (ea:
2792 4537 2945 4577 conc.
2982 4520 3252 4591 Gangrea.
3284 4536 3335 4575 c.
3356 4520 3434 4589 7).

2016 4618 2072 4673 Si
2103 4617 2236 4688 quis
2259 4614 2613 4669 oblationem
2637 4611 2907 4667 Ecclesia
2926 4615 3085 4663 extra
3102 4608 3410 4663 ecclesiam
3434 4622 3595 4678 rape-

1946 4724 2007 4764 re
2034 4707 2121 4762 vel
2154 4706 2293 4760 dare
2321 4702 2571 4758 voluerit
2602 4705 2808 4772 prater
2846 4699 3268 4754 conscientiam
3309 4696 3592 4769 episcOpi,

1943 4795 2030 4851 vel
2062 4796 2189 4866 ejus
2222 4793 2314 4849 cui
2348 4789 2900 4863 hujusmodiofﬁcia
2921 4787 3237 4843 commissa
3258 4791 3426 4841 sunt:
3452 4802 3590 4840 ana-

1942 4884 2142 4939 thema
2170 4883 2267 4937 sit.

1942 4973 2077 5028 CAP.
2138 4971 2227 5025 92,
2287 5001 2356 5011 ——
2415 4970 2520 5037 Qui
2572 4966 2807 5023 sacratis
2862 4967 2965 5022 Deo
2997 4967 3127 5021 locis
3170 4964 3281 5018 vim
3316 4963 3588 5037 inferunt,

2013 5043 2276 5116 quomodo
2330 5036 2695 5096 vindicentur.
2758 5044 2840 5093 Ex
2893 5037 3118 5094 decretis
3147 5036 3375 5093 Joannis
3406 5050 3589 5105 papa,

2012 5117 2294 5274 ᾔρὴέῗυί
2313 5201 2689 5267 monasteria,
2713 5204 2769 5255 et
2787 5198 2915 5254 loca
2935 5199 3050 5254 Deo
3072 5200 3318 5263 sacrata,
3338 5191 3588 5249 eteccle-

1942 5292 2061 5349 sias
2093 5293 2441 5361 infringent,
2474 5294 2531 5344 et
2560 5288 2825 5361 deposita
2854 5293 2910 5343 et
2944 5286 3057 5341 alia
3080 5283 3355 5356 qualibet
3380 5280 3588 5336 exinde

1943 5383 2316 5449 abstrahunt,
2332 5380 2614 5435 damnum
2634 5377 2831 5433 novies
2846 5378 3221 5446 componant,
3237 5367 3586 5427 etemunita-

280 5586 405 5659 122)
437 5586 596 5643 Idem
629 5586 809 5645 habet
838 5593 897 5645 et
932 5590 1138 5648 Lucius
1169 5608 1342 5666 papa,
1374 5594 1544 5667 epist.
1576 5598 1647 5653 ad
1681 5598 1808 5657 Gal.
1839 5603 1896 5656 et
1922 5598 2087 5672 Hisp.
2120 5597 2300 5672 episc.
