3948 6072
368 261 474 318 851

1452 273 1519 325 D.
1561 269 1799 328 IVONIS
1833 275 2332 336 CARNOTENSIS
2366 284 2684 341 EPISCOPI

3672 285 3789 339 852

365 383 578 482 temItri
587 383 839 482 pliciter,
852 387 1097 482 etvelut
1116 390 1384 463 sacrilegi
1398 394 1690 450 canonica:
1714 398 2016 454 sententias
2047 402 2102 469 Α
2130 418 2305 475 scopo
2326 407 2741 465 communione
2762 407 3028 482 privatus
3049 410 3159 477 est,
3190 425 3306 465 non
3327 411 3461 465 ante
3484 409 3787 482 suscipia-

366 473 723 547 subigantur
753 475 1208 551 [subjiciuntur].

2126 495 2225 547 tur
2253 494 2325 549 ab
2355 496 2485 553 aliis
2512 497 2824 571 episcopis,
2856 515 3034 571 quam
3067 516 3175 557 suo
3208 498 3623 557 reconcilietur
3648 499 3784 571 epi-

372 584 508 637 CAP.
567 581 658 663 93.
712 613 782 623 —
830 586 916 663 _De
942 584 1029 640 his
1060 587 1157 663 qui
1184 587 1406 663 domum
1436 592 1532 647 Dei
1558 597 2019 663 contemptibilem
2125 598 2322 655 εοορο·

562 653 790 710 ducunt.
822 657 905 711 Ea:
931 653 1165 714 concilio
1204 661 1585 731 Magontiensi,
1616 682 1736 737 cap.
1768 653 1824 724 7.

441 742 725 813 Quisquis
756 743 912 799 fastu
946 747 1233 817 superbiae
1261 749 1451 808 elatus
1481 753 1724 812 domum
1756 757 1857 813 Dei
1882 774 2017 813 con-

372 830 765 903 temptibilem
788 832 970 903 ducit,
994 840 1049 890 et
1072 840 1471 907 possessiones
1495 843 1610 900 Deo
1634 852 1915 917 sacratas,
1941 851 2023 904 at-

375 936 487 994 que
511 921 582 976 ad
608 920 887 976 honorem
907 922 1002 978 Dci
1017 925 1126 980 sub
1143 928 2022 1001 regis:emunitatisdefensioue

373 1006 748 1073 constitutas,
798 1006 1107 1067 inhoneste
1163 1018 1519 1085 tractaverit,
1578 1022 1665 1077 vel
1705 1021 2023 1097 infringere

373 1096 838 1169 praesumpserit,
862 1101 963 1154 aut
992 1100 1265 1160 incendia
1286 1105 1373 1160 vel
1389 1110 1745 1166 vastationes
1768 1096 1915 1169 ausu
1937 1118 2023 1170 te-

374 1182 625 1238 merario
649 1189 1088 1258 perpetraverit,
1122 1193 1291 1262 quasi
1324 1194 1557 1252 invasor
1583 1203 1639 1253 et
1658 1200 1906 1257 violator
1925 1203 2028 1259 Ec-

374 1270 565 1331 clesiae
600 1271 726 1343 Dei,
761 1289 888 1345 quaa
919 1281 1009 1333 est
1040 1279 1251 1337 domus
1275 1284 1372 1339 Dei
1393 1286 1531 1354 vivi,
1554 1304 1587 1342 a
1610 1290 2025 1349 communione

376 1359 645 1417 omnium
677 1361 942 1420 fidelium
974 1366 1373 1429 abscindatur.

538 1466 673 1559 Cap.
706 1468 797 1525 94.
831 1502 897 1513 -
929 1473 1004 1529 De
1025 1475 1211 1532 eadem
1241 1495 1315 1534 re.
1341 1482 1425 1536 Ea:
1446 1483 1649 1552 eodem,
1672 1503 1795 1559 cap.
1816 1489 1871 1543 6.

449 1553 507 1609 Si
538 1556 674 1627 quis
704 1560 1109 1635 cujuscunque
1139 1574 1495 1629 munuscula
1519 1574 1785 1633 Ecclesiae
1806 1579 2029 1635 sanctis

384 1644 815 1716 scripturarum
838 1650 1022 1709 titulis
1045 1655 1533 1727 collecta,nefaria
1555 1665 1875 1724 calliditate
1896 1668 2031 1725 abs-

384 1731 610 1827 tulerit,
671 1736 1049 1813 fraudaverit,
1109 1746 1403 1822 invaserit,
1432 1756 1825 1826 retentaverit,
1857 1762 2029 1827 atque

2126 690 2262 749 CAP.
2301 694 2422 750 102.
2457 727 2524 735 —
2556 698 2630 751 De
2656 696 2847 752 eadem
2878 712 2955 752 re.
2992 699 3077 753 Ea:
3100 695 3329 768 decretis
3352 695 3563 752 Calixti
3578 712 3787 768 papae,

2457 784 2503 822 c.
2537 769 2568 822 4
2599 768 2779 840 (epist.
2811 769 2867 838 2,
2899 768 2969 824 ad
2997 768 3161 841 episc.
3198 767 3441 839 Galliae).

2198 856 2313 923 (11,
2343 872 2395 928 q.
2427 857 2482 923 3,
2515 874 2560 912 c.
2614 858 3176 929 Excommunicatos.)
3226 856 3789 913 Excommunicatos

2129 959 2364 1016 quoque
2379 962 2411 1001 a
2424 947 2829 1003 sacerdotibus
2844 946 3044 1003 nullus
3058 947 3303 1020 recipiat
3318 951 3453 1004 ante
3466 948 3789 1020 utriusque

2128 1034 2312 1103 partis
2342 1035 2831 1091 cxaminationem
2858 1038 3109 1109 justam,
3143 1053 3248 1093 nec
3275 1053 3409 1092 cum
3439 1037 3527 1093 eis
3562 1038 3625 1092 in
3658 1054 3791 1093 ora-

2130 1122 2310 1193 tione,
2365 1128 2466 1179 aut
2521 1124 2651 1180 cibo
2680 1125 2769 1181 vel
2800 1130 2963 1198 potu,
2997 1129 3099 1182 aut
3129 1126 3330 1183 osculo
3361 1127 3789 1195 communicet,

2132 1227 2237 1267 nec
2294 1214 2410 1269 Ave
2453 1214 2539 1269 eis
2569 1215 2748 1285 dicat,
2779 1215 2915 1286 quia
2944 1215 3283 1289 quicunque
3313 1217 3372 1272 in
3403 1216 3498 1272 his
3529 1216 3620 1272 vel
3651 1215 3790 1272 aliis

2131 1302 2447 1375 prohibitis
2478 1303 2733 1360 scienter
2755 1306 3277 1363 excommunicatis
3306 1305 3788 1362 communicave-

2135 1391 2230 1460 rit,
2255 1392 2427 1461 juxta
2456 1391 2859 1463 apostolorum
2894 1393 3327 1450 institutionem
3351 1395 3504 1467 (cap.
3540 1395 3629 1463 11,
3652 1410 3786 1449 can.

2133 1482 2382 1552 Apost.),
2438 1485 2494 1536 et
2551 1481 2677 1553 ipse
2738 1481 2918 1538 simili
2958 1482 3551 1540 excommunicationi
3584 1483 3789 1554 subja—

2133 1574 2276 1625 ceat.

2134 1660 2271 1716 CAP.
2333 1660 2455 1716 103.
2507 1662 2579 1717 De
2624 1661 2813 1718 eadem
2867 1677 2947 1717 re.
3014 1663 3098 1717 Ea:
3153 1661 3395 1719 concilio
3424 1661 3789 1718 Antiocheam

2671 1734 2789 1804 (sub
2817 1734 2965 1790 Julia
2992 1738 3038 1801 Ι,
3071 1751 3115 1789 c.
3149 1734 3227 1807 2).

398 1786 429 1787 '7
492 1786 610 1802 777‘,
671 1786 1029 1799 “““’-““”’ν⁶¹ν
1110 1786 1385 1805 ιυνιιδυιιυ
1432 1786 1686 1811 ισιῦυιαν
1731 1786 1806 1811 [ιι
2673 1786 2775 1804 \77‘7
2818 1786 2953 1790 'M'"
2992 1786 3038 1801 —'
3074 1786 3114 1789 ’ἡ
3150 1786 3225 1807 ὙΙἾ

384 1822 768 1895 subripuerit,
803 1832 859 1884 et
891 1848 1006 1887 non
1034 1786 1235 1893 ’statim
1270 1857 1301 1893 a
1320 1796 1619 1901 saberdotc
1635 1786 2030 1905 οοῑῃιῐίοῖὶιῖζζ
2056 1786 2106 1850 Β
2208 1820 2334 1877 Non
2358 1826 2554 1878 9‘“th
2578 1822 2748 1877 liceat
2768 1823 3203 1879 communica”
3232 1822 3788 1891 “communicatis,

394 1916 510 1967 Deo
524 1913 733 1969 collata
746 1918 1087 1995 reddiderit,
1100 1927 1171 1981 ab
1186 1928 1453 1991 Ecclesiae
1466 1937 1761 1995 catholicae
1775 1954 2037 1997 commu-

399 2008 573 2064 nione
602 2010 874 2081 pellatur.

399 2116 528 2175 CAP.
574 2118 664 2176 95.
697 2152 767 2163 —-
794 2122 949 2192 Quod
976 2141 1099 2180 cum
1128 2137 1598 2193 excommunicato
1628 2154 1794 2195 orare
1820 2156 1930 2197 non
1966 2142 2041 2198 li-

878 2204 1017 2252 ceat.
1047 2200 1131 2254 Ex
1157 2202 1321 2257 dictis
1349 2205 1567 2264 Isidori.

470 2279 583 2371 (12,
644 2297 698 2353 q.
757 2282 811 2351 3,
843 2299 890 2340 c.
924 2286 1058 2343 Cum
1089 2298 1607 2371 excommunicato.)
1637 2302 1780 2356 Cum
1815 2318 2044 2359 excom-

403 2369 701 2464 municato
733 2387 921 2444 neque
951 2391 1118 2433 orare
1150 2397 1339 2453 neque
1372 2383 1554 2457 loqui,
1588 2369 1703 2445 nisi
1734 2407 1803 2447 ea
1824 2409 1950 2464 quae
1974 2395 2045 2449 ad

403 2458 671 2553 eamdem
684 2465 1347 2527 excommunicationem
1364 2476 1676 2547 pertinent,
1695 2458 1881 2553 neque
1894 2483 2048 2540 vesci

404 2546 682 2619 cuiquam
713 2549 903 2609 liceat.

407 2656 541 2714 ΟΑΡ.
596 2657 687 2713 96.
744 2690 817 2703 -
864 2667 943 2720 De
998 2665 1201 2754 eadem
1240 2686 1318 2727 re.
1369 2673 1528 2754 Aqude
1580 2692 1753 2749 supra
1800 2678 1890 2751 (ea:
1922 2686 2050 2754 Reg.

996 2745 1243 2810 magist.,
1274 2759 1321 2797 c.
1360 2745 1468 2816 13).

481 2818 596 2887 (11,
631 2837 687 2914 ᾳ.
725 2821 780 2914 3,
811 2838 857 2877 c.
892 2823 953 2879 Si
978 2828 1105 2897 quis
1131 2831 1355 2903 frater.)
1382 2834 1440 2887 Si
1473 2836 1605 2906 quis
1627 2838 1804 2895 frater
1831 2845 2055 2914 autjpa-

412 2905 554 2973 lam,
578 2912 679 2963 aut
708 2910 993 2968 absconse
1013 2931 1146 2970 cum
1170 2905 1676 2981 excommunicato
1698 2928 1873 2984 fuerit
1894 2905 2057 2986 locu-

414 2999 533 3065 tus,
566 3013 939 3055 communem
972 3004 1171 3060 statim
1194 3023 1327 3064 cum
1349 3026 1415 3067 eo
1438 3017 2061 3077 excommunicationis

414 3086 721 3142 contrahet
751 3104 1004 3158 poenam.

414 3192 549 3248 CAP.
609 3193 700 3249 97.
757 3226 823 3237 —
880 3198 957 3253 De
998 3200 1187 3285 eadem
1218 3220 1295 3260 re.
1328 3206 1594 3288 Egdictis
1623 3213 1912 3271 Fructuosi
1939 3217 2057 3288 epi-

1019 3280 1185 3344 sc0pi,
1212 3292 1333 3347 cap.
1368 3280 1453 3333 14.

488 3356 629 3411 Cum
651 3360 1155 3419 excommunicato
1179 3364 1378 3423 nullus
1400 3367 1694 3440 loquatur,
1720 3389 1909 3447 neque
1924 3393 2063 3449 qua-

415 3443 559 3501 libet
589 3462 723 3502 eum
742 3450 1147 3521 compassione
1163 3453 1250 3509 vel
1276 3456 1651 3517 miseratione
1671 3443 2063 3534 refoveat,-ne-

418 3551 532 3606 que
583 3536 654 3591 ad
688 3538 1209 3598 contradictionem
1242 3544 1325 3599 vel
1366 3549 1707 3620 superbiam
1737 3555 2063 3613 confortare

419 3629 754 3694 praesumat.

421 3714 556 3770 ΟΑΡ.
615 3715 705 3772 98.
759 3748 826 3759 —
878 3719 955 3774 De
1008 3720 1420 3849 eademageéEx
1446 3729 1678 3785 concilio
1707 3732 2061 3805 Antiocheno,

1149 3810 1267 3853 σαι).
1298 3810 1353 3853 Ζ.

1149 3810 1212 3849 ca
1256 3837 1267 3848 .
1298 3810 1353 3853 Ζ.

495 3858 636 3915 Cum
658 3862 1182 3921 excommunicatis
1206 3810 1322 3922 gon
1342 3867 1478 3924 licet
1491 3875 1946 3945 communicare,
1961 3895 2066 3935 nec

424 3964 559 4005 cum
590 3948 684 4005 his
718 3950 819 4022 qui
852 3968 953 4023 per
980 3953 1185 4009 domos
1215 3958 1907 4021 conveniuntdcvitantes
1933 3983 2065 4023 ora-

419 4038 608 4097 tiones
640 4038 928 4109 Ecclesiae,
963 4041 1061 4097 ubi
1093 4041 1270 4099 simul
1301 4048 1587 4105 orandum
1606 4055 1714 4107 est.
1738 4053 1796 4108 Si
1820 4054 2069 4126 quilibet

422 4134 609 4189 autem
664 4148 734 4188 ex
789 4130 942 4188 clero
1001 4134 1405 4206 deprehensus
1460 4138 1637 4195 fuerit
1664 4158 1798 4198 cum
1839 4161 2067 4203 excom-

421 4222 742 4280 municatis
772 4223 1231 4292 communicare,
1261 4226 1438 4283 etiam
1470 4227 1580 4285 iste
1610 4230 1874 4303 privetur
1903 4251 2067 4291 com-

421 4326 720 4367 munione.

421 4397 551 4454 CAP.
610 4400 698 4456 99.
755 4432 826 4443 —
876 4403 951 4458 De
1003 4403 1197 4460 eadem
1225 4421 1304 4461 re.
1340 4409 1425 4484 Ea;
1452 4409 1752 4466 canonibus
1790 4414 2065 4484 apostolo-

1028 4492 1173 4541 rum,
1205 4493 1324 4548 cap.
1370 4479 1456 4532 11.

2143 1928 2331 1983 neque
2391 1929 2491 1985 per
2539 1913 2742 1969 domos
2794 1914 3045 1986 ingredi,
3103 1919 3161 1969 et
3188 1931 3319 1970 cum
3369 1913 3453 1970 eis
3484 1930 3655 1970 orare
3684 1913 3789 1986 qui

2145 2001 2403 2057 ecclesias
2438 2000 2492 2057 in
2525 2004 2787 2059 oratione
2809 2020 2925 2059 non
2949 2002 3321 2075 participant,
3346 2019 3450 2059 nec
3472 2002 3532 2058 in
3556 2002 3804 2059 alteram

2148 2090 2453 2148 ecclesiam
2505 2091 2703 2161 recipi,
2765 2092 2865 2164 qui
2922 2092 2995 2147 ab
3046 2091 3161 2147 alia
3192 2092 3805 2148 excommunicantur.

2149 2179 2311 2244 Quod
2345 2181 2394 2235 si
2424 2180 2587 2237 visus
2618 2180 2795 2236 fuerit
2824 2180 3067 2252 quilibet
3098 2181 3530 2253 episcoporum,
3554 2180 3647 2237 vel
3680 2198 3810 2253 pre-

2153 2269 2655 2342 sbyterorum,aut
2677 2270 3175 2339 diaconorum,vel
3197 2270 3377 2326 etiam
3394 2270 3498 2342 qui
3514 2270 3570 2325 in
3588 2284 3812 2325 canone

2155 2358 2498 2414 detinentur
2526 2359 3057 2415 excommunicatis
3089 2360 3553 2429 communicare,
3586 2365 3645 2414 et
3661 2359 3816 2414 hunc

2160 2453 2387 2519 oportet
2419 2449 2831 2504 communione
2862 2448 3079 2521 privari
3105 2452 3383 2520 tanquam
3423 2450 3699 2505 Ecclesia
3732 2464 3818 2503 re-

2159 2536 2333 2609 gulas
2364 2537 2845 2594 confundentem.

2161 2647 2295 2700 CAP.
2336 2646 2456 2702 104.
2487 2676 2555 2685 -
2585 2646 2662 2701 De
2685 2646 2877 2701 eadem
2905 2662 2983 2702 re.
3016 2647 3099 2701 E1:
3126 2644 3364 2701 decretis
3392 2645 3635 2701 Fabiani
3666 2662 3821 2717 papa

2623 2720 2888 2789 episcopis
2918 2718 3120 2775 Galliae
3148 2717 3352 2773 missis.

2234 2806 2292 2862 Si
2324 2807 2459 2879 quis
2492 2811 2698 2879 sponte
2756 2808 2948 2879 [forte]
3008 2806 3509 2864 excommunicato
3549 2823 3822 2864 commu-

2172 2896 2455 2953 nicaverit
2482 2897 2679 2967 verbo,
2712 2898 2995 2969 oratione,
3026 2898 3084 2952 in
3116 2897 3247 2953 cibo
3278 2898 3362 2953 vel
3396 2901 3561 2970 potu,
3594 2898 3668 2952 40
3699 2898 3825 2953 dies

2170 2985 2450 3058 paeniteat
2478 2986 2537 3040 in
2592 3001 2763 3058 pane,
2796 2985 2939 3057 sale,
2972 2990 3029 3041 et
3053 3002 3208 3057 aqua
3240 2987 3320 3054 [in
3354 3001 3503 3059 pane
3534 2990 3592 3042 et
3625 2987 3825 3058 aqua].

2170 3074 2277 3140 Qui
2310 3090 2442 3131 vero
2463 3074 2547 3130 eis
2566 3075 3082 3131 communicaverit
3106 3076 3162 3130 in
3187 3075 3523 3131 homicidiis
3545 3075 3636 3131 vel
3660 3076 3827 3148 ﬂagi-

2018 3217 2029 3226 ,
2092 3159 2135 3226 C
2175 3163 2273 3219 tiis
2323 3164 2433 3219 erit
2479 3164 2576 3219 ira:
2638 3168 2696 3219 et
2755 3164 3023 3219 vindicta
3052 3164 3155 3220 Dei
3203 3164 3625 3236 omnipotentis
3652 3180 3826 3236 quem

2168 3252 2415 3324 spernit,
2477 3252 2617 3325 quia
2657 3253 2780 3309 haec
2811 3253 3011 3309 omnia
3042 3253 3239 3310 divina
3267 3254 3319 3309 ei
3342 3270 3480 3309 voce
3509 3252 3826 3309 interdicta

2169 3345 2327 3409 sunt,
2359 3346 2417 3398 et
2447 3344 2771 3399 secundum
2800 3342 3168 3415 Apostolum,
3201 3343 3420 3399 obedire
3465 3347 3579 3399 Deo
3618 3347 3825 3416 oportet

2168 3432 2357 3503 magis
2385 3448 2554 3504 quam
2585 3431 2905 3488 hominibus
2937 3434 3074 3503 (Act.
3106 3434 3189 3505 v),
3220 3438 3277 3489 et
3310 3434 3641 3489 secundum
3674 3434 3825 3504 quod

2170 3521 2439 3594 deliquit,
2464 3522 2661 3594 digne,
2682 3523 2858 3593 juxta
2880 3523 3760 3596 decretacanonum,pmniteat,
3777 3531 3827 3579 et

2173 3610 2221 3667 si
2254 3612 2529 3683 paenitere
2560 3610 2838 3682 noluerit,
2869 3612 3431 3668 excommunicetur.

2175 3719 2306 3775 CAP.
2350 3719 2493 3791 7105.
2525 3748 2595 3759 —
2659 3719 2723 3775 Ut
2752 3720 3226 3775 excammunicati
3253 3720 3349 3775 ubi
3374 3721 3590 3791 fuerint
3618 3719 3826 3775 exclusi

2245 3790 2449 3846 ibidem
2498 3796 2907 3862 consequantur
2959 3790 3415 3848 communionem.
3471 3792 3556 3847 Ea:
3595 3792 3823 3848 concilio

2244 3861 2539 3932 Meldensi,
2565 3861 2686 3934 cap.
2721 3863 2807 3918 10.

2248 3952 2325 4006 De
2382 3950 2477 4007 his
2538 3951 2639 4022 qui
2698 3968 2803 4023 pro
2836 3950 3049 4007 delicto
3080 3968 3187 4008 suo
3218 3969 3251 4007 a
3282 3951 3704 4009 communione
3733 3967 3824 4007 se-

2174 4043 2477 4112 parantur,
2508 4038 2591 4095 ita
2612 4038 2856 4111 placuit,
2886 4043 2952 4095 ut
2974 4040 3031 4095 in
3058 4042 3511 4112 quibuscunque
3534 4040 3680 4097 locis
3703 4042 3826 4097 fue—

2174 4129 2292 4184 rint
2344 4127 2587 4199 exclusi,
2643 4129 2848 4186 eodem
2906 4129 3033 4187 loco
3088 4135 3525 4202 consequantur
3561 4147 3828 4187 commu-

2174 4234 2431 4274 ηιοιιθω.

2173 4326 2314 4382 CAP.
2360 4325 2482 4381 106.
2540 4355 2611 4367 —
2671 4326 2736 4400 Ut
2792 4343 2847 4400 ag
2870 4329 3098 4400 proprio
3126 4327 3375 4400 episcopo
3401 4327 3487 4382 vel
3512 4328 3831 4400 presbytero

2249 4399 2735 4464 excommunicati,
2791 4398 2932 4453 alibi
2989 4398 3045 4453 in
3078 4398 3520 4455 communionem
3548 4414 3664 4455 non
3688 4398 3833 4455 reci-

2246 4472 2496 4541 piantur.
2532 4473 2618 4524 Ex
2643 4485 2794 4525 conc.
2828 4470 3261 4541 Rolhomagensi,
3293 4487 3413 4542 cap.
3441 4473 3494 4525 3.

493 4558 550 4613 Si
573 4560 704 4632 quis
728 4577 862 4617 cum
882 4565 1383 4623 excommunicato
1405 4567 1614 4625 saltem
1630 4570 1688 4626 in
1704 4572 1877 4629 domo
1890 4572 2045 4629 simu

2245 4539 2393 4613 Sunt
2422 4556 2602 4629 aliqui
2635 4557 2735 4630 qui
2770 4558 2964 4630 culpis
2994 4539 3370 4631 exigentibus
3390 4575 3425 4613 a
3448 4557 3686 4631 proprio
3707 4558 3825 4632 epi~

424 4648 693 4718 oraverit,
727 4649 838 4707 iste
866 4655 1280 4711 communione
1312 4656 1588 4729 privetur.

423 4735 557 4792 CAP.
594 4740 713 4794 100.
747 4771 814 4781 —-
845 4742 918 4797 De
941 4743 1132 4799 eadem
1163 4760 1241 4802 re.
1269 4750 1352 4803 Ea:
1369 4748 1608 4805 concilio
1628 4748 1870 4818 Nicazno,
1891 4766 1990 4823 cap
2010 4751 2065 4807 5.

493 4828 576 4884 De
601 4828 694 4885 his
728 4830 828 4902 qui
858 4834 1270 4891 communione
1302 4837 1624 4908 privantur,
1658 4854 1760 4895 seu
1793 4856 1861 4896 ex
1890 4840 2066 4913 clero,

420 4932 525 4974 seu
556 4934 625 4975 ex
654 4918 845 4975 laicali
876 4920 1079 4977 ordine
1109 4923 1181 4978 ab
1211 4924 1523 4998 episcOpis,
1555 4943 1659 4999 per
1680 4945 2067 5002 unamquam-

420 5023 533 5079 que
555 5009 915 5081 provinciam
935 5012 1227 5068 scntcntia
1249 5013 1533 5086 regularis
1548 5016 1902 5088 obtineatur,
1922 5024 1988 5075 ut
2004 5019 2065 5075 hi

419 5097 518 5170 qui
542 5099 921 5170 abjiciuntur,
945 5100 1017 5156 ab
1041 5099 1173 5157 aliis
1196 5118 1309 5157 non
1324 5103 1695 5175 recipiantur.
1714 5107 2067 5180 Requiratur

416 5192 613 5245 autem
646 5204 717 5245 ne
744 5188 1257 5263 pusillanimitate,
1291 5196 1394 5248 aut
1424 5196 1816 5266 contentione,
1845 5198 1932 5253 vel
1950 5197 2062 5255 alio

417 5277 680 5350 quolibet
706 5278 845 5336 vitio
875 5278 1131 5353 episcopi
1160 5279 1429 5338 videatur
1459 5299 1493 5339 a
1521 5286 1936 5343 communione
1967 5304 2062 5344 ss-

416 5366 640 5424 clusus.
988 5384 991 5387 '

416 5454 529 5512 Car
593 5458 718 5516 101.
786 5489 853 5501 —
903 5460 974 5514 De
1000 5459 1187 5515 eadem
1215 5463 1409 5588 rebEa:
1436 5463 1677 5519 concilio
1706 5463 2057 5522 Antiocheno.

1127 5549 1249 5588 cap.
1321 5576 1334 5588 .

1127 5549 1249 5605 cap.
1280 5549 1334 5590 ο.

490 5616 601 5685 (11,
653 5633 702 5688 q.
765 5621 818 5687 3,
876 5637 923 5676 c.
984 5621 1044 5675 Si
1092 5623 1263 5694 quis.)
1320 5624 1379 5681 Si
1438 5624 1570 5697 quis
1610 5627 1909 5698 aproprio
1940 5628 2060 5700 epi-

2177 4663 2353 4718 scopo
2413 4646 3023 4714 excommunicantur,
3054 4652 3111 4703 et
3142 4648 3214 4703 ab
3247 4647 3381 4703 aliis
3411 4647 3827 4703 ecclesiasticis

2176 4736 2264 4791 vel
2310 4735 2475 4792 laicis
2535 4740 3003 4809 praesumptuose
3058 4737 3119 4792 in
3152 4735 3635 4792 communionem
3675 4737 3824 4794 acci-

2175 4824 2455 4897 piuntur;
2518 4825 2667 4895 quod
2728 4826 2968 4881 omnino
3000 4831 3270 4882 sanctum
3299 4824 3597 4883 Nicanum
3631 4826 3825 4881 conci-

2174 4912 2322 4970 lium
2381 4916 2519 4985 (Nic.
2572 4932 2619 4972 c.
2662 4916 2737 4985 5),
2771 4914 2951 4971 simul
2985 4919 3041 4970 et
3070 4914 3548 4975 Chalcedonense
3575 4931 3684 4971 nec
3714 4932 3823 4971 non

2174 5008 2232 5060 et
2289 5004 2719 5061 Antiochenum
2797 5006 2945 5077 (Ant.
3006 5020 3056 5060 c.
3110 5004 3191 5075 2),
3246 5008 3425 5076 atque
3478 5004 3823 5063 Sardicense

2170 5095 2359 5163 (Sard.
2391 5110 2437 5149 ο.
2470 5095 2559 5163 16)
2590 5093 2715 5150 ﬁeri
2745 5094 3076 5165 prohibent.

2174 5201 2311 5258 CAP.
2379 5201 2498 5257 107.
2554 5234 2623 5242 —
2675 5202 2749 5256 De
2801 5199 2991 5256 eadem
3042 5215 3129 5274 ire.
3164 5200 3506 5274 Exconcilio
3538 5201 3823 5274 Carthagi-

2660 5274 2845 5343 nensi,
2876 5288 2997 5343 cap.
3029 5273 3063 5325 9
3104 5272 3224 5343 (cap
3254 5272 3333 5343 7).

2239 5361 2609 5434 Augustinus
2631 5362 2945 5434 episcOpus
2968 5360 3199 5433 legatus
3212 5361 3499 5417 Numidia:
3515 5362 3820 5435 provincia

2170 5448 2317 5505 dixit
2373 5451 2692 5521 [Genedius
2749 5450 3061 5522 episcopus
3119 5450 3305 5505 dixit:
3339 5452 3418 5505 sic
3457 5453 3518 5506 in
3548 5452 3821 5508 volumine

2168 5539 2342 5610 conc.]
2400 5540 2490 5607 11,
2548 5556 2600 5611 q.
2662 5540 2718 5610 3,
2776 5556 2823 5595 c.
2870 5538 2975 5607 Qui
3002 5538 3261 5611 merito):
3295 5542 3409 5595 Hoc
3441 5544 3701 5599 statuere
3730 5541 3815 5597 di-

2170 5629 2451 5700 gnemini,
2484 5632 2551 5686 ut
2579 5628 2629 5685 si
2663 5628 2763 5701 qui
2794 5629 2943 5686 forte
2969 5629 3178 5687 merito
3215 5628 3539 5687 facinorum
3571 5647 3810 5689 suorum
