4000 6060
235 250 345 308 853

1059 255 1371 310 DECRETI
1411 257 1596 310 PARS
1632 256 1784 310 XIV.
1826 284 1894 294 —
1941 258 2037 311 DE
2074 257 2847 314 EXCOMMUNICATIONE.

3551 262 3659 317 854

236 377 311 433 ab
341 374 603 433 Ecclesia
637 375 794 449 pulsi
827 380 990 445 sunt,
1022 376 1073 433 si
1113 378 1185 433 ab
1229 378 1499 451 episcopo
1554 378 1749 451 aliquo
1804 378 1891 435 vel
1922 378 1974 445 Α
2009 379 2145 436 CAP.
2183 382 2305 436 113.
2338 412 2407 422 -
2443 384 2505 439 Ut
2529 391 2776 439 notentur
2814 384 3419 441 excommunicalorum
3470 387 3657 443 nomi-

234 467 575 539 presbytero
598 466 817 522 fuerint
836 465 895 521 in
921 467 1394 523 communionem
1418 467 1887 539 suscepti,etiam

235 556 366 628 ipse
398 556 521 626 pari
553 570 689 610 cum
722 554 807 610 eis
839 555 1089 611 crimine
1117 560 1391 612 teneatur
1411 556 1718 625 obnoxius,
1740 557 1888 613 refu-

235 645 537 718 gientibus
558 644 650 700 sui
670 644 929 717 episcopi
952 644 1634 717 regularejudicium.Ab
1660 646 1889 702 univer-

236 732 321 788 sis
354 733 579 788 dictum
613 736 721 799 est,
755 732 1034 788 omnibus
1066 736 1279 804 placet.

236 839 373 897 CAP.
436 841 561 896 108.
620 870 690 881 -
745 841 819 896 De
876 840 1062 897 eadem
1122 858 1201 896 re.
1262 842 1344 897 Ex
1390 842 1572 897 eodem
1628 843 1886 913 concilio,

947 929 1065 984 cap.
1091 915 1181 968 73.

310 1002 422 1072 (ll,
457 1018 512 1073 q.
546 1002 599 1069 3,
633 1018 683 1057 c.
717 1000 829 1072 Qui
857 1004 1385 1075 communicaverit.)
1419 1002 1526 1070 Qui
1559 1004 1886 1059 communi-

232 1090 455 1147 caverit
484 1090 573 1146 vel
606 1091 879 1157 oraverit,
911 1108 1043 1147 cum
1076 1093 1603 1159 excommunicato,
1630 1092 1680 1148 si
1701 1092 1887 1149 laicus

233 1184 344 1249 est,
379 1178 959 1237 excommunicetur:
996 1180 1046 1237 si
1079 1180 1347 1251 clericus,
1380 1181 1710 1253 deponatur
1743 1182 1887 1255 (vide

230 1285 424 1341 supra,
451 1286 499 1324 c.
532 1271 649 1341 28.)

230 1378 365 1434 CAP.
404 1376 521 1431 109.
554 1408 622 1449 —-;
649 1378 721 1432 De
750 1376 872 1432 illis
906 1377 1007 1448 qui
1034 1393 1104 1431 ea:
1159 1376 1276 1433 alia
1330 1378 1578 1449 paraecia
1627 1385 1779 1444 sunt,
1834 1382 1886 1434 et

306 1448 747 1575 depragdationes
825 1450 1066 1519 faciunt.
1124 1449 1211 1503 Ea:
1289 1448 1522 1505 cancilio
1604 1449 1882 1520 Meldensi,

311 1537 433 1575 can.
507 1564 520 1575 .

311 1537 433 1589 cap.
464 1537 520 1577 κ.

310 1614 387 1665 De
417 1608 539 1665 illis
561 1612 758 1665 autem
782 1608 883 1681 qui
906 1608 1059 1665 infra
1080 1608 1388 1682 par-(nciam
1414 1610 1762 1666 beneﬁcium
1784 1615 1887 1667 aut

232 1698 641 1755 haereditatem
674 1697 912 1767 habent,
946 1702 1003 1753 et
1023 1697 1267 1755 alterius
1288 1698 1547 1771 episcopi
1571 1700 1882 1772 parmciani

2076 468 2172 521 na,
2205 458 2256 507 et
2290 458 2346 507 in
2376 454 2587 522 foribus
2620 456 2856 509 ecclesiae
2894 458 3286 525 prmﬁgantur.
3311 458 3393 511 Ex
3416 459 3655 514 decretis

2071 525 2304 579 Honorii
2333 541 2513 597 papae,
2548 542 2665 597 cap.
2700 527 2760 580 11
2794 528 2965 598 (125).

2070 613 2180 684 (11,
2216 630 2272 685 q.
2306 614 2361 681 3,
2397 631 2447 669 c.
2482 615 2643 671 Cura:
2672 616 2789 686 sit.)
2822 616 2982 671 Curae
3018 616 3094 671 sit
3125 616 3401 673 omnibus
3431 618 3654 690 episco-

1997 701 2112 773 pis,
2146 703 2786 758 excommunicalorum
2820 705 3064 760 omnino
3098 705 3333 761 nomina
3364 710 3483 761 tam
3512 708 3654 763 vici-

2001 790 2094 847 nis
2123 791 2382 863 epicopis
2413 809 2590 863 quam
2625 793 2747 848 suis
2768 794 3114 866 parcecianis
3138 796 3354 865 pariter
3375 796 3654 863 indicare,

1998 896 2183 951 eaque
2213 880 2273 936 in
2305 880 2517 936 celebri
2550 882 2675 937 loco
2710 883 2901 953 posita
2941 900 3055 954 prae
3114 885 3341 939 foribus
3399 885 3655 941 ecclesiae

1999 970 2230 1025 cunctis
2253 970 2738 1027 convenientibus
2764 972 3081 1039 inculcare,
3107 977 3396 1044 quatenus
3420 975 3477 1028 in
3504 980 3657 1031 utra-

1999 1075 2112 1130 que
2144 1058 2450 1130 diligentia
2482 1065 2539 1115 et
2570 1062 3089 1117 excommunicatis
3122 1062 3343 1133 ubique
3375 1063 3655 1119 ecclesia-

1998 1148 2181 1204 sticus
2212 1149 2408 1205 aditus
2435 1150 2798 1222 excludatur,
2832 1155 2889 1207 et
2917 1152 3311 1208 excusationis
3334 1169 3512 1208 causa
3535 1170 3655 1208 om-

1998 1238 2176 1293 nibus
2209 1238 2529 1294 auferatur.

1997 1346 2132 1403 CAP.
2168 1347 2289 1401 114.
2326 1376 2390 1386 η-
2422 1348 2494 1401 De
2528 1345 2644 1401 illis
2674 1349 2771 1417 qui
2798 1348 3259 1404 excommunicati
3296 1348 3646 1407 moriuntur.

2200 1418 2282 1471 Ex
2308 1417 2509 1472 concil.
2543 1419 2881 1489 Epauneusi,
2915 1437 3033 1490 cap.
3072 1422 3134 1474 10
3156 1421 3296 1492 (cap.
3328 1422 3441 1491 28).

2064 1505 2175 1576 (11,
2209 1522 2265 1576 q.
2299 1507 2352 1573 3,
2393 1522 2441 1560 c.
2505 1506 2565 1560 Si
2622 1508 2952 1579 episcopus.)
3012 1508 3069 1563 Si
3131 1509 3446 1581 episcopus
3510 1514 3647 1565 ante

1994 1594 2259 1650 damnati
2300 1593 2731 1651 absolutionem
2779 1596 2944 1652 obitu
2992 1598 3275 1669 rapiatur,
3310 1603 3647 1670 correptum

1994 1688 2093 1739 aut
2117 1687 2494 1755 poenitentem
2520 1686 2845 1741 successori
2869 1685 3066 1741 licebit
3087 1686 3406 1743 absolvere.
3430 1689 3493 1742 Et
3512 1705 3557 1743 ο.
3584 1688 3641 1741 11

232 1792 374 1845 sunt
409 1792 466 1843 et
495 1787 713 1845 deloco
736 1788 805 1842 ad
825 1787 1019 1842 locum
1044 1788 1157 1843 iter
1178 1754 1421 1855 laciu‘nt,
1441 1754 1679 1860 rapinas
1701 1795 1758 1846 et
1780 1792 1883 1846 de-
1914 1754 1961 1820 B
1991 1773 2051 1829 Si
2086 1773 2219 1844 (ἰυίε
2248 1774 2790 1830 “communicat”
2823 1775 2996 1829 fuerit
3040 1779 3335 1847 mortuus:
3380 1776 3479 1847 (Ιυί
3519 1778 3642 1847 iam

228 1877 619 1950 praedationes
639 1882 951 1950 peragunt,
962 1876 1182 1948 placuit
1197 1882 1261 1932 ut
1276 1878 1880 1947 excommunicentur,

233 1982 341 2023 nec
372 1972 507 2022 ante
537 1984 607 2022 ex
638 1967 889 2038 parcecia
937 1972 1145 2022 exeant
1192 1982 1363 2038 quam
1409 1983 1537 2038 quas
1588 1973 1883 2040 perpetra-

236 2061 377 2112 runt
407 2057 582 2128 digne
608 2056 900 2111 emedent.
936 2056 1195 2121 Quorum
1226 2057 1750 2113 excommunicatio
1790 2074 1882 2113 se-

235 2146 387 2202 niori
429 2162 631 2201 eorum
661 2149 719 2201 et
748 2146 982 2217 proprio
1013 2146 1285 2218 episcOpo
1317 2145 1701 2218 signiﬁcanda
1756 2152 1881 2203 est:

233 2252 306 2292 ne
336 2251 436 2291 eos
469 2234 774 2307 recipiant,
807 2239 1124 2307 antequam
1156 2234 1295 2290 illuc
1328 2236 1567 2291 redeant
1598 2235 1695 2291 ubi
1730 2237 1885 2309 rapi-

232 2340 373 2381 nam
406 2324 687 2392 fecerunt,
722 2329 780 2380 et
809 2324 1007 2380 omnia
1038 2323 1287 2396 pleniter
1317 2326 1652 2380 emendent.

232 2435 368 2488 CAP.
404 2432 528 2488 110.
561 2462 629 2473 —
657 2433 732 2486 De
760 2431 879 2487 illis
908 2432 1005 2502 qui
1035 2431 1331 2501 defendunt
1358 2430 1753 2503 delinquentes.
1804 2438 1889 2490 Ex

464 2503 627 2559 dictis
655 2503 867 2559 Basilii
894 2505 987 2575 (ea:
1009 2503 1210 2574 Regula
1235 2503 1653 2574 Orientalium).

311 2592 421 2658 Qui
451 2593 746 2648 consentit
785 2592 1183 2664 peccantibus,
1218 2595 1273 2647 et
1304 2592 1563 2647 defendit
1592 2592 1771 2647 alium
1793 2593 1892 2649 de-

234 2680 624 2749 linquentem,
644 2680 995 2737 maledictus
1015 2681 1125 2737 erit
1148 2680 1301 2751 apud
1330 2685 1509 2735 Deum
1532 2688 1587 2736 el
1607 2683 1762 2752 apud
1786 2681 1890 2737 ho-

232 2771 447 2837 mines,
499 2774 557 2826 et
599 2770 838 2842 quidem
882 2770 1299 2825 sanctissimus
1350 2773 1517 2825 Pater
1583 2769 1701 2826 ait:
1768 2794 1796 2820 ‹‹
1828 2771 1887 2829 Si

236 2859 373 2932 quis
404 2858 586 2915 errori
619 2858 863 2914 alterius
895 2856 1284 2927 consenserit,
1326 2854 1472 2912 sciat
1503 2872 1564 2911 se
1595 2871 1730 2911 cum
1786 2856 1886 2913 illo

236 2948 420 3006 simili
455 2948 627 3004 modo
660 2946 1014 3020 culpabilem
1039 2945 1432 3018 judicandum
1463 2949 1520 3002 et
1549 2961 1885 3003 excommu-

235 3038 512 3095 candum.
545 3058 574 3089 ››

1992 1864 2071 1919 sit
2100 1862 2405 1919 confessus
2435 1866 2492 1919 et
2522 1864 2927 1919 testimonium
2964 1864 3136 1921 habet
3163 1866 3409 1932 bonum,
3441 1870 3499 1922 et
3528 1884 3642 1922 non

1994 1955 2220 2024 poterat
2246 1952 2502 2023 [poterit]
2534 1952 2730 2008 venire
2761 1953 2833 2008 ad
2864 1955 3253 2022 sacerdotem,
3288 1956 3389 2010 sed
3423 1972 3645 2026 prmoc-

1995 2040 2229 2111 cupavit
2258 2057 2390 2095 eum
2422 2058 2583 2096 mors
2613 2042 2671 2097 in
2703 2042 2900 2109 domo,
2927 2042 2985 2096 in
3013 2044 3124 2111 via,
3160 2043 3375 2098 iaciant
3422 2060 3525 2114 pro
3580 2060 3646 2098 eo

1996 2134 2268 2202 parentes
2300 2131 2429 2201 ejus
2461 2129 2817 2186 oblationem
2850 2132 2921 2186 ad
2955 2132 3159 2197 altare,
3183 2132 3646 2188 etdentredem-

1996 2220 2256 2291 ptionem
2289 2236 2391 2292 pro
2421 2220 2688 2292 captivis.

1997 2310 2126 2365 CAP.
2165 2310 2283 2381 115.
2319 2341 2385 2351 —
2444 2311 2516 2365 De
2573 2309 2691 2365 illis
2748 2312 2845 2381 qui
2900 2311 3216 2365 colonorum
3271 2312 3498 2380 ﬂagella
3554 2310 3647 2365 de-

2066 2380 2317 2451 fendunt.
2378 2384 2464 2436 Em
2540 2380 2779 2437 concilio
2838 2380 3207 2447 Eliberitano,
3269 2398 3389 2453 cap.
3451 2383 3485 2435 9
3564 2383 3649 2454 (in

2073 2454 2267 2522 fras-)-

2072 2540 2336 2596 Decrevit
2364 2545 2568 2597 sancta
2598 2542 2877 2613 synodus,
2912 2545 2977 2595 ut
3007 2540 3264 2611 episcopi
3300 2558 3363 2594 ac
3392 2540 3646 2595 ministri

1998 2630 2409 2701 episcoporum
2443 2646 2543 2701 pro
2574 2630 2920 2685 criminibus
2943 2628 3179 2685 colonos
3200 2628 3489 2700 flagellare
3511 2646 3643 2684 cum

1995 2718 2176 2791 virgis
2207 2722 2548 2790 potestatem
2580 2718 2852 2787 habeant,
2886 2723 3122 2790 propter
3152 2724 3373 2773 metum
3396 2718 3644 2773 aliorum

1996 2812 2062 2863 ut
2092 2806 2204 2880 ipsi
2236 2807 2534 2863 criminosi
2558 2807 2944 2877 corrigantur,
2969 2813 3025 2862 et
3044 2807 3131 2862 vel
3158 2807 3324 2862 inviti
3355 2806 3643 2878 pmniten-

1993 2897 2136 2953 tiam
2169 2900 2366 2969 agant,
2401 2913 2472 2951 ne
2528 2895 2881 2951 aeternaliter
2939 2899 3197 2968 pereant.
3242 2895 3301 2950 Si
3360 2912 3494 2951 vero
3554 2912 3643 2951 se-

1994 2987 2188 3042 niores
2220 2986 2485 3057 ipsorum
2517 2985 2857 3041 colonorum
2888 2984 3129 3056 indigne
3160 2984 3424 3050 tulerint,
3452 2989 3509 3040 et
3538 2983 3645 3039 ali-

1992 3092 2169 3147 quam
2226 3075 2550 3130 vindictam
2604 3074 2811 3130 exinde
2869 3090 3134 3130 exercere
3195 3073 3511 3140 voluerint,
3545 3079 3647 3129 aut

1065 3143 1075 3153 ,
1165 3142 1175 3151 ,
1995 3122 2169 3147 ’τ’-ν’*
2238 3122 2550 3130 “’“”““’“”“”’“
2606 3122 2809 3130 ”’“-“’
2872 3122 3132 3130 *’”⁷“”“”
3208 3122 3511 3140 ””“’”“’“”’7
3547 3122 3647 3129 ”““““

232 3145 575 3237 ΟλῘς-έίξζ
589 3232 611 3237 _
627 3144 891 3237 fit}?
903 3146 1330 3237 LL‘L‘ffkfntrfu
1916 3122 1959 3191 c
1996 3167 2229 3222 eosdem
2244 3165 2575 3232 colones,ne
2598 3165 3031 3237 distringantur
3047 3166 3356 3221 defendere
3370 3182 3649 3236 pnsum-

304 3232 465 3272 suam
526 3220 768 3271 tractare
823 3211 1195 3283 neglexerint.
1247 3215 1330 3269 Ex
1384 3214 1616 3269 decretis
1681 3211 1888 3270 Gelasii

306 3302 493 3361 papae,
516 3304 563 3343 ο.
598 3288 654 3342 3.

314 3378 426 3445 (11,
458 3393 514 3448 q.
546 3376 600 3445 3,
634 3392 685 3431 c.
720 3373 1083 3446 Quicunque.)
1116 3374 1465 3448 Quicunque
1498 3374 1678 3447 igitur
1734 3375 1891 3431 intra

243 3465 382 3521 anni
416 3464 674 3537 spatium
709 3463 959 3520 civiliter
987 3463 1107 3518 sive
1138 3462 1367 3534 publice
1420 3480 1660 3519 causam
1718 3480 1889 3519 suam

242 3570 443 3611 coram
476 3554 602 3610 suis
633 3551 1308 3609 excommunicatoribus
1366 3567 1479 3607 non
1539 3550 1888 3623 peregerint,

240 3643 357 3715 ipsi
384 3642 496 3699 sibi
528 3642 837 3699 audientis
870 3640 1155 3697 clausisse
1186 3640 1413 3696 aditum
1438 3640 1749 3696 videantur
1778 3642 1890 3712 [ju-

240 3732 639 3803 dicabuntur].
674 3731 836 3796 Quod
871 3730 919 3787 si
952 3728 1246 3786 obstinato
1270 3728 1467 3785 animo
1486 3727 1613 3784 sine
1634 3746 1891 3785 commu-

240 3822 417 3878 nione
447 3820 704 3877 defuncti
738 3820 976 3889 fuerint,
1010 3835 1116 3875 nos
1148 3818 1381 3875 illorum
1430 3834 1695 3887 causam,
1723 3820 1893 3890 juxta

243 3912 400 3969 beati
432 3911 641 3967 Leonis
662 3910 1105 3982 predecessoris
1128 3909 1312 3965 nostri
1333 3908 1680 3965 sententiam
1706 3910 1889 3981 (epist.

238 4002 331 4069 92,
364 4016 412 4055 e.
444 4001 520 4069 6),
554 3998 998 4071 divinojudicio
1032 4001 1424 4067 reservantes,
1475 3998 1692 4068 quibus
1748 3996 1895 4053 vivis

245 4106 365 4148 non
389 4087 974 4158 communicavimus,
1006 4087 1256 4143 mortuis
1285 4087 1723 4143 communicare
1778 4104 1894 4143 non

247 4196 588 4252 possumus.

238 4287 378 4344 CAP.
406 4287 526 4342 112.
558 4317 629 4328 —-
675 4287 752 4341 De
800 4285 994 4341 eadem
1046 4300 1157 4410 re.3
1191 4287 1273 4339 Ex
1334 4281 1565 4339 decretis
1632 4282 1893 4355 ejusdem,

618 4406 623 4410 .
970 4372 1091 4410 cap.
1164 4398 1177 4410 .

970 4372 1091 4427 cap.
1123 4372 1177 4411 δ.

318 4447 387 4503 Hi
414 4464 553 4504 sane
583 4447 683 4518 qui
716 4450 850 4502 ante
874 4444 1231 4500 audientiam
1260 4442 1696 4498 communicare
1718 4446 1897 4498 lenta-

318 4497 387 4503 ___
415 4497 551 4504 η--
588 4497 683 4518 π--
718 4497 846 4502 ____-
877 4497 1131 4500 "ww,
1183 4497 1226 4498 η
1306 4497 1342 4498 η
1419 4497 1422 4498 ν
1676 4497 1758 4498 κη

245 4536 456 4605 verint,
489 4537 673 4594 donec
708 4552 810 4609 per
840 4532 1244 4607 pcsnitentiam
1276 4536 1506 4587 reatum
1560 4548 1732 4587 suum
1796 4532 1893 4587 de-
1927 4497 1973 4563 Β

249 4627 450 4698 ﬂeant,
484 4628 552 4681 ad
588 4625 1065 4682 communionem
1099 4620 1262 4677 nullo
1294 4622 1467 4677 modo
1498 4621 1897 4692 perducantur

244 4719 484 4788 excepto
520 4714 725 4771 mortis
755 4712 993 4769 interitu
1026 4714 1291 4783 urgente.
1322 4710 1430 4774 Qui
1479 4726 1615 4765 vero
1663 4726 1895 4765 excom-

247 4805 545 4861 municato
575 4804 826 4860 scienter
855 4798 1375 4857 communicaverit
1405 4800 1488 4867 [se
1510 4799 1818 4869 junxerit],
1842 4802 1898 4855 et

245 4895 445 4952 animo
476 4893 685 4950 saltem
716 4892 776 4946 in
830 4892 1004 4947 domo
1038 4887 1217 4945 simul
1249 4887 1516 4953 oraverit,
1551 4892 1722 4958 atque
1755 4887 1897 4944 late-

249 4985 384 5041 bras
416 4979 776 5038 defensionis
806 4996 1017 5051 nequo
1065 4978 1263 5034 minus
1312 4976 1626 5049 [cominus]
1678 4978 1749 5032 ad
1798 4994 1897 5033 sa-

249 5072 646 5130 tisfactionem
679 5070 1053 5143 perducatur,
1085 5066 1422 5140 prmbuerit,
1454 5067 1637 5123 donec
1667 5067 1739 5122 ab
1797 5084 1897 5122 ex-

248 5161 754 5220 communicatore
805 5157 1209 5231 penitentiam
1269 5155 1574 5228 suscipiat,
1639 5155 1898 5228 corporis

249 5257 307 5310 et
355 5250 665 5324 sanguinis
726 5248 959 5304 Domini
1017 5246 1432 5303 communione
1490 5246 1777 5318 privatum
1835 5263 1899 5303 se

248 5356 379 5397 esse
410 5342 742 5413 cognoscat,
776 5340 833 5394 et
855 5336 1133 5394 delictum
1157 5336 1480 5392 secundum
1503 5350 1758 5392 canones
1780 5352 1897 5407 poe-

248 5430 454 5487 niteat.

326 5591 475 5665 (125)
502 5590 655 5647 Alibi
682 5588 969 5647 tribuitur
997 5585 1213 5645 Joanni
1242 5585 1367 5643 VIII
1395 5586 1456 5642 in
1488 5602 1653 5646 conc.
1687 5588 1969 5657 Ravenn.,

1998 3256 2247 3328 pserint,
2278 3256 2467 3311 sciant
2496 3272 2560 3311 se
2590 3255 3210 3312 excommunicatiouis
3241 3254 3646 3311 ecclesiasticas

2000 3344 2289 3401 sententia
2324 3345 2637 3400 feriendos.

1999 3433 2132 3490 CAP.
2165 3434 2266 3489 116
2296 3464 2364 3475 —
2394 3435 2467 3488 De
2526 3435 2799 3505 episcopis
2859 3434 2953 3504 qui
3008 3434 3161 3503 apud
3220 3435 3521 3487 Romanam
3563 3449 3644 3487 se-

2070 3507 2198 3561 dem
2227 3507 2473 3561 accusati
2500 3507 2745 3573 fuerant,
2790 3505 2929 3576 quod
2985 3520 3109 3558 cum
3161 3505 3647 3576 excommunicatis

2069 3578 2562 3718 iamanunicarent.
2621 3578 2705 3631 Ea:
2759 3574 2908 3633 conc.
2975 3576 3122 3648 apud
3195 3577 3450 3632 Alt/zeum
3498 3574 3646 3647 [Alt-

2109 3665 2195 3704 em
2226 3689 2237 3701 .

2071 3740 2268 3808 Regno
2299 3734 2545 3790 Conradi
2578 3734 2823 3804 piissimi
2862 3738 2920 3790 et
2977 3734 3463 3790 Christianissimi
3496 3734 3651 3805 regis

2002 3826 2229 3897 quinto,
2263 3826 2616 3897 congregata
2654 3827 2745 3879 est
2803 3827 3009 3878 sancta
3064 3821 3358 3895 generalis
3391 3824 3651 3896 synodus

2004 3915 2157 3987 apud
2190 3913 2478 3982 Althema,
2514 3913 2571 3967 in
2599 3928 2744 3985 pago
2782 3912 3006 3982 Rethia,
3042 3916 3329 3983 praesente
3386 3912 3656 3968 videlicet

2000 4003 2229 4059 domini
2260 4002 2502 4057 Joannis
2518 4019 2679 4074 papae
2712 4000 3338 4073 apocrisiario,sancts3
3359 4000 3655 4057 Ostiensis

2004 4091 2276 4148 Ecclesiae
2308 4091 2474 4146 Petro
2536 4090 2856 4145 venerabili
2912 4089 3213 4160 episcopo,
3272 4088 3464 4157 aliquo
3524 4088 3658 4159 [hoc

2005 4186 2295 4252 quatenus
2322 4179 2539 4251 aliquo,
2565 4179 2699 4249 etc.)
2728 4180 2899 4234 modo
2926 4177 3215 4233 diabolica
3232 4175 3535 4232 seminain
3558 4193 3658 4232 no-

2005 4270 2149 4327 stris
2182 4269 2447 4342 partibus
2480 4272 2676 4325 exorta
2719 4258 3059 4338 exstirpare,
3094 4272 3151 4322 et
3201 4264 3655 4322 nefandissimas

2006 4358 2475 4415 machinationes
2500 4357 2894 4429 quorumdam
2923 4371 3329 4428 perversorum
3345 4355 3654 4411 hominum

2006 4448 2233 4515 sedare,
2264 4453 2321 4503 et
2352 4446 2712 4502 eliminando
2760 4461 3009 4517 purgare
3067 4445 3297 4501 debere.
3332 4446 3654 4500 Transacto

2004 4535 2737 4609 igiturtriduanojejunio,
2760 4540 2816 4591 et
2830 4534 3016 4591 sacris
3048 4534 3269 4589 litaniis
3286 4550 3446 4588 more
3461 4534 3654 4590 debito

2004 4627 2335 4693 celebratis,
2369 4626 2749 4681 convenimus
2772 4624 2833 4679 in
2863 4624 3167 4680 ecclesiam
3190 4624 3385 4678 Sancti
3409 4624 3654 4679 Joannis

2005 4716 2303 4788 Baptistae,
2336 4718 2393 4770 et
2427 4712 2622 4770 moesti
2656 4714 3050 4768 consedimus.
3073 4713 3221 4767 Tum
3245 4713 3481 4768 demum
3506 4730 3653 4784 prcc-

2008 4806 2162 4861 fatus
2193 4806 2251 4860 S.
2284 4804 2431 4859 Petri
2463 4807 2520 4858 et
2549 4801 2770 4857 domini
2802 4802 3047 4858 Joannis
3074 4818 3237 4873 papa:
3270 4801 3490 4857 missus
3524 4818 3655 4873 pro-

2006 4894 2144 4949 tulit
2174 4893 2437 4947 chartam
2480 4890 2814 4962 apostolicis
2870 4890 3084 4946 litteris
3115 4890 3483 4963 inscriptam,
3543 4907 3660 4960 qua

2007 4982 2549 5049 commovebamur,
2615 4981 3030 5051 arguebamur,
3091 4980 3534 5036 instruebamur
3591 4979 3660 5034 de

2008 5070 2285 5126 omnibus
2317 5071 2388 5126 ad
2416 5085 2614 5125 veram
2637 5069 2979 5143 religionem
3004 5068 3349 5125 Christiana:
3374 5068 3505 5123 fidei
3528 5084 3657 5138 per-

2005 5160 2352 5216 tinentibus.
2387 5160 2524 5224 Quae
2556 5158 2757 5215 omnia
2788 5161 2875 5229 (ut
2897 5160 3130 5231 justum
3160 5162 3215 5213 et
3246 5157 3487 5227 dignum
3513 5158 3665 5223 erat)

2006 5249 2310 5306 humiliter
2339 5249 2695 5320 accepimus,
2733 5246 3465 5319 diligentertrsctavimus,
3490 5248 3546 5299 et
3566 5244 3661 5299 de-

2007 5344 2140 5395 voto
2174 5339 2382 5395 affectu
2408 5338 2750 5394 omnimodo
2772 5336 3294 5411 amplectebamur.
3314 5336 3463 5405 Ergo
3486 5349 3659 5389 evan-

2008 5430 2252 5502 gelicam
2290 5428 2740 5501 praeceptionem
2802 5424 3307 5481 etinstitutionem
3342 5424 3655 5479 saluberri-

2003 5606 2132 5663 cap,
2167 5591 2255 5645 12.
