3948 6072
370 250 477 307 855

1447 255 1515 306 D.
1554 251 1798 305 IVONIS
1832 251 2333 307 CARNOTENSIS
2370 250 2689 306 EPIBCOPI

3683 248 3809 303 856

373 388 531 430 mam
567 373 1090 446 lacrymabilivoce
1115 373 1605 445 protulimus,qua
1624 373 2022 444 arguebantur
2052 375 2102 440 Α
2134 372 2269 429 CAP.
2305 374 2428 446 121.
2460 404 2529 414 -
2562 378 2639 428 De
2669 372 2760 428 his
2787 371 2886 446 qui
2912 374 3270 446 contemnunt
3302 370 3547 446 bannum
3578 371 3656 427 ab
3677 374 3808 444 epi-

370 463 646 519 Phariszni
678 472 734 519 et
763 466 1017 519 Scribae:
1050 464 1320 531 Mandata,
1353 464 1567 534 inquit,
1600 464 1760 535 prius
1788 478 1913 534 qua?
1933 466 2020 518 in-

367 561 455 609 tus
484 557 613 608 sunt
645 554 855 623 (Matth.
888 570 1026 607 χχιιι
1063 553 1100 622 ).
1125 552 1193 605 Et
1225 554 1394 614 ltem,
1428 553 1577 624 Ejice
1606 555 1851 623 primum
1900 558 2021 607 tra-

371 642 492 698 bem
521 642 587 698 de
616 643 787 701 Oculo
818 652 906 697 tuo
935 642 1086 712 (Luc.
1117 645 1217 711 v1.)
1251 646 1328 695 Ac
1380 642 1784 713 propheticum
1836 641 2018 697 illud:

372 730 561 787 Ruina
590 730 792 802 populi
824 731 1151 784 sacerdotes
1184 729 1343 798 mali,
1380 731 1802 802 perpendentes
1826 730 2018 785 etdis-

374 820 649 875 cutiendo
697 817 1089 889 nosmetipsos
1146 816 1547 889 inspicientes,
1580 824 1635 873 et
1666 819 1723 873 in
1759 818 2016 874 medium

374 907 721 981 pmnitentiea
753 910 964 961 sancta:
995 904 1174 977 digno
1206 906 1399 961 fructu
1434 908 1502 961 ad
1526 911 1737 962 terram
1759 924 1865 962 nos
1890 924 2019 977 pro-

372 993 1019 1067 jicientes,deﬂevimus
1052 994 1439 1066 negligentiae
1471 995 2020 1061 innumerabiles,et

374 1089 611 1157 peccata
642 1087 836 1138 nostra
869 1083 1234 1154 gravissima.
1274 1084 1494 1139 Deinde
1526 1085 1755 1139 hortatu
1787 1084 2020 1140 Domini

376 1172 535 1228 Petri
568 1176 773 1228 contra
802 1172 1197 1244 nosmetipsos
1228 1178 1285 1227 et
1322 1174 1461 1227 vitia
1502 1173 1658 1242 irati,
1709 1175 2022 1245 adjuvante

371 1262 561 1335 primo
586 1266 790 1317 sancto
812 1261 1027 1334 Spiritu
1053 1267 1108 1317 et
1131 1262 1727 1335 miserante,capitula
1748 1262 1900 1317 intra
1918 1280 2020 1318 no-

370 1355 493 1407 tata
516 1351 586 1405 ad
606 1352 1033 1423 correptionem
1057 1355 1175 1405 tam
1200 1355 1487 1423 nostram,
1504 1368 1680 1423 quam
1704 1352 2020 1408 Christiani

370 1440 573 1513 populi
604 1440 913 1496 statuendo
938 1440 1306 1512 collegimus.

370 1547 503 1603 CAP.
546 1547 662 1602 117.
695 1577 764 1587 -
796 1551 875 1602 De
912 1548 1179 1617 episcopis
1221 1548 1319 1617 qui
1372 1547 1483 1601 sibi
1538 1548 1804 1618 subjectos
1858 1549 2015 1604 sedu-

442 1622 595 1687 cunt,
627 1620 1118 1673 excommunicatis
1146 1621 1707 1674 excommunicantes.
1734 1622 1815 1674 Ex
1837 1621 2021 1677 eodem

444 1706 594 1745 conc.
627 1706 749 1761 cap.
771 1691 825 1757 6,
858 1692 950 1744 cui
980 1690 1234 1759 inter/uit
1269 1690 1554 1744 Conradus
1586 1708 1707 1746 rex.

2203 446 2378 513 scapis
2410 445 2746 515 impositum.
2778 445 2862 498 Ex
2890 444 3122 498 concilio
3152 443 3494 498 Triburiensi
3549 460 3674 515 cap.
3715 443 3801 512 ’6,

2198 516 2291 570 cui
2319 516 2577 587 inter/uit
2608 515 2930 584 Arnulphus
2960 532 3083 570 rex.

2198 603 2380 659 Nemo
2411 609 2748 660 contemnat
2779 618 2971 676 neque
3002 602 3481 675 transgrediatur
3521 603 3802 659 haunum

2128 694 2199 749 ab
2222 693 2513 765 episcopis
2538 693 3081 765 superimpositum.
3107 691 3265 747 Sciat
3289 697 3346 746 et
3368 693 3709 755 abhorreat.
3736 694 3799 748 in

2126 782 2374 853 epistola
2394 783 2427 836 3
2444 782 2602 837 beati
2620 782 2935 838 Clementis
2950 782 3173 836 dictum
3190 786 3392 837 contra
3416 798 3477 836 se
3491 782 3724 853 scriptu
3738 798 3798 836 m

2126 872 2222 940 (De
2251 873 2399 943 ofﬁc.
2429 887 2539 926 sac.
2573 875 2625 926 et
2653 871 2852 943 ctera):
2889 891 2917 920 «
2975 871 3034 926 Si
3095 869 3261 926 vobis
3317 869 3609 943 episcopis
3671 888 3799 927 non

2127 960 2453 1016 obedierint
2475 977 2678 1016 omnes
2704 966 2823 1015 tam
2852 960 3094 1031 majoris
3118 976 3294 1032 quam
3317 959 3616 1015 inferioris
3639 960 3799 1016 ordi-

2128 1050 2221 1104 nis
2270 1054 2443 1121 atque
2502 1049 2713 1120 reliqui
2772 1048 2995 1121 populi,
3026 1048 3217 1105 tribus
3266 1053 3323 1105 et
3380 1048 3619 1121 lingua,
3671 1066 3797 1105 non

2128 1138 2315 1194 solum
2346 1138 2617 1207 infames,
2653 1139 2755 1193 sed
2787 1142 2844 1193 et
2872 1142 3129 1194 extorres
3162 1155 3196 1194 a
3225 1154 3402 1210 regno
3434 1138 3535 1193 Dei
3566 1144 3626 1194 et
3649 1155 3798 1195 con-

2128 1227 2309 1283 sortio
2342 1226 2603 1282 ﬁdelium
2637 1230 2695 1283 et
2727 1244 2759 1283 a
2789 1226 3097 1282 liminibus
3130 1230 3345 1282 sanctis
3377 1226 3483 1282 Dei
3515 1226 3797 1283 Ecclesiae

2126 1315 2301 1371 alieni
2335 1319 2577 1371 erunt.»
2606 1320 2670 1371 Et
2691 1315 2935 1371 audiant
2958 1315 3153 1388 ipsum
3181 1316 3490 1372 Dominum
3516 1315 3575 1371 in
3599 1316 3797 1372 Evan-

2128 1405 2277 1478 gelio
2310 1405 2602 1461 dicentem
2630 1422 2642 1460 :
2670 1406 2773 1475 Qui
2802 1421 2894 1461 vos
2922 1404 3103 1475 audit,
3133 1421 3220 1462 me
3248 1404 3429 1474 audit,
3458 1410 3509 1461 et
3550 1408 3655 1478 qui
3703 1423 3796 1462 vos

2125 1496 2354 1565 spernit,
2389 1511 2473 1550 me
2500 1497 2713 1567 spernit
2743 1496 2894 1566 (Luc.
2926 1494 3006 1567 χ).
3042 1497 3408 1567 Quapropter
3440 1512 3549 1551 nos
3609 1512 3793 1551 evan-

2126 1582 2372 1655 gelicam
2405 1588 2461 1638 et
2493 1582 2875 1654 apostolicam
2906 1584 3344 1639 considerantes
3375 1584 3792 1640 auctoritatem

2128 1688 2243 1727 non
2277 1679 2569 1742 questum
2605 1672 3012 1743 pecuniarum,
3048 1673 3151 1729 sed
3187 1671 3420 1729 lucrum
3455 1678 3792 1745 quaerentes

448 1747 882 1834 Scimus‘sacra
906 1778 1252 1834 auctoritate
1291 1778 1597 1850 scriptum,
1631 1780 1733 1851 qui
1786 1797 2019 1836 excom-
2050 1747 2097 1813 Β
2129 1760 2484 1851 animi‘rumg
2506 1760 2829 1816 δίθίυίωυθ
2856 1767 2916 1851 9t
2946 1761 3391 1851 θοηβῗωδφυεν
3419 1766 3486 1817 οι
3543 1763 3593 1817 εί
3651 1762 3794 1834 ειυῑε

376 1866 677 1922 municato
747 1866 1287 1932 communicaverit,
1337 1869 1897 1925 excommunicetur.
1956 1873 2019 1925 ln

377 1956 488 2010 hoc
537 1972 645 2011 nos
695 1956 950 2010 fatemur
996 1955 1276 2027 episcopi,
1308 1961 1366 2011 et
1409 1958 1753 2030 presbyteri,
1797 1964 1854 2015 et
1907 1959 2023 2015 cle-

377 2043 482 2098 rici
542 2044 852 2115 pmnaliter
882 2059 1175 2115 peccasse,
1209 2045 1365 2116 quod
1424 2045 1483 2101 in
1537 2052 1839 2118 posterum
1910 2053 2023 2104 Deo

375 2130 714 2201 auxiliante,
747 2136 805 2187 et
835 2132 1148 2188 emendare
1178 2136 1235 2188 et
1265 2133 1480 2189 evitare
1510 2136 1786 2206 cupimus
1808 2140 1864 2191 et
1884 2153 2023 2209 prea-

376 2218 653 2292 cipimus.

368 2308 505 2364 CAP.
538 2308 665 2365 118.
697 2338 767 2350 -
821 2309 897 2365 De
949 2310 1140 2366 eadem
1198 2327 1283 2435 reﬂ}
1345 2317 1434 2368 Ex
1506 2312 1694 2370 eodem
1768 2315 2023 2382 concilio,

1096 2398 1218 2435 εαυ.
1294 2425 1305 2435 .

1096 2398 1218 2453 cap.
1252 2398 1305 2437 '1.

443 2467 672 2524 Placuit
718 2472 934 2524 sanctae
972 2470 1217 2541 synodo,
1243 2470 1400 2527 hunc
1430 2489 1683 2529 errorem
1717 2474 1883 2546 quasi
1914 2474 2023 2530 im-

370 2556 537 2629 pium
561 2557 634 2613 ab
656 2556 915 2614 Ecclesia
936 2575 1226 2628 amovere,
1254 2560 1397 2631 quia
1418 2561 1745 2618 animarum
1768 2580 1966 2619 curam
1992 2581 2025 2621 a

370 2641 620 2699 Domino
651 2644 1009 2717 accepimus,
1044 2663 1158 2700 non
1195 2648 1597 2718 pecuniarum.
1634 2650 1773 2706 Inde
1802 2656 1858 2707 et
1896 2651 2025 2706 red-

370 2731 552 2788 dituri
569 2749 779 2789 sumus
801 2733 1049 2789 Domino
1075 2736 1447 2808 rationem,et
1473 2740 1763 2811 accepturi
1789 2745 2027 2812 propter

371 2837 545 2878 suam
576 2821 1039 2878 misericordiam
1083 2828 1360 2881 aeternam
1422 2827 1887 2898 retributionem,
1937 2829 2025 2885 vel

363 2910 593 2980 justam
622 2910 1074 2967 damnationem.

370 3015 501 3072 CAP.
534 3016 656 3089 119.
688 3046 755 3057 —-
787 3017 862 3072 De
889 3018 1182 3089 episcopis,
1212 3028 1273 3075 ut
1302 3036 1413 3076 non
1441 3021 1556 3077 sint
1586 3024 1798 3079 malum
1838 3040 2024 3082 exem-

579 3086 733 3157 plum
761 3086 979 3159 populo.
1017 3086 1102 3146 Ea:
1129 3086 1318 3147 eodem
1345 3095 1568 3162 concit.,
1600 3111 1718 3167 cap.
1751 3096 1804 3150 8.

444 3175 673 3231 Bonum
705 3178 1037 3249 exemplum
1061 3180 1295 3251 populis
1323 3181 1549 3251 scipsos
1581 3185 2017 3256 episcopietsa-

372 3265 638 3320 cerdotes
669 3265 885 3321 debent
923 3267 1202 3337 praebere,
1236 3274 1293 3325 et
1324 3272 1626 3329 ostendero
1660 3290 1775 3329 non
1828 3275 2016 3331 solum

371 3353 568 3421 dictis,
601 3370 801 3410 verum
832 3360 889 3410 et
913 3357 1352 3429 factis.Pr0pter
1372 3359 1479 3415 hoc
1500 3361 1654 3416 enim
1679 3364 2017 3431 statuimus,

375 3444 618 3499 minime
651 3461 916 3516 unquam
950 3445 1007 3500 in
1044 3452 1344 3518 posterum
1374 3455 1576 3505 contra
1606 3468 1772 3507 sacra
1797 3458 2021 3509 statuta

375 3531 571 3604 aliquo
637 3533 809 3589 modo
890 3536 1395 3593 communicemus
1473 3542 2016 3611 excommunicatis,

376 3621 772 3691 dijudicamus
794 3627 851 3678 et
872 3626 1586 3699 nosmetipsos,quatenus
1604 3631 1661 3685 in
1688 3632 1883 3689 futuro
1907 3651 2022 3690 non

370 3709 770 3781 judicemura
805 3712 1053 3767 Domino
1106 3716 1151 3781 (Ι
1179 3714 1299 3770 Cor.
1356 3717 1456 3788 x1).
1517 3719 1694 3789 Sequi
1750 3721 2025 3793 cupimus

383 3797 540 3854 dicta
551 3802 609 3853 et
630 3803 849 3856 statuta
868 3801 1056 3857 sancti
1077 3801 1337 3875 Gregorii
1361 3812 1607 3877 papae,et
1624 3810 2023 3880 paenitentiam

379 3885 619 3958 dignam
653 3904 823 3956 agere
851 3890 1125 3944 volumus
1156 3898 1377 3948 secrete
1403 3894 1458 3949 in
1487 3899 1862 3962 monasterio,
1888 3901 2027 3971 quia

374 3974 611 4049 publice
630 3976 1103 4047 nequivimus,in
1128 3981 1443 4053 tuturoque
1465 3985 1738 4053 prindicta
1754 3988 2027 4044 omnibus

375 4064 589 4135 modis,
620 4064 739 4121 Deo
771 4067 1053 4137 prepitio,
1086 4069 1271 4124 vitare
1301 4069 1593 4129 volumus.
1626 4073 2027 4147 Eamdemque

374 4152 565 4226 legem
597 4159 924 4211 statuentes
946 4157 1326 4230 presbyteris,
1359 4160 1704 4219 diaconibus
1752 4171 1810 4220 et
1865 4166 2028 4221 omni

377 4240 551 4311 clero,
585 4243 633 4299 si
665 4245 736 4299 de
766 4246 953 4316 gradu
985 4246 1197 4318 deponi
1230 4247 1545 4317 noluerint,
1570 4255 1635 4306 ut
1656 4252 1905 4309 fideliter
1922 4254 2026 4310 ob-

380 4336 637 4398 servent,
668 4341 721 4386 et
748 4331 879 4388 aliis
911 4348 1142 4391 servare
1172 4338 1509 4408 praedicent.

382 4437 518 4493 CAP.
552 4438 673 4491 1'20.
703 4468 775 4479 —
802 4443 891 4517 .De
913 4444 1267 4517 correctione
1322 4448 1700 4517 episcoporum

457 4508 949 4633 cﬁcommungcatis
978 4508 1529 4572 communicaucrini.
1560 4520 1643 4574 Ea:
1670 4536 1731 4575 eo

457 4594 507 4633 οι
534 4593 606 4633 to.
636 4596 760 4633 can.
832 4623 845 4633 .

454 4593 606 4646 cuto,
636 4596 760 4650 cap.
792 4593 845 4635 υ.

456 4666 815 4724 Auctoritate
828 4670 1149 4740 apostolica
1170 4671 1643 4734 ﬁrmamusdicta
1665 4682 1722 4733 et
1741 4684 2029 4752 praecepta

386 4761 725 4811 sanctorum
741 4774 1053 4830 canonum,
1078 4766 1135 4816 et
1156 4761 1586 4838 interdicimus,
1610 4769 1871 4839 quandiu
1895 4772 2028 4841 quis

382 4845 926 4902 excommunicatus
976 4849 1077 4914 sit,
1129 4850 1327 4907 nullus
1385 4862 1719 4913 nostrorum
1798 4858 2026 4930 episco-

384 4948 592 5004 porum
650 4935 702 4990 ei
750 4936 964 4991 audeat
1020 4942 1478 5010 communicare,
1514 4944 1599 5000 vel
1645 4963 1778 5002 cum
1848 4964 1913 5004 eo
1966 4949 2025 5003 in

381 5020 624 5077 ecclesia
645 5039 830 5080 orare.
852 5024 923 5079 Et
939 5024 1074 5080 laici
1097 5027 1196 5096 qui
1221 5030 1402 5084 secuti
1429 5039 1569 5087 sunt
1592 5052 1718 5104 nos,
1744 5041 1807 5091 ut
1826 5039 2028 5094 dicunt

381 5111 630 5166 errando
661 5117 720 5167 et
748 5113 1047 5183 sequendo
1077 5130 1185 5171 nos
1205 5118 1396 5184 modo,
1425 5136 1531 5175 nos
1554 5128 1749 5178 autem
1777 5130 2029 5181 nosmet-

1804 4537 1856 4575 m
1900 4537 2027 4577 εστι·

382 5200 546 5272 ipsos
574 5217 676 5272 per
705 5202 1108 5273 pmnitentiam
1151 5212 1517 5263 macerantes
1576 5212 1940 5283 corrigendo,
1970 5221 2028 5269 et

382 5290 534 5345 viam
567 5290 653 5346 eis
684 5290 812 5346 vitae
845 5292 1230 5363 prmdioantes
1262 5300 1319 5350 et
1348 5297 1693 5369 aperientes,
1729 5306 1790 5356 ut
1820 5302 2026 5374 resipi-

384 5384 555 5435 scant
585 5397 618 5436 a
648 5380 865 5437 diaboli
899 5379 1125 5453 laqueis
1157 5385 1228 5449 (ll
1261 5384 1393 5440 Tim.
1428 5388 1513 5455 ιι),
1572 5404 1605 5442 a
1654 5388 1868 5460 quibus
1927 5408 2028 5463 per

386 5472 584 5523 nostra
604 5469 757 5526 mala
783 5471 1048 5542 exempla
1075 5473 1231 5544 capti
1262 5480 1557 5547 tenentur,
1588 5478 1658 5533 ad
1682 5495 1875 5536 veram
1898 5498 2024 5539 ma-

386 5558 533 5609 trem
566 5556 879 5615 Ecelesiam
914 5577 1014 5630 per
1044 5562 1448 5633 paenitentiam
1483 5571 1863 5624 revertantur.

1788 4450 1850 4503 ui
1904 4465 2104 4551 cumD

2130 1854 2263 1922 post
2295 1850 2441 1905 hanc
2472 1850 2653 1921 hujus
2683 1848 2871 1905 sancti
2901 1848 3134 1905 concilii
3159 1850 3558 1906 definitionem
3578 1850 3791 1906 inven-

2133 1942 2229 1994 tus
2259 1938 2433 1994 fuerit
2463 1938 2797 2010 corrupisse
2823 1938 2896 1994 ab
2930 1938 3220 2010 episcopis
3252 1939 3514 1994 bannum
3549 1939 3798 2010 imposi-

2130 2031 2280 2091 tum,
2313 2028 2382 2080 40
2415 2026 2621 2082 diebus
2650 2027 3038 2099 castigatione
3068 2026 3441 2099 corripiatur,
3468 2032 3708 2083 tantum
3728 2026 3791 2082 in

2131 2131 2305 2188 pane,
2338 2114 2460 2171 sale
2492 2120 2549 2170 et
2580 2132 2752 2187 aqua.

2130 2224 2265 2281 CAP.
2302 2222 2427 2295 122.
2460 2253 2528 2263 -
2562 2224 2669 2295 Pro
2699 2224 2897 2293 quibus
2922 2226 3119 2279 causis
3157 2225 3455 2295 quemlibet
3510 2224 3795 2281 hominem

2203 2294 2582 2419 anathscomatis
2608 2294 2827 2351 vinculo
2858 2296 3025 2366 ligari
3051 2294 3315 2368 Oporteat.
3330 2298 3411 2351 Ea:
3429 2298 3617 2353 eodem
3637 2313 3792 2354 conc.

2203 2382 2327 2419 can.
2438 2406 2450 2419 .

2203 2382 2327 2437 cap.
2360 2382 2450 2420 ou.

2205 2454 2315 2527 (11,
2351 2472 2408 2526 q.
2440 2454 2496 2524 3,
2530 2470 2581 2509 c.
2619 2453 2839 2510 Certum
2869 2456 2994 2528 est.)
3026 2456 3349 2523 Quaesitum
3378 2460 3470 2513 est
3498 2456 3560 2513 in
3582 2458 3791 2513 eadem

2133 2543 2380 2616 synodo,
2405 2559 2507 2615 pro
2531 2542 2748 2614 quibus
2769 2545 2969 2601 causis
2992 2544 3317 2617 quemlibet
3336 2544 3638 2602 hominem
3663 2546 3793 2617 epi-

2134 2630 2353 2703 scopali
2387 2630 2733 2687 auctoritate
2754 2632 2984 2689 vinculo
3009 2633 3588 2706 anathematisligari
3613 2651 3790 2707 opor-

2131 2725 2275 2777 teat.
2308 2724 2500 2792 Atque
2527 2721 2794 2777 unanimi
2828 2728 3175 2779 cunctorum
3234 2723 3529 2780 sententia
3585 2724 3792 2780 decre-

2136 2815 2261 2866 tum
2292 2813 2401 2875 est,
2435 2825 2539 2881 pro
2572 2808 2664 2865 his
2715 2810 2907 2866 tribus
2965 2810 3316 2869 criminibus
3368 2812 3493 2869 ﬁeri
3550 2812 3787 2883 debere,

2132 2913 2266 2955 cum
2326 2898 2397 2953 ad
2458 2899 2747 2970 synodum
2808 2902 3087 2957 canonice
3130 2903 3339 2973 jussus
3396 2902 3594 2958 venire
3646 2919 3792 2957 con-

2133 2987 2364 3055 temnit,
2396 2991 2500 3042 aut
2525 2991 2830 3059 postquam
2867 2989 3006 3046 illuc
3039 2991 3263 3047 venerit
3319 2990 3791 3048 sacerdotalibus

2132 3075 2355 3148 respuit
2384 3076 2619 3132 obedire
2650 3079 2975 3151 praeceptis,
3008 3085 3109 3136 aut
3139 3085 3275 3136 ante
3304 3080 3534 3137 ﬁnitam
3595 3097 3790 3137 causa:

2130 3182 2249 3221 suis
2280 3166 2773 3223 examinationem
2805 3185 2838 3224 a
2868 3169 3090 3242 synodo
3124 3170 3413 3243 profugus
3444 3170 3604 3227 abire
3634 3187 3793 3244 prse-

2129 3256 2335 3313 sumit.

2129 3365 2265 3422 CAP.
2295 3365 2418 3421 123.
2450 3397 2519 3409 -
2552 3371 2621 3425 De
2652 3368 2770 3424 illis
2799 3370 2899 3439 qui
2923 3370 3185 3440 rapinam
3216 3374 3267 3425 et
3286 3372 3509 3441 furtum
3524 3385 3785 3427 exercue-

2450 3441 2587 3498 rint.
2620 3442 2704 3497 Es:
2733 3442 2918 3497 eodem
2947 3443 3185 3498 concilio
3211 3458 3333 3514 cap.
3367 3442 3459 3498 31.

2206 3529 2722 3603 Tranquillitatem
2764 3534 2982 3587 sancta
3016 3532 3113 3587 Dei
3150 3531 3415 3587 Ecclesiae
3446 3531 3783 3604 inquietari,

2130 3621 2188 3673 et
2216 3635 2421 3690 pacem
2454 3622 2775 3677 fraternam
2833 3620 3097 3676 infestari
3154 3625 3450 3677 testantur
3506 3622 3670 3679 fures
3726 3626 3783 3678 et

2129 3705 2407 3779 latrones,
2441 3710 2542 3782 qui
2576 3708 2882 3765 ambulant
2911 3709 3064 3765 inter
3079 3726 3187 3765 nos
3207 3710 3377 3765 ovina
3397 3709 3546 3783 pelle
3569 3711 3780 3767 obum-

2132 3796 2308 3866 brati,
2357 3800 2457 3855 sed
2508 3798 2713 3870 lupina
2753 3804 2948 3855 mente
2998 3800 3279 3855 recedunt
3324 3799 3587 3870 alienati,
3631 3818 3781 3857 saeva

2132 3892 2323 3943 mente
2344 3905 2436 3943 res
2457 3888 2833 3944 ecclesiarum
2856 3887 3094 3944 adducti
3114 3889 3432 3961 rapientes,
3455 3894 3513 3945 et
3537 3905 3776 3963 gregem

2133 3975 2505 4032 Dominicum
2520 3976 2828 4049 spoliando
2842 3976 3186 4034 lacerantes.
3201 3980 3274 4034 De
3291 3979 3509 4050 quibus
3522 3978 3789 4035 Salvator

2133 4064 2193 4118 in
2212 4065 2522 4137 Evangelio
2545 4072 2967 4122 commemorat
2990 4083 3002 4121 :
3030 4067 3136 4134 Qui
3157 4084 3267 4123 non
3282 4070 3452 4123 intrat
3468 4084 3574 4139 per
3586 4068 3789 4124 ostium

2133 4151 2195 4209 in
2224 4156 2365 4211 ovile
2393 4157 2598 4223 ovium,
2632 4157 2729 4211 ille
2757 4159 2853 4227 fur
2882 4161 2961 4211 est
2990 4165 3042 4212 ct
3073 4155 3217 4212 latro
3248 4158 3433 4229 (Joan.
3466 4160 3545 4225 ι).
3594 4162 3790 4230 Atque

2134 4244 2471 4315 subjunxit:
2505 4248 2618 4300 Fur
2645 4260 2756 4301 non
2788 4247 2940 4301 venit
2971 4246 3086 4301 nisi
3113 4255 3175 4301 ut
3198 4246 3451 4319 furetur,
3485 4252 3537 4302 et
3565 4256 3787 4317 mactet,

2132 4334 2183 4387 et
2207 4332 2407 4403 perdat
2437 4333 2642 4403 (ibid).
2674 4333 2783 4391 Ubi
2816 4334 3085 4406 quamvis
3118 4334 3423 4391 haereticos
3452 4335 3555 4406 qui
3604 4337 3781 4391 ﬁdem

2135 4421 2686 4478 furenturEcclesiaa
2700 4422 3193 4495 designet,tamen
3208 4423 3575 4480 insecutione
3587 4425 3787 4480 furum

2136 4513 2194 4565 et
2224 4509 2512 4566 latronum
2535 4513 2829 4567 turbatam
2856 4518 3145 4573 monstrat
3166 4529 3369 4583 pacem
3392 4512 3787 4569 Ecclesiarum

2136 4597 2217 4652 De
2245 4596 2463 4653 talibus
2497 4598 2813 4669 Apostolus
2843 4600 2913 4653 ad
2948 4599 3390 4671 Philippenses:
3427 4600 3789 4657 Videtecanes

2134 4685 2313 4741 uidete
2340 4688 2511 4742 malos
2544 4689 2826 4759 operarios
2877 4689 3104 4760 (Philip.
3162 4690 3268 4759 ιιι).
3329 4689 3501 4745 Canes
3555 4692 3790 4746 vocavit

2136 4775 2236 4845 qui
2270 4791 2383 4830 non
2421 4776 2637 4831 habent
2664 4778 3073 4832 verecundiam
3102 4794 3114 4833 :
3146 4778 3313 4833 Malos
3358 4780 3643 4849 aperarios
3687 4781 3785 4850 qui

2140 4862 2297 4917 nulla
2328 4865 2549 4920 faciunt
2580 4882 2706 4935 quin
2747 4865 2943 4936 pietati
2978 4866 3352 4922 conveniunt.
3385 4868 3454 4922 Et
3500 4867 3787 4923 Dominus

2135 4967 2239 5022 per
2267 4952 2479 5008 Isaiam
2512 4953 2857 5025 prophetam
2885 4972 2897 5011 :
2931 4955 3042 5026 Ego
3071 4956 3333 5011 Dominus
3361 4955 3601 5027 diligens
3630 4957 3784 5029 judi-

2133 5041 2305 5109 cium,
2337 5050 2391 5097 et
2419 5042 2543 5098 odio
2573 5043 2774 5099 habens
2804 5045 3074 5115 rapinam
3105 5046 3233 5114 (lsa.
3267 5047 3403 5111 LXI).
3455 5044 3622 5101 Unde
3680 5062 3783 5101 nos

2136 5144 2263 5200 quea
2291 5129 2580 5186 Dominus
2603 5130 2797 5201 diligit
2822 5132 3155 5203 diligentes,
3188 5139 3247 5189 et
3293 5148 3417 5204 quae
3474 5133 3598 5190 odit
3654 5134 3782 5190 odio

2136 5217 2443 5285 habentes,
2478 5220 2797 5277 statuimus
2828 5227 2886 5276 et
2909 5222 3277 5291 judicamus,
3312 5228 3378 5278 ut
3410 5224 3458 5278 si
3493 5222 3628 5294 quis
3660 5232 3785 5296 post

2134 5306 2257 5363 haec
2277 5307 2610 5378 evangelica
2629 5313 2685 5364 et
2712 5310 3228 5380 apostolica,atque
3252 5311 3595 5383 prophetica
3610 5312 3783 5368 verba

2135 5400 2192 5451 et
2220 5396 2617 5452 definitionem
2652 5398 3041 5469 pacatissimo:
3072 5400 3280 5472 synodi
3309 5399 3587 5457 inventus
3610 5402 3782 5458 fuerit

2134 5485 2354 5541 furtum
2403 5490 2505 5541 aut
2551 5487 2817 5559 rapinam
2870 5504 3156 5558 exercere,
3191 5493 3247 5544 et
3303 5490 3432 5561 ipso
3486 5490 3777 5548 diabolico

2137 5577 2273 5629 actu
2329 5580 2578 5633 mortem
2637 5580 2897 5633 meretur
2946 5577 3265 5646 incurrere,
3299 5577 3500 5636 nullus
3560 5593 3667 5649 pro
3714 5595 3781 5635 eo
