3948 6072
398 241 504 296 859

1485 242 1552 292 D.
1594 236 1836 292 IVONIS
1872 233 2374 289 CARNOTENSIS
2410 235 2734 290 ΕΡῙΒΟΟΡΙ

3725 231 3850 286 860

396 365 603 423 cerdos
632 364 919 421 invitatus
935 364 1114 436 venit,
1129 378 1448 438 oppressus
1477 362 1820 418 infirmitate
1849 361 2054 417 obmu-
2083 359 2136 427 Α
2167 359 2494 416 Juvenibus
2517 363 2713 416 autem
2735 358 3077 432 poenitentia
3090 373 3206 414 non
3220 357 3847 415 facilecommittenda

395 455 598 523 tuerit,
625 454 715 512 vel
741 454 800 509 in
826 453 1141 527 phrenesin
1172 470 1378 509 versus
1410 452 1603 520 fuerit,
1628 453 1768 507 dent
1787 450 2052 506 testimo-

398 545 565 600 nium
599 544 700 617 qui
732 561 866 600 eum
911 543 1224 609 audierint,
1258 547 1316 598 et
1342 542 1593 614 accipiat
1624 540 2052 614 paenitentiam.

398 635 470 690 Et
494 634 543 690 si
567 634 845 690 continuo
867 632 1126 688 creditur
1151 631 1497 695 moriturus,
1522 630 1933 687 reconcilietur
1953 643 2056 700 per

399 740 614 780 manus
647 723 1107 796 impositiouem,
1126 727 1182 777 et
1208 721 1557 776 infundatur
1577 721 1662 777 ori
1682 721 1810 792 ejus
1839 719 2053 775 eucha-

399 814 587 870 ristia.
621 814 679 868 Si
728 811 1135 883 supervixerit,
1181 811 1650 874 admoneatura
1699 807 2056 881 supradictis

398 903 651 959 testibus
682 902 950 974 petitioni
983 919 1101 956 suae
1133 901 1531 967 satisfactum,
1551 904 1608 954 et
1629 899 1918 954 subdatur
1938 902 2058 952 sta-

395 992 538 1046 tutis
561 989 918 1063 pcenitentite
940 989 1192 1062 legibus,
1219 989 1484 1061 quandiu
1504 987 1798 1058 sacerdos,
1819 986 1919 1058 qui
1943 1002 2056 1058 pce-

399 1081 709 1136 nitentiam
743 1080 927 1144 dedit,
954 1078 1308 1151 probaverit.

398 1183 532 1238 CAP.
561 1181 616 1236 9.
643 1210 712 1220 —
760 1180 834 1234 De
883 1177 1302 1247 panitentibus,
1349 1184 1410 1233 ut
1458 1176 1519 1231 in
1565 1184 1740 1232 morte
1794 1177 2060 1232 viaticum

646 1251 947 1323 accipiant.
989 1252 1073 1304 Ex
1101 1248 1286 1304 eodem
1312 1248 1534 1314 concil.,
1567 1265 1687 1322 cap.
1716 1248 1807 1304 77.

467 1340 828 1397 Poenitentes
859 1338 958 1410 qui
993 1339 1051 1394 in
1083 1338 1425 1394 infirmitate
1461 1342 1619 1407 sunt,
1652 1337 1930 1394 viaticum
1962 1353 2060 1394 ac-

400 1430 450 1486 ci
460 1431 644 1503 piant.

394 1520 531 1576 CAP.
568 1521 653 1577 10.
675 1550 741 1559 —
763 1519 836 1575 De
856 1516 1258 1589 paenitentibus
1288 1517 1339 1572 si
1365 1524 1483 1587 post
1510 1516 1778 1572 viaticum
1805 1518 2058 1588 supervi-

717 1593 870 1647 vant.
899 1592 988 1644 Ea:
1010 1589 1198 1645 eodem
1227 1589 1462 1656 concil.,
1494 1605 1614 1660 cap.
1646 1589 1736 1644 78.

469 1679 820 1735 Pmnitentes
853 1678 954 1750 qui
988 1678 1048 1733 in
1082 1677 1436 1732 inﬁrmitate
1482 1676 1759 1732 viaticum
1792 1677 2058 1732 euchari-

402 1768 527 1825 stiaa
559 1767 906 1838 acceperint,
932 1783 1046 1822 non
1075 1782 1138 1822 se
1162 1766 1404 1820 credant
1433 1765 1734 1822 absolutos
1772 1766 1901 1822 sine
1930 1783 2053 1823 ma-

398 1875 512 1914 nus
541 1856 940 1928 impositione,
977 1855 1026 1910 si
1059 1853 1505 1926 supervixerint.

395 1954 533 2010 CAP.
569 1956 654 2010 11.
709 1984 777 1994 —-
835 1954 910 2007 De
967 1952 1364 2027 penitentibus
1417 1954 1470 2008 si
1522 1954 1883 2027 casualiquo
1935 1971 2051 2011 mo-

694 2026 940 2080 riantur.
973 2024 1057 2078 Ea:
1090 2023 1282 2079 eodem
1308 2040 1483 2093 c0110.,
1514 2041 1634 2096 cap.
1665 2025 1754 2081 79.

469 2113 562 2186 (26
608 2130 666 2186 q.
697 2115 754 2182 7,
804 2131 853 2169 ο.
904 2101 1160 2169 Sacerdos
1211 2115 1642 2184 paenitentiam.)
1699 2114 2050 2171 Pasnitentes

401 2203 502 2274 qui
527 2207 746 2258 attente
767 2202 921 2273 leges
946 2201 1295 2274 paenitentiae
1320 2208 1741 2274 exsequuntur,
1757 2204 1806 2259 si
1827 2220 1966 2259 casu
1990 2204 2048 2258 in

395 2291 606 2348 itinere
626 2291 716 2347 vel
741 2290 800 2346 in
825 2292 972 2347 mari
997 2291 1211 2346 mortui
1245 2291 1480 2358 fuerint,
1508 2292 1608 2347 ubi
1639 2293 1722 2348 eis
1754 2293 2049 2348 subveniri

393 2397 512 2436 non
536 2379 746 2451 possit,
767 2378 1051 2435 memoria
1083 2395 1286 2435 eorum
1318 2384 1375 2434 et
1405 2379 1772 2435 orationibus
1801 2383 1859 2435 et
1889 2379 2045 2436 obla-

393 2469 656 2524 tionibus
687 2469 1152 2524 commendetur.

393 2569 526 2624 CAP.
564 2567 650 2622 12.
683 2567 850 2641 —§_Ut
873 2569 1198 2641 ptgnitentes
1228 2571 1472 2623 mortuos
1520 2569 1748 2639 efferant
1791 2572 1842 2625 et
1889 2585 2048 2641 sepe-

728 2638 886 2695 liant.
923 2639 1004 2694 Ea:
1034 2638 1220 2696 eodem
1249 2655 1426 2710 conc.,
1456 2638 1575 2711 cap.
1608 2640 1698 2696 81.

462 2728 724 2784 Mortuos
772 2727 1028 2784 ecclesias
1080 2729 1430 2802 pmnitentes
1479 2729 1724 2786 efferant
1769 2733 1828 2786 et
1882 2745 2047 2803 sepe-

391 2815 560 2872 liant.

390 2904 526 2960 CAP.
555 2903 640 2960 13.
663 2935 731 2945 —
757 2905 821 2962 Ut
847 2906 1173 2978 paenitentes
1209 2921 1421 2978 semper
1467 2921 1650 2974 genua
1691 2908 1930 2977 ﬂectant.
1963 2911 2047 2964 Ea:

881 2976 1067 3034 eodem
1109 2993 1282 3046 conm,
1312 2976 1430 3050 cap.
1462 2978 1551 3033 82.

461 3063 821 3120 Pcsnitentes
853 3063 1031 3120 etiam
1063 3066 1274 3121 diebus
1324 3066 1694 3123 remissionis
1724 3082 1914 3139 genus.
1942 3069 2043 3123 fle-

389 3156 574 3209 otant.

387 3245 520 3297 CAP.
557 3242 646 3298 14.
697 3272 765 3282 -
818 3243 894 3325 l_]t_
927 3243 1259 3325 paenitentia
1306 3243 1625 3325 conf-agatis.
1662 3259 1775 3325 npn
1821 3246 1934 3325 nisi
1981 3262 2050 3302 ex

455 3328 719 3440 conseiziéu
809 3313 991 3370 detur.
1083 3315 1167 3370 Ex
1258 3313 1497 3371 concilio
1589 3317 1903 3373 Arelatensi
1974 3335 2047 3390 ιι,

455 3401 581 3457 cap.
690 3429 701 3442 .

459 3473 570 3545 (33,
597 3491 654 3546 q.
677 3474 732 3544 4,
757 3491 807 3529 c.
827 3475 1263 3546 Paenitentiam.)
1289 3475 1693 3533 Pcenitentiam
1717 3477 2048 3552 conjugatis

391 3579 508 3619 non
541 3563 658 3618 nisi
691 3579 759 3619 ex
792 3580 1084 3621 consensu
1117 3565 1394 3621 dandam.

389 3667 524 3724 CAP.
557 3668 645 3726 15.
681 3699 750 3711 --
783 3674 862 3725 De
890 3673 1160 3742 apostatis
1188 3684 1241 3727 si
1269 3687 1380 3728 non
1408 3675 1816 3730 revertuuntur.
1848 3675 1932 3731 Ex
1961 3691 2050 3733 eo-

915 3743 1035 3798 dem
1065 3759 1241 3813 conc.,
1273 3759 1396 3814 cap.
1426 3745 1520 3799 25.

456 3828 524 3884 Hi
557 3829 659 3901 qui
694 3833 827 3902 post
857 3837 1124 3887 sanctam
1151 3831 1454 3902 religionis
1476 3833 1901 3905 professionem
1919 3852 2055 3908 apo-

389 3920 634 3987 statant,
665 3923 723 3975 et
744 3920 816 3974 ad
841 3919 1121 3976 saeculum
1154 3921 1424 3989 redeunt,
1443 3925 1501 3977 et
1519 3925 1897 3993 postmodum
1931 3941 2051 3996 pm-

389 4007 652 4064 nitentim
702 4009 964 4066 remedia
1009 4026 1126 4065 non
1181 4010 1511 4081 requirunt,
1545 4011 1672 4066 sine
1711 4012 2052 4083 pcenitentia

393 4097 870 4154 communionem
900 4098 1136 4170 penitus
1168 4115 1283 4154 non
1317 4098 1626 4171 accipiant.
1672 4100 1827 4164 Quos
1871 4101 2047 4158 etiam

378 4187 665 4259 jubemus
697 4189 767 4244 ad
800 4187 1112 4245 clericatus
1140 4189 1398 4244 ofﬁcium
1432 4204 1547 4244 non
1572 4189 1902 4246 admitti.Et
1924 4192 2050 4263 qui-

390 4293 624 4348 cunque
656 4277 752 4332 ille
783 4277 880 4349 sit,
903 4282 1036 4349 post
1065 4277 1469 4351 prenitentiam
1503 4277 1772 4335 habitum
1805 4281 2046 4338 saecula-

387 4380 510 4420 rem
545 4381 660 4420 non
687 4371 1039 4437 praesumat;
1067 4367 1222 4439 quod
1246 4369 1297 4424 si
1318 4369 1757 4440 praesumpserit
1777 4369 1850 4426 ab
1869 4371 2045 4428 eccle-

383 4452 475 4508 sia
505 4451 732 4510 alienus
757 4454 1066 4511 habeatur.

382 4541 516 4598 CAP.
550 4541 637 4596 16.
672 4573 740 4584 —-
769 4545 844 4599 De
874 4544 1093 4620 clericis
1134 4547 1535 4620 paenitentiam
1586 4549 1915 4620 petentibus.
1969 4549 2050 4606 Ex

864 4617 1072 4672 concil.
1105 4617 1327 4689 Araus.,
1359 4635 1480 4691 cap.
1515 4620 1567 4674 4.

453 4700 867 4758 Pmnitentiam
898 4704 1379 4762 desiderantibus
1401 4707 1631 4764 clericis
1655 4698 2047 4781 [etiam,orig.]

382 4806 500 4846 non
535 4792 888 4862 negandam.

379 4888 515 4946 CAP.
554 4889 648 4967 17._
675 4919 755 4967 -.
774 4889 1026 4967 Qualiter
1071 4891 1306 4967 majores
1349 4892 1740 4967 paenitentiam
1768 4896 2048 4967 accipiant

450 4976 572 5030 qum
628 4960 945 5034 iunioribus
1003 4977 1113 5034 non
1154 4960 1787 5034 facite'committenda
1837 4960 1931 5024 est.
1967 4970 2048 5024 Ea:

446 5046 598 5087 conc.
629 5033 858 5105 Agath.,
889 5049 1013 5104 cap.
1045 5033 1136 5087 25.

449 5121 726 5190 (Dist.50,
757 5138 806 5177 c.
839 5121 1220 5188 Paznitentes.)
1253 5121 1607 5180 Pmnitentes
1639 5129 1900 5198 tempore
1929 5143 2044 5200 quo

381 5209 786 5282 paenitentiam
818 5215 1045 5284 petunt,
1082 5211 1522 5283 impositiouem
1559 5221 1942 5287 manuum,et
1963 5216 2044 5272 ci-

377 5299 582 5357 licium
615 5317 794 5373 super
816 5301 1008 5374 capita
1037 5319 1070 5357 a
1101 5301 1404 5358 sacerdote
1449 5302 1627 5373 (sicut
1656 5305 1870 5376 ubique
1900 5323 2042 5362 eon-

380 5391 656 5446 stitutum
688 5392 800 5464 est)
832 5394 1288 5464 consequantur.
1327 5391 1387 5446 Si
1434 5399 1629 5448 autem
1683 5410 1877 5450 comas
1927 5413 2043 5452 non

380 5477 784 5549 deposuerint,
815 5484 916 5538 aut
944 5481 1295 5538 vestimenta
1327 5498 1443 5538 non
1477 5483 1855 5554 mutaverint,
1892 5485 2042 5558 abji-

381 5562 632 5623 ciantur.
652 5568 720 5626 Et
741 5569 853 5627 nisi
886 5571 1059 5643 digne
1092 5569 1496 5644 pcenituerint,
1525 5588 1640 5629 non
1663 5573 2040 5647 recipiantur.

2163 453 2272 516 est,
2324 453 2562 521 propter
2604 448 2791 504 aetatis
2839 447 3239 520 fragilitatem.
3292 446 3579 504 Viaticum
3621 451 3842 504 tamen

2163 538 2442 594 omnibus
2474 538 2532 592 in
2566 542 2756 593 morte
2787 537 2998 609 positis
3030 553 3146 592 non
3179 536 3538 608 negandum.

2163 639 2295 691 CAP.
2333 636 2423 691 18.
2447 666 2517 676 —
2538 634 2598 690 Si
2616 635 2910 706 presbyter
2936 642 3034 690 aut
3063 633 3322 707 diaconus
3339 649 3438 704 pro
3459 641 3618 690 reatu
3637 635 3843 707 aliqua

2236 707 2303 762 ab
2352 705 2695 762 eucharistia
2751 723 2809 762 se
2859 705 3229 778 suspenderit.
3272 707 3576 763 Exconcil.
3611 705 3842 778 Δια-ἐι,

2235 794 2358 848 cap.
2391 780 2424 832 8
2455 779 2662 849 (Aurel.
2693 794 2843 834 conc.
2878 794 2919 844 ι,
2949 795 2997 833 c.
3033 778 3140 849 14).

2239 868 2400 938 (Dist.
2429 868 2520 936 81,
2543 883 2590 922 c.
2613 866 2675 924 Si
2694 867 3004 936 diaconus.)
3043 866 3102 922 Si
3135 865 3417 923 diaconus
3447 871 3550 922 aut
3581 867 3840 941 presby-

2171 962 2257 1014 ter
2287 973 2389 1028 pro
2421 962 2584 1012 reatu
2604 973 2712 1012 suo
2735 973 2794 1012 se
2815 956 2887 1012 ab
2913 955 3115 1012 altaris
3135 955 3553 1012 communione
3572 957 3690 1012 sub
3717 975 3840 1029 pce-

2167 1046 2412 1102 nitentis
2438 1046 2806 1102 confessione
2835 1044 3258 1112 submoverint,
3281 1044 3365 1101 sic
3396 1060 3637 1118 quoque
3655 1047 3712 1102 si
3733 1045 3838 1101 alii

2168 1135 2482 1205 defuerint,
2501 1138 2558 1191 et
2589 1151 2768 1191 causa
2796 1138 2962 1190 certe:
2994 1133 3365 1190 necessitatis
3403 1135 3688 1207 exoritur,
3724 1151 3835 1207 po-

2171 1227 2430 1280 scentem
2461 1223 2826 1296 baptismum
2859 1221 3031 1278 liceat
3061 1222 3378 1294 baptizare.

2169 1321 2300 1377 CAP.
2330 1321 2414 1375 19.
2439 1350 2508 1362 —
2555 1321 2629 1375 De
2657 1321 2742 1375 his
2769 1321 2869 1391 qui
2892 1319 3276 1392 pcenitentiam
3317 1325 3589 1392 poscunt:
3640 1322 3696 1376 si
3745 1322 3838 1376 vir

2240 1401 2340 1464 est,
2367 1391 2528 1463 prius
2560 1392 2846 1447 tondeatur
2864 1391 2901 1453 ,⁸⁷
2926 1394 2978 1447 si
3004 1391 3218 1462 femina
3239 1391 3401 1464 prius
3430 1392 3685 1449 habitum
3714 1410 3837 1448 mu-

2240 1468 2333 1520 tet.
2367 1468 2452 1520 Ex
2480 1479 2628 1520 conc.
2663 1465 2825 1520 Totet.
2859 1480 2946 1534 III,
2975 1479 3098 1535 cap.
3127 1465 3212 1520 12.

2242 1553 2589 1624 Quicunque
2620 1553 2693 1607 ab
2724 1551 3128 1624 episcopo,vel
3150 1551 3492 1626 presbytero
3520 1569 3712 1609 sanus
3741 1553 3832 1610 vel

2171 1643 2447 1698 inﬁrmus
2478 1640 2882 1714 paenitentiam
2915 1641 3197 1712 postulat,
3220 1642 3279 1698 id
3311 1646 3446 1698 ante
3476 1642 3684 1698 omnia
3707 1644 3832 1714 epi-

2087 1734 2134 1800 Β
2165 1747 2377 1804 scopus
2407 1731 2676 1787 observet
2704 1734 2760 1786 et
2790 1731 3128 1802 presbyter;
3155 1734 3222 1786 ut
3241 1729 3292 1786 si
3313 1731 3404 1786 vir
3425 1739 3533 1802 est,
3556 1731 3608 1787 si
3641 1748 3832 1788 sanus

2161 1819 2249 1876 vel
2282 1821 2578 1890 infirmus,
2611 1819 2776 1890 prius
2805 1835 2941 1874 eum
2972 1820 3232 1886 tondeat,
3273 1823 3377 1875 aut
3413 1820 3473 1875 in
3514 1820 3741 1888 cinere,
3776 1827 3831 1877 et

2160 1909 2347 1966 cilicio
2379 1909 2644 1965 habitum
2677 1911 2907 1964 mutare
2939 1908 3131 1976 faciat,
3163 1913 3222 1966 et
3259 1909 3342 1966 sic
3379 1910 3819 1981 paenitentiam,

2159 2000 2374 2054 tradat.
2407 1999 2464 2054 Si
2498 2015 2630 2054 vero
2663 1997 2876 2054 mulier
2905 1998 3098 2067 fuerit,
3127 2015 3242 2055 non
3262 1998 3512 2071 accipiat
3533 2001 3823 2072 pcnniten-

2157 2087 2324 2156 tiam,
2351 2087 2464 2142 nisi
2486 2088 2651 2159 prius
2673 2091 2774 2143 aut
2795 2086 2984 2143 velata
3009 2089 3203 2157 fuerit,
3228 2092 3330 2146 aut
3361 2090 3684 2145 mutaverit
3713 2089 3819 2146 ha-

2158 2177 2370 2233 bitum.
2404 2177 2629 2250 Saepius
2680 2176 2839 2232 enim
2870 2176 3038 2233 laicis
3067 2193 3203 2233 cum
3234 2177 3470 2234 feminis
3499 2178 3821 2235 tribuendo

2158 2266 2452 2322 desidiose
2505 2265 2942 2338 pmnitentiam,
3013 2266 3084 2322 ad
3154 2265 3530 2323 lamentenda
3579 2283 3822 2324 rursum

2159 2355 2421 2412 facinora
2451 2360 2585 2426 post
2615 2359 2914 2427 acceptam
2948 2355 3353 2428 pmnitentiam
3385 2354 3756 2412 relabuntur.

2154 2465 2292 2519 CAP.
2325 2462 2416 2516 20.
2449 2492 2518 2504 ——
2549 2463 2804 2531 Qualiter
2832 2462 2977 2533 lapsi
3007 2461 3237 2533 quilibet
3264 2461 3330 2518 de
3357 2461 3600 2530 clero,et
3620 2463 3680 2518 in
3697 2480 3818 2519 mo.

2226 2533 2532 2589 nasterium
2564 2549 2666 2604 pro
2694 2533 2903 2602 agenda
2927 2535 3261 2605 paenitentia
3305 2536 3471 2604 trusi,
3499 2541 3816 2592 sustentan-

2227 2610 2342 2660 tur.
2364 2677 2371 2678 ί
2392 2605 2694 2678 Gregorius
2744 2609 2908 2661 Petro
2961 2605 3294 2662 subdiacono
3353 2606 3473 2678 (lib.
3518 2623 3538 2661 1
3583 2609 3817 2677 Regist.,

2225 2677 2503 2838 ἵζᾉῖῗδ,
2527 2782 2575 2820 c.
2599 2766 2676 2820 De
2706 2765 2925 2838 lapsis.)
2950 2765 3029 2820 De
3058 2764 3243 2838 lapsis
3274 2766 3706 2836 sacerdotibus,
3726 2767 3812 2823 vel

2156 2853 2418 2926 quolibet
2447 2871 2516 2911 ex
2546 2852 2700 2911 clero
2732 2855 3043 2910 observare
3063 2858 3121 2911 te
3141 2855 3439 2926 volumus,
3463 2860 3529 2911 ut
3551 2858 3612 2912 in
3637 2859 3814 2913 rebus

2155 2958 2360 2999 eorum
2392 2943 2556 2999 nulla
2585 2943 3081 3000 contaminatione
3100 2944 3425 3016 miscearis,
3444 2946 3547 3001 sed
3566 2963 3816 3019 pauper-

2153 3031 2306 3088 rima
2337 3032 2631 3101 regularia
2664 3033 3018 3090 monasteria
3048 3033 3450 3107 require,qua3
3480 3038 3813 3092 secundum

2075 3109 2118 3176 C
2158 3124 2339 3178 Deum
2370 3122 2558 3178 vivere
2588 3125 2803 3192 sciunt,
2835 3128 2892 3178 et
2940 3123 2998 3178 in
3050 3123 3274 3180 eisdem
3327 3126 3711 3183 monasteriis
3742 3127 3813 3182 ad

2158 3211 2562 3284 penitentiam
2593 3210 2792 3284 lapsos
2815 3213 3005 3282 trade,
3036 3217 3094 3268 et
3141 3230 3234 3269 res
3284 3212 3586 3285 lapsorum
3636 3215 3697 3271 in
3749 3233 3814 3272 eo

2158 3298 2284 3355 loco
2316 3299 2646 3371 proficiant,
2680 3300 2740 3355 in
2781 3317 2897 3372 quo
2929 3316 3102 3373 agere
3133 3300 3532 3372 paenitentiam
3561 3303 3814 3359 tradun-

2156 3392 2275 3459 tur,
2307 3393 2601 3460 quatenus
2626 3388 2740 3460 ipsi
2772 3405 2840 3444 ex
2871 3389 3048 3446 rebus
3105 3406 3304 3446 eorum
3340 3391 3676 3448 subsidium
3707 3393 3811 3449 ha-

2157 3477 2474 3549 beant,qui
2507 3479 2576 3533 de
2606 3479 2969 3551 correptione
3000 3495 3203 3535 eorum
3227 3479 3690 3537 sollicitudinem
3711 3497 3810 3553 ge-

2158 3570 2318 3621 runt.
2349 3567 2408 3622 Si
2439 3582 2574 3622 vero
2605 3571 2878 3639 parentes
2901 3567 3136 3639 habent,
3169 3585 3260 3624 res
3290 3584 3493 3625 eorum
3528 3568 3808 3642 legitimis

2158 3656 2506 3727 parentibus
2537 3656 2771 3722 dentur,
2802 3655 2884 3712 ita
2912 3661 3133 3725 autem,
3168 3662 3234 3713 ut
3263 3674 3463 3714 eorum
3492 3658 3807 3731 stipendia,

2159 3743 2259 3816 qui
2287 3744 2344 3798 in
2368 3745 2772 3816 paenitentiam
2799 3745 2918 3801 dati
2944 3745 3809 3813 fuerint,suﬂicienterdebeant

2163 3833 2485 3904 procurari.
2517 3834 2573 3887 Si
2607 3834 2707 3905 qui
2736 3850 2869 3890 vero
2901 3850 2971 3891 ex
3001 3835 3227 3890 familia
3264 3835 3667 3893 ecclesiastica
3713 3855 3808 3894 sa-

2163 3922 2451 3988 cerdotes,
2501 3922 2589 3977 vel
2638 3922 2846 3992 levitae,
2878 3923 2969 3979 vel
3015 3923 3308 3989 monachi,
3339 3924 3428 3982 vel
3472 3924 3695 3996 clerici,
3724 3927 3810 3983 vel

2161 4009 2409 4082 quilibet
2432 4011 2530 4066 alii
2563 4010 2712 4084 lapsi
2745 4012 2984 4080 fuerint,
3010 4013 3285 4070 similiter
3313 4015 3440 4070 dari
3471 4031 3571 4072 eos
3601 4015 3658 4070 in
3695 4033 3810 4090 pas-

2160 4099 2469 4156 nitentiam
2491 4101 2790 4171 volumus,
2813 4102 2913 4158 sed
2936 4118 3029 4158 res
3047 4119 3250 4160 eorum
3274 4102 3676 4162 ecclesiastico
3700 4107 3810 4178 juri

2158 4205 2273 4244 non
2306 4189 2686 4258 subtrahi,ad
2714 4207 2886 4246 usum
2916 4194 3110 4247 tamen
3143 4208 3320 4248 suum
3341 4192 3813 4266 accipiant,unde

2155 4278 2228 4333 ad
2261 4278 2667 4350 paenitentiam
2691 4280 3041 4350 subsistant,
3063 4298 3135 4337 ne
3166 4281 3217 4338 si
3249 4282 3734 4352 nudentur,locis
3757 4284 3811 4338 in

2158 4367 2380 4440 quibus
2412 4368 2530 4423 dati
2567 4369 2800 4441 fuerint,
2833 4370 3061 4426 onerosi
3095 4371 3234 4427 sint.

2155 4475 2288 4529 CAP.
2320 4473 2410 4548 21.
2444 4504 2513 4513 —-
2545 4477 2790 4548 Dimissa
2817 4480 3036 4548 peccata
3080 4477 3256 4533 denuo
3299 4477 3373 4534 ad
3414 4494 3542 4535 eum
3584 4485 3808 4538 reverti.

2268 4547 2334 4620 ui
2360 4561 2471 4600 non
2501 4548 2617 4620 vult
2648 4547 2709 4602 in
2738 4564 2796 4620 se
2818 4547 3071 4620 peccanti
3115 4548 3418 4606 dimittere.
3466 4551 3812 4618 Augustinus

2225 4617 2655 4760 ¢libproizyirimo.
2735 4617 2835 4674 De'
2884 4620 3149 4691 baptismo
3226 4623 3442 4694 (contra
3516 4617 3809 4689 Donatist.,

2261 4705 2291 4742 a
2337 4730 2349 4744 .
2482 4728 2496 4744 .

2261 4705 2349 4744 αι).
2384 4705 2496 4744 ῘΖ).

2229 4776 2440 4833 Redire
2463 4777 2709 4834 dimissa
2734 4783 2992 4851 peccata,
3012 4780 3111 4836 ubi
3137 4781 3395 4838 fraterna
3415 4783 3675 4840 charitas
3695 4801 3807 4840 non

2155 4869 2266 4936 est,
2288 4866 2659 4938 apertissime
2682 4871 2965 4926 Dominus
2990 4869 3047 4924 in
3068 4871 3374 4942 Evangelia
3396 4871 3587 4938 docet,
3613 4873 3684 4928 de
3713 4873 3809 4929 illo

2155 4971 2346 5026 servo,
2372 4971 2549 5028 quem
2581 4972 2712 5012 cum
2745 4956 3066 5015 invenisset
3095 4959 3416 5017 debitorem
3452 4961 3653 5018 decem
3685 4961 3809 5018 mil-

2155 5041 2304 5098 lium
2329 5043 2688 5102 talentorum
2702 5091 2715 5114 ,
2733 5047 3073 5118 deprecanti
3099 5048 3300 5104 omnia
3319 5046 3566 5118 dimisit;
3589 5049 3690 5106 ille
3709 5067 3806 5106 au-

2153 5134 2274 5187 tem
2307 5149 2656 5190 conservum
2691 5151 2862 5191 suum
2895 5136 2996 5208 qui
3026 5137 3077 5193 ei
3109 5137 3362 5193 debebat
3385 5142 3625 5194 centum
3649 5139 3812 5195 dena-

2153 5220 2290 5288 rios,
2317 5237 2452 5276 oum
2477 5222 2796 5280 miseratus
2828 5241 2943 5281 non
2980 5225 3212 5293 fuisset,
3242 5226 3426 5296 jussit
3456 5243 3591 5283 eum
3624 5228 3808 5284 domi-

2156 5323 2273 5364 nus
2306 5309 2548 5366 reddere
2580 5327 2711 5382 quas
2735 5313 2786 5368 ei
2819 5311 3128 5369 dimiserat
3157 5313 3374 5385 (Matth.
3397 5316 3582 5384 xvru).

2155 5417 2268 5472 CAP
2278 5417 2494 5494 ._22.__—
2516 5417 2594 5494 _De
2609 5417 2723 5494 (his,
2742 5421 2842 5494 qui
2867 5422 2925 5476 in
2947 5421 3150 5494 ultimo
3177 5421 3568 5494 paenitentiam
3592 5425 3802 5494 petunt.

2285 5490 2366 5542 Ea:
2389 5486 2551 5544 dictis
2580 5486 2888 5562 Augustini
2915 5493 3036 5564 (lib.
3061 5510 3090 5548 ι.
3122 5486 3354 5562 Homil.,
3385 5493 3533 5551 hom.
3565 5486 3678 5566 4'1).

2225 5576 2328 5649 (De
2355 5578 2570 5652 paruit,
2593 5579 2720 5638 dist.
2744 5581 2800 5651 7,
2822 5598 2865 5638 c.
2898 5580 2960 5639 Si
2981 5581 3102 5655 quis
3129 5581 3323 5656 posit.)
3351 5587 3502 5640 Sane
3532 5583 3803 5657 quisquis
