3948 6072
159 291 270 346 861

1056 296 1369 349 DECRETI
1407 295 1594 348 PARS
1628 293 1751 347 XV.
1782 319 1849 331 --
1877 293 1975 346 ΒΕ
2012 294 2497 359 PCENITENTIA,
2538 296 2694 349 ETC.

3473 297 3580 351 862

167 416 401 490 positus
426 414 486 471 in
512 414 724 471 ultima
750 416 1096 473 necessitate
1118 417 1482 489 aegritudinis
1503 431 1821 487 sues,acce-
1852 416 1905 483 Α
1934 418 2249 473 tumorem.
2282 418 2440 490 (Cap.
2470 418 2584 489 l2.)
2635 418 2804 474 Multi
2863 418 3022 475 enim
3082 419 3459 492 corriguntur
3514 427 3582 479 ut

166 507 324 580 perit
353 505 779 578 pmnitentiam.
808 511 866 561 et
894 522 1029 561 mox
1060 511 1124 561 ut
1153 506 1565 562 reconciliatus
1623 506 1818 572 fuerit,

169 596 378 653 exierit
411 597 482 651 de
514 612 776 667 corpore,
804 596 985 651 fateor
1003 596 1192 663 vobis,
1225 613 1341 652 non
1392 596 1477 651 illi
1536 612 1822 668 negamus

167 685 329 758 quod
365 684 531 756 petit,
559 684 660 740 sed
686 700 801 739 non
821 701 1110 756 praesumo
1126 686 1320 741 dicere
1338 686 1492 758 quod
1518 685 1656 742 hinc
1677 686 1824 741 bene

166 775 401 832 exierit.
435 773 496 830 Si
529 790 774 831 securus
802 774 935 829 hinc
958 774 1181 842 exierit,
1209 791 1313 847 ego
1356 776 1573 831 nescio.
1634 775 1824 830 Poeni-

166 864 424 921 tentiam
457 864 597 919 dare
621 880 962 935 possumus,
1013 864 1388 919 securitatem
1433 868 1627 920 autem
1687 865 1824 919 dare

168 971 291 1011 non
324 969 661 1026 possumus.
716 953 995 1025 Nunquid
1052 953 1204 1022 dico,
1235 954 1613 1009 damnabitur
1643 954 1670 1008 ‘I
1716 953 1826 1008 Sed

169 1061 281 1100 nec
310 1043 440 1099 dico
470 1041 837 1099 liberabitur.
861 1042 965 1098 Vis
990 1059 1122 1112 ergo
1156 1060 1191 1099 a
1221 1043 1399 1099 dubio
1431 1043 1825 1099 liberariPVis

169 1134 330 1207 quod
370 1132 656 1188 incertum
678 1136 767 1188 est
794 1133 1035 1188 evadere
1056 1133 1083 1186 ?
1115 1135 1228 1204 Age
1262 1133 1662 1205 pmnitentiam
1684 1133 1825 1187 dum

169 1240 357 1280 sanus
379 1238 461 1279 es.
495 1220 554 1277 Si
588 1220 672 1276 sic
730 1220 881 1293 agis,
943 1222 1072 1277 dico
1130 1221 1236 1275 tibi
1287 1222 1428 1294 quia
1458 1238 1702 1277 securus
1742 1237 1825 1289 es,

168 1312 313 1387 quia
344 1310 753 1383 paenitentiam
785 1310 959 1383 egisti
990 1327 1056 1367 eo
1104 1314 1388 1383 tempore,
1440 1329 1554 1384 quo
1590 1326 1827 1383 peccare

168 1400 440 1474 potuisti.
479 1399 539 1457 Si
571 1404 768 1456 autem
798 1399 887 1456 vis
919 1415 1091 1472 agere
1125 1400 1533 1472 pmnitentiam
1593 1400 1828 1472 quando

160 1492 291 1563 jam
319 1506 563 1564 peccare
585 1506 703 1546 non
734 1493 921 1562 potes,
955 1494 1195 1562 peccata
1226 1494 1283 1546 te
1315 1490 1687 1560 dimiserunt,
1712 1506 1826 1545 non

164 1584 235 1637 tu
266 1582 526 1653 peccata.

169 1697 309 1756 CAP.
330 1696 423 1750 23.
448 1726 516 1737 —
550 1696 614 1753 Ut
632 1696 899 1767 gravium
916 1693 1219 1749 criminum
1242 1696 1330 1751 rei
1347 1693 1677 1749 auctoritate
1692 1709 1829 1767 pon-

1930 507 2157 575 Petrus,
2183 505 2353 561 multi
2410 506 2734 561 tolerantur
2765 512 2828 561 ut
2854 505 3061 577 Judas,
3113 507 3282 563 multi
3307 510 3580 566 nesciun-

1931 597 2029 647 tur
2061 595 2243 650 donec
2273 595 2468 650 veniat
2499 596 2786 651 Dominus
2804 596 2928 669 qui,
2961 601 3017 652 et
3048 597 3329 653 illuminet
3359 600 3583 654 abscon-

1930 681 2050 738 dita
2082 684 2456 752 tenebrarum,
2488 688 2541 739 et
2571 687 2884 755 manifestet
2906 687 3259 755 cogitationes
3317 688 3493 743 cordis
3540 690 3587 760 (I

1932 774 2058 827 Cor.
2093 774 2190 843 ιν.)
2244 773 2372 829 Item
2429 775 2765 844 Augustinus
2815 773 2878 829 in
2934 777 3166 839 epistola
3215 776 3283 830 ad
3340 776 3584 833 Macedo-

1931 863 2092 915 nium
2131 861 2313 932 (epist.
2362 862 2450 931 45,
2497 872 2616 933 post
2674 863 2824 936 init.)
2886 864 3023 934 (Dist
3078 865 3148 918 50
3177 882 3224 920 c.
3258 866 3587 938 Quamvis):

1936 949 2211 1016 Quamvis
2244 956 2411 1007 caute
2434 951 2865 1023 salubriterque
2883 954 3181 1024 provisum
3208 953 3305 1024 sit,
3328 961 3394 1010 ut
3424 956 3589 1011 locus

1935 1039 2096 1095 illius
2127 1040 2473 1096 humillimae
2499 1042 2850 1112 ptsnitentiaa
2882 1042 3063 1098 semel
3094 1042 3151 1098 in
3175 1044 3433 1100 Ecclesia
3452 1061 3590 1100 con-

1936 1131 2199 1200 cedatur,
2224 1146 2295 1185 ne
2327 1131 2619 1187 medicina
2647 1132 2781 1187 vilis
2805 1133 3004 1187 minus
3037 1132 3199 1188 utilis
3230 1137 3386 1189 esset
3418 1151 3592 1204 aegro-

1937 1217 2037 1286 tis,
2065 1235 2193 1290 quae
2228 1224 2390 1275 tanto
2420 1221 2611 1293 magis
2674 1221 2936 1277 salubris
2968 1228 3078 1291 est,
3131 1226 3354 1294 quanto
3389 1224 3589 1278 minus

1937 1309 2404 1381 contemptibilis
2437 1310 2612 1365 fuerit
2646 1328 2657 1376 ;
2694 1310 2828 1382 quis
2860 1315 3059 1366 tamen
3092 1312 3306 1367 audeat
3343 1312 3458 1367 Deo
3502 1312 3589 1367 di-

1936 1413 2101 1455 cere:
2130 1401 2319 1465 Quare
2350 1399 2487 1454 huic
2517 1399 2741 1455 homini
2797 1399 2897 1471 qui
2950 1404 3081 1472 post
3116 1401 3370 1472 primam
3403 1402 3591 1473 paeni-

1935 1486 2181 1542 tentiam
2200 1504 2406 1543 rursus
2424 1504 2483 1543 se
2500 1488 2725 1559 laqueis
2743 1489 3071 1560 iniquitatis
3091 1489 3366 1563 astringit
3384 1491 3590 1562 [obstr.

1937 1579 2066 1646 or.],
2099 1577 2291 1632 adhuc
2318 1579 2531 1632 iterum
2560 1577 2751 1650 parcis
2772 1579 2799 1633 ?
2829 1578 2970 1643 Quis
2994 1581 3207 1635 audeat
3235 1580 3428 1637 dicere
3457 1596 3596 1652 erga

1937 1664 2083 1721 istos
2115 1683 2228 1721 non
2256 1666 2370 1739 agi,
2404 1668 2559 1738 quod
2584 1670 2898 1740 Apostolus
2930 1669 3039 1725 ait:
3061 1672 3293 1741 Ignoras
3321 1671 3459 1742 quia
3486 1685 3593 1741 pa-

244 1767 419 1857 tiﬁcis
443 1754 811 1857 segreg'imtur
828 1766 901 1822 ab
920 1767 1146 1857 altari,“
1151 1770 1202 1821 et
1226 1768 1428 1857 iterum
1464 1754 1828 1857 reconcilien-

2037 1755 2139 1811 ttia
2163 1758 2260 1811 Dei
2287 1756 2360 1811 ad
2380 1759 2767 1828 penitentiam
2794 1762 2847 1813 te
2875 1758 3144 1814 adducit?
3176 1760 3346 1828 (Rom.
3374 1759 3464 1829 ιι.)
3488 1760 3598 1814 Aut

247 1844 359 1896 tur.
392 1838 528 1896 Item
558 1839 898 1909 Augustinus
933 1838 1073 1894 libro
1102 1840 1177 1895 De
1210 1840 1540 1910 paenitentia
1560 1838 1731 1909 (124).

263 1939 421 2009 (Dist.
458 1939 509 2005 1,
539 1954 587 1994 ο.
622 1940 685 1993 In
711 1936 976 2007 actione.)
998 1937 1060 1992 In
1095 1936 1321 1993 actione
1335 1941 1529 1992 autem
1557 1935 1844 2009 poeniten"

186 2026 284 2084 tia
316 2028 417 2084 ubi
448 2026 565 2084 tale
595 2026 985 2084 commissum
1022 2031 1131 2096 est,
1166 2031 1230 2082 ut
1259 2026 1308 2082 is
1341 2026 1439 2097 qui
1472 2025 1786 2091 commisit,
1812 2042 1845 2081 a

184 2116 405 2174 Chrtsti
426 2116 603 2172 etiam
650 2132 891 2188 corpore
912 2120 1238 2189 separetur,
1274 2132 1387 2171 non
1421 2119 1541 2171 tam
1574 2115 1842 2171 conside-

186 2206 377 2263 randa
397 2210 486 2263 est
505 2222 787 2261 mensura
813 2206 1094 2277 temporis
1117 2221 1292 2277 quam
1311 2204 1666 2262 doloris.Cor
1685 2205 1842 2260 enim

184 2296 505 2353 contritum
530 2300 587 2351 et
607 2294 986 2351 humiliatum
1005 2296 1162 2352 Deus
1184 2312 1298 2351 non
1330 2296 1738 2367 spernit(Psal.
1765 2294 1840 2366 L.)

184 2385 409 2442 Verum
443 2385 584 2458 quia
615 2384 963 2457 plerumque
994 2384 1162 2441 dolor
1209 2384 1450 2440 alterius
1496 2385 1691 2440 cordis
1740 2401 1840 2440 oc-

186 2474 387 2532 cultus
416 2479 507 2530 est
536 2473 728 2543 alteri,
745 2491 850 2531 nec
874 2474 935 2529 in
955 2474 1203 2531 aliorum
1228 2473 1494 2530 notitiam
1517 2490 1619 2546 per
1639 2474 1837 2541 verba,

187 2563 281 2620 vel
315 2580 683 2637 quaecunque
715 2563 832 2619 alia
862 2563 1032 2635 signa
1050 2563 1334 2635 procedit,
1368 2580 1502 2618 cum
1534 2563 1611 2618 sit
1641 2579 1837 2618 coram

189 2652 316 2724 illo,
349 2653 443 2709 cui
475 2653 726 2709 dicitur:
762 2654 1016 2709 Gemitus
1042 2668 1196 2708 meus
1226 2669 1261 2708 a
1290 2655 1342 2707 te
1363 2667 1476 2707 non
1504 2656 1580 2707 est
1608 2652 1837 2708 abscon-

195 2744 351 2800 ditus
371 2742 543 2815 (Psal.
572 2742 817 2814 xxxvn);
840 2744 997 2798 recte
1016 2740 1462 2797 constituuntur
1489 2741 1561 2796 ab
1593 2740 1707 2811 his,
1740 2740 1842 2813 qui

195 2832 472 2889 Ecclesiis
502 2836 790 2904 praesunt,
823 2835 1091 2903 tempora
1115 2830 1487 2901 poenitentiae,
1512 2834 1576 2886 ut
1595 2830 1845 2887 satisﬁat

198 2922 377 2979 etiam
412 2920 706 2993 Ecclesiae,
740 2921 798 2976 in
831 2937 949 2993 qua
977 2921 1361 2976 remittuntur
1402 2920 1534 2992 ipsa
1563 2924 1798 2992 peccata
1829 2938 1843 2989 ;

199 3017 363 3067 extra
393 3027 521 3067 eam
553 3011 773 3083 quippe
805 3026 919 3065 non
942 3008 1350 3066 remittuntur.
1365 3012 1643 3066 Hactenus
1664 3026 1724 3065 eo
1744 3009 1851 3065 loci

198 3102 425 3173 August.
450 3101 596 3172 Ergo
628 3117 759 3156 cum
787 3103 951 3156 tanta
980 3104 1070 3156 est
1090 3099 1260 3171 plaga
1280 3099 1521 3171 peccati,
1544 3103 1718 3171 atque
1738 3098 1851 3155 im-

199 3196 372 3265 petus
404 3190 613 3258 morbi,
648 3194 714 3245 ut
734 3190 1161 3247 medicamenta
1182 3190 1442 3261 corporis
1465 3193 1523 3245 et
1544 3189 1853 3261 sanguinis

199 3279 437 3337 Domini
467 3280 791 3336 differenda
821 3279 960 3348 sint,
996 3279 1344 3336 auctoritate
1368 3279 1655 3335 antistitis
1686 3279 1857 3334 debet

201 3387 264 3427 se
294 3370 551 3442 quisque
581 3370 654 3425 ab
684 3368 892 3425 altario
924 3384 1222 3424 removere
1252 3369 1324 3423 ad
1357 3370 1643 3439 agendam
1666 3367 1855 3439 poeni-

199 3458 469 3531 tentiam,
502 3462 560 3514 ct
588 3459 793 3514 eadem
827 3457 1175 3514 auctoritate
1206 3457 1592 3513 reconciliari.

205 3574 343 3631 CAP.
374 3575 464 3628 24.
501 3604 568 3613 -
602 3573 878 3641 Quantum
906 3571 1262 3628 condescendi
1308 3575 1551 3641 Oporteat
1586 3571 1854 3643 paeniten-

282 3644 447 3700 tibus.
508 3647 649 3699 Item
719 3643 858 3699 libro
910 3644 983 3699 De
1046 3644 1369 3714 pamitentia
1416 3643 1481 3715 (ι.
1544 3660 1576 3697 r.
1630 3643 1855 3711 Homil.,

282 3717 428 3772 hom.
459 3716 551 3783 50,
582 3731 629 3772 c.
666 3715 778 3785 11.)

282 3814 447 3885 (Dist.
486 3815 535 3884 1,
559 3830 606 3869 ε.
635 3813 900 3886 Judicet.)
931 3812 1165 3869 Judicet
1196 3812 1454 3883 seipsum
1487 3811 1544 3866 in
1575 3810 1707 3867 istis
1753 3828 1856 3867 vo-

210 3903 438 3959 luntate
468 3903 605 3959 dum
634 3906 844 3974 potest,
877 3908 936 3959 et
966 3919 1158 3958 mores
1200 3904 1501 3957 convertat
1530 3902 1588 3957 in
1620 3899 1855 3971 melius,

211 4009 285 4049 ne
317 4009 450 4048 cum
475 3993 602 4064 jam
636 4010 751 4048 non
775 3992 1007 4064 poterit,
1040 3992 1214 4047 etiam
1259 3994 1471 4063 praeter
1498 3991 1856 4047 voluntatem

211 4100 245 4138 a
266 4082 509 4138 Domino
525 4081 842 4153 judicetur.
864 4084 931 4137 Et
954 4098 1087 4137 cum
1107 4082 1165 4136 in
1181 4098 1241 4137 se
1264 4078 1573 4153 protulerit
1608 4080 1856 4136 severis-

209 4171 377 4229 simae
402 4171 706 4227 medicinae
733 4171 1103 4239 santentiam,
1119 4171 1315 4226 veniat
1335 4171 1406 4226 ad
1427 4170 1857 4241 antistites,per

211 4278 361 4333 quos
384 4260 467 4315 illi
493 4260 682 4317 claves
704 4260 764 4315 in
790 4260 1042 4316 Ecclesia
1064 4260 1854 4331 ministrantur,ettanquam

208 4351 400 4406 bonus
428 4351 550 4421 jam
574 4349 864 4422 incipiens
884 4365 1013 4405 esse
1036 4349 1216 4415 filius,
1243 4354 1646 4405 maternorum
1669 4366 1853 4405 mem-

205 4440 449 4495 brorum
485 4439 687 4495 ordine
706 4438 1021 4506 custodito,
1055 4456 1088 4495 a
1118 4438 1427 4509 praeposito
1457 4443 1854 4494 sacramento-

1954 1844 2088 1900 istis
2123 1846 2380 1917 exceptis
2410 1863 2538 1902 esse
2564 1846 2898 1916 definitum,
2930 1849 3078 1917 quod
3112 1847 3399 1919 scriptum
3457 1852 3547 1903 est
3582 1864 3595 1904 :

1956 1938 2116 1991 Beati
2135 1952 2320 1991 omnes
2343 1938 2436 2007 qui
2466 1935 2746 2006 conﬁdunt
2775 1952 2831 1991 in
2861 1953 2984 1992 eum
3003 1940 3029 1990 .9
3056 1937 3226 2008 (Psal.
3259 1940 3347 2005 II.)
3377 1939 3495 1991 Aut
3524 1937 3599 1992 ad

1954 2024 2100 2081 istos
2132 2043 2248 2081 non
2280 2026 2573 2098 pertinere
2603 2026 2757 2097 quod
2781 2027 2998 2082 dicitur
3029 2043 3043 2082 :
3080 2026 3324 2083 Viriliter
3352 2026 3517 2097 agite,
3549 2028 3602 2081 et

1951 2117 2291 2186 confortetur
2318 2132 2411 2172 cor
2437 2123 2700 2182 vestrum,
2732 2130 2915 2171 omnes
2944 2117 3041 2188 qui
3067 2118 3304 2188 speratis
3329 2117 3388 2170 in
3410 2114 3600 2171 Domi-

1950 2205 2130 2259 num?
2187 2206 2359 2275 (Psal.
2398 2207 2555 2273 xxx.)
2607 2205 2750 2260 Cum
2794 2205 2974 2276 igitur
3035 2222 3213 2278 super
3261 2208 3599 2277 peccatores
3706 2226 3707 2229 η

1950 2296 2113 2349 tanta
2143 2293 2221 2349 sit
2250 2294 2548 2365 patientia,
2581 2298 2744 2350 tanta
2766 2294 3168 2351 misericordia
3184 2295 3304 2361 Dei,
3325 2297 3392 2349 ut
3409 2293 3467 2348 in
3491 2293 3600 2349 hac

1950 2382 2263 2455 temporali
2292 2384 2409 2438 vita
2425 2384 2686 2439 moribus
2717 2383 3044 2439 emendatis
3066 2400 3182 2438 non
3202 2384 3514 2438 damnetur
3540 2383 3600 2438 in

1950 2477 2255 2539 aeternum,
2278 2473 2378 2543 qui
2412 2471 2799 2544 nullius,lqum
2824 2473 2935 2527 sibi
2957 2473 3285 2544 praebeatur
3305 2476 3604 2544 exspectat

1948 2560 2437 2627 misericordiam,
2488 2560 2761 2632 quoniam
2820 2577 2993 2616 nemo
3052 2566 3143 2616 est
3198 2560 3298 2617 illo
3354 2561 3601 2631 beatior,

1951 2650 2121 2706 nemo
2144 2649 2456 2721 potentior,
2480 2666 2652 2706 nemo
2672 2650 2904 2720 iustior,
2926 2649 3126 2721 quales
3154 2666 3259 2706 nos
3286 2664 3417 2706 esse
3436 2665 3603 2721 opor-

1950 2743 2035 2796 tet
2054 2739 2323 2794 homines
2346 2755 2485 2811 erga
2505 2738 2797 2807 homines,
2822 2739 2923 2811 qui
2938 2739 3088 2795 hanc
3109 2740 3285 2795 vitam
3312 2744 3599 2810 nostram,

1954 2831 2410 2900 quantacunque
2450 2827 2624 2883 laude
2674 2827 3045 2883 cumulemus
3076 2827 3600 2899 (commendemus,

1956 2918 2090 2989 or.),
2156 2932 2283 2971 eam
2340 2916 2466 2971 sine
2526 2921 2761 2988 peccato
2824 2934 2940 2972 non
2981 2915 3289 2972 dicimus?
3347 2917 3510 2982 Quod
3554 2917 3605 2971 si

1960 3008 2268 3063 dixerimus
2286 3007 2532 3078 nosipsos
2570 3005 2745 3078 (sicut
2791 3006 3077 3078 scriptum
3109 3008 3225 3076 est)
3280 3000 3610 3075 decipimus,

1962 3100 2017 3152 et
2047 3098 2252 3152 veritas
2280 3097 2337 3150 in
2371 3096 2527 3150 nobis
2548 3112 2656 3150 non
2676 3098 2751 3150 est
2774 3095 2837 3166 (I.
2860 3096 3000 3151 Joan
3032 3095 3092 3167 ι).

1966 3193 2096 3250 CAP.
2131 3196 2220 3247 25.
2253 3223 2321 3233 —-
2351 3193 2468 3247 Non
2491 3207 2643 3263 posse
2679 3194 2915 3263 perfecte
2969 3193 3232 3262 paenitere
3269 3205 3367 3261 pro
3420 3189 3615 3263 aliquo

2036 3266 2239 3333 ablato,
2265 3263 2380 3318 nisi
2407 3262 2753 3331 restituatur,
2777 3262 2835 3318 si
2868 3271 3038 3334 potest
3084 3263 3326 3317 restitui.
3359 3262 3615 3332 Augusti-

2034 3353 2138 3392 nus
2168 3336 2229 3390 in
2256 3336 2486 3406 epistola
2502 3336 2577 3390 ad
2598 3336 3014 3390 Armentarium
3028 3344 3081 3390 et
3099 3336 3405 3390 Paulinam
3430 3334 3610 3405 (epist.

2035 3409 2104 3462 54
2135 3409 2208 3463 ad
2237 3406 2609 3462 Macedoniam
2631 3406 2928 3477 postmed.)

2038 3497 2149 3567 (11,
2182 3512 2234 3566 q.
2264 3496 2318 3548 6.
2343 3510 2392 3549 c.
2426 3494 2486 3549 Si
2515 3510 2604 3549 res
2628 3494 2863 3565 aliena.)
2887 3493 2947 3548 Si
2980 3509 3072 3547 res
3132 3491 3343 3558 aliena,
3377 3497 3615 3563 propter

1968 3601 2142 3657 quam
2174 3588 2474 3654 peccatum
2507 3587 2617 3649 est,
2675 3598 2809 3638 cum
2874 3582 3037 3638 reddi
3093 3581 3294 3653 possit,
3330 3597 3444 3636 non
3479 3582 3615 3637 red-

1966 3674 2145 3741 ditur,
2178 3689 2293 3727 non
2309 3672 2504 3744 agitur
2534 3672 2899 3743 poenitentia,
2924 3672 3024 3726 sed
3051 3670 3312 3743 ﬁngitur.
3335 3670 3391 3724 Si
3415 3674 3614 3726 autem

1963 3761 2246 3820 veraciter
2274 3760 2488 3833 agitur,
2521 3777 2638 3816 non
2671 3761 3002 3817 remittetur
3040 3764 3345 3833 peccatum
3378 3759 3490 3814 nisi
3524 3774 3614 3814 re-

1966 3850 2248 3907 stituatur
2278 3849 2566 3919 ablatum,
2599 3848 2725 3920 sed,
2748 3852 2813 3904 ut
2843 3848 2983 3916 dixi,
3037 3862 3169 3903 cum
3225 3846 3460 3903 restitui
3512 3863 3614 3919 po-

1961 3944 2098 3996 test.

1966 4039 2099 4096 CAP.
2133 4040 2224 4093 26.
2260 4070 2325 4079 —
2348 4038 2497 4108 Quod
2527 4037 2724 4093 ultima
2750 4037 3031 4093 conversio
3052 4043 3234 4108 mente
3248 4033 3615 4108 (potius‘aesti-l

2035 4112 2240 4167 menda
2269 4103 2541 4183 sitquam
2590 4120 2853 4183 tempore.
2894 4103 3279 4183 ΔΕιρξ-ιίεενιξιὶζς
3338 4103 3621 4183 ϐαξρίδτὶηἰ

2032 4198 2212 4255 papae,
2245 4177 2468 4249 cap.'20
2498 4177 2751 4253 (epist.'2
2779 4180 2849 4235 ad
2880 4178 3074 4234 Gallia
3104 4179 3295 4249 episc.,
3318 4192 3365 4231 c.
3398 4177 3508 4246 27).

2033 4271 2183 4328 Vera
2203 4288 2339 4344 ergo
2370 4272 2442 4327 ad
2478 4273 2659 4326 Deum
2691 4268 2991 4324 conversio
3039 4266 3098 4321 in
3148 4265 3372 4321 ultimis
3404 4263 3621 4337 posito-

1962 4377 2119 4431 rum,
2151 4366 2344 4416 mente
2376 4360 2570 4431 potius
2591 4357 2941 4414 aestimanda
2971 4361 3061 4411 est
3110 4371 3281 4426 quam
3325 4359 3609 4425 tempore,

1962 4449 2249 4522 propheta
2277 4449 2387 4505 hoc
2416 4446 2611 4504 taliter
2636 4450 2931 4503 asserente
2963 4462 2977 4501 :
3002 4444 3061 4502 Si
3093 4461 3413 4501 conversus
3444 4445 3613 4515 inge-

211 4544 345 4584 rum
377 4527 626 4601 accipiat
646 4528 1071 4585 satisfactionis
1094 4545 1211 4583 suis
1245 4528 1506 4599 modum,
1539 4532 1596 4583 et
1627 4528 1683 4581 in
1716 4528 1825 4583 otfe

2037 4539 2376 4607 ueris,tunc
2424 4537 2623 4593 salvus
2653 4537 2767 4592 eris
2818 4537 3034 4603 (Ezech.
3091 4552 3231 4591 xvm
3290 4538 3342 4590 et
3387 4533 3614 4606 XXXIII).

212 4618 393 4674 rendo
421 4618 706 4673 sacriﬁcio
739 4617 1116 4673 contribulati
1148 4617 1360 4687 cordis,
1393 4617 1672 4689 persistat
1686 4616 1860 4672 devo-

213 4713 314 4764 tus
344 4711 402 4762 et
434 4705 703 4778 supplex.
736 4707 797 4761 Id
822 4708 1020 4760 tamen
1044 4709 1200 4776 agat,
1224 4705 1376 4775 quod
1410 4721 1523 4760 non
1542 4704 1859 4776 solumipsi

216 4796 403 4871 prosit
422 4797 493 4852 ad
516 4794 915 4867 recipiendam
939 4792 1213 4863 salutem,
1253 4795 1353 4848 sed
1414 4793 1594 4848 etiam
1638 4794 1861 4849 caeteris

216 4888 289 4944 ad
322 4884 679 4958 exemplum,
712 4888 776 4938 ut
806 4883 855 4937 si
886 4885 1187 4955 peccatum
1220 4882 1349 4953 eius
1379 4898 1496 4938 non
1554 4882 1745 4938 solum
1799 4882 1860 4938 in

216 4976 381 5050 gravi
409 4976 539 5047 ejus
561 4972 732 5038 malo,
767 4971 869 5028 sed
901 4972 1078 5027 etiam
1108 4972 1168 5026 in
1194 4975 1358 5027 tanto
1406 4970 1684 5027 scandala
1717 4971 1862 5028 alio-

216 5082 349 5123 rum
380 5070 491 5133 est,
524 5067 698 5134 atque
725 5061 835 5116 hoc
865 5060 1135 5133 expedire
1168 5060 1410 5117 utilitati
1468 5059 1730 5116 Ecclesiae
1778 5060 1863 5115 vi-

212 5158 385 5213 detur
400 5152 672 5221 antistiti,
687 5151 745 5206 in
761 5150 1027 5206 notitiam
1042 5150 1479 5220 multorum,vel
1492 5150 1667 5205 etiam
1685 5151 1863 5207 totius

214 5244 404 5320 plebis
425 5256 595 5314 agere
618 5240 1024 5313 pmnitentiam
1058 5257 1170 5296 non
1189 5245 1579 5309 recuset;non
1604 5240 1863 5306 resistat,

215 5351 335 5395 non
364 5329 565 5389 lethali
595 5334 654 5387 et
684 5329 993 5385 mortiferas
1022 5329 1205 5402 plagas
1245 5346 1348 5402 per
1372 5331 1657 5403 pudorem
1688 5330 1866 5386 addat

290 5497 439 5568 (124)
460 5494 537 5568 Ex
558 5491 969 5568 pcsnitentiarii
986 5492 1292 5568 cujusdam
1309 5492 1668 5568 praefatione,
1685 5508 1862 5568 quam

221 5562 477 5643 reperies
498 5562 980 5643 in'admonitione
1009 5564 1162 5643 beati
1205 5562 1489 5643 Rhenani,
1539 5564 1610 5619 ad
1644 5562 1861 5643 calcem

222 5636 445 5700 Tertul.
474 5656 544 5698 ea
572 5637 848 5712 quoniam
881 5651 1028 5709 pene
1057 5640 1177 5692 tota
1202 5651 1269 5692 ex
1287 5639 1435 5708 Aug.
1460 5636 1864 5693 consarcinata

1968 4635 2111 4687 Cum
2130 4644 2266 4701 ergo
2288 4626 2571 4683 Dominus
2592 4626 2666 4681 sit
2690 4624 2879 4681 cordis
2902 4626 3220 4697 inspector,
3244 4623 3448 4697 quovis
3469 4629 3617 4679 tem-

1972 4737 2109 4793 pore
2138 4722 2355 4774 nonest
2375 4716 2719 4789 deneganda
2739 4714 3083 4787 poenitentia
3110 4713 3452 4786 postulanti,
3478 4728 3613 4769 cum

1972 4809 2069 4865 ille
2100 4826 2160 4865 se
2191 4806 2637 4879 obligetjudici,
2662 4805 2755 4862 cui
2786 4804 3016 4861 occulta
3047 4804 3247 4861 omnia
3278 4804 3501 4861 noverit
3522 4819 3615 4858 re-

1972 4898 2168 4956 velari.

1972 5010 2107 5063 CAP.
2145 5007 2236 5061 27.
2269 5003 2509 5073 —Quod
2555 5003 2731 5059 omnis
2783 5002 2960 5074 ﬁdelis
3018 5004 3082 5059 in
3136 5003 3355 5058 ultimis
3400 5000 3617 5074 positus

2043 5072 2390 5148 sanctiﬁcata,
2408 5078 2523 5133 oleo
2551 5075 2688 5148 ungi
2715 5072 2925 5132 debeat.
2984 5076 3070 5130 Ea:
3116 5075 3350 5131 decretis
3404 5072 3618 5128 Catixti

2039 5167 2219 5223 papae.

2046 5241 2257 5296 Beatus
2292 5238 2447 5294 enim
2473 5237 2724 5293 Jacobus
2756 5236 3059 5308 apostolus
3086 5234 3147 5289 in
3197 5231 3455 5305 Epistola
3509 5248 3619 5287 sua

1975 5329 2212 5401 scripsit
2244 5344 2257 5385 :
2289 5329 2614 5399 Infirmatur
2642 5328 2764 5398 quis
2791 5326 2848 5381 in
2876 5324 3045 5390 vobis,
3078 5323 3308 5380 inducat
3330 5321 3616 5393 presbyte-

1972 5499 2081 5563 est,
2117 5493 2211 5549 hic
2258 5494 2405 5564 Aug.
2436 5491 2734 5564 tribuitur.
2769 5490 2944 5564 Porro
2985 5487 3079 5564 hic
3113 5489 3271 5544 locus
3302 5485 3613 5558 decerptus

1973 5560 2157 5625 estex
2186 5560 2415 5621 Enchir.
2460 5580 2509 5619 c.
2540 5564 2630 5633 65,
2662 5563 2741 5618 De
2762 5560 3122 5632 paenitentia.
