3948 6072
344 196 454 254 863

347 411 406 466 in
436 413 664 468 nomine
695 416 944 486 Domini,
969 420 1018 470 et
1047 417 1221 472 oratio
1241 419 1372 488 ﬁdei
1418 419 1655 478 salvabit
1704 424 1993 494 inﬁrmum

345 499 463 569 (Jac
486 500 561 572 v).
595 501 712 557 Hoc
743 506 800 558 et
831 504 1078 573 apostoli
1108 505 1166 560 in
1200 507 1510 580 Evangelio
1542 511 1749 568 fecisse
1787 513 1989 586 legun-

346 592 443 644 tur
473 589 657 662 (Marc.
692 591 792 663 v1),
825 596 882 646 et
913 609 1069 648 nunc
1110 596 1376 651 Ecclesiae
1416 602 1780 657 consuetudo
1810 607 1986 670 tenet,

349 685 414 735 ut
443 679 662 735 inﬁrmi
693 679 818 736 oleo
852 689 1188 738 consecrato
1216 692 1516 757 uagantur
1546 706 1578 743 a
1609 691 1986 764 presbyteris,

345 773 402 824 et
433 770 693 825 oratione
715 770 1028 826 comitante
1054 778 1358 831 sanentur.
1383 776 1505 832 Non
1535 778 1724 834 solum
1747 782 1985 855 presby-

344 859 510 924 teris,
545 858 628 913 uti
660 857 795 914 licet
825 859 934 914 hoc
965 877 1131 916 sacro
1163 862 1290 919 oleo
1338 864 1396 919 in
1458 868 1584 923 suis
1630 869 1986 926 inﬁrmitati-

344 947 477 1013 bus,
513 951 632 1014 sed,
667 953 733 1003 ut
763 951 1140 1005 Innocentius
1175 953 1193 1006 l
1254 970 1407 1025 papa
1455 957 1737 1012 describit
1795 962 1897 1031 (ep.
1936 963 1984 1026 1,

340 1051 391 1092 c.
437 1037 514 1105 8),
547 1037 724 1092 etiam
745 1038 1023 1094 omnibus
1053 1039 1405 1098 Christianis
1447 1045 1531 1098 uti
1589 1044 1727 1102 licet
1783 1051 1987 1105 eodem

340 1123 486 1190 oleo,
519 1124 578 1179 in
602 1141 728 1191 sua,
753 1130 854 1181 aut
872 1143 1111 1182 suorum
1137 1131 1483 1187 necessitate
1502 1139 1794 1200 ungenda.
1824 1139 1984 1202 Quod

336 1218 528 1268 tamen
560 1213 750 1269 oleum
783 1231 896 1270 non
935 1217 1064 1274 tnisi
1116 1219 1189 1272 ab
1219 1220 1510 1293 episcOpis
1567 1223 1704 1279 licet
1759 1227 1986 1282 confici.

338 1301 482 1357 Nam
517 1303 669 1374 quod
704 1303 820 1359 ait:
864 1304 993 1359 Oleo
1025 1308 1080 1360 in
1109 1309 1327 1363 nomine
1383 1312 1631 1377 Domini,
1666 1314 1984 1387 signiﬁcat,

338 1389 464 1447 oleo
487 1391 544 1447 in
580 1391 817 1449 nomine
851 1395 1079 1450 Domini
1131 1403 1492 1470 consecrato,
1528 1401 1616 1457 vel
1665 1409 1818 1459 certe
1849 1405 1991 1475 quia

337 1480 538 1546 etiam,
569 1496 701 1536 cum
727 1488 955 1553 ungunt
975 1483 1300 1556 infirmum,
1323 1504 1534 1544 nomen
1561 1491 1788 1546 Domini
1813 1509 1992 1562 super

337 1585 471 1626 eum
501 1569 769 1626 invocare
795 1570 1027 1628 debent.
1062 1573 1132 1628 Et
1160 1575 1206 1630 si
1252 1576 1311 1629 in
1345 1579 1599 1648 peccatis
1655 1585 1752 1652 sit,
1788 1581 1988 1636 dimit-

339 1662 550 1715 tuntur
575 1659 648 1714 ei.
684 1659 852 1715 Multi
883 1667 1123 1734 propter
1152 1669 1382 1735 peccata
1416 1667 1476 1722 in
1522 1668 1778 1726 animam
1813 1670 1987 1738 facta,

344 1746 708 1833 inﬁrmitate
740 1753 841 1804 aut
871 1750 1046 1806 etiam
1094 1759 1278 1808 morte
1317 1754 1660 1826 plectuntur
1716 1761 2000 1833 corporis-

345 1831 510 1889 Unde
539 1834 622 1890 ait
655 1834 971 1906 Apostolus
1002 1838 1320 1896 Corinthiis
1354 1847 1366 1897 ὲ
1404 1843 1549 1908 Quia
1606 1831 1838 1917 corpus
1874 1846 1988 1904 Do-

345 1920 487 1976 mini
521 1923 748 1993 indigne
782 1925 1078 1996 percipere
1108 1933 1275 1983 erant
1332 1931 1510 2002 soliti,
1541 1932 1660 1989 ideo
1714 1937 1864 1990 inter
1900 1953 1990 1993 vos

350 2011 515 2066 mulli
545 2013 777 2082 inﬁrmi,
823 2022 876 2069 et
906 2015 1237 2084 imbecilles,
1297 2021 1346 2075 el
1395 2021 1680 2079 dormiunt
1735 2026 1901 2082 mulli
1947 2028 1992 2096 (ι

356 2098 480 2156 Cor.
505 2101 607 2173 ιι).
640 2101 698 2155 Si
734 2119 872 2174 ergo
905 2104 1123 2160 infirmi
1158 2106 1214 2162 in
1245 2110 1496 2180 peccatis
1554 2113 1696 2183 sint,
1755 2121 1815 2170 et
1869 2116 1990 2173 haec

349 2188 708 2261 presbyteris
739 2190 1004 2247 Ecclesia:
1035 2195 1288 2251 confessi
1330 2197 1567 2269 fuerint,
1618 2219 1684 2257 ac
1736 2205 1990 2275 perfecto

350 2278 524 2334 corde
554 2295 622 2334 ea
651 2278 1059 2352 derelinquere
1088 2287 1266 2355 atque
1305 2289 1619 2344 emendare
1647 2293 1988 2362 satagerint,

350 2366 842 2424 dimittentureis.
859 2369 1058 2441 Neque
1081 2372 1236 2428 enim
1261 2374 1389 2431 sine
1402 2377 1770 2436 confessione
1790 2398 1989 2438 emen-

344 2455 598 2511 dationis
625 2457 1033 2528 [confessionis
1051 2463 1482 2537 emendatione]
1507 2473 1729 2538 queunt
1749 2468 1988 2526 dimitti.

341 2543 506 2601 Unde
536 2550 693 2601 recte
713 2546 929 2617 subjun
938 2548 1097 2620 gitur
1115 2566 1128 2604 :
1150 2550 1847 2626 Conﬁlemini_allcrulrum
1867 2576 1985 2632 pec-

339 2642 466 2794 ῗαεα
521 2641 722 2707 vestra,
770 2643 822 2691 et
895 2642 1053 2695 orate
1106 2656 1209 2712 pro
1265 2642 1528 2712 invicem,
1576 2654 1638 2702 ut
1691 2648 1992 2706 salvemini

365 2723 483 2778 Jac.
519 2724 597 2794 v.)

365 2723 483 2778 Jac.
519 2724 597 2796 v.)

338 2819 474 2900 Car.
506 2821 597 2900 28_.
630 2853 699 2900 -_-
727 2824 803 2900 D_e
821 2823 962 2900 illis,
993 2827 1091 2897 qui
1126 2833 1348 2900 propter
1392 2832 1651 2888 timorem
1680 2839 1872 2892 mortis
1925 2836 1987 2893 in

410 2892 531 2973 ipsa
560 2892 1254 2973 inﬁrmitaleconﬁtenlur
1275 2908 1508 2973 peccata
1536 2921 1658 2962 sua.
1719 2908 1803 2963 Ea:
1851 2892 1981 2964 con-4

408 2963 541 3017 cilio
568 2964 928 3038 Nannetensi,
961 2963 1078 3041 cap.
1114 2973 1168 3026 2.

407 3051 682 3162 Inﬁrmus
713 3055 812 3126 qui
845 3059 1190 3162 necessitate
1221 3061 1425 3162 mortis
1458 3069 1702 3137 urgente
1741 3068 1980 3125 conﬁte-
2013 3093 2057 3162 α

335 3143 437 3195 tur
466 3145 705 3212 peccata
734 3159 862 3212 sua,
891 3146 1002 3201 sub
1033 3162 1100 3202 ea
1130 3149 1463 3206 conditione
1495 3169 1527 3208 a
1557 3155 1860 3212 sacerdote
1892 3174 1982 3214 re-

333 3227 697 3300 concilietur,
728 3236 794 3287 ut
823 3235 870 3290 si
891 3233 943 3290 ei
969 3235 1251 3293 Dominus
1279 3238 1457 3294 vitam
1480 3241 1800 3314 donaverit,
1828 3247 1982 3302 sani-

331 3320 631 3390 tatemque
653 3321 992 3392 reddiderit,
1027 3327 1355 3384 secundum
1380 3329 1725 3400 qualitatem
1759 3334 1978 3404 delicti,

330 3409 388 3462 et
415 3409 742 3466 secundum
769 3427 1064 3469 canonum
1104 3420 1344 3484 statuta,
1375 3421 1434 3473 et
1488 3420 1976 3490 pcenitentialiuni

332 3497 712 3567 probatorum
749 3502 1047 3570 paeniteat.

327 3598 453 3650 Car.
606 3626 690 3680 —_-.
703 3598 778 3653 De
806 3599 924 3680 illis
953 3603 1052 3672 qui
1083 3603 1164 3680 __in
1214 3608 1568 3680 necessitatis
1625 3613 1876 3680 tempore
1925 3616 1979 3668 et

395 3671 785 3750 paenitentiam
803 3676 856 3726 et
875 3671 1380 3750 reconciliationem
1396 3671 1748 3738 desiderant:
1773 3687 1865 3739 lia:
1883 3683 1978 3740 de-

400 3741 560 3825 cr'et'i:
578 3741 772 3825 Leonis
809 3759 987 3825 papae,
1031 3761 1148 3817 cap.
1172 3747 1410 3815 9(Leon.
1442 3768 1571 3823 pap.
1607 3754 1647 3820 ι,
1700 3755 1856 3825 epist.
1907 3756 1972 3810 91

400 3807 474 3864 ad
504 3807 876 3884 Theodorum).

402 3898 513 3969 (26,
545 3916 597 3972 q.
630 3900 683 3968 6,
714 3917 760 3956 c.
795 3903 891 3958 His
912 3905 1008 3975 qui
1038 3905 1096 3960 in
1129 3908 1415 3980 tempore.)
1450 3909 1548 3966 llis
1597 3915 1814 3981 autem,
1877 3914 1974 3987 qui

327 3988 592 4060 tempore
615 3990 1008 4064 necessitatis,
1042 3996 1097 4049 et
1115 3994 1172 4049 in
1195 3995 1472 4066 periculis
1491 4005 1734 4071 urgente
1759 4001 1975 4058 instan-

327 4075 410 4132 tia
433 4078 771 4148 praesidium
807 4081 1184 4153 paenitentiae,
1225 4089 1283 4140 et
1317 4101 1448 4142 mox
1481 4089 1972 4148 reconciliationis

329 4164 671 4240 implorant,
705 4186 811 4226 nec
832 4171 1158 4230 satisfactio
1183 4173 1583 4233 interdicenda
1612 4183 1724 4248 est,
1747 4197 1852 4238 nec
1885 4200 1969 4239 re-

332 4256 662 4313 conciliatio
685 4259 1048 4333 deneganda,
1105 4263 1244 4335 quia
1277 4265 1692 4326 misericordiaa
1741 4269 1970 4328 Domini

325 4360 428 4400 nec
460 4361 770 4404 mensuras
799 4365 1115 4420 possumus
1138 4369 1371 4424 ponere,
1403 4371 1510 4412 nec
1532 4361 1797 4431 tempora
1827 4362 1968 4418 deﬁ—

1421 210 1489 261 D.
1530 209 1770 264 IVONIB
1804 211 2300 272 CARNOTENSIS
2337 219 2658 275 EPISCOPI

346 337 440 378 ros
465 322 742 392 Ecclesiae,
779 329 833 378 et
861 335 1016 381 orent
1048 343 1213 399 super
1230 343 1377 396 eum,
1405 333 1678 403 ungentes
1707 333 1990 406 cumoleo,
2024 339 2076 406 Α
2106 357 2182 414 [γε

3655 215 3781 271 864

2203 357 2349 416 forte
2369 361 2456 417 det
2486 362 2604 418 illis
2633 363 2771 418 Deus
2790 361 3198 432 penitentiam,
3230 362 3288 416 ut
3343 359 3676 432 resipiscam
3740 378 3782 417 a

2099 445 2310 503 diaboli
2339 449 2568 520 laqueis,
2602 466 2636 504 a
2664 465 2769 520 quo
2793 451 3000 522 captivi
3044 454 3300 506 tenentur
3349 449 3417 504 ad
3453 448 3631 522 ipsius
3673 465 3777 507 vo-

2105 534 2375 593 luntatem
2404 542 2475 610 (II
2506 541 2646 597 Tim.
2673 539 2759 611 ιι).

2098 647 2228 700 CAP.
2270 647 2359 702 30.
2393 678 2463 688 —-
2510 651 2591 704 De
2612 648 2803 704 eadem
2852 665 2931 704 re.
2980 649 3065 703 Ea:
3095 647 3335 703 decretis
3377 646 3696 703 Innocentii
3749 651 3778 702 Ι

2315 734 2500 791 papae,
2524 736 2645 791 cap.
2676 721 2747 775 22
2777 720 2882 791 (ep.
2924 721 2957 776 3
2981 720 3052 775 ad
3076 723 3342 791 Exuper.,
3374 735 3424 774 c.
3445 720 3524 791 2).

2167 816 2238 871 Et
2271 817 2378 872 hoc
2410 819 2720 889 quaesitum
2754 823 2863 886 est,
2890 818 3031 890 quid
3062 819 3228 874 deiis
3259 817 3554 874 observari
3586 834 3775 890 opor-

2097 909 2214 961 teat
2241 908 2337 976 qui
2370 913 2503 978 post
2533 908 2892 979 baptismum
2919 908 3080 964 omni
3105 913 3364 980 tempore
3385 907 3774 963 incontinen-

2097 993 2190 1049 tiae
2214 994 2617 1067 voluptatibus
2649 997 2936 1062 dediti,in
2969 1002 3228 1053 extremo
3278 997 3394 1052 {ine
3449 997 3582 1052 vita
3642 1013 3774 1053 sum

2097 1085 2504 1156 pmnitentiam
2527 1085 2708 1141 simul
2739 1090 2798 1141 et
2817 1085 3359 1142 reconciliationem
3393 1087 3775 1143 communio-

2099 1175 2190 1230 nis
2213 1180 2556 1244 exposcunt.
2576 1175 2656 1231 De
2678 1175 2773 1231 his
2795 1175 3134 1231 observatio
3157 1175 3338 1246 prior,
3360 1174 3603 1246 durior;
3627 1192 3774 1248 pos-

2091 1262 2230 1331 rior,
2261 1263 2686 1320 interveniente
2748 1264 3180 1330 misericordia,
3245 1263 3592 1319 inclinatior
3647 1267 3770 1322 est.

2096 1351 2243 1407 Nam
2274 1355 2636 1408 consuetudo
2659 1354 2820 1426 prior
2849 1357 3037 1408 tenuit
3068 1360 3134 1408 ut
3190 1353 3624 1410 concederetur
3677 1353 3774 1409 eis

2097 1439 2457 1512 paenitentia,
2482 1442 2580 1497 sed
2603 1442 2942 1498 communio
2963 1446 3293 1513 negaretur.
3319 1441 3468 1498 Nam
3487 1457 3624 1497 cum
3642 1440 3770 1498 illis

2097 1527 2464 1598 temporibus
2479 1529 2694 1584 crebrae
2710 1529 3148 1601 persecutiones
3169 1534 3389 1597 essent,
3415 1545 3486 1584 ne
3498 1545 3769 1585 commu-

2098 1615 2292 1672 nionis
2322 1632 2600 1674 concessa
2619 1618 2870 1674 facilitas
2893 1619 3168 1674 homines
3193 1619 3264 1674 de
3285 1617 3768 1676 reconciliatione

2034 1714 2079 1778 Β
2109 1721 2347 1762 securos
2377 1723 2492 1761 non
2522 1711 2819 1762 revocaret
2848 1725 2881 1763 ει
2912 1707 3104 1779 lapsui
3129 1707 3336 1764 merito
3369 1711 3577 1781 negata
3599 1723 3765 1764 com-

2108 1795 2309 1851 munio
2341 1799 2430 1850 est
2457 1812 2734 1852 concessa
2777 1795 3139 1868 pmnitentia,
3170 1811 3241 1850 ne
3271 1800 3458 1852 totum
3521 1797 3766 1869 penitus

2102 1889 2438 1956 negaretur,
2469 1889 2526 1940 et
2546 1885 2844 1941 duriorem
2877 1885 3287 1941 remissionem
3336 1885 3474 1941 fecit
3521 1890 3764 1958 tempo-

2099 1973 2183 2028 ris
2215 1973 2385 2030 ratio.
2416 1974 2527 2030 Sed
2573 1980 2892 2047 postquam
2955 1974 3236 2031 Dominus
3290 1979 3492 2030 noster
3545 1991 3763 2046 pacem

2101 2061 2373 2118 Ecclesiis
2407 2063 2534 2119 suis
2582 2063 2856 2134 reddidit,
2881 2065 3006 2136 jam
3039 2069 3261 2120 terrore
3291 2064 3558 2136 depulso,
3590 2081 3763 2122 com-

2101 2151 2440 2208 munionem
2474 2153 2599 2207 dari
2631 2153 2988 2209 obeuntibus
3020 2153 3264 2226 placuit,
3296 2157 3353 2210 et
3386 2158 3629 2226 propter
3647 2155 3764 2209 mi-

2101 2240 2506 2312 sericordiam,
2538 2241 2706 2314 quasi
2737 2242 3016 2298 viaticum
3051 2243 3419 2315 proiecturis,
3451 2246 3605 2298 etne
3637 2243 3761 2297 No-

2097 2329 2316 2385 vatiani
2349 2330 2604 2386 haeretici
2637 2332 2909 2403 negantis
2963 2333 3216 2398 veniam,
3278 2331 3660 2403 asperitatem
3703 2336 3765 2386 et

2099 2419 2380 2475 duritiam
2413 2420 2694 2492 subsequi
2725 2410 3056 2478 videamur:
3099 2422 3404 2479 Tribuitur
3445 2437 3585 2494 ergo
3619 2436 3758 2476 cum

2099 2508 2441 2580 pmnilentia
2466 2514 2720 2565 extrema
2750 2512 3108 2579 communio,
3163 2515 3228 2566 ut
3269 2510 3542 2566 homines
3595 2510 3757 2580 ejus-

2099 2597 2280 2665 modi,
2312 2596 2401 2654 vel
2432 2597 2490 2653 in
2522 2599 2816 2670 supremis
2848 2601 2973 2655 suis
3030 2600 3405 2672 permittente
3454 2598 3758 2656 Salvatore

2097 2691 2320 2753 nostro,
2353 2703 2386 2743 a
2415 2691 2692 2760 perpetuo
2716 2688 2893 2744 exitio
2923 2688 3320 2745 vindicentur.

2096 2799 2226 2858 CAP.
2257 2801 2347 2858 31.
2380 2832 2450 2842 -
2481 2803 2552 2858 De
2572 2801 2694 2858 illis
2723 2804 2821 2874 qui
2847 2803 2918 2858 ad
2947 2803 3162 2859 exitum
3175 2805 3425 2874 veniunt,
3457 2807 3519 2859 ut
3546 2804 3753 2860 ultimo

2166 2877 2218 2929 et
2246 2874 2780 2948 necessarioiviatico
2811 2891 2921 2930 non
2947 2878 3257 2948 privenlur.
3281 2875 3366 2930 Ea:
3391 2876 3590 2931 concil.
3655 2877 3754 2932 Ni-

2165 2961 2335 3013 ca’no,
2365 2961 2488 3018 cap.
2522 2947 2613 3003 13.

2165 3044 2279 3114 (26,
2311 3060 2362 3114 q.
2389 3045 2447 3114 6,
2477 3060 2527 3101 c.
2554 3045 2629 3099 De
2657 3043 2746 3099 his
2775 3044 2948 3116 vero.)
2973 3045 3049 3099 De
3102 3043 3197 3100 his
3245 3043 3349 3116 qui
3398 3044 3472 3100 ad
3528 3043 3752 3100 exitum

2093 3131 2360 3198 veniunt,
2388 3133 2565 3188 etiam
2592 3149 2748 3188 nunc
2777 3132 2870 3189 lex
2899 3133 3164 3205 antiqua,
3189 3131 3595 3206 regularisque
3622 3149 3748 3189 ser-

2089 3221 2342 3287 vabitur,
2374 3222 2458 3277 ita
2489 3226 2555 3277 ut
2577 3221 2627 3277 si
2649 3223 2786 3293 quis
2819 3222 3117 3295 egreditur
3143 3223 3214 3280 de
3239 3237 3501 3294 corpore,
3533 3222 3745 3278 ultimo

2088 3313 2146 3365 et
2174 3311 2505 3368 necessario
2537 3312 2748 3368 viatico
2783 3312 3025 3368 minime
3048 3312 3327 3384 privetur.
3362 3313 3527 3378 Quod
3558 3312 3609 3368 si
3640 3313 3740 3368 de-

2089 3405 2382 3470 speratus,
2415 3405 2471 3454 et
2503 3406 2857 3456 consecutus
2890 3400 3365 3456 communionem
3395 3400 3740 3456 oblationis-

2088 3503 2204 3560 que
2236 3489 2529 3561 particeps
2562 3491 2774 3558 factus,
2808 3490 3018 3546 iterum
3051 3489 3435 3556 convaluerit,
3458 3489 3538 3545 sit
3587 3489 3741 3545 inter

2086 3593 2186 3633 eos
2209 3579 2309 3649 qui
2344 3579 2824 3633 communionem
2853 3577 3134 3634 orationis
3163 3579 3576 3634 tantummodo
3608 3594 3738 3634 con-

2086 3671 2438 3736 sequuntur.
2501 3666 2864 3723 Generaliter
2907 3671 3102 3722 autem
3135 3667 3296 3723 omni
3354 3666 3620 3734 cuilibet,
3677 3668 3736 3722 in

2085 3753 2240 3810 exitu
2270 3756 2459 3827 posito
2486 3760 2544 3810 et
2570 3756 2830 3826 poscenti
2865 3755 2977 3811 sibi
3001 3755 3436 3812 communionis
3483 3755 3737 3828 gratiam

2083 3843 2287 3910 tribui,
2319 3843 2632 3916 episcopus
2657 3843 3040 3916 probabiliter
3061 3861 3130 3901 ex
3158 3844 3453 3901 oblatione
3501 3845 3741 3901 debebit

2083 3931 2241 3987 dare.

2081 4037 2230 4119 CAP.
2245 4037 2336 4094 32.
2360 4038 2632 4119 -_—.Quo_c_l_
2642 4039 2968 4119 paenitentia
2997 4038 3210 4119 possint
3237 4038 3457 4119 aboleri
3469 4111 3480 4119 _
3489 4043 3739 4119 peccat},

2153 4111 2323 4166 etiam
2345 4111 2400 4182 si
2430 4111 2491 4164 in
2524 4111 2719 4182 ultimo
2752 4112 2886 4167 vitae
2921 4111 3128 4182 spiritu
3157 4113 3280 4182 quis
3324 4111 3611 4182 pleniteat.
3659 4112 3744 4167 Ea:

2151 4197 2303 4236 conc.
2337 4180 2728 4253 Magonliensi,
2753 4198 2872 4254 cap.
2906 4180 3140 4254 2(125).

2149 4277 2557 4334 Pmnitentiam
2584 4295 2757 4350 posse
2777 4278 3010 4335 abolere
3039 4283 3277 4352 peccata
3309 4278 3736 4335 indubitanter.

2078 4367 2397 4434 credimus,
2431 4369 2608 4423 etiam
2643 4368 2690 4424 si
2714 4367 2771 4422 in
2803 4368 3010 4424 ultimo
3042 4370 3170 4425 vitae
3201 4368 3414 4440 spiritu
3439 4367 3737 4424 admisso-

325 4432 474 4534 nire,
505 4436 659 4534 apud
689 4452 864 4534 quem
899 4439 1095 4534 nullas
1139 4441 1364 4534 patitur
1390 4445 1570 4501 venia
1601 4463 1790 4506 moras
1822 4467 1966 4507 con-
1999 4469 2046 4534 ῃ
2077 4473 2207 4511 rum
2236 4432 2576 4528 [admissor]
2604 4456 2902 4528 pmniteat,
2930 4461 2987 4512 et
3017 4457 3103 4513 vel
3156 4432 3393 4530 publica
3451 4457 3738 4513 lamenta-

320 4521 506 4578 versio
535 4524 738 4596 [vera],
758 4525 988 4583 dicente
1017 4528 1260 4587 Domino
1283 4548 1384 4603 per
1415 4535 1756 4607 prophetam
1780 4557 1793 4595 :
1818 4540 1963 4596 Cum

321 4627 638 4669 conversus
667 4613 1405 4688 ingemueris,tuncsalvus
1434 4624 1801 4698 eris,(Ezech.
1825 4645 1964 4685 xvm

320 4704 372 4756 el
400 4717 580 4756 xxxiii
613 4719 628 4769 ;
660 4702 765 4758 Isa.
789 4706 942 4775 xxx),
966 4711 1023 4761 et
1052 4707 1342 4765 alibi:Dio
1373 4717 1435 4766 tu
1461 4713 1802 4786 iniquitates
1833 4723 1966 4774 tuas

320 4790 480 4862 prior
513 4795 575 4846 ut
623 4791 988 4861 justiﬁceris.
1051 4796 1240 4853 Item:
1301 4802 1432 4870 quia
1468 4804 1617 4874 apud
1674 4807 1968 4864 Dominum

318 4879 710 4936 misericordia
757 4886 855 4949 est,
887 4887 937 4937 et
965 4885 1178 4955 copiosa
1249 4889 1396 4959 apud
1468 4908 1590 4948 eum
1672 4896 1968 4969 redemptio

312 4970 483 5042 (Psal.
517 4971 726 5041 cxxu).
763 4971 826 5026 In
887 4972 1308 5042 dispensandis
1365 4979 1566 5050 itaque
1619 4983 1720 5039 Dei
1772 4988 1964 5056 donis,

314 5075 431 5115 non
464 5059 748 5115 debemus
772 5076 902 5116 esse
934 5062 1227 5132 difﬁciles,
1280 5082 1384 5121 nec
1444 5085 1505 5124 se
1563 5077 1966 5132 accusantium

309 5149 589 5222 gemitus,
621 5149 1025 5224 lacrymasque
1059 5152 1374 5224 negligere,
1401 5172 1536 5213 cum
1573 5161 1760 5231 ipsam
1787 5166 1970 5234 pmni-

307 5239 970 5310 tentiafﬂictionemfal.
1005 5243 1323 5313 pmnitendi
1349 5245 1740 5322 affectionem]
1776 5268 1844 5307 ex
1875 5255 1973 5326 Dei

307 5330 618 5386 credamus
638 5329 1022 5402 inspiratione
1041 5333 1645 5405 conceptam,dicente
1667 5341 1970 5408 Apostolo:

2075 4544 2234 4601 tione
2265 4551 2504 4616 peccata
2526 4545 2866 4617 prodantur,
2901 4546 3039 4617 quia
3069 4546 3168 4602 Dei
3196 4546 3592 4619 propositum,
3617 4563 3735 4616 quo

2075 4633 2330 4690 decrevit
2359 4635 2585 4691 salvere
2613 4635 2767 4706 quod
2803 4635 3056 4706 perierat
3084 4636 3238 4707 (Luc.
3271 4636 3409 4707 xu),
3441 4640 3560 4693 stat
3619 4634 3734 4690 im-

2077 4722 2312 4779 mobile.
2343 4725 2410 4779 Et
2457 4724 2608 4787 ideo,
2640 4723 2781 4795 quia
2810 4722 3085 4780 voluntas
3113 4724 3244 4795 ejus
3274 4739 3390 4779 non
3439 4727 3732 4792 mutatur,

2077 4811 2198 4868 sive
2223 4813 2636 4869 emendatione
2663 4812 2814 4877 vitae,
2847 4812 2896 4867 ei
2928 4817 3166 4884 tempus
3195 4811 3566 4879 conceditur,
3613 4811 3735 4868 sive

2077 4900 2326 4972 supplici
2352 4901 2742 4971 confessione,
2804 4903 2856 4957 si
2906 4903 3188 4958 continuo
3247 4901 3367 4957 vita
3410 4900 3732 4968 excedilur,

2075 4992 2246 5045 venia
2275 4995 2646 5062 peccatorum
2680 4989 2928 5046 tideliter
2957 4994 3351 5061 praasumatur
3371 4991 3445 5046 ab
3477 4989 3600 5059 illo,
3634 4990 3732 5061 qui

2080 5095 2194 5134 non
2224 5079 2349 5134 vult
2378 5084 2626 5135 mortem
2676 5078 3020 5152 peccatoris,
3053 5080 3156 5136 sed
3193 5084 3256 5135 ut
3283 5083 3662 5136 convertatur
3697 5096 3732 5134 ι

2080 5167 2405 5239 perditione
2424 5167 2779 5240 paenitendo,
2805 5171 2863 5223 et
2906 5167 3167 5223 salvetur
3209 5167 3590 5224 miseratione
3619 5166 3728 5223 Do-

2084 5256 2228 5310 mini
2261 5257 2590 5324 utvivat[et
2622 5254 2889 5312 salvatus
2913 5255 3293 5313 miseratione
3318 5256 3557 5313 Domini
3578 5256 3732 5311 vivat

2085 5345 2174 5401 Sic
2201 5346 2360 5401 hodie
2389 5346 2638 5418 August]
2673 5346 2890 5418 (Ezech.
2922 5363 3018 5417 XI;
3052 5349 3272 5421 XXXIII).
3304 5347 3365 5404 Si
3396 5347 3531 5419 quis
3564 5345 3732 5404 aliter

377 5510 553 5581 (125.)
584 5512 833 5585 August.
864 5513 924 5570 id
947 5512 1127 5570 habet
1156 5512 1259 5571 lib.
1295 5514 1376 5573 De
1406 5517 1613 5576 eccles.
1648 5519 1907 5592 dogmat.
1940 5539 2069 5596 cap.
2103 5523 2195 5581 80.
