4000 6060
198 290 311 349 865

1085 301 1397 356 DECRETI
1435 302 1620 356 PARS
1653 302 1775 356 XV.
1808 330 1876 341 —
1912 303 2009 357 DE
2049 304 2528 374 PCENITENTIA,
2568 311 2723 367 ETC.

3514 326 3622 383 866

195 419 269 473 de
288 415 631 514 iustissima
662 416 877 514 pietate
908 418 1007 475 Dei
1055 420 1252 490 sentit,
1305 437 1421 477 non
1457 421 1850 490 Christianus,
1885 428 1939 494 Α
1968 427 2174 481 trasse.
2209 429 2567 500 Oppressum
2601 432 2812 491 deinde
2844 436 2998 493 hunc
3048 442 3413 514 aegritudine,
3446 448 3526 505 ita
3557 458 3622 507 ut

197 507 304 563 sed
337 505 703 563 Novatianus
734 512 843 563 est.

195 595 331 651 CAP.
365 594 456 650 33.
490 626 556 636 —
603 599 683 670 _De
706 596 871 667 lapsis
916 597 978 653 in
1029 596 1225 653 ultimo
1278 597 1497 670 positis,
1553 602 1612 653 ut
1659 599 1858 656 viatico

261 668 611 749 munereusi
633 670 979 749 rogavi-rint,
1030 672 1111 725 eis
1168 668 1453 726 subueniri
1486 668 1713 727 debeat.
1773 674 1861 727 Ea:

264 739 494 810 epistola
524 738 720 794 Siricii
749 755 932 811 papae.

265 827 612 900 Quicunque
624 829 843 884 carnali
860 830 1169 902 fragilitate
1182 831 1494 887 ceciderint
1506 830 1715 887 viatico
1730 847 1856 886 mu-

192 932 355 983 nere,
384 933 519 972 cum
555 919 626 973 ad
658 918 979 974 Dominum
1028 919 1307 992 cmperint
1339 920 1655 992 proﬁcisci,
1687 920 1738 976 si
1764 937 1856 975 ro-

193 1005 476 1076 gaverint,
510 1022 611 1077 per
642 1007 1079 1063 communionis
1105 1008 1356 1080 gratiam
1395 1008 1675 1064 volumus
1714 1009 1858 1065 sub-

192 1094 404 1150 veniri.

196 1184 332 1239 CAP.
365 1183 463 1257 34.
488 1215 557 1224 —
591 1186 672 1238 De
703 1183 821 1239 illis
852 1185 1116 1253 inﬁmis,
1164 1187 1265 1257 qui
1293 1186 1433 1241 dum
1474 1186 1860 1257 ptenitentiam

265 1254 547 1330 petierint,
576 1265 627 1330 e_t
645 1264 941 1330 antequam
959 1254 1208 1313 sacerdos
1223 1263 1429 1313 veniat.
1472 1254 1717 1330 ofﬁcium
1737 1258 1860 1314 oris

266 1327 548 1383 amittunt.
579 1327 663 1382 Ea:
688 1328 923 1398 epistola
963 1330 1162 1384 Leonis
1189 1344 1352 1401 papa
1381 1327 1537 1399 (epit.
1564 1331 1677 1399 91).

270 1418 360 1472 Ita
387 1431 524 1488 ergo
555 1415 761 1470 talium
797 1418 1133 1472 necessitati
1189 1417 1593 1473 auxiliandum
1652 1423 1761 1483 est,
1795 1420 1861 1474 ut

195 1521 301 1561 nec
334 1504 483 1561 actio
515 1503 633 1560 illis
657 1504 1036 1577 poenitentiae,
1068 1521 1176 1561 nec
1205 1506 1639 1563 communionis
1673 1506 1862 1579 gratia

192 1596 534 1666 denegetur,
569 1592 617 1650 si
647 1610 777 1651 eam
808 1595 981 1650 etiam
1010 1595 1231 1651 amisso
1265 1595 1419 1651 vocis
1451 1595 1614 1666 [oris]
1642 1596 1858 1666 ofﬁcio,

190 1701 299 1756 per
319 1683 547 1754 judicia
574 1683 789 1755 integri
822 1700 1033 1740 sensus
1075 1700 1333 1755 quaerere
1376 1685 1858 1756 comprobantur.

1965 517 2083 570 tres
2114 515 2237 573 dies
2268 517 2395 574 sine
2424 536 2562 577 voce
2594 539 2836 593 prorsus
2862 528 3102 598 jaceret,
3132 532 3437 602 paululum
3479 555 3617 598 vero

1968 608 2177 673 quarto
2195 605 2288 659 die
2302 608 2712 681 respirantem,
2736 631 2973 672 vocasse
2994 620 3063 673 ad
3084 636 3147 675 se
3166 620 3403 679 ﬁliolam
3423 644 3614 700 suam,

1967 695 2023 745 et
2044 692 2533 788 dixissseferlur:
2570 722 2599 749 »
2623 700 2937 775 Quousque
2960 724 3051 762 me
3082 711 3356 769 detinetis
3377 692 3615 788 ‘Iquaaso

1967 781 2239 879 vom-cito
2270 783 2487 879 aliquis
2537 791 3012 879 presbyterorum
3050 800 3265 868 veniat,
3300 810 3365 861 ut
3394 781 3611 879 possim

1967 870 2201 926 dimitti.
2238 895 2261 925 ι
2295 873 2363 928 Et
2394 891 2527 930 cum
2577 877 2684 934 hoc
2716 879 2979 954 dixisset,
3036 905 3271 948 rursum
3304 870 3431 953 sine
3476 915 3616 957 voce

1968 962 2309 1057 permansit.
2332 964 2609 1057 Abiitcito
2629 985 2802 1025 cursu
2826 973 2894 1026 ad
2913 978 3314 1049 presbyterum
3349 1002 3613 1057 puerne-

1968 1049 2081 1104 ctis
2115 1055 2392 1122 tempore.
2427 1055 2844 1114 lnﬁrmabatur
2873 1065 3196 1138 presbyter,
3242 1049 3441 1131 venire
3499 1096 3614 1136 non

1968 1140 2155 1237 potuit
2186 1158 2199 1207 ;
2235 1148 2431 1198 tamen
2462 1144 2987 1237 quiaqpaaaceptum
3022 1155 3228 1224 fuerat,
3253 1167 3319 1218 ut
3349 1163 3530 1237 lapsis
3554 1169 3613 1226 in

1968 1228 2125 1321 exitu
2158 1246 2325 1321 nemo
2373 1235 2865 1293 reconciliationis
2913 1243 3124 1300 solatia
3169 1228 3500 1321 denegaret,
3560 1264 3616 1314 et

1970 1314 2221 1371 maxime
2245 1318 2368 1418 ‘his,
2400 1337 2547 1418 quos
2580 1327 2742 1393 prius
2766 1328 2819 1381 id
2855 1346 3089 1402 rogasse
3138 1314 3461 1414 constabat,
3488 1314 3612 1418 ipa-

2134 1406 2503 1463 eucharistiaa
2533 1428 2711 1503 puero
2743 1416 2921 1472 dedit.
2976 1421 3360 1491 Regrediente
3409 1406 3589 1503 puero

1971 1492 2162 1547 adhuc
2196 1503 2513 1567 antequam
2534 1500 2939 1570 ingrederetur
2968 1479 3229 1581 domum,
3252 1479 3485 1578 rursurm
3512 1479 3612 1581 3;:

1971 1583 2213 1681 rapion:
2247 1587 2521 1682 «Redisti,
2556 1591 2766 1661 inquit,
2798 1593 2879 1648 ﬁli
2901 1596 2927 1650 ?
2984 1599 3139 1656 Licet
3188 1610 3489 1682 presbyter
3515 1630 3614 1671 ve-

1971 1678 2096 1771 nire
2129 1688 2243 1771 non
2275 1678 2487 1771 potuit,
2518 1682 2713 1771 tamen
2745 1682 2920 1754 imple
2943 1691 3096 1758 quod
3128 1693 3232 1749 tibi
3259 1678 3613 1771 imperatum

193 1774 357 1840 Quod
390 1773 437 1828 si
470 1773 551 1828 ita
571 1773 769 1843 aliqua
798 1773 1147 1845 aagritudine
1173 1774 1393 1829 fuerint
1421 1774 1745 1846 aggravati,
1764 1776 1858 1842 ut,

1976 1764 2082 1872 est,
2117 1768 2180 1816 ut
2210 1764 2431 1833 possim
2464 1770 2751 1824 recedere.
2789 1792 2815 1819 ››
2847 1778 3106 1848 Cumque
3151 1764 3470 1857 accepisset
3512 1809 3616 1849 eu-

1976 1864 1996 1872 -
2050 1850 2303 1872 .._:.1:__-
2348 1870 2379 1872 __
2420 1853 2433 1872 ‘I
2465 1858 2501 1872 ,1
2599 1863 2606 1872 .
2699 1860 2709 1869 ι
2858 1864 2888 1872 ..
3009 1868 3021 1872 -

189 1864 343 1933 quod
380 1862 551 1935 paulo
581 1867 715 1918 ante
749 1866 1088 1933 poscebant,
1146 1864 1257 1919 sub
1309 1864 1616 1934 prasentia
1661 1880 1854 1918 sacer-

194 1952 351 2008 dotis
368 1950 703 2023 signiﬁcare
731 1968 845 2006 non
869 1951 1119 2017 valeant,
1136 1952 1545 2007 testimonium
1592 1951 1857 2007 ﬁdelium

197 2042 707 2096 circumstantium
741 2038 863 2095 illis
893 2042 1167 2111 prodesse
1218 2042 1409 2106 debet,
1459 2046 1525 2095 ut
1570 2040 1749 2096 simul
1799 2044 1859 2096 et

196 2128 402 2204 [simul
434 2134 629 2185 tamen
662 2135 738 2196 et,
771 2129 906 2200 etc.]
940 2129 1319 2201 paenitentia,
1348 2135 1406 2185 et
1431 2129 1859 2185 reconciliatio-

195 2219 290 2275 nis
321 2217 668 2275 beneﬁcium
698 2222 1153 2288 consequantur.

195 2326 333 2382 CAP.
364 2325 547 2379 35.--
575 2324 652 2379 De
672 2323 860 2380 eadem
907 2341 986 2379 re.
1169 2324 1372 2381 decret.
1418 2324 1638 2380 Eusebii
1682 2340 1836 2395 papa:

905 2412 1027 2451 can.
1136 2439 1149 2451 .

905 2412 1027 2467 cap.
1063 2412 1149 2451 1U.

266 2484 484 2556 Siquis
538 2483 939 2556 pcenitentiam
976 2490 1203 2555 petens,
1250 2485 1391 2540 dum
1436 2484 1712 2540 sacerdos
1761 2500 1857 2541 ve-

194 2574 365 2643 nerit,
401 2573 577 2629 fuerit
628 2573 820 2629 ofﬁcio
873 2573 1090 2645 linguai
1131 2574 1413 2645 privatus.
1465 2573 1853 2628 constitutum

195 2668 406 2727 estut,
438 2664 489 2719 si
518 2663 730 2719 idonea
776 2662 1117 2718 testimonia
1172 2663 1467 2727 habuerit,
1513 2662 1669 2732 quod
1727 2662 1854 2731 ipse

193 2752 603 2827 paenitentiam
629 2753 913 2822 petiisset,
964 2757 1021 2807 et
1078 2752 1202 2820 ipse
1233 2766 1336 2822 per
1397 2756 1593 2805 motus
1625 2750 1853 2821 aliquos

197 2859 317 2899 suis
348 2841 670 2897 voluntatis
701 2840 937 2911 aliquod
992 2840 1230 2911 signum
1282 2839 1472 2894 facere
1521 2844 1732 2910 potest,
1766 2855 1856 2895 sa-

198 2932 405 2987 cerdos
434 2930 674 3002 impleat
705 2931 923 2996 omnia,
959 2933 1112 2984 sicut
1161 2945 1342 3000 supra
1389 2927 1541 2982 circa
1568 2933 1852 2999 aegrotan-

200 3025 321 3076 tem
354 3019 732 3093 pcenitentem
760 3018 1048 3090 scriptum
1080 3022 1188 3088 est,
1218 3017 1273 3072 id
1306 3020 1396 3073 est
1442 3016 1736 3072 orationes
1767 3016 1854 3072 di-

204 3112 319 3174 cat,
352 3112 410 3163 et
434 3113 617 3179 ungat
645 3123 779 3162 eum
813 3107 939 3162 oleo
979 3110 1199 3175 sancto,
1248 3109 1305 3161 et
1351 3103 1765 3161 eucharistiam
1801 3103 1852 3158 ei

207 3196 406 3265 donet,
439 3200 495 3251 et
530 3178 841 3267 postquam
873 3194 1103 3266 obierit,
1138 3199 1200 3250 ut
1231 3210 1364 3250 cum
1414 3193 1634 3249 caeteris
1665 3192 1851 3249 ﬁdeli-
1883 3178 1925 3244 C

200 3286 315 3340 bus
347 3283 397 3340 ei
428 3282 859 3340 subministrat.

198 3374 337 3430 CAP.
367 3374 457 3427 36.
480 3402 550 3412 —-
578 3375 652 3427 De
672 3371 917 3441 inﬁrmis
946 3372 1007 3426 in
1027 3373 1270 3441 periculo
1297 3374 1491 3428 mortis
1511 3370 1850 3428 constitutis.

266 3445 761 3587 Exigenitentiati
808 3445 1073 3501 Theodori
1103 3444 1365 3515 (Magum.
1414 3446 1514 3500 sub
1543 3449 1719 3500 Leone
1763 3444 1852 3513 IV,

275 3533 327 3573 c.
452 3557 465 3569 .

267 3606 378 3677 (29.
412 3622 459 3676 q.
496 3605 550 3673 7,
583 3622 633 3661 c.
655 3605 732 3661 Ab
764 3603 1051 3676 inﬁrmis.)
1105 3605 1184 3660 Ab
1217 3604 1471 3660 inﬁrmis
1503 3604 1560 3658 in
1595 3602 1852 3675 periculo

191 3695 400 3750 mortis
424 3694 647 3767 positis,
683 3712 785 3767 per
816 3695 1186 3767 presbyteros
1216 3711 1363 3765 pura
1394 3693 1744 3764 inquirenda
1762 3696 1851 3748 est

193 3783 489 3840 confessio
521 3789 933 3855 peccatorum;
967 3800 1082 3838 non
1115 3787 1310 3837 tamen
1341 3781 1462 3837 illis
1492 3782 1850 3853 imponenda

187 3872 493 3944 quantitas
550 3870 926 3943 pmnitentiaa,
988 3872 1086 3927 sed
1129 3870 1571 3938 innotescenda,
1624 3874 1680 3926 et
1711 3886 1844 3925 cum

188 3960 514 4017 amicorum
547 3959 932 4029 orationibus,
968 3965 1025 4015 et
1073 3959 1576 4031 eleemosynarum
1629 3958 1843 4015 studiis

191 4049 423 4123 pondus
456 4048 809 4121 poenitentiae
859 4047 1312 4104 sublevandum.
1366 4049 1435 4104 Et
1473 4051 1520 4104 si
1555 4049 1701 4103 forte
1733 4047 1844 4101 mi-

190 4138 506 4212 graverint,
540 4156 609 4194 ne
641 4137 880 4210 obligati
909 4144 967 4193 et
998 4154 1031 4193 a
1061 4138 1477 4193 communione
1522 4136 1721 4204 alieni,
1752 4134 1845 4191 vel

190 4230 486 4284 consortio
533 4226 711 4284 veniae
744 4227 904 4282 ﬁant.
950 4228 996 4281 A
1027 4243 1142 4298 quo
1176 4226 1431 4298 periculo
1463 4226 1512 4281 si
1559 4224 1844 4280 divinitus

188 4322 426 4390 ereptus
457 4316 836 4386 convaluerit,
871 4316 1224 4389 pmnitentiae
1249 4316 1485 4371 modum
1519 4334 1551 4371 a
1573 4332 1679 4370 suo
1710 4331 1842 4370 con-

187 4408 409 4463 fessore
439 4406 788 4479 impositum
821 4405 1135 4477 diligenter
1166 4405 1451 4461 observet.
1490 4408 1558 4459 Et
1590 4404 1716 4460 ideo
1748 4420 1844 4460 se-

187 4495 449 4552 cundum
480 4495 821 4552 canonicam
881 4494 1312 4561 auctoritatem,
1362 4511 1432 4549 ne
1495 4492 1612 4549 illis
1656 4492 1844 4563 janua

182 4584 420 4657 pietatis
477 4583 682 4640 clausa
732 4584 1023 4649 videatur,
1083 4582 1451 4639 orationibus
1482 4587 1538 4638 et
1576 4580 1845 4638 consola-

188 4675 370 4729 nibus
401 4672 813 4729 ecclesiasticis
844 4689 1009 4728 sacra
1038 4688 1175 4727 cum
1227 4671 1500 4726 unctione
1549 4670 1656 4726 olei
1719 4670 1848 4726 ani-

183 4763 693 4832 mati,secundum
718 4765 942 4816 statuta
962 4766 1300 4816 sanctorum
1333 4764 1561 4815 Patrum
1587 4776 1850 4815 commu-

193 4853 371 4907 nione
400 4849 602 4906 viatici
634 4850 995 4905 reﬁciantur.

184 4958 317 5015 CAP.
351 4958 442 5015 37.
476 4958 646 5012 —De
702 4957 941 5027 quodam
1010 4958 1109 5028 qui
1166 4956 1462 5011 Christum
1526 4957 1848 5023 negaverat,

256 5029 525 5101 quomodo
560 5032 620 5083 in
650 5028 913 5101 extremis
942 5029 1141 5085 viatico
1174 5028 1452 5101 liberatus
1481 5038 1585 5101 est.
1636 5028 1851 5099 Diony-

256 5098 373 5155 sius
396 5100 541 5156 dicit
573 5100 635 5155 in
680 5099 1059 5156 ecclesiastica
1116 5098 1370 5155 Historia
1406 5100 1617 5163 (Euseb.
1659 5098 1847 5160 eccles.

260 5172 398 5228 Hist.
430 5172 523 5228 lib.
556 5188 657 5239 vx,.
677 5189 725 5227 c.
749 5172 839 5241 34,
871 5187 940 5227 ea:
970 5170 1348 5227 translatione
1368 5170 1598 5238 Ruﬁni).

256 5273 321 5326 In
354 5270 611 5326 Historia
639 5268 1041 5326 ecclesiastica
1073 5269 1387 5341 Dionysius
1420 5270 1747 5328 rescribens
1771 5276 1843 5331 ad

182 5358 534 5424 Fabianum,
595 5358 825 5414 inducit
856 5358 1178 5431 quamdam
1236 5357 1567 5430 historiam,
1619 5361 1845 5435 dicens,

192 5447 574 5519 Serapionem
630 5448 941 5520 quemdam
1002 5447 1182 5502 fuisse
1214 5446 1367 5518 apud
1410 5446 1846 5522 Alexandriam,

195 5552 377 5593 unum
408 5553 477 5593 ex
505 5536 599 5594 his
629 5537 729 5609 qui
760 5536 905 5609 lapsi
943 5539 1105 5601 sunt,
1140 5536 1535 5608 eumdemque
1566 5555 1716 5609 saepe
1746 5542 1849 5599 de-

191 5631 496 5703 precatum
527 5643 676 5695 esse,
718 5632 782 5682 ut
811 5625 1234 5698 susciperetur,
1271 5641 1377 5681 nec
1406 5631 1598 5683 tamen
1659 5630 1849 5703 impe-

1970 1847 2333 1951 charistiam,
2348 1853 2509 1910 velut
2525 1860 2745 1915 catenis
2769 1847 3122 1931 quibusdam
3151 1847 3621 1951 vinculisqueﬁdi-

1968 1939 2186 2042 ruptis,
2210 1938 2512 2042 laetleorim
2538 1946 2660 2042 iam
2698 1950 2984 2042 spiritum
3035 1959 3308 2019 reddidit.
3498 1987 3614 2042 quo

1967 2034 2191 2083 constat
2217 2029 2395 2101 hujus
2418 2033 2553 2089 boni
2576 2037 2792 2094 auxilio
2816 2042 3041 2101 nullum
3065 2048 3276 2108 debere
3331 2029 3613 2118 fraudari.

1969 2134 2330 2236 Ολῗέεῗῗέηῖῖ.
2341 2141 2762 2236 Ηξιξῖῗῗξέπέτί
2781 2147 2887 2236 άθ..
2902 2154 3125 2236 ρσεὲίιίὲς
3175 2164 3413 2236 ρέεεαείε
3447 2166 3615 2236 jussu

2038 2209 2278 2296 ἐΡΑίξρορί
2297 2209 2626 2296 paenitentes
2650 2222 3025 2280 reconcilient.
3076 2229 3159 2283 Ea:
3175 2209 3201 2230 Γ
3447 2209 3616 2296 ’ἓῦἆῖ

2035 2288 2163 2333 risti
2185 2298 2374 2352 papae,
2396 2299 2515 2354 cap.
2548 2288 2602 2340 3.

2038 2367 2150 2437 (26,
2183 2384 2235 2438 q.
2265 2370 2322 2434 6,
2354 2385 2399 2423 ε.
2435 2373 2797 2447 Presbyteri.)
2830 2378 2902 2434 Ut
2933 2385 3253 2455 presbyteri
3300 2393 3371 2448 de
3419 2397 3615 2453 occul-

1966 2456 2044 2510 tis
2078 2456 2325 2527 peccatis
2350 2460 2620 2527 jussione
2651 2466 2910 2538 episcopi
2959 2474 3302 2542 poenitentes
3356 2486 3614 2540 reconci-

1965 2543 2131 2636 lient,
2178 2552 2233 2600 et
2281 2547 2456 2618 (sicut
2513 2567 2691 2622 supra
2746 2560 3161 2636 praemisimus)
3240 2566 3614 2633 lnﬁrmantes

1964 2634 2269 2690 absolvant
2294 2640 2350 2690 et
2377 2641 2834 2700 communicent.

1962 2741 2097 2831 CAP.
2243 2773 2321 2831 7—
2353 2744 2425 2827 Qe
2453 2748 2768 2831 paenitentia,
2878 2825 2887 2831 ι
2909 2754 2977 2831 in,
2999 2756 3126 2831 ipsa
3175 2765 3501 2831 pcenitentia
3544 2767 3612 2825 de

2032 2829 2255 2896 corpore
2281 2817 2506 2884 exierit,
2537 2826 2592 2871 et
2622 2822 2978 2896 reconciliari
3001 2817 3609 2896 desiderandi;

2037 2891 2395 2941 Arausicano
2422 2903 2462 2954 ι,
2496 2906 2617 2959 cap.
2641 2891 2692 2944 3.

2033 2975 2144 3042 (26,
2179 2992 2230 3047 ᾳ.
2268 2976 2357 3045 36,
2389 2993 2435 3031 c.
2467 2977 2574 3045 Qui
2604 2981 2907 3055 recedunt.)
2930 2988 3038 3053 Qui
3069 2994 3351 3051 recedunt
3379 2999 3607 3055 decor-

1964 3078 2102 3134 pore
2122 3064 2492 3137 poenitentes,
2528 3067 2745 3139 placuit
2768 3072 2896 3130 sine
2914 3081 3378 3141 reconciliatoria
3399 3104 3611 3144 manus

1963 3150 2336 3224 impositione
2355 3154 2437 3211 eis
2458 3160 2894 3219 communicare
2918 3181 2933 3232 ;
2953 3170 3107 3237 quod
3130 3173 3435 3231 morientis
3453 3177 3617 3234 sufﬁ-

1964 3240 2042 3296 cit
2072 3243 2454 3301 consolationi
2474 3246 2987 3327 [reconciliatione]
3011 3263 3365 3330 suicundum
3400 3264 3618 3321 difﬁni-

1964 3330 2151 3387 tiones
2179 3336 2441 3405 Patrum,
2476 3337 2576 3407 qui
2630 3337 2969 3409 hujusmodi
3017 3352 3432 3409 communione
3475 3371 3613 3410 con-

1961 3426 2235 3520 gruenter
2259 3424 2535 3520 viaticum
2570 3429 2968 3489 nominarunt.
3003 3434 3073 3489 Ut
3103 3438 3153 3491 si
3183 3440 3362 3511 [quod
3399 3442 3473 3512 si,
3502 3444 3614 3513 οη]

1960 3512 2409 3580 supervixerint,
2444 3520 2601 3569 stent
2630 3516 2690 3570 in
2721 3519 2924 3576 ordine
2952 3525 3361 3591 pcenitentium
3396 3534 3484 3597 ut,
3514 3512 3609 3587 os;

1961 3599 2147 3655 tensis
2175 3602 2522 3657 necessariis
2555 3606 2909 3675 paenitentia;
2941 3611 3251 3682 fructibus,
3287 3617 3610 3690 legitimam

1958 3689 2431 3781 communionem
2465 3708 2599 3748 cum
2632 3697 3096 3757 reconciliatoria
3120 3720 3331 3763 manus
3352 3689 3609 3781 imposi-

1956 3776 2113 3832 tione
2146 3778 2489 3850 percipiant.

1956 3882 2089 3970 CAP.
2124 3884 2222 3970 40...
2248 3915 2315 3924 -
2349 3887 2645 3970 (ll-quinta
2663 3892 2813 3970 feria
2855 3903 2984 3950 ante
3036 3899 3254 3955 Pascha
3290 3905 3611 3970 penitenti-

2027 3954 2122 4044 bus
2150 3958 2224 4036 sit
2248 3954 2676 4044 revnittendumi
2713 3967 2841 4044 ante
2868 3972 3072 4044 autem.
3097 3970 3148 4025 si
3175 3954 3250 4026 ad
3278 3954 3612 4044 desperatio-

2028 4042 2155 4111 ne'rn
2174 4029 2525 4097 inﬁrmitatis
2555 4032 2899 4111 devenerint.
2938 4040 3037 4111 Ea:
3082 4044 3313 4111 epistola
3341 4029 3614 4102 Innocen-

2028 4103 2103 4152 tii
2125 4103 2155 4153 Ι
2176 4114 2358 4171 papa},
2390 4118 2512 4174 cap.
2552 4105 2569 4156 1
2611 4105 2716 4176 (er.
2753 4109 2783 4160 1·
2816 4108 2885 4162 ad
2924 4103 3266 4184 Decentium,
3297 4131 3345 4169 c.
3377 4116 3456 4186 7).

2026 4195 2122 4286 (De
2148 4212 2319 4265 eons.,
2348 4198 2474 4255 dist.
2506 4201 2558 4257 3.
2591 4218 2637 4257 c.
2674 4204 2747 4258 De
2794 4206 3227 4282 paenitentibus.)
3278 4212 3358 4269 De
3417 4214 3605 4286 pinni-

1953 4284 2214 4340 tentibus
2235 4290 2432 4343 autem
2456 4290 2555 4360 qui
2588 4290 2709 4346 sive
2739 4308 2807 4346 ex
2833 4295 3201 4364 gravioribus
3231 4284 3600 4371 commissis,

1955 4373 2074 4427 sive
2108 4390 2176 4429 ex
2204 4374 2519 4432 levioribus
2551 4379 2954 4449 pcenitentiam
2987 4392 3218 4460 gerunt,
3243 4389 3292 4445 si
3325 4391 3489 4447 nulla
3512 4391 3608 4449 in-

1951 4463 2199 4518 tervenit
2229 4464 2533 4535 (egritudo,
2567 4466 2773 4534 quinta
2808 4470 2953 4527 feria
2978 4480 3115 4530 ante
3149 4477 3373 4536 Pascha
3402 4482 3488 4538 eis
3519 4498 3613 4539 re-

1879 4547 1926 4611 D
1961 4550 2311 4607 mittendum
2348 4553 2623 4611 Romanis
2656 4557 2925 4616 Ecclesiae
2961 4568 3322 4624 consuetudo
3365 4570 3613 4627 demon-

1958 4644 2130 4697 strat.
2162 4640 2446 4697 Caeterum
2480 4644 2551 4699 de
2584 4647 2840 4717 pondere
2870 4652 3215 4711 estimando
3237 4656 3613 4728 delictorum,

1958 4730 2277 4785 sacerdotis
2302 4736 2391 4787 est
2410 4732 2699 4803 judicare,
2723 4741 2785 4791 ut
2806 4740 3068 4797 attendat
3090 4744 3159 4798 ad
3185 4746 3610 4804 confessionem

1960 4819 2319 4889 paenitentis,
2353 4825 2409 4877 et
2430 4822 2502 4877 ad
2535 4822 2706 4880 ﬂetus
2729 4834 2902 4899 atque
2925 4828 3215 4904 lacrymas
3248 4836 3612 4909 corrigentis,

1961 4924 2026 4962 ac
2056 4912 2178 4962 tum
2208 4910 2411 4977 jubere
2443 4911 2681 4979 dimitti,
2705 4931 2839 4971 cum
2873 4918 3081 4976 viderit
3101 4938 3421 4996 congruam
3446 4925 3618 4982 satis-

1962 4998 2290 5053 factionem.
2326 5000 2477 5056 Sane
2504 5001 2552 5057 si
2586 5002 2720 5074 quis
2765 5006 2821 5060 in
2868 5010 3275 5079 aegritudinem
3319 5014 3614 5085 inciderit,

1960 5093 2136 5159 atque
2167 5104 2354 5158 usque
2376 5091 2445 5144 ad
2464 5091 2929 5162 desperationem
2950 5098 3265 5169 devenerit,
3291 5103 3340 5157 ei
3372 5108 3460 5159 est
3483 5113 3616 5159 ante

1961 5180 2195 5248 tempus
2227 5176 2464 5234 Paschas
2493 5179 2900 5252 relaxandum,
2936 5202 3007 5241 ne
3042 5188 3113 5243 de
3145 5191 3360 5247 saaculo
3392 5192 3615 5263 absque

1961 5264 2373 5321 communione
2404 5268 2689 5325 discedat.

1961 5369 2095 5425 CAP.
2131 5371 2217 5424 41.
2251 5403 2317 5456 -Τ
2340 5374 2577 5456 ,οε-ίιιίί
2604 5379 2700 5456 qui
2727 5379 2789 5456 in
2846 5381 3084 5456 Ecclesia
3131 5382 3351 5456 remitti
3389 5390 3616 5456 peccata

2031 5448 2369 5514 negaverint.
2406 5450 2487 5502 Bx
2516 5448 2675 5503 dictis
2700 5450 2924 5521 August.
2962 5453 2979 5523 (
3012 5456 3071 5508 in
3121 5448 3468 5525 Enchir.,'c.
3501 5458 3619 5528 83.)

2032 5540 2137 5603 Qui
2169 5560 2299 5598 vero
2330 5544 2386 5598 in
2420 5545 2677 5602 Ecclesia
2700 5548 2917 5604 remitti
2951 5557 3183 5623 peccata
3208 5571 3321 5611 non
3344 5556 3613 5629 credens,

1962 5632 2286 5687 contemnit
2326 5633 2506 5689 divini
2540 5636 2800 5692 muneris
2832 5638 3185 5712 largitatem,
3220 5644 3358 5702 etin
3384 5645 3491 5703 hac
3522 5646 3621 5705 ob-
