3948 6072
391 255 494 311 867

1472 255 1539 305 D.
1578 248 1820 304 IVONIS
1855 242 2350 300 CABNOTENSIS
2383 244 2706 299 EPISCOPI

3704 249 3832 306 868

390 379 707 437 stinatione
737 377 952 433 mentis
983 378 1137 433 diem
1169 374 1388 431 claudit
1407 376 1755 441 extremum,
1790 386 1923 425 reus
1946 370 2035 425 est
2065 369 2117 433 Α
2148 382 2230 436 pas
2281 365 2683 437 paenitentiam
2743 382 2847 439 per
2894 368 3161 439 prwﬁxos
3208 369 3431 441 gradus
3461 371 3823 445 injungant.

392 467 491 524 illo
513 466 909 524 irremissibili
965 468 1200 538 peccato
1232 465 1291 518 in
1335 462 1619 535 Spiritum
1652 467 1948 524 sanctum,
1974 456 2031 511 in

393 575 511 631 quo
541 557 809 614 Christus
837 558 1074 627 peccata
1104 552 1364 608 dimittit.

394 668 522 723 CAP.
556 665 647 721 42.
679 694 748 704 —
779 661 929 732 Quod
952 661 1192 730 inﬁrmis
1238 660 1393 732 omni
1444 658 1581 732 hora
1613 656 1795 732 cibum
1822 666 2036 709 sumere

623 729 811 791 liceat:
840 736 924 789 Ea:
951 729 1098 789 conc.
1132 730 1520 803 Magontiensi,
1552 746 1672 800 cap.
1702 729 1794 781 23.

464 833 718 892 Infirmis
750 834 884 888 licet
913 831 1073 886 omni
1107 830 1251 886 hora
1271 829 1467 885 cibum
1494 832 1815 901 potumque
1838 837 2036 879 sume-

393 942 473 995 re,
508 923 990 996 quotiescumque
1021 920 1378 976 desiderant.

392 1035 526 1090 CAP.
562 1031 650 1085 43.
692 1060 762 1070 -
791 1030 865 1083 De
919 1028 1044 1084 illis
1101 1026 1476 1083 sacerdotibus
1526 1024 1625 1095 qui
1672 1019 2038 1095 morientibus

459 1103 851 1175 paenitentiam
879 1100 1286 1175 denegaverint.
1320 1099 1402 1152 Ex
1429 1094 1657 1153 decretis
1703 1094 1847 1150 Julii
1870 1105 2038 1163 papa

463 1172 557 1244 (ad
584 1174 728 1229 cale.
761 1174 969 1229 decret.
996 1172 1183 1242 Julii).

465 1264 577 1335 (26,
608 1280 661 1334 q.
684 1263 739 1331 6,
771 1278 818 1316 c.
854 1262 914 1316 Si
937 1260 1269 1333 presbyter.)
1305 1258 1363 1312 Si
1413 1257 1547 1328 quis
1580 1254 1883 1329 presbyter
1911 1268 2037 1323 pce-

386 1352 694 1409 nitentiam
726 1350 1101 1424 abnegaverit
1138 1348 1547 1417 morientibus,
1602 1361 1734 1401 reus
1766 1344 1879 1401 erit
1909 1341 2035 1399 ani-

388 1459 648 1510 marum,
683 1441 824 1513 quia
855 1440 1135 1495 Dominus
1166 1439 1347 1494 dicit:
1382 1438 1713 1506 Quacunque
1741 1434 1830 1489 die
1859 1433 2040 1503 fuerit

387 1547 675 1588 conversus
694 1538 970 1602 peccator,
994 1530 1103 1583 vita
1124 1530 1287 1594 vivet,
1320 1532 1370 1581 et
1398 1542 1507 1581 non
1529 1525 1799 1579 morietur
1820 1521 2035 1594 (Ezech.

387 1621 571 1693 xvm).
603 1621 753 1675 Vera
783 1618 939 1674 enim
974 1616 1274 1673 conversio
1307 1615 1405 1689 [αἱ.
1442 1613 1750 1683 confessio]
1782 1612 1842 1666 in
1901 1609 2039 1665 ulti-

390 1726 486 1766 mo
517 1714 779 1782 tempore
804 1712 995 1781 potest
1024 1723 1176 1772 esse,
1211 1706 1350 1777 quia
1383 1703 1667 1761 Dominus
1699 1718 1812 1757 non
1846 1700 2037 1756 solum

388 1800 813 1874 temporis,sed
846 1798 1023 1854 etiam
1040 1796 1547 1868 cordisinspector
1576 1800 1665 1849 est
1693 1791 2039 1862 (Lucum).

391 1891 544 1946 sicut
569 1890 717 1945 latro
745 1887 922 1943 unius
955 1885 1237 1942 momenti
1269 1884 1610 1957 poenitentia
1660 1882 1872 1937 meruit
1915 1896 2043 1937 esse

388 1980 449 2035 in
483 1979 754 2051 paradiso
785 1977 844 2032 in
878 1976 1020 2032 hora
1042 1974 1258 2030 ultima:
1290 1972 1692 2029 confessionis.

388 2088 521 2144 CAP.
556 2085 642 2139 44.
675 2114 744 2124 -
776 2082 924 2151 Quod
953 2083 1105 2137 nulli
1126 2081 1324 2136 ultima
1398 2066 1728 2151 paenitentia
1771 2079 1846 2151 sit
1875 2076 2043 2151 dene-

459 2156 665 2229 ganda.
700 2148 1043 2229 Ec'decretis
1073 2154 1353 2229 coelestini
1393 2148 1571 2224 papa,
1622 2166 1741 2221 cap.
1777 2149 1838 2204 ιΟ
1869 2148 1978 2219 (ep.
2008 2148 2044 2200 2

461 2226 532 2285 ad
561 2230 730 2300 episc.
770 2227 992 2293 Gallia,
1022 2243 1068 2279 c.
1102 2226 1179 2295 2).

462 2320 569 2387 (26,
605 2359 618 2372 .
650 2318 739 2388 q6,
771 2332 818 2370 c.
851 2314 1226 2386 Agnovimus.)
1280 2311 1643 2385 Agnovimus
1675 2308 1831 2365 enim
1856 2306 2041 2380 poeni-

390 2406 637 2463 tentiam
669 2404 1060 2461 morientibus
1092 2402 1390 2473 denegari,
1425 2416 1529 2455 nec
1559 2399 1791 2455 illorum
1815 2396 2042 2451 deside-

389 2496 494 2552 riis
525 2494 729 2564 annui,
764 2493 864 2564 qui
896 2492 1091 2548 obitus
1123 2490 1215 2546 sui
1250 2499 1508 2562 tempore
1539 2488 1647 2544 hoc
1697 2486 1905 2542 animae
1938 2502 2040 2540 cu-

388 2585 560 2658 piunt
592 2582 848 2641 remedio
879 2580 1200 2637 subveniri.
1240 2581 1581 2644 Horremus,
1622 2579 1825 2641 fateor,
1866 2579 2044 2630 tanta:

389 2674 715 2747 impietatis
748 2671 1004 2743 aliquem
1036 2669 1300 2742 reperiri,
1335 2673 1399 2723 ut
1428 2668 1495 2722 de
1530 2666 1627 2721 Dei
1657 2667 1870 2738 pietate
1902 2665 2036 2719 des-

386 2767 570 2836 peret,
604 2762 775 2834 quasi
810 2778 925 2817 non
959 2759 1146 2831 possit
1176 2759 1248 2814 ad
1281 2774 1343 2813 se
1374 2756 1582 2828 quovis
1612 2760 1875 2826 tempore
1906 2770 2042 2809 con-

392 2851 650 2907 currenti
666 2864 1032 2915 succurrere,
1064 2851 1120 2903 et
1142 2844 1571 2919 periclitantem
1587 2844 1697 2899 sub
1718 2858 1893 2899 onere
1906 2858 2043 2914 pec-

392 2944 654 2997 catorum
683 2938 1003 3007 hominem,
1046 2936 1300 3008 pondere
1345 2951 1460 3004 quo
1513 2950 1574 2989 se
1617 2932 1715 2987 ille
1774 2931 2045 3003 expedire

391 3034 477 3099 [se
508 3027 786 3100 expediti,
819 3026 923 3096 or.]
959 3025 1274 3093 desiderat,
1324 3023 1591 3078 liberare.
1628 3021 1734 3087 Qui
1767 3020 1875 3075 hoc
1905 3036 2044 3091 rogo

2144 458 2281 511 Post
2313 455 2432 509 haec
2465 456 2522 510 in
2554 455 2861 511 ecclesiam
2885 472 2984 512 eos
3015 456 3374 526 introducat,
3396 463 3453 516 et
3476 477 3613 517 cum
3636 464 3826 518 omni

2144 543 2299 600 clero
2331 551 2554 616 septem
2588 545 2951 617 poenitentiae
2981 544 3245 617 psalmos
3304 547 3364 602 in
3407 552 3627 606 terram
3668 567 3826 623 pm-

2145 638 2396 690 stratrus
2436 650 2571 690 cum
2613 634 2892 707 lacrymis
2909 651 3013 707 pro
3048 652 3253 692 eorum
3292 636 3666 696 absolutione
3711 640 3827 698 de-

2146 727 2360 779 cantet.
2405 723 2568 778 Tunc
2626 740 2941 795 resurgens
3000 726 3369 798 [exsurgens]
3429 743 3495 783 ac
3541 730 3825 788 oratione

2144 812 2330 882 (juxta
2360 812 2516 884 quod
2547 828 2800 868 canones
2842 813 3073 885 jubent)
3108 830 3321 871 manus
3370 815 3456 872 eis
3512 817 3821 890 imponat,

2146 917 2355 973 aquam
2380 901 2744 957 henedictam
2768 918 3054 973 supereos
3071 907 3331 976 spargat,
3353 905 3614 963 cinerem
3638 908 3821 980 prius

2145 989 2357 1059 mittat,
2391 990 2601 1046 deinde
2631 990 2821 1047 cilicio
2871 992 3067 1064 capita
3113 1008 3320 1049 eorum
3381 996 3710 1069 cooperiat,
3760 1004 3823 1055 et

2144 1097 2278 1136 cum
2308 1080 2530 1151 gemitu
2563 1084 2621 1137 et
2651 1081 2870 1137 crebris
2893 1081 3167 1154 suspiriis
3189 1083 3274 1139 eis
3298 1083 3814 1159 denuntiet,quod

2145 1168 2299 1224 sicut
2325 1170 2509 1225 Adam
2541 1170 2836 1241 projectus
2880 1175 2972 1227 est
3019 1171 3090 1227 de
3138 1172 3434 1245 paradiso,
3481 1173 3565 1230 ita
3595 1181 3653 1230 et
3696 1177 3818 1248 ipsi

2146 1258 2218 1314 ab
2244 1257 2503 1315 Ecclesia
2540 1276 2641 1330 pro
2670 1259 2922 1332 peccatis
2953 1259 3334 1332 abjiciuntur.
3368 1266 3511 1319 Post
3540 1262 3664 1322 haec
3711 1267 3819 1337 ju-

2146 1347 2279 1403 beat
2306 1346 2615 1419 ministris,
2648 1352 2714 1405 ut
2743 1365 2842 1406 eos
2872 1352 3033 1405 extra
3052 1350 3275 1421 januas
3308 1350 3564 1409 ecclesia
3608 1355 3819 1427 expel-

2146 1436 2289 1493 lant.
2323 1436 2519 1494 Clerus
2546 1454 2677 1495 vero
2708 1443 3099 1510 prosequatur
3139 1456 3237 1498 eos
3298 1456 3438 1498 cum
3490 1459 3817 1516 responso-

2148 1526 2269 1583 rio:
2303 1527 2363 1582 In
2391 1528 2586 1583 sudore
2636 1529 2823 1584 vultus
2866 1531 2952 1584 tui
3002 1545 3237 1586 vesceris
3287 1547 3437 1603 pane
3497 1531 3659 1604 (Gen.
3691 1535 3815 1606 ιιι),

2146 1622 2279 1687 etc.,
2309 1621 2371 1671 ut
2409 1618 2670 1673 videntes
2718 1622 2981 1674 sanctam
3030 1618 3351 1676 Ecclesiam
3384 1638 3490 1693 pro
3524 1622 3812 1680 facinori-

2148 1706 2259 1761 bus
2288 1706 2413 1762 suis
2464 1708 2889 1773 tremefactam,
2921 1712 3097 1780 atque
3128 1715 3507 1782 commotam,
3538 1730 3660 1768 non
3683 1730 3821 1786 par-

2152 1795 2467 1867 vipendant
2521 1796 2903 1867 pcenitentian
2964 1799 3029 1852 ln
3088 1813 3257 1855 sacra
3315 1803 3514 1857 autem
3572 1801 3820 1859 Domini

2152 1902 2311 1940 coena
2346 1898 2551 1941 rursus
2584 1886 2655 1941 ab
2686 1902 2889 1942 eorum
2920 1887 3181 1957 decanis,
3216 1892 3274 1944 et
3326 1906 3530 1945 eorum
3562 1892 3815 1965 presby-

2153 1975 2295 2029 teris
2325 1974 2580 2030 ecclesiaa
2610 1974 2916 2031 liminibus
2949 1981 3463 2048 repraesententur.

2151 2063 2287 2118 CAP.
2319 2063 2407 2117 46,
2433 2096 2511 2141 -Δ
2529 2068 2655 2141 Qua
2667 2063 3009 2141 auctoritate
3049 2066 3245 2141 modus
3289 2068 3638 2138 pwnitentiae
3685 2086 3818 2141 pec-

2221 2141 2345 2189 cata
2373 2136 2757 2205 conﬁtentibus
2787 2136 3000 2208 imponi
3028 2136 3240 2194 debeat.
3290 2136 3378 2196 Ex
3422 2140 3665 2197 concilio
3685 2136 3816 2197 ’Μα-

2220 2223 2527 2292 guntiensi,
2562 2226 2702 2296 (cap.
2737 2227 2827 2293 10,
2859 2225 3141 2282 Cabillon.
3174 2243 3223 2282 c.
3256 2228 3376 2300 38.)

2224 2312 2432 2368 Modus
2462 2317 2815 2386 tempusque
2840 2314 3193 2386 poenitentia
3226 2321 3465 2389 peccata
3493 2334 3605 2373 sua
3626 2320 3819 2375 conﬁ-

2152 2402 2416 2458 tentibus
2462 2407 2562 2458 aut
2591 2420 2693 2474 per
2724 2403 3107 2475 antiquorum
3141 2420 3438 2461 canonum
3485 2407 3816 2464 institutio-

2153 2507 2308 2561 nem,
2329 2497 2431 2547 aut
2448 2509 2550 2565 per
2563 2497 2901 2548 sanctarum
2918 2493 3357 2566 Scripturarum
3372 2496 3815 2565 auctoritatem,

2152 2586 2254 2638 aut
2279 2598 2381 2652 per
2436 2581 2893 2639 ecclesiasticam
2943 2585 3431 2641 consuetudinem
3497 2588 3812 2658 probatam

2152 2671 2375 2743 imponi
2408 2672 2580 2728 debet
2636 2689 2670 2727 a
2724 2674 3134 2730 sacertotibus.
3192 2674 3339 2729 Nam
3396 2676 3494 2748 qui
3552 2677 3815 2748 peccatis

2150 2760 2422 2830 gravibus
2479 2759 2632 2816 leves
2686 2762 2973 2831 quosdam
3006 2766 3064 2817 et
3115 2762 3429 2819 inusitatos
3490 2764 3814 2837 imponunt

2153 2848 2504 2921 pcenitentiee
2558 2850 2787 2919 modos,
2837 2854 3109 2907 consuunt
3148 2852 3433 2922 pulvillos,
3471 2855 3809 2910 secundum

2151 2938 2559 3010 propheticum
2592 2955 2923 2995 sermonem
2970 2941 3069 2995 sub
3116 2943 3271 2997 omni
3297 2941 3476 2997 cubito
3496 2959 3725 3012 manus,
3758 2948 3813 3000 et

2150 3029 2363 3099 faciunt
2391 3027 2692 3084 cervicalia
2713 3029 2813 3084 sub
2842 3030 3024 3101 capite
3057 3032 3333 3087 universae
3352 3034 3560 3101 atatis,
3594 3035 3673 3088 ad
3701 3050 3802 3089 ca-

396 3118 555 3173 aliud
587 3120 676 3171 est
706 3131 884 3186 quam
916 3112 1190 3168 morienti
1242 3115 1493 3166 mortem
1541 3110 1777 3179 addere,
1799 3109 2045 3179 ejusque
2076 3112 2117 3179 C
2154 3118 2392 3189 piendas
2416 3120 2653 3189 animas,
2677 3120 2890 3187 (Ezech.
2914 3119 3058 3190 x111).
3086 3120 3196 3175 Sed
3217 3119 3493 3177 discretio
3517 3124 3812 3178 servanda

395 3205 657 3262 animam
680 3220 784 3259 sua
804 3200 1171 3267 crudelitate,
1192 3217 1265 3256 ne
1291 3198 1559 3255 absoluta
1581 3215 1709 3253 esse
1736 3198 1944 3269 possit,
1965 3212 2059 3253 oc-

396 3293 632 3351 cidere?
660 3308 795 3347 cum
838 3291 991 3346 Deus
1016 3290 1089 3344 ad
1112 3288 1583 3345 subveniendum
1610 3286 2053 3358 paratissimus,

391 3383 648 3440 invitans
681 3383 752 3438 ad
783 3380 1186 3453 pmnitentiam
1221 3379 1305 3435 sic
1358 3377 1665 3449 promittat
1721 3374 2049 3448 peccatori:

406 3474 468 3529 In
497 3487 832 3545 quacunque
858 3469 945 3526 die
973 3485 1261 3525 conversus
1289 3467 1484 3539 fuerit,
1516 3469 1735 3539 peccata
1781 3468 1901 3537 ejus
1942 3481 2052 3521 non

389 3563 799 3631 reputabuntur
826 3560 877 3615 ei
893 3559 1109 3631 (Ezech.
1140 3558 1364 3629 xxxm.)
1388 3557 1457 3612 Et
1482 3557 1719 3613 iterum:
1741 3556 1877 3612 Nolo
1901 3572 2052 3610 mor-

400 3661 507 3708 tem
554 3650 874 3721 peccatoris,
908 3649 1003 3704 sed
1050 3650 1261 3703 tantum
1309 3650 1368 3701 ut
1397 3654 1763 3713 convertatur,
1814 3648 1863 3701 et
1908 3646 2056 3702 vivat

398 3739 583 3810 ibid).
620 3738 876 3794 Salutem
907 3754 1042 3808 ergo
1074 3735 1299 3791 homini
1320 3736 1530 3790 adimit
1574 3734 1848 3806 quisquis
1892 3752 2051 3790 mor-

390 3829 469 3883 tis
496 3832 757 3898 tempore
780 3824 1185 3898 paenitentiam
1211 3824 1531 3895 [speratam
1549 3824 1815 3878 inseritur
1829 3826 1887 3877 in
1906 3826 2049 3894 orig.

389 3922 565 3985 etGr.]
586 3914 974 3986 denegaverit,
1008 3913 1470 3984 etdesperaverit
1500 3913 1570 3967 de
1598 3912 1909 3967 clementia
1924 3913 2050 3986 Dei,

386 4007 488 4079 qui
504 4022 641 4062 eum
658 4006 731 4061 ad
758 4002 1225 4059 subveniendum
1246 4001 1524 4056 morienti
1540 4000 1808 4057 sufficere
1821 4001 1907 4056 vel
1930 4019 2025 4058 mo

392 4101 587 4153 mento
605 4110 777 4168 posse
810 4110 922 4149 non
944 4089 1757 4160 credidit.jPerdidissetlatro
1776 4089 1835 4145 in
1879 4108 2049 4148 cruce

400 4184 707 4256 praemium
762 4182 834 4237 ad
883 4179 1097 4236 Christi
1137 4180 1403 4234 dextram
1452 4178 1734 4250 pendens,
1785 4179 1836 4234 si
1877 4178 2045 4235 illum

386 4273 564 4329 unius
584 4273 741 4329 horas
775 4270 1117 4343 ptenitentia
1161 4268 1565 4339 nonjuvisset.
1600 4271 1745 4324 Cum
1788 4273 1944 4324 esset
1986 4269 2045 4324 in

393 4379 565 4434 pcena
584 4359 878 4433 pcenituit,
912 4364 970 4415 et
988 4375 1088 4431 per
1106 4358 1283 4414 unius
1307 4357 1593 4414 sermonis
1626 4357 2045 4428 professionem

2166 3215 2253 3261 est
2282 3205 2436 3261 inter
2466 3207 2806 3277 paenitentes
2839 3206 3072 3279 publice
3101 3213 3158 3262 et
3190 3208 3497 3267 absconse.
3534 3211 3685 3268 Nam
3710 3212 3813 3285 qui

2163 3295 2396 3368 publice
2423 3299 2641 3367 peccat,
2674 3300 2901 3368 oportet
2931 3300 2996 3351 ut
3026 3297 3257 3369 publice
3286 3299 3576 3356 multetur
3617 3303 3810 3373 paeni-

2162 3385 2344 3441 tentia
2376 3390 2434 3442 et
2455 3385 2783 3441 secundum
2815 3385 3083 3442 ordinem
3115 3402 3409 3445 canonum
3455 3405 3561 3461 pro
3597 3390 3809 3446 merito

2161 3492 2267 3531 suo
2299 3475 2839 3532 excommunicetur
2867 3480 2926 3532 et
2956 3476 3379 3533 reconcilietur.

2162 3566 2295 3623 CAP.
2330 3566 2416 3620 47.
2452 3597 2517 3606 -
2549 3565 2704 3634 Quod
2758 3564 3056 3622 diversitas
3096 3566 3385 3638 culparum
3431 3567 3812 3626 diversitatem

2373 3639 2544 3710 faciat
2571 3639 3037 3709 paznitcntiarum.
3066 3639 3152 3694 Ex
3178 3638 3343 3695 dictis
3368 3644 3600 3711 August.

2231 3727 2549 3783 Diversitas
2580 3727 2889 3799 culparum
2918 3727 3319 3785 diversitatem
3350 3729 3492 3785 facit
3519 3729 3808 3801 pmniten-

2160 3818 2397 3872 tiaram.
2429 3816 2574 3871 Nam
2608 3821 2664 3872 et
2692 3833 3005 3889 corporum
3038 3818 3250 3874 medici
3280 3819 3511 3875 diversa
3544 3821 3806 3877 medica-

2160 3910 2359 3961 menta
2388 3910 2769 3977 componunt,
2804 3910 2869 3961 ut
2910 3906 3081 3962 aliter
3124 3908 3387 3978 vulnera,
3423 3907 3594 3963 aliter
3649 3926 3809 3964 mors

2158 3995 2321 4065 bum,
2353 3993 2526 4050 aliter
2553 3999 2834 4065 tumores,
2868 3995 3037 4051 aliter
3067 3997 3428 4068 putredines,
3459 3996 3633 4053 aliter
3661 3996 3812 4053 cali-

2158 4084 2343 4156 gines,
2379 4082 2546 4139 aliter
2565 4084 3012 4155 confractiones,
3046 4085 3214 4141 aliter
3234 4086 3678 4142 combustiones
3708 4104 3809 4143 cu-

2156 4177 2306 4229 rent.
2339 4172 2425 4228 lta
2452 4177 2508 4227 et
2539 4172 2877 4243 spirituales
2908 4174 3118 4230 medici
3156 4174 3404 4231 diversis
3434 4176 3815 4233 curationum

2156 4260 2468 4333 generibus
2499 4260 2831 4318 animarum
2860 4261 3105 4319 vulnera
3150 4280 3362 4321 sanare
3418 4264 3659 4321 debent.
3699 4266 3813 4322 Sed

2157 4349 2296 4421 quia
2325 4350 2433 4405 hoc
2464 4367 2787 4422 paucorum
2819 4358 2927 4418 est,
2955 4352 3026 4407 ad
3078 4368 3293 4424 purum
3326 4353 3551 4410 scilicet
3599 4359 3816 4411 cuncta

389 4447 799 4506 habitaculum
841 4447 1247 4517 paradisi,Deo
1265 4446 1664 4518 promittente,
1700 4446 2044 4517 promeruit.
2079 4482 2124 4548 Β
2157 4455 2506 4548 cognoscere
2527 4446 2585 4495 et
2614 4456 2840 4548 curare,
2872 4446 2927 4497 et
2954 4442 3186 4511 mediri,
3219 4447 3394 4548 atque
3414 4448 3482 4500 ut
3501 4443 3813 4548 integrum

387 4559 520 4611 CAP.
553 4556 643 4610 45.
679 4585 747 4597 —
783 4556 845 4612 Ut
872 4554 932 4610 in
970 4554 1149 4626 capite
1200 4553 1649 4623 Quadragesima:
1696 4568 1885 4610 omnes
1937 4571 2041 4625 pu-

458 4627 591 4682 blice
616 4628 947 4697 pwnitentes
978 4628 1040 4680 in
1068 4627 1351 4682 civitatem
1383 4628 1632 4693 veniant,
1650 4629 1716 4697 et
1744 4635 1871 4681 ante
1900 4630 2043 4697 fores

459 4696 709 4755 ecclesiae
760 4697 928 4753 nudis
974 4698 1209 4768 pedibus
1237 4706 1289 4754 et
1330 4697 1518 4754 cilicio
1562 4696 1748 4752 induti
1794 4696 2041 4770 episcopo

456 4785 556 4825 suo
584 4786 642 4826 se
672 4770 1086 4841 repraesentem.
1124 4774 1207 4825 Ex
1235 4786 1383 4825 conc.
1418 4770 1633 4838 Agath..
1668 4785 1785 4840 cap.
1817 4769 1870 4823 9.

458 4868 717 4941 (Dist.50,
776 4883 823 4922 c.
872 4871 937 4922 In
966 4867 1165 4938 capite.
1226 4870 1289 4922 In
1338 4867 1527 4938 capite
1567 4866 2043 4938 Quadragesimas

388 4974 591 5014 omnes
614 4956 959 5030 pcenitentes
983 4956 1083 5027 qui
1112 4956 1404 5027 publicam
1433 4956 1765 5027 suscipiunt
1787 4960 1888 5012 aut
1911 4973 2044 5012 sus-

389 5051 670 5120 ceperunt
729 5045 1153 5119 paenitentiam,
1178 5049 1314 5100 ante
1364 5045 1512 5100 fores
1560 5044 1817 5101 ecclesiae
1849 5060 1911 5101 se
1952 5062 2040 5101 re-

388 5140 746 5212 praesentant
777 5134 1049 5207 episcopo
1102 5132 1380 5200 civitatis,
1412 5149 1580 5188 sacco
1620 5133 1834 5201 induti,
1870 5134 2041 5190 nudis

388 5227 660 5300 pedibus,
692 5224 949 5282 vultibus
983 5224 1043 5278 in
1074 5226 1289 5278 terram
1311 5221 1640 5293 prostratis,
1675 5239 1803 5278 reos
1822 5239 1884 5278 se
1911 5238 2042 5279 esse

390 5316 518 5389 ipso
541 5315 745 5372 habitu
760 5318 820 5370 et
840 5314 1005 5369 vultu
1028 5311 1480 5384 proclamantes.
1496 5310 1581 5365 Ibi
1604 5311 1805 5366 adesse
1828 5312 2042 5367 debent

390 5406 617 5476 decani,
650 5404 710 5460 id
742 5408 832 5460 est
864 5399 1353 5474 archipresbyteri
1384 5398 1789 5471 permciarum,
1823 5404 1880 5454 et
1908 5416 2041 5471 pre-

393 5494 615 5566 sbyteri
638 5493 1051 5566 paenitentum,
1085 5490 1183 5561 qui
1206 5505 1408 5546 eorum
1431 5488 1868 5545 conversionem
1901 5489 2042 5545 dili-

394 5586 599 5655 genter
628 5582 914 5653 inspicere
944 5580 1179 5652 debent,
1204 5583 1260 5635 et
1289 5579 1612 5635 secundum
1642 5578 1883 5635 modum
1915 5579 2042 5636 cul-

2158 4527 2369 4584 salutis
2386 4532 2605 4584 statum
2636 4528 2872 4585 valeant
2922 4547 3210 4602 revocare,
3248 4532 3378 4589 ideo
3427 4533 3675 4589 solerter
3705 4534 3810 4590 ad-

2152 4636 2458 4675 monemus
2490 4620 2728 4676 doctum
2753 4636 3047 4692 quemque
3064 4624 3433 4679 sacerdotum
3463 4624 3707 4689 Christi,
3746 4628 3811 4681 ut

2154 4725 2269 4764 non
2301 4725 2369 4764 ex
2399 4726 2505 4764 suo
2538 4726 2742 4775 sensu,
2773 4711 3540 4783 sedpsecundumgcanonum
3561 4717 3810 4782 statuta,

2152 4802 2209 4854 et
2240 4797 2585 4854 traditiones
2605 4802 2843 4855 Patrum
2878 4800 3153 4857 universa
3182 4802 3478 4874 disponat,
3511 4807 3572 4858 et
3601 4804 3809 4867 condi-

2151 4887 2367 4942 tionem
2428 4888 2737 4959 utriusque
2807 4903 3003 4960 sexus,
3057 4894 3313 4959 aetatem,
3370 4896 3809 4962 paupertatem,

2149 4974 2411 5047 causam,
2447 4981 2690 5043 statum,
2725 4982 3046 5050 personam]
3068 4980 3360 5051 cujusque
3400 4982 3805 5054 paenitentiam

2152 5081 2322 5137 agere
2353 5064 2625 5135 volentis,
2655 5066 2852 5138 ipsum
2901 5084 3133 5140 quoque
3161 5085 3261 5125 cor
3309 5070 3654 5142 paenitentis
3684 5072 3806 5127 ins-

2152 5154 2412 5225 piciat,et
2443 5156 2767 5210 secundum
2810 5156 2928 5210 haec
2946 5161 3011 5211 ut
3030 5157 3141 5212 sibi
3169 5158 3364 5214 visum
3396 5160 3594 5231 fuerit,
3620 5164 3683 5215 ut
3715 5176 3807 5216 sa-

2152 5243 2320 5313 piens
2354 5243 2638 5310 medicus,
2667 5244 2899 5317 singula
2932 5262 3177 5317 qumque
3207 5248 3512 5319 dijudicet.

2151 5331 2279 5388 CAP.
2311 5331 2397 5386 48.
2425 5363 2493 5373 —-
2525 5333 2686 5404 Quod
2713 5335 2880 5410 multi
2914 5337 3028 5410 sint
3072 5342 3285 5410 [ructus
3328 5338 3694 5410 pwnitentiae.
3726 5340 3807 5395 Bx

2745 5406 2906 5462 dictis
2936 5408 3203 5479 ejusdem.

2225 5490 2389 5548 Multi
2424 5498 2563 5548 sunt
2592 5495 2945 5567 poenitentia:
2977 5497 3227 5565 fructus,
3279 5515 3380 5569 per
3407 5516 3559 5572 quos
3589 5502 3665 5557 ad
3711 5517 3800 5558 ex-

2148 5580 2465 5653 piationem
2498 5584 2815 5642 criminum
2846 5587 3202 5657 pervenitur.
3226 5587 3352 5645 Non
3380 5589 3539 5647 enim
3571 5594 3803 5648 tantum
