4000 6060
186 286 294 340 869

1075 288 1384 340 DECRETI
1423 287 1612 340 PARS
1648 285 1772 338 XV.
1809 310 1874 322 --
1916 286 2011 338 DE
2052 286 2534 347 PCENITENTIA,
2575 286 2732 340 ETC.

3510 288 3616 342 870

191 410 451 483 simplici
496 410 600 465 illo
637 410 985 481 paenitentiae
1025 411 1262 466 nomine
1302 409 1464 464 salus
1494 412 1711 464 aeterna
1759 424 1846 463 re-
1879 409 1930 475 Α
1967 407 2060 462 lite
2092 408 2372 463 inebriari
2394 411 2540 476 vino,
2563 408 2623 462 in
2655 425 2759 480 quo
2781 414 2858 464 est
2885 409 3362 482 tuxuria(Ephes.
3394 412 3473 482 v),
3499 429 3614 468 non

191 499 583 573 promittitur,
615 505 682 555 ut
712 499 855 555 illud
889 499 1279 571 apostolicum
1307 517 1318 553 :
1355 497 1710 554 Paenitemini
1741 498 1845 568 igi-

1959 497 2096 569 quia
2129 497 2186 552 in
2217 499 2350 554 vino
2380 504 2470 553 est
2498 498 2753 566 luxuria,
2786 501 2886 554 sed
2919 501 2975 554 in
3009 500 3308 555 ebrietate.

189 592 307 657 tur,
358 588 578 661 inquit,
628 592 678 644 et
723 588 1138 656 convertemini,
1188 593 1250 643 ut
1296 588 1585 644 deleantur
1627 596 1849 659 peccata

1971 607 2091 661 3A9.
2126 606 2216 658 51.
2251 635 2319 646 -
2355 607 2419 662 Ut
2451 605 2879 676 quotiescunque
2910 607 3086 677 aliqui
3132 608 3210 663 ad
3236 609 3616 678 paenitentiam

191 687 370 736 vestra
404 683 550 749 (Act.
577 679 684 749 III).
721 677 949 732 Etillud
974 676 1374 749 propheticam
1400 693 1412 732 :
1438 681 1580 732 Cum
1607 693 1846 731 conver-

189 785 295 825 sus
343 767 726 840 ingemueris,
764 772 904 822 tunc
955 767 1155 822 salvus
1186 768 1301 822 eris
1333 769 1465 837 (Isa.
1499 767 1654 836 xxx).
1708 770 1848 821 Pro-

192 862 326 929 pter
389 855 557 910 illum
619 855 847 911 nudum
899 855 1208 927 gemitum,
1261 861 1500 927 propter
1546 855 1691 910 illud
1742 872 1851 910 nu-

192 946 335 1001 dum
367 961 583 1001 nomen
618 944 971 1017 pcenitentiaz
1004 944 1204 999 nullus
1235 944 1575 1013 salvabitur,
1618 946 1718 1000 sed
1751 960 1854 1016 per

187 1053 287 1092 ver
300 1052 395 1091 am
415 1034 934 1104 confessionem,et
958 1035 1279 1090 sacerdotis
1300 1034 1683 1107 intelligentia
1713 1051 1853 1089 con-

188 1125 416 1194 silium,
461 1128 522 1178 et
552 1140 658 1194 per
695 1122 1006 1179 charitatis
1037 1123 1331 1191 allectum,
1364 1128 1421 1179 et
1469 1140 1571 1195 per
1601 1123 1850 1180 eleemo-

191 1230 477 1285 synarum
510 1213 771 1269 fructum
805 1217 1178 1285 peccatorum
1213 1213 1396 1270 moles
1425 1214 1751 1271 subruitur.

192 1379 328 1430 CAP.
363 1375 450 1429 49.
485 1405 553 1416 -η
584 1373 695 1446 Cur
721 1389 956 1429 canones
985 1389 1095 1428 non
1124 1376 1365 1445 perfecte
1388 1374 1682 1446 praefigunt
1712 1391 1848 1432 uno-

268 1461 482 1572 quoque
506 1445 744 1527 crimine
787 1453 1000 1525 tempus
1030 1453 1079 1500 et
1125 1462 1441 1501 mensuram
1484 1445 1845 1518 painitentiae.

309 1536 351 1572 ,τ
378 1519 541 1572 dictis
570 1519 896 1572 Hieronymi
926 1518 1097 1572 (1‘26).

309 1536 351 1573 α)
378 1518 541 1573 dictis
570 1518 898 1588 Hieronymi
926 1518 1097 1589 (1‘26).

264 1645 368 1711 (De
410 1644 705 1714 paeniteat.
746 1643 879 1698 dist.
917 1643 967 1713 1,
1018 1658 1068 1699 c.
1101 1642 1456 1714 Mensuram.)
1507 1643 1843 1700 Mansuram

193 1736 389 1788 autem
423 1732 706 1804 temporis
735 1732 794 1786 in
833 1732 1059 1802 agenda
1090 1732 1445 1804 pmnitentia,
1482 1732 1695 1789 idcirco
1727 1751 1840 1788 non

2029 679 2373 745 accesserint,
2415 680 2723 734 sacerdotes
2743 680 2978 749 jejuniis
3020 683 3071 734 et
3111 680 3459 735 orationibus
3488 697 3611 736 cum

2029 750 2106 874 ftis
2145 751 2567 828 _c9mmunicare
2615 750 2862 805 debeant.
2910 752 2992 804 Ea:
3039 751 3414 807 Pa’nitentiali
3454 753 3611 809 Theo-

2069 836 2173 874 ori.

2069 836 2173 875 0νί.

2034 921 2512 993 Quotiescunque
2556 921 2873 977 Christiani
2908 923 2978 978 ad
3013 923 3419 994 pmnitentiam
3452 940 3615 981 acce-

1963 1010 2134 1075 dunt,
2153 1010 2380 1080 jejunia
2402 1011 2798 1082 injungimus,
2817 1016 2871 1066 et
2898 1029 3002 1067 nos
3026 1013 3460 1068 communicare
3480 1030 3613 1069 cum

1961 1099 2044 1154 eis
2075 1100 2355 1155 debemus
2379 1101 2435 1154 in
2462 1101 2691 1171 jejunio
2715 1118 2896 1156 unam
2930 1106 3032 1156 aut
3063 1103 3209 1158 duas
3231 1101 3615 1173 septimanas,

1961 1193 2060 1244 aut
2083 1194 2368 1261 quantum
2392 1206 2738 1262 possumus,
2768 1195 2833 1245 ut
2858 1207 2974 1245 non
2997 1191 3224 1247 dicatur
3244 1192 3435 1258 nobis,
3458 1194 3615 1263 quod

1959 1279 2364 1335 sacerdotibus
2396 1280 2736 1336 Judaaorum
2774 1280 2997 1334 dictum
3036 1285 3124 1336 est
3154 1299 3186 1336 a
3209 1281 3492 1337 Domino:
3534 1284 3618 1338 Vae

1957 1368 2105 1423 vobis
2135 1369 2269 1438 legis
2299 1369 2514 1440 peritis,
2539 1371 2639 1440 qui
2659 1369 2981 1439 aggravatis
3004 1371 3272 1437 homines,
3296 1378 3346 1425 et
3376 1372 3615 1442 imponi-

1955 1458 2027 1514 tis
2054 1475 2216 1529 super
2244 1459 2500 1514 humeros
2531 1475 2724 1515 eorum
2754 1475 2925 1514 onera
2956 1462 3172 1530 gravia,
3204 1465 3256 1515 et
3287 1462 3613 1532 importabi-

1955 1548 2055 1617 tia,
2089 1547 2199 1618 ipsi
2219 1552 2401 1603 autem
2430 1563 2539 1603 uno
2571 1548 2742 1618 digito
2764 1557 2945 1603 vestro
2967 1565 3082 1602 non
3105 1549 3342 1617 tangitis
3363 1551 3614 1606 sarcinas

1954 1647 2102 1707 ipsas
2132 1638 2281 1708 (Luc.
2315 1637 2421 1701 x1).
2454 1637 2635 1692 Nemo
2664 1637 2820 1692 enim
2847 1642 3037 1709 potest
3073 1636 3380 1694 sublevare
3403 1639 3616 1695 caden-

1950 1725 2069 1781 tem
2107 1727 2219 1782 sub
2252 1727 2531 1797 pondere,
2565 1727 2678 1782 nisi
2712 1726 3085 1782 inclinaverit
3115 1744 3197 1793 se,
3244 1733 3308 1782 ut
3356 1729 3618 1801 porrigat

194 1822 342 1877 satis
374 1827 571 1893 aperte
605 1822 916 1894 preﬁgunt
948 1836 1200 1876 canones
1238 1839 1339 1892 pro
1371 1839 1726 1894 unoquoque
1745 1823 1852 1879 ατί·
1884 1794 1932 1858 Β
1963 1815 2014 1871 ei
2048 1832 2312 1871 manum.
2347 1816 2547 1886 Neque
2582 1815 2737 1872 ullus
2769 1817 3130 1870 medicorum
3165 1816 3403 1872 vulnera
3449 1817 3616 1871 infir-

192 1910 374 1981 mine,
401 1915 464 1966 ut
486 1911 557 1965 de
580 1910 828 1980 singulis
852 1910 1069 1978 dicant,
1108 1909 1362 1981 qualiter
1391 1913 1854 1984 unumquodque

190 2000 630 2056 emendandum
664 1999 762 2066 sit,
798 2000 897 2053 sed
935 1999 1122 2069 magis
1155 1999 1213 2052 in
1250 1999 1491 2054 arbitrio
1526 2001 1851 2056 sacerdotis

189 2088 576 2162 intelligentia
637 2088 1100 2159 relinquendum
1152 2092 1446 2144 statuunt.
1503 2089 1649 2154 Quia
1697 2089 1853 2161 apud

189 2177 372 2233 Deum
399 2193 513 2233 non
547 2182 667 2232 tam
696 2176 852 2232 valet
879 2193 1156 2231 mensura
1189 2177 1475 2249 temporis
1498 2196 1676 2250 quam
1699 2179 1855 2234 dolo.

188 2267 293 2336 ris,
329 2282 434 2322 nec
466 2267 826 2322 abstinentia
847 2270 1076 2321 tantum
1112 2265 1380 2322 ciborum
1401 2285 1576 2338 quam
1610 2269 1856 2324 mortiﬁ-

187 2355 341 2411 catio
371 2354 671 2411 vitiorum.
706 2356 954 2423 Propter
1010 2355 1164 2426 quod
1200 2359 1464 2426 tempora
1494 2357 1850 2428 paenitentiae

190 2445 305 2500 fide
327 2448 386 2499 et
407 2444 853 2500 conversatione
879 2443 1268 2516 pmnitentum
1293 2445 1684 2500 abhrevianda
1706 2464 1851 2518 pras—

189 2531 444 2604 oipiunt,
485 2537 541 2588 et
574 2532 933 2604 negligentia
965 2532 1310 2603 protelanda
1331 2533 1688 2589 existimant.
1738 2539 1848 2590 Ta-

192 2638 328 2678 men
347 2622 614 2693 [Exstant
634 2625 831 2677 tamen
856 2621 1136 2694 impositi]
1157 2638 1258 2694 pro
1283 2622 1634 2694 quibusdam
1658 2623 1846 2694 culpis

193 2711 356 2766 modi
384 2710 741 2782 poenitentiae
775 2715 915 2766 sunt
945 2710 1418 2781 impositi,juxta
1448 2729 1597 2783 quos
1630 2717 1844 2768 caetera)

195 2800 629 2872 perpendendis
678 2803 816 2855 sunt
846 2799 1029 2871 culpae
1062 2816 1194 2854 cum
1244 2800 1320 2855 sit
1353 2801 1519 2857 facile
1568 2817 1670 2873 per
1716 2819 1843 2858 eos-

192 2890 324 2944 dem
360 2889 560 2945 modos
590 2889 913 2944 vindictam
947 2894 1002 2945 et
1033 2906 1342 2946 censuram
1375 2907 1667 2946 canonum
1697 2890 1844 2946 testi-

201 2995 382 3035 mare.

1964 1903 2254 1959 mentium
2289 1908 2479 1975 potest
2510 1921 2737 1971 curare,
2769 1905 2883 1959 nisi
2917 1905 3195 1960 fetoribus
3229 1905 3404 1960 fuerit
3430 1905 3612 1977 parti-

1963 2011 2120 2065 ceps.
2169 1996 2255 2049 Ita
2297 2010 2528 2064 quoque
2561 1994 2762 2048 nullus
2795 1995 3166 2049 sacerdotum
3211 1994 3299 2050 vel
3351 1995 3615 2064 pontifex

1964 2088 2335 2155 peccatorum
2365 2082 2609 2138 vulnera
2655 2099 2859 2138 curare
2905 2087 3117 2154 potest,
3168 2086 3270 2138 aut
3300 2082 3614 2138 animabus

1965 2177 2204 2243 peccata
2230 2171 2478 2242 auferre,
2504 2172 2618 2227 nisi
2651 2176 2961 2244 praestante
2982 2171 3377 2228 sollicitudine
3407 2177 3464 2227 et
3487 2188 3614 2226 ora-

1961 2262 2120 2317 tione
2141 2261 2550 2333 lacrymarum.
2578 2262 2825 2318 Necesse
2848 2266 2935 2317 est
2955 2277 3112 2333 ergo,
3134 2279 3234 2317 vos
3251 2261 3460 2316 fratres
3485 2261 3617 2316 cha-

1963 2351 2207 2419 rissimi,
2239 2350 2519 2406 sollicitos
2541 2366 2670 2406 esse
2704 2368 2805 2422 pro
2839 2351 3242 2421 peccantibus,
3271 2349 3410 2422 quia
3425 2351 3615 2406 simus

1959 2439 2306 2495 alterutrum
2342 2440 2626 2495 membra.
2664 2441 2914 2510 Ideoque
2961 2442 3017 2493 et
3055 2455 3162 2493 nos
3196 2439 3244 2493 si
3287 2439 3613 2494 viderimus

1959 2529 2216 2599 aliquem
2249 2529 2308 2582 in
2341 2529 2597 2600 peccatis
2631 2529 2950 2598 jacentem,
2984 2527 3332 2582 festinemus
3364 2544 3499 2582 eum
3540 2528 3611 2582 ad

1957 2617 2360 2689 paenitentiam
2396 2634 2497 2688 per
2529 2621 2790 2672 nostram
2841 2615 3171 2672 doctrinam
3225 2631 3512 2681 revocare,
3558 2619 3615 2671 et

1954 2707 2419 2778 quotiescunque
2461 2707 2690 2762 dederis
2732 2705 3045 2761 consilium
3100 2706 3403 2777 peccanti;
3437 2703 3613 2760 simul

1954 2813 2190 2868 quoque
2213 2797 2287 2851 da
2309 2796 2392 2850 illi
2420 2795 2821 2868 paenitentiam
2845 2795 3068 2864 statim,
3096 2799 3381 2865 quantum
3407 2794 3616 2850 debeat

1952 2888 2235 2959 jejunare,
2264 2891 2367 2940 aut
2396 2885 2787 2956 eleemosynis
2811 2884 3095 2939 redimere
3127 2887 3363 2955 peccata
3390 2900 3517 2952 sua,
3543 2899 3616 2938 ne

1950 2977 2097 3031 forte
2140 2975 2505 3030 obliviscaris
2542 2992 2668 3046 quae
2702 2974 2807 3028 tibi
2838 2975 2964 3044 jam
3011 2974 3262 3040 dixerat,
3295 2977 3351 3028 et
3392 2974 3607 3028 iterum

1949 3063 2054 3119 tibi
2090 3081 2329 3120 necesse
2374 3064 2450 3120 sit
2483 3065 2864 3136 interrogare,
2917 3067 2974 3117 et
3011 3062 3256 3117 forsitan
3306 3061 3616 3116 erubescat

191 3139 446 3224 CAP-“5Q
469 3169 548 3224 ,-“
578 3140 652 3224 DF
682 3138 823 3224 illis»
857 3139 1504 3224 ᾳυζραίηίίσῃιίᾳηιέίρί
1542 3144 1845 3211 iniunctam
1877 3157 1919 3223 C
1958 3153 2170 3208 iterum
2204 3157 2442 3224 peccata
2463 3169 2572 3208 sua
2602 3150 2888 3218 conﬁteri,
2913 3154 2969 3206 et
2993 3149 3324 3205 invenietur
3347 3151 3470 3220 jam
3496 3165 3615 3205 am-

263 3211 574 3283 adimplere
602 3214 890 3283 festinant.
925 3214 1008 3267 Eo:
1039 3214 1415 3269 Pcenitentiali
1438 3217 1702 3272 Romano.

260 3335 756 3408 Unumquemque
796 3336 1095 3393 hominem
1137 3339 1506 3394 accedentem
1545 3340 1616 3394 ad
1659 3339 1846 3412 pmni-

194 3426 461 3493 tentiam,
496 3424 546 3480 si
566 3425 784 3481 videris
811 3426 1020 3481 acriter
1041 3431 1098 3481 et
1120 3426 1354 3482 assidue
1385 3432 1538 3483 stare
1567 3429 1629 3486 in
1661 3430 1847 3501 pmni—

187 3514 454 3582 tentiam,
473 3513 669 3569 statim
687 3514 992 3570 remissius
1006 3530 1108 3584 age
1123 3515 1404 3571 adversus
1419 3533 1574 3572 eum.
1592 3518 1698 3580 Qui
1714 3534 1845 3573 vero

197 3607 388 3674 potest
437 3602 680 3674 implere
711 3605 866 3674 quod
900 3603 1244 3675 impositum
1277 3608 1364 3660 est
1395 3605 1467 3673 ei,
1496 3605 1613 3660 noli
1644 3607 1846 3676 prohi-

207 3692 366 3761 bere,
386 3692 485 3747 sed
511 3691 804 3762 permitte.
832 3693 1017 3764 Magis
1040 3693 1196 3748 enim
1213 3692 1490 3747 laudandi
1513 3698 1650 3748 sunt
1667 3694 1726 3748 hi
1751 3694 1850 3765 qui

198 3781 465 3838 celeriter
486 3781 748 3836 debitum
772 3783 998 3853 pondus
1027 3781 1351 3853 persolvere
1381 3781 1680 3853 festinant,
1705 3784 1841 3855 quia

183 3870 479 3942 jejunium
511 3870 775 3925 debitum
805 3875 892 3926 est
924 3871 1176 3942 pondus,
1203 3875 1258 3925 et
1277 3871 1359 3925 sic
1400 3873 1720 3927 amandum
1757 3873 1848 3930 his

186 3960 286 4031 qui
319 3959 725 4030 paenitentiam
752 3964 952 4030 agunt,
977 3961 1115 4030 quia
1145 3959 1193 4014 si
1222 3959 1581 4030 jejunaverit
1610 3967 1666 4016 et
1696 3979 1849 4017 com-

188 4048 431 4120 pleverit
455 4049 612 4120 quod
645 4049 729 4103 illi
754 4050 1102 4104 mandatum
1136 4055 1226 4104 est
1245 4067 1276 4102 a
1294 4051 1620 4118 sacerdote,
1645 4052 1847 4122 puriﬁ-

186 4137 421 4195 cabitur
471 4155 504 4192 a
544 4138 810 4209 peccatis.
858 4138 1016 4204 Quod
1051 4138 1100 4193 si
1151 4137 1364 4192 iterum
1410 4139 1478 4193 ad
1536 4139 1844 4210 pristinam

187 4227 675 4283 consuetudinem
692 4229 913 4298 peccati
945 4243 1211 4282 reversus
1228 4227 1423 4292 fuerit,
1457 4227 1539 4282 sic
1580 4233 1669 4283 est
1701 4246 1842 4300 quo.

188 4317 359 4372 modo
417 4317 597 4382 canis,
653 4315 749 4387 qui
795 4318 1102 4371 revertitur
1150 4316 1220 4372 ad
1247 4318 1512 4372 vomitum
1548 4312 1846 4390 proprium

186 4409 374 4475 (Prov.
409 4406 582 4476 xxvr).
625 4405 831 4460 Omnis
875 4406 1072 4476 itaque
1107 4405 1419 4476 pcenitens,
1455 4423 1570 4461 non
1603 4409 1711 4463 hoc
1751 4425 1848 4464 so-

1950 3241 2108 3314 plius
2129 3242 2415 3313 judicari.

1953 3349 2087 3405 ΟΑΡ.
2119 3350 2209 3402 52.
2245 3379 2313 3389 -
2345 3347 2494 3416 Quod
2522 3348 2803 3418 contingat
2823 3347 3100 3401 hominem
3121 3345 3406 3400 interdum
3435 3343 3616 3400 animi

2024 3430 2197 3487 motu,
2232 3420 2512 3474 interdum
2543 3422 2729 3473 carnis
2767 3418 3078 3488 fragilitate
3101 3432 3345 3488 peccare.
3377 3419 3459 3471 Ex
3486 3433 3617 3471 con-

2026 3494 2156 3548 cilio
2190 3491 2565 3546 Cabillonensi
2595 3508 2656 3558 ιι,
2690 3506 2810 3561 cap.
2844 3490 2935 3544 32.

2029 3599 2138 3653 Sed
2182 3603 2236 3652 et
2266 3598 2374 3652 hoc
2420 3597 2829 3652 emendatione
2878 3596 3143 3666 indigere
3193 3594 3619 3666 perspeximus,

1961 3688 2113 3757 quod
2148 3687 2413 3756 quidam,
2448 3687 2587 3739 dum
2623 3686 2978 3740 confitentur
3010 3690 3248 3756 peccata
3276 3702 3386 3739 sua
3427 3699 3623 3738 sacer—

1963 3776 2219 3841 dotibus,
2268 3792 2381 3829 non
2418 3775 2585 3845 plene
2636 3773 2694 3828 id
2729 3775 2972 3829 faciunt.
3024 3773 3172 3836 Quia
3203 3789 3338 3846 ergo
3389 3776 3622 3828 constat

1962 3867 2261 3921 hominem
2287 3881 2355 3919 ex
2386 3865 2617 3919 duabus
2641 3880 2770 3919 esse
2802 3863 3178 3931 substantiis,
3204 3864 3402 3918 anima
3422 3861 3621 3917 videli-

1959 3961 2048 4009 cet
2077 3959 2134 4008 et
2167 3968 2429 4024 corpore,
2463 3957 2519 4007 et
2551 3953 2849 4008 interdum
2886 3953 3068 4008 animi
3103 3957 3289 4017 motu,
3320 3951 3619 4006 interdum

1958 4043 2153 4099 carnis
2183 4042 2499 4112 fragilitate
2531 4048 2826 4114 peccatur,
2860 4043 3060 4097 solerti
3107 4042 3486 4112 indagatione
3516 4040 3620 4093 de-

1957 4134 2096 4188 bent
2128 4132 2348 4203 inquiri
2381 4131 2511 4203 ipsa
2544 4139 2802 4203 peccata,
2836 4136 2899 4186 ut
2930 4149 2998 4186 ex
3028 4131 3293 4200 utrisque
3339 4129 3506 4200 plena
3542 4127 3620 4183 sit

1959 4222 2271 4291 confessio,
2295 4220 2519 4277 scilicet
2542 4226 2607 4275 ut
2627 4225 2682 4275 et
2703 4238 2768 4276 ea
2800 4221 3193 4276 conﬁteantur
3215 4235 3341 4290 quae
3367 4233 3468 4288 per
3489 4233 3617 4272 cor-

1960 4330 2069 4384 pus
2101 4316 2266 4382 gesta
2291 4314 2453 4377 sunt,
2488 4313 2546 4365 et
2567 4326 2635 4364 ea
2663 4310 2878 4380 quibus
2911 4309 2969 4362 in
2994 4307 3120 4364 sola
3148 4307 3502 4379 cogitatione
3525 4307 3620 4362 de-

1957 4401 2268 4472 linquitur.
2305 4399 2698 4454 Instruendus
2729 4398 2929 4468 itaque
2960 4402 3049 4452 est
3078 4401 3449 4468 peccatorum
3483 4412 3620 4451 suo-

191 4495 314 4549 lum
357 4495 528 4549 debet
553 4496 828 4595 jejunare
861 4495 1016 4566 quod
1068 4494 1153 4548 illi
1189 4496 1537 4550 mandatum
1569 4502 1657 4553 est
1689 4516 1722 4553 a
1753 4515 1850 4553 sa-
1883 4535 1928 4599 D
1960 4507 2097 4599 Puri
2125 4488 2446 4599 θοῐξῖϐεῗοΐ,
2483 4488 2664 4599 uide1
2679 4486 3273 4599 ﬁgitf‘prithi‘palibus
3302 4484 3461 4599 xiiii-8
3492 4484 3620 4540 Βὶῐιθ

191 4584 444 4665 cerdote,
464 4599 670 4640 verum
696 4583 870 4639 etiam
897 4588 1208 4654 postquam
1235 4586 1614 4656 compleverit
1637 4603 1703 4642 ea
1725 4605 1854 4659 quae

193 4672 278 4726 llli
302 4674 474 4744 jussa
505 4679 666 4742 sunt,
702 4675 872 4728 debet
891 4677 1176 4744 quantum
1211 4673 1322 4744 ipsi
1347 4675 1541 4730 visum
1575 4677 1851 4747 fueritje-

183 4762 418 4832 junare.
451 4765 507 4819 Si
540 4763 695 4819 enim
729 4763 912 4834 egerit
941 4778 1008 4817 ea
1039 4779 1165 4832 quae
1199 4762 1287 4816 illi
1330 4765 1600 4819 sacerdos
1635 4783 1852 4836 przece-

191 4853 360 4922 perit,
393 4853 492 4909 illa
526 4859 760 4925 peccata
787 4857 1017 4907 tantum
1051 4869 1177 4923 quae
1201 4853 1508 4908 confessus
1530 4858 1621 4908 est
1652 4856 1849 4910 remit-

185 4944 407 4997 tentur.
467 4943 525 4998 Si
556 4960 689 4998 vero
723 4947 924 5014 postea
957 4959 1022 4997 ex
1055 4959 1161 4997 sua
1211 4941 1509 4997 voluntate
1541 4943 1847 5012 jejunave-

189 5029 286 5095 rit,
338 5031 660 5086 mercedem
715 5032 827 5086 sibi
862 5032 1126 5102 acquirat
1156 5035 1211 5086 et
1243 5047 1492 5102 regnum
1544 5031 1844 5088 caelorum.

190 5117 299 5181 Qui
345 5135 482 5190 ergo
515 5124 696 5175 totam
729 5119 1123 5190 septimanam
1159 5121 1397 5189 jejunat
1434 5137 1534 5192 pro
1568 5120 1844 5193 peccatis,

190 5207 444 5263 Sabbato
477 5212 532 5263 et
570 5209 871 5263 Dominica
917 5207 1008 5263 die
1041 5210 1358 5263 manducet
1389 5213 1444 5263 et
1486 5209 1642 5263 bibat
1674 5211 1846 5280 quid-

191 5296 336 5366 quid
371 5296 420 5351 ei
444 5296 777 5368 appositum
804 5296 992 5351 fuerit.
1023 5296 1326 5352 Custoliat
1345 5301 1539 5351 tamen
1573 5313 1633 5351 se
1665 5315 1698 5352 a
1721 5315 1844 5355 cra-

190 5385 333 5456 pula
365 5389 421 5440 et
450 5386 744 5441 ebrietate.
790 5386 936 5448 Quia
976 5386 1168 5440 omnis
1201 5384 1431 5440 luxuria
1462 5387 1533 5440 de
1562 5386 1845 5444 ebrietate

195 5474 479 5530 nascitur.
506 5475 639 5530 Ideo
663 5475 867 5530 beatus
893 5473 1109 5530 Paulus
1126 5473 1447 5545 prohibuit,
1474 5473 1675 5533 dicens
1703 5481 1843 5534 :No-

1964 4578 2179 4650 quibus
2225 4577 2284 4630 in
2329 4576 2437 4632 hac
2486 4576 2603 4630 vita
2635 4575 2873 4630 difﬁcile
2901 4575 3138 4641 vivitur,
3187 4573 3617 4630 confessionem

1966 4669 2161 4733 faciat,
2205 4665 2348 4738 quia
2378 4671 2478 4720 aut
2511 4665 2882 4737 cogitatione,
2916 4669 3020 4719 aut
3053 4664 3229 4735 (quod
3263 4669 3322 4719 et
3363 4662 3624 4736 gravius)

1963 4775 2133 4828 opere
2186 4773 2388 4812 eorum
2449 4755 2734 4809 instinctu
2790 4753 3064 4825 peccavit.
3118 4752 3327 4808 Odium
3381 4751 3621 4820 etenim,

1961 4846 2201 4914 invidia,
2238 4844 2538 4915 superbia,
2572 4848 2629 4898 et
2652 4847 2869 4899 caeteras
2903 4843 3244 4914 hujusmodi
3279 4841 3489 4897 animae
3519 4857 3621 4912 pe-

1961 4940 2080 4991 stes
2107 4940 2265 4990 lanto
2299 4933 2691 5005 periculosius
2718 4933 2937 4989 ladunt
2960 4938 3180 5005 quanto
3202 4931 3480 4988 subtilius
3499 4946 3620 4986 ser-

1960 5031 2129 5096 punt

1960 5134 2089 5189 CAP.
2142 5132 2232 5186 53.
2268 5162 2333 5172 —
2381 5136 2458 5186 De
2489 5131 2710 5256 incesti:
2737 5129 2953 5185 occulte
2983 5131 3307 5186 commissis.
3342 5131 3423 5185 Ex
3452 5127 3618 5183 dictis

2713 5210 2895 5257 uaust.

2713 5219 2895 5272 ugust.

2029 5301 2087 5356 Si
2121 5299 2256 5372 quis
2307 5299 2595 5356 incestum
2641 5299 2866 5354 occulte
2908 5298 3291 5364 commiserit,
3336 5301 3393 5351 et
3433 5311 3619 5351 sacer-

1965 5391 2084 5445 doti
2109 5390 2334 5446 occulte
2367 5389 2797 5445 confessionem
2824 5387 3026 5460 egerit,
3053 5387 3341 5442 indicetur
3364 5385 3415 5440 ei
3440 5399 3619 5440 reme-

1960 5480 2124 5535 dium
2150 5479 2500 5534 canonicum
2525 5476 2866 5549 [canonum]
2894 5477 3047 5547 quod
3073 5475 3272 5533 subire
3295 5473 3614 5542 debuisset,

257 5621 410 5694 (126)
444 5619 505 5675 Id
539 5620 719 5675 habes
752 5619 808 5674 in
843 5617 1180 5691 praefatione
1203 5617 1620 5675 Pmnitentiarii
1649 5621 1807 5677 illius
1846 5625 2018 5694 cujus
2051 5641 2231 5695 supra
2265 5622 2646 5678 meminimus
2675 5623 2747 5676 ad
2785 5638 2913 5692 cap.
2944 5621 3015 5675 23
