3948 6072
376 289 478 346 871

1461 281 1533 334 D.
1570 277 1811 334 IVONIB
1843 272 2336 332 CABNOTENBIS
2372 277 2693 333 EPISCOPI

3688 267 3810 322 872

381 416 432 473 si
463 416 592 488 ejus
617 413 848 469 facinus
878 409 1242 484 publicatum
1277 405 1502 462 fuisset.
1534 404 1750 460 Verum
1784 401 1923 474 quia
1953 399 2033 456 la-
2061 403 2117 470 Α
2147 405 2213 455 ut
2259 406 2582 458 revertatur
2611 420 2645 458 a
2672 403 2764 458 via
2796 419 2906 458 sua
2938 399 3114 464 mala,
3146 403 3204 455 et
3231 397 3386 453 vivat
3433 396 3630 452 anima
3662 394 3808 464 ejus

380 508 466 561 tet
495 501 904 569 commissum,
938 501 1110 555 detur
1138 496 1188 552 ei
1220 513 1254 552 a
1283 495 1583 552 sacerdote
1611 491 1945 560 consilium,
1970 494 2036 545 ut

383 595 560 651 saluti
591 591 798 649 animis
829 606 947 646 suae
980 603 1083 660 pro
1118 584 1347 642 occulta
1376 581 1718 656 pmnitentia
1748 579 2036 652 proficiat,

384 685 493 740 hoc
525 687 637 746 est,
670 686 736 736 ut
757 678 1036 736 veraciter
1056 692 1124 731 ex
1154 674 1328 730 corde
1357 689 1418 728 se
1442 672 1697 745 graviter
1718 669 2037 740 deliquisse

386 772 758 839 confiteatur,
792 771 849 823 et
878 783 980 838 per
1001 765 1233 836 jejunis
1262 767 1318 819 et
1347 761 1775 832 eleemosynas,
1804 757 2034 830 vigilias

393 866 570 933 atque
613 875 810 915 sacras
853 856 1148 911 orationes
1197 869 1331 908 cum
1364 849 1640 923 lacrymis
1674 865 1737 904 se
1784 862 2036 920 purgare

382 948 717 1018 contendat,
738 950 796 1002 et
825 945 910 1000 sic
931 958 994 1000 se
1016 943 1087 999 ad
1112 958 1276 1014 spem
1300 939 1478 997 venias
1501 956 1605 1012 pro
1629 935 2033 994 misericordia

382 1038 483 1095 Dei
516 1037 815 1109 pervenire
845 1050 951 1089 con
962 1032 1125 1088 ﬁdat.

377 1173 505 1230 CAP.
537 1172 630 1226 54.
663 1201 731 1212 —
779 1167 931 1238 Quod
961 1169 1106 1222 inter
1132 1163 1356 1236 publice
1396 1168 1448 1219 et
1475 1165 1732 1238 absconse
1758 1161 2030 1238 paeniten-

448 1249 524 1300 tes
541 1230 1145 1298 discretio'observanda
1159 1240 1252 1292 sit.
1277 1241 1367 1292 Ea.
1387 1234 1621 1292 concilio
1635 1230 2028 1304 Moguntiensi,

447 1333 568 1388 cap.
599 1315 664 1368 21
698 1313 916 1383 (concil.
955 1312 1200 1366 Remens.
1235 1324 1279 1363 ι’.
1313 1308 1403 1374 31,
1440 1315 1492 1362 et
1522 1303 1702 1361 Cabil.
1727 1302 1789 1373 ιι,
1821 1319 1870 1360 e.
1913 1302 2027 1374 38).

449 1422 520 1478 Ut
549 1419 823 1476 discretio
855 1416 1141 1474 servanda
1191 1416 1268 1470 sit
1314 1413 1468 1469 inter
1507 1411 1879 1484 poenitentes,
1930 1408 2029 1481 qui

379 1510 636 1584 publice,
668 1514 726 1565 et
757 1509 855 1581 qui
889 1508 1178 1563 absconse
1211 1502 1488 1576 pmnitere
1519 1501 1785 1557 debeant.

376 1618 512 1675 CAP.
544 1618 634 1672 55.
667 1644 736 1656 —-
776 1615 840 1671 Ut
884 1629 955 1668 ea:
983 1611 1148 1666 corde
1192 1609 1548 1680 pa'nitentem
1576 1622 1777 1680 magna
1805 1605 2028 1680 cubita:

448 1690 667 1744 ratione
721 1684 1024 1742 sacerdotes
1072 1676 1413 1752 suscipiant.
1458 1684 1546 1752 Ex
1613 1676 1779 1752 dictis
1830 1676 2030 1732 Basilii

448 1761 686 1832 episcopi
713 1760 796 1828 (in
829 1757 952 1827 Reg.
989 1755 1136 1809 brev.
1171 1750 1310 1822 resp.
1346 1751 1416 1806 ad
1444 1751 1606 1806 inter.
1639 1750 1716 1820 8).

445 1867 553 1937 (26.
589 1882 641 1936 q.
691 1866 747 1930 7,
796 1879 843 1917 c.
895 1858 1300 1930 Pa’nitentem.)
1345 1856 1726 1912 Pcenitentem
1757 1871 1825 1910 ex
1855 1853 2028 1910 corde

373 1955 458 2011 ita
489 1956 720 2026 oportet
763 1949 1008 2021 suscipi,
1059 1948 1213 2004 sicut
1267 1946 1549 2002 Dominus
1581 1944 1858 2010 ostendit,
1893 1959 2026 1998 cum

375 2043 538 2113 dicit,
573 2041 714 2114 quia
761 2037 1100 2095 convocavit
1149 2037 1368 2092 amicos
1411 2051 1550 2091 suos
1581 2038 1636 2089 et
1665 2033 1887 2088 vicinos
1936 2030 2025 2086 di-

375 2148 513 2188 cens
540 2149 553 2187 :
591 2126 1073 2201 Congratulamini
1102 2127 1262 2192 mihi,
1295 2124 1428 2199 quia
1451 2124 1637 2180 inveni
1663 2137 1820 2178 ovem
1847 2137 2028 2178 meam

373 2237 540 2293 quam
563 2219 924 2292 perdideram
956 2217 1110 2288 (Luc.
1134 2215 1250 2286 xv).

378 2337 510 2393 Csp.
542 2337 633 2398 56,
683 2364 752 2376 —-
782 2335 858 2388 De
885 2332 972 2387 his
1001 2331 1098 2402 qui
1135 2333 1258 2403 jam
1299 2333 1649 2403 cessaverunt
1693 2341 1942 2403 peccare,
1974 2329 2026 2380 et

440 2396 679 2480 perfecte
725 2396 1150 2480 paenituerunt;
1186 2411 1251 2480 ut
1293 2401 1634 2480 communio.
1659 2396 1738 2454 eis
1771 2401 1853 2480 .in
1903 2396 2025 2480 ipsa

441 2468 770 2552 paenitentia
795 2468 1142 2532 concedatur.
1175 2475 1257 2528 Ex
1285 2489 1433 2529 conc.
1466 2469 1801 2539 Laodicensi,
1823 2485 1944 2537 cap.
1967 2468 2023 2523 2.

443 2585 557 2658 (26,
587 2599 639 2655 q.
671 2584 727 2654 7,
767 2601 814 2638 c.
850 2583 944 2636 His
983 2579 1125 2651 qui.)
1157 2578 1237 2634 De
1268 2578 1360 2633 bis
1399 2577 1499 2649 qui
1546 2574 1903 2631 facinoribus
1935 2575 2022 2628 di-

366 2674 555 2732 versis
610 2675 1014 2745 peccaverunt,
1065 2676 1121 2724 et
1169 2671 1608 2740 perseverantes
1659 2665 1716 2720 in
1760 2663 2022 2718 oratione

367 2761 782 2838 [confessionis
819 2766 876 2816 et
917 2757 1292 2830 paenitentiae,
1342 2759 1508 2811 inser.
1543 2756 1603 2808 in
1649 2753 1845 2824 orig.],
1882 2768 2020 2807 con-

367 2852 696 2906 versionem
721 2866 755 2902 a
780 2847 943 2902 malis
965 2847 1219 2900 habuere
1253 2846 1590 2915 perfectam,
1615 2858 1718 2912 pro
1741 2841 2023 2912 qualitate

367 2938 590 3006 delicti,
622 2936 840 2992 talibus
875 2938 1006 3007 post
1037 2933 1385 3004 poenitentiae
1415 2936 1654 3003 tempus
1683 2929 2020 3000 impensum

367 3032 606 3100 propter
653 3023 1028 3080 clementiam
1075 3026 1134 3078 et
1179 3022 1502 3077 bonitatem
1543 3019 1646 3074 Dei
1695 3018 2021 3074 communio

369 3118 747 3175 concedatur.

366 3238 496 3289 CAP.
527 3232 618 3286 57.
661 3261 731 3271 —
759 3230 833 3285 De
881 3229 1053 3298 lapsis
1086 3229 1147 3283 in
1176 3227 1459 3283 ordinibus
1504 3225 1696 3286 sacris,
1727 3227 1778 3280 si
1804 3232 2019 3298 restau-

437 3306 560 3360 rari
587 3305 819 3373 possint.
865 3295 1205 3373 Augustinus
1236 3299 1308 3354 ad
1344 3301 1569 3355 Petrum
1615 3302 1928 3354 Diaconum
1955 3295 2021 3352 de

437 3377 542 3448 ﬁde
565 3372 824 3442 scribens,
857 3375 937 3428 ait
967 3373 1107 3444 (cap.
1135 3372 1228 3439 3):

439 3480 610 3537 Omni
647 3479 869 3534 homini
900 3478 960 3532 in
992 3477 1102 3533 hac
1130 3478 1251 3532 vita
1279 3493 1409 3532 esse
1435 3481 1625 3548 potest
1649 3475 1808 3531 utilis
1841 3476 2021 3549 pceni-

366 3564 576 3628 tentia,
633 3578 814 3633 quam
863 3576 1219 3632 quocunque
1286 3564 1548 3631 tempore
1607 3559 1781 3616 homo
1813 3561 2015 3631 egerit,

369 3651 699 3725 quamlibet
715 3651 977 3721 iniquus,
997 3650 1324 3721 quamlibet
1339 3665 1622 3718 annosus,
1643 3649 1692 3704 si
1709 3654 1830 3704 toto
1847 3649 2021 3704 corde

370 3738 794 3798 renuntiaverit
824 3739 1080 3810 peccatis
1111 3737 1439 3808 praeteritis,
1470 3742 1527 3792 et
1551 3755 1650 3808 pro
1682 3737 1766 3793 eis
1796 3737 1856 3792 in
1881 3753 2021 3792 con-

372 3833 575 3900 epectu
623 3826 727 3884 Dei
777 3842 893 3883 non
925 3826 1115 3882 solum
1166 3825 1448 3896 corporis,
1482 3827 1583 3881 sed
1617 3825 1790 3881 etiam
1827 3825 2020 3881 cordis

368 3919 661 3990 lacrymas
689 3915 928 3981 fuderit,
961 3915 1331 3970 etmalorum
1359 3930 1602 3983 operum
1631 3913 1889 3969 maculas
1916 3915 2022 3968 bo-

369 4011 463 4065 nis
485 4006 764 4079 operibus
786 4003 1010 4060 diluere
1031 4002 1340 4068 curaverit,
1359 4003 1622 4058 omnium
1647 4007 2018 4073 peccatorum

355 4095 789 4168 indulgentiam
825 4109 959 4149 mox
991 4092 1248 4148 habebit.
1280 4095 1399 4147 Hoc
1432 4092 1589 4147 enim
1623 4092 1790 4146 nobis
1820 4091 2019 4146 Domi-

362 4203 474 4242 nus
507 4183 850 4257 prophetico
892 4181 1183 4252 promittit
1211 4180 1465 4252 eloquio,
1500 4180 1735 4235 dicens:
1777 4180 1833 4234 Si
1877 4196 2017 4235 con-

361 4290 567 4331 versus
601 4271 800 4337 fueris,
835 4278 893 4326 et
922 4269 1284 4342 ingemueris
1315 4269 1514 4325 salvus
1536 4270 1650 4324 eris
1671 4269 1826 4340 (lsai.
1857 4273 2012 4336 xxx).

361 4361 431 4416 Et
477 4359 592 4414 alio
633 4358 757 4413 loco
790 4356 1023 4412 dicitur.
1059 4356 1189 4424 Fili,
1237 4358 1496 4427 peccasti,
1530 4373 1602 4409 ne
1631 4356 1866 4425 adjicias
1907 4357 2012 4410 ite-

356 4464 507 4515 rum,
539 4447 632 4502 sed
658 4445 795 4502 etde
824 4445 1123 4516 prmteritis
1150 4449 1465 4517 deprecare,
1498 4447 1557 4500 ut
1588 4444 1691 4500 tibi
1717 4445 2012 4500 dimittan-

2057 1775 2106 1840 B

2147 493 2338 562 (Επεεὴ
2389 493 2608 566 χχχιιι).
2641 496 3060 549 Verumtamen
3094 487 3299 545 nullus
3330 484 3641 542 hominum
3696 483 3810 539 de-

2146 581 2245 638 bet
2273 583 2386 638 sub
2415 599 2520 655 spe
2551 580 2963 637 misericordias
2989 577 3089 635 Dei
3116 579 3173 632 in
3207 575 3334 633 suis
3351 575 3576 631 diutius
3597 588 3810 628 rema-

2146 686 2281 727 nete
2314 671 2588 744 peccatis,
2617 686 2750 726 cum
2774 670 2950 726 etiam
2981 668 3040 723 in
3063 667 3192 740 ipso
3223 679 3464 738 corpore
3494 679 3669 719 nemo
3703 678 3808 717 ve-

2146 760 2206 814 lil
2258 761 2370 815 sub
2401 776 2503 831 spe
2535 760 2742 815 futurae
2773 758 2985 815 salutis
3017 757 3244 812 diutius
3273 761 3571 826 aegrotare.
3621 751 3807 807 Tales

2143 849 2298 903 enim
2329 848 2430 920 qui
2467 849 2539 904 ab
2570 847 2980 918 iniquitatibus
3010 846 3134 901 suis
3165 843 3434 900 recedere
3465 839 3805 913 negligunt,

2143 941 2200 993 et
2228 937 2339 994 sibi
2373 937 2445 994 de
2475 937 2591 994 Deo
2613 935 3038 1008 indulgentiam
3064 931 3497 1006 repromittunt,
3521 945 3807 986 nonnun-

2140 1043 2313 1098 quam
2345 1029 2427 1082 ita
2454 1025 2894 1098 praeveniuntur
2920 1022 3225 1094 repentino
3256 1020 3357 1077 Dei
3379 1020 3576 1076 furore
3597 1024 3665 1074 ut
3687 1033 3806 1074 nec

2139 1116 2536 1173 conversionis
2573 1119 2828 1187 tempus,
2872 1129 2975 1170 nec
3024 1111 3373 1169 beneﬁcium
3420 1107 3802 1164 remissionis

2139 1205 2455 1262 inveniant.
2517 1205 2649 1260 Ideo
2706 1217 3195 1274 unumquemque
3260 1203 3529 1254 nostrum
3584 1200 3802 1252 sancta

2137 1303 2438 1376 Scriptura
2467 1301 2717 1375 benigne
2748 1303 3087 1373 praemonet,
3120 1298 3359 1354 dicens:
3409 1298 3492 1351 Ne
3521 1293 3798 1351 tardave-

2138 1392 2218 1448 ris
2258 1391 2508 1448 converti
2555 1391 2624 1447 ad
2656 1391 2971 1460 Dominum,
3018 1396 3165 1445 etne
3211 1387 3432 1459 diﬂeras
3479 1383 3546 1440 de
3592 1382 3686 1440 die
3733 1382 3798 1438 in

2137 1481 2279 1538 diem
2299 1499 2319 1544 ,°
2350 1482 2530 1538 subito
2561 1484 2712 1537 enim
2737 1482 2918 1536 veniet
2938 1480 3027 1534 ira
3049 1482 3196 1550 ejus,
3227 1482 3283 1532 et
3312 1478 3372 1532 in
3395 1479 3644 1546 tempore
3663 1474 3798 1530 vin-

2136 1571 2298 1628 dictae
2327 1571 2603 1643 disperdet
2633 1578 2683 1626 te
2714 1570 2914 1642 (Eccli.
2935 1571 3010 1638 v).
3040 1567 3189 1622 Dicit
3227 1565 3401 1622 etiam
3442 1565 3654 1620 beatus
3687 1562 3799 1618 Da.

2137 1661 2230 1716 vid
2259 1678 2272 1716 :
2324 1659 2490 1716 Hodie
2518 1661 2570 1714 si
2598 1675 2777 1714 vocem
2805 1658 2923 1728 ejus
2955 1656 3271 1725 audieritis,
3313 1652 3488 1709 nolite
3516 1651 3801 1707 obdurare

2136 1749 2299 1805 corda
2330 1753 2510 1804 vestra
2541 1748 2714 1816 (Psal.
2745 1751 2913 1814 xcrv).
2945 1745 3045 1800 Cui
3079 1745 3282 1799 beatus
3321 1756 3554 1815 quoque
3578 1738 3801 1795 Paulus

2136 1839 2449 1894 concordat
2489 1837 2583 1893 his
2609 1835 2802 1892 verbis
2832 1853 2851 1890 :
2889 1834 3072 1890 Videte
3108 1836 3336 1904 fratres,
3370 1847 3438 1887 ne
3473 1832 3625 1900 forte
3652 1831 3708 1884 si
3738 1831 3798 1883 in

2135 1929 2328 1998 aliquo
2355 1931 2597 1983 vestrum
2626 1942 2720 1982 cor
2755 1923 2968 1979 malum
3015 1921 3425 1979 incredulitatis
3472 1918 3800 1976 discedendi

2135 2034 2168 2073 a
2224 2019 2330 2072 Dco
2358 2017 2501 2075 vivo.
2550 2031 2610 2070 se
2638 2012 3020 2070 adhortamini
3051 2013 3412 2084 vosmetipsos
3441 2026 3538 2082 per
3579 2009 3792 2082 singu-

2136 2108 2214 2163 los
2251 2105 2387 2173 dies,
2418 2122 2515 2160 nec
2543 2103 2703 2160 hodie
2739 2105 3186 2178 cognominatur,
3230 2105 3289 2157 ut
3320 2117 3428 2157 non
3480 2099 3796 2156 obduretur

2133 2195 2256 2268 quis
2297 2211 2367 2251 ea:
2396 2195 2544 2251 vobis
2577 2193 2808 2265 fallacia
2849 2193 3058 2266 peccati
3098 2191 3282 2264 (Hebr.
3317 2190 3429 2262 ιιι).
3480 2188 3792 2245 Obdurato

2133 2301 2271 2357 ergo
2303 2284 2443 2340 vivit
2472 2283 2644 2339 corde
2673 2282 2774 2354 qui
2809 2298 2872 2338 se
2902 2299 3019 2337 non
3041 2279 3346 2348 convertit,
3371 2279 3696 2350 deeperans
3718 2275 3792 2332 de

2133 2373 2501 2446 indulgentia
2527 2376 2919 2444 peccatorum,
2941 2369 3062 2426 sive
3085 2368 3186 2443 qui
3210 2368 3294 2424 sic
3317 2366 3790 2423 misericordiam

2135 2463 2232 2518 Dei
2281 2465 2503 2533 sperat,
2536 2465 2599 2516 ut
2631 2476 2816 2531 usque
2859 2461 2918 2514 in
2970 2459 3144 2514 finem
3197 2457 3326 2512 vitae
3371 2454 3679 2530 praesentis
3729 2455 3790 2511 in

2132 2568 2376 2609 suorum
2420 2549 2735 2606 criminum
2768 2547 3148 2621 perversitate
3177 2550 3501 2603 remaneat.
3535 2545 3792 2601 Proinde

2132 2640 2442 2712 diligentes
2502 2638 2965 2694 misericordiam
3000 2636 3118 2708 Dei,
3145 2641 3596 2706 metuentesque
3609 2634 3790 2706 justi-

2133 2729 2292 2799 tiam,
2335 2745 2438 2784 nec
2483 2729 2553 2784 de
2601 2726 2946 2783 remissione
2975 2731 3346 2799 peccatorum
3379 2726 3788 2796 desperemus,

2131 2835 2236 2875 nec
2268 2833 2678 2873 remaneamus
2710 2816 2768 2872 in
2791 2816 3066 2888 peccatis,
3092 2815 3343 2870 scientes
3366 2813 3507 2886 quia
3531 2811 3634 2868 illa
3655 2829 3789 2867 om-

2132 2907 2298 2962 nium
2321 2904 2632 2962 hominum
2666 2904 2866 2961 debita
2896 2904 2974 2960 sit
3003 2908 3279 2961 exactura
3309 2901 3788 2974 mquitasjustis-

2129 2995 2265 3052 simi
2303 2995 2543 3066 judicis,
2577 3011 2704 3066 qua:
2738 3011 2856 3049 non
2888 2993 3181 3050 dimiserit
3211 2991 3618 3048 misericordia
3667 2989 3786 3047 cle-

2132 3083 2486 3140 mentissimi
2532 3082 2962 3155 Redemptoris.
2994 3083 3157 3138 Sicut
3185 3082 3340 3138 enim
3376 3079 3789 3137 misericordia

2048 3143 2091 3211 C
2130 3172 2403 3245 suscipit,
2435 3143 2801 3241 absolvitque
2831 3188 3163 3242 conversos,
3193 3169 3519 3242 itajustitia
3541 3168 3790 3242 repellet

2127 3265 2182 3318 et
2213 3261 2418 3333 puniet
2447 3261 2786 3317 obduratos.
2821 3260 2891 3316 Hi
2924 3267 3085 3331 sunt,
3119 3260 3220 3332 qui
3245 3258 3629 3331 peccantesin
3653 3257 3787 3329 Spi-

2128 3350 2304 3406 ritum
2339 3354 2634 3417 sanctum,
2667 3366 2856 3422 neque
2887 3350 2945 3406 in
2967 3349 3076 3406 hoc
3107 3348 3342 3421 saeculo,
3373 3363 3566 3419 neque
3593 3347 3652 3403 in
3688 3348 3783 3402 fu-

2129 3444 2258 3496 turo
2283 3437 2685 3495 remissionem
2711 3439 2996 3511 accipient
3012 3444 3385 3512 peccatorum
3405 3437 3627 3511 (Matth.
3652 3436 3786 3507 χιι).

2127 3531 2406 3585 Hactenus
2435 3529 2661 3598 August.
2693 3529 2840 3584 Nam
2873 3534 2930 3584 et
2959 3530 3030 3586 de
3051 3529 3162 3585 hoc
3193 3529 3454 3585 Isidorus
3474 3526 3790 3599 Hispalen-

2128 3619 2212 3676 sis
2244 3619 2557 3691 episcopus
2589 3620 2661 3675 ad
2695 3619 3139 3690 inquisitionem
3171 3618 3466 3676 Maesonis
3496 3616 3789 3690 episcopi,

2128 3709 2211 3764 ita
2257 3709 2582 3780 rescripsit,
2631 3709 2832 3764 dicens
2881 3709 3034 3778 (dist.
3083 3709 3174 3775 50,
3221 3709 3450 3764 Domino
3499 3709 3715 3778 sancto)
3770 3721 3784 3760 :

2129 3831 2158 3865 (ς
2178 3808 2326 3863 Veru
2339 3825 2392 3863 m
2412 3809 2568 3880 quod
2587 3814 2902 3881 sequenter
2917 3810 2975 3863 in
2993 3807 3257 3881 epistolis
3274 3805 3631 3864 venerabilis
3675 3806 3790 3861 fra-

2129 3898 2376 3954 ternitas
2397 3904 2499 3952 tua
2515 3897 2793 3965 innotuit,
2815 3897 2978 3953 nulla
2993 3898 3161 3953 estin
3183 3895 3531 3966 hujusmodi
3550 3901 3790 3950 senten-

2129 3987 2228 4041 tiis
2270 3987 2636 4042 decretorum
2667 3988 2974 4042 diversitas
3004 3986 3408 4059 intelligenda,
3439 3985 3596 4056 quod
3643 3983 3789 4039 alibi

2128 4073 2343 4147 legitur
2389 4075 2448 4129 in
2483 4074 2650 4147 lapsu
2708 4075 2996 4147 corporali
3040 4076 3502 4132 restaurandum
3543 4071 3790 4130 honoris

2126 4165 2377 4235 gradum
2429 4169 2562 4236 post
2593 4165 3022 4236 pmnitentiam,
3074 4165 3211 4220 alibi
3259 4169 3392 4236 post
3439 4161 3787 4234 hujusmodi

2126 4252 2407 4307 delictum
2453 4269 2828 4325 nequaquam
2861 4254 3256 4326 reparandum
3289 4252 3520 4323 antiqui
3552 4249 3788 4306 ordinis

2126 4340 2422 4396 meritum.
2472 4362 2500 4390 »
2534 4341 2663 4396 Haec
2694 4341 3000 4398 diversitas
3027 4342 3138 4398 hoc
3162 4343 3334 4398 modo
3366 4340 3786 4412 distinguitur.

2123 4437 2260 4494 Illos
2291 4439 2449 4494 enim
2482 4439 2552 4493 ad
2591 4439 2870 4510 pristinos
2901 4440 3079 4496 officii
3111 4441 3331 4512 gradus
3371 4439 3563 4494 redire
3594 4454 3787 4493 canon

355 4547 450 4594 tur
497 4535 688 4606 (Eccli.
732 4534 870 4606 χχι).
913 4533 1231 4606 Nunquam
1281 4536 1544 4606 peccanti
1589 4539 1746 4591 esset
1789 4534 2010 4589 indicta
2036 4523 2084 4588 Ι)
2118 4527 2399 4598 praecipit,
2433 4543 2582 4598 quos
2611 4527 2962 4599 pmnitentim
2993 4529 3297 4601 praecessit
3320 4526 3671 4594 satisfactio,
3695 4525 3791 4582 vel

360 4641 466 4697 pro
512 4622 766 4694 peccatis
811 4623 1164 4694 deprecatio,
1215 4623 1267 4677 si
1315 4623 1650 4694 deprecanti
1696 4640 1812 4678 non
1859 4626 2017 4678 esset

358 4711 632 4770 remissio
664 4711 1053 4766 concedenda.
1086 4711 1197 4766 Sed
1232 4712 1406 4766 etiam
1441 4711 1782 4783 paenitentia
1815 4727 2017 4782 pecca-

356 4802 470 4859 tori
507 4806 644 4855 tunc
678 4799 935 4871 prodest.
971 4799 1020 4854 si
1051 4816 1178 4854 eam
1215 4800 1274 4854 in
1307 4799 1566 4856 Ecclesia
1599 4798 1888 4854 catholica
1920 4814 2013 4871 ge-

358 4895 470 4959 rat,
502 4887 595 4944 cui
633 4888 784 4942 Deus
806 4885 864 4940 in
893 4902 1144 4956 persona
1175 4887 1328 4942 beati
1359 4887 1506 4942 Petri
1532 4887 1753 4959 ligandi
1786 4887 2012 4943 solven-

362 4978 542 5048 dique
574 4975 782 5031 tribuit
823 4978 1189 5045 potestatem,
1223 4976 1456 5030 dicens:
1509 4977 1643 5043 Quae
1688 4975 2014 5047 alligaveris

366 5082 534 5138 super
565 5072 794 5131 terram,
835 5071 1003 5118 erunt
1034 5063 1207 5131 ligata
1255 5068 1305 5119 et
1333 5063 1391 5118 in
1420 5064 1610 5125 certis;
1648 5073 1697 5120 et
1726 5081 2014 5136 quaecum-

362 5172 467 5228 que
513 5153 744 5210 sotvcris
782 5169 948 5224 super
995 5160 1220 5220 terram,
1272 5157 1432 5208 erant
1460 5154 1639 5208 soluta
1665 5162 1715 5208 et
1756 5155 1817 5208 in
1863 5154 2014 5210 ccelis

362 5243 563 5318 (Math.
594 5242 732 5313 χνι).
788 5243 848 5297 In
882 5257 1237 5315 quacunque
1276 5241 1459 5312 igitur
1506 5246 1673 5297 aetate
1703 5241 1879 5298 homo
1917 5258 2014 5299 ve-

359 5350 486 5390 ram
513 5337 882 5406 peccatorum
910 5348 1152 5388 suorum
1177 5332 1362 5405 egerit
1394 5330 1821 5401 paenitentiam,
1855 5340 1909 5387 et
1930 5333 2016 5386 vi-

361 5427 482 5478 tam
515 5439 707 5494 suam,
735 5421 850 5478 Deo
884 5419 1276 5490 illuminante,
1309 5419 1639 5489 correxerit,
1677 5437 1790 5476 non
1823 5420 2016 5493 priva-

363 5511 526 5566 bitur
544 5527 789 5566 munere
810 5510 1211 5582 indulgentiae,
1233 5510 1372 5582 quia
1388 5509 1562 5580 Deus,
1587 5509 1738 5564 sicut
1761 5527 1862 5581 per
1884 5527 2014 5582 pro-

361 5597 601 5676 phetam
623 5599 788 5670 dicit,
809 5615 924 5656 non
947 5599 1070 5656 vult
1089 5604 1339 5656 mortem
1355 5598 1698 5672 peccatoris,
1723 5605 2015 5672 quantum

2121 4615 2303 4687 digna
2332 4621 2703 4687 peccatorum
2741 4617 3052 4673 confessio.
3087 4620 3160 4673 At
3188 4625 3394 4672 contra
3425 4616 3508 4682 hi,
3549 4616 3650 4687 qui
3683 4633 3790 4671 ne-

2121 4704 2431 4776 queavitio
2469 4705 2862 4777 corruptionis
2879 4706 3175 4778 [correpti,
3190 4722 3253 4762 or
3269 4749 3278 4761 .
3292 4747 3307 4774 ,
3324 4705 3588 4777 corporis
3612 4707 3783 4771 Grut.)

2121 4793 2529 4861 emendantur,
2564 4799 2740 4866 atque
2799 4795 2904 4850 hoc
2955 4795 3153 4867 ipsum
3201 4793 3435 4851 carnale
3494 4794 3783 4850 delictum

2122 4884 2278 4953 quod
2303 4882 2648 4953 admittunt,
2675 4885 2853 4938 etiam
2872 4884 3170 4940 vindicare
3187 4885 3444 4955 quadam
3496 4883 3783 4954 supersti-

2121 4973 2274 5026 tiosa
2313 4972 2644 5028 temeritate
2676 4973 2968 5036 nituntur,
3002 4989 3108 5029 nec
3138 4973 3388 5043 gradum
3440 4972 3646 5044 utique
3674 4971 3780 5027 ho-

2122 5060 2306 5129 noris,
2330 5077 2436 5116 nec
2457 5060 2703 5131 gratiam
2726 5062 3165 5117 communionis
3189 5061 3501 5132 recipiunt.
3527 5061 3678 5132 Ergo
3700 5063 3780 5116 ita

2123 5153 2211 5204 est
2233 5153 2481 5219 utraque
2511 5149 2842 5205 dirimenda
2871 5149 3159 5206 sententia
3183 5156 3246 5206 ut
3275 5167 3515 5206 necesse
3549 5150 3630 5205 sit
3648 5149 3780 5205 illos

2123 5237 2443 5292 restaurari
2474 5239 2532 5292 in
2563 5237 2750 5294 locum
2782 5238 3044 5306 honoris,
3074 5239 3173 5310 qui
3214 5256 3318 5311 per
3346 5239 3776 5310 pcenitentiam,

2125 5325 2659 5382 reconciliationem
2685 5325 3028 5383 meruerunt
3050 5328 3259 5383 divinae
3275 5326 3514 5400 pietatis
3536 5346 3551 5397 ;
3579 5327 3641 5382 hi
3663 5344 3780 5384 non

2125 5412 2420 5469 immerito
2463 5423 2906 5486 consequuntur
2937 5416 3160 5489 adepta
3192 5416 3497 5489 dignitatis
3530 5420 3780 5486 statum,

2127 5511 2226 5583 qui
2276 5527 2379 5582 per
2409 5513 2875 5571 emendationem
2928 5515 3284 5587 pcsnitentiaa
3331 5516 3628 5588 recepisse
3677 5532 3780 5572 no-

2125 5604 2376 5658 scuntur
2415 5601 2544 5657 vita:
2577 5603 2924 5660 remedium.
2956 5605 3021 5661 Id
3063 5609 3262 5662 autem
3293 5621 3368 5662 ne
3410 5604 3557 5662 forte
3587 5605 3783 5679 magis
