4000 6060
246 316 355 372 873

1152 304 1462 359 DECRETI
1500 300 1690 354 PARS
1728 298 1847 352 XV.
1883 325 1948 336 —-
1978 297 2075 350 DE
2112 293 2597 358 PGSNITENTIA,
2634 292 2791 345 ETC.

3552 289 3658 346 874

247 442 597 514 ambiguum
627 437 722 505 sit,
757 430 1345 491 divinzeauctoritatis
1366 424 1659 484 sententia
1688 423 1899 480 contir-
1928 421 1984 489 Α
2015 423 2280 476 catorum
2312 416 2631 473 multitudo
2664 415 2724 471 in
2757 414 3230 487 desperationem
3262 415 3504 472 adducit
3531 417 3662 472 ani-

245 512 460 601 metur,
492 526 753 584 Ezechiel
783 525 939 581 enim
972 522 1256 595 propheta
1278 518 1387 573 sub
1416 518 1561 588 λιγρο
1620 512 1892 586 praevari-

239 621 476 678 catricis
497 616 862 675 Hierusalem
885 613 1143 670 ostendit
1168 614 1301 682 post
1340 604 1695 680 pcenitentice
1718 602 1893 658 satis-

240 711 559 768 factionem
611 704 927 780 pristinum
978 697 1297 757 restaurari
1350 712 1519 769 posse
1564 693 1890 749 honorem:

237 799 612 871 Con/"undere,
661 795 874 866 inquit,
921 809 951 849 0
997 791 1158 857 Iuda,
1202 793 1255 845 et
1296 796 1453 858 porta
1507 782 1894 856 ignominiam

239 869 636 961 tuam(Ez.ech.
688 884 829 955 xvr).
888 886 957 937 Et
992 886 1123 953 post
1171 875 1520 951 paululum:
1566 873 1634 926 Et
1666 876 1752 938 tu,
1797 869 1893 923 in-

236 979 387 1052 quit,
421 980 478 1033 et
508 976 640 1031 ﬁliai
673 980 788 1029 tuae
813 967 1173 1027 revertimini
1206 967 1277 1022 ad
1324 963 1739 1034 antiquitatem
1800 973 1893 1013 ve-

233 1047 421 1125 stram
473 1066 569 1139 [ab
617 1062 929 1134 iniquitate
982 1058 1216 1129 vestra].
1272 1053 1440 1124 Ibid.)
1491 1050 1654 1118 Quod
1700 1047 1889 1103 dixit:

236 1155 601 1226 Confundere,
634 1151 894 1208 ostendit
920 1155 1050 1221 post
1074 1142 1465 1208 confusionis,
1495 1139 1549 1193 id
1597 1142 1707 1203 est,
1756 1151 1895 1208 pec—

237 1246 352 1302 cati
384 1261 533 1318 opus
560 1242 770 1298 debere
794 1253 1083 1312 quemque
1112 1240 1474 1295 erubescere,
1499 1234 1556 1283 et
1577 1228 1738 1299 [post
1763 1241 1896 1279 con-

235 1335 576 1403 fessionem,
609 1332 883 1387 inseretur
913 1329 972 1382 in
1003 1325 1108 1395 or.]
1136 1339 1235 1396 pro
1267 1317 1543 1376 admissis
1573 1314 1894 1371 sceleribus

232 1425 625 1482 verecundam
659 1421 910 1475 frontem
942 1414 1108 1470 humi
1143 1414 1498 1483 prostratam
1533 1406 1891 1475 demergere,

232 1531 340 1588 pro
389 1529 457 1568 eo
507 1510 663 1584 quod
729 1508 976 1580 dignum
1040 1497 1410 1557 confusionis
1460 1498 1896 1568 perpetraverat

233 1581 404 1676 opus.
424 1581 641 1656 Deinde
655 1595 930 1671 praecepit
953 1597 1017 1648 ut
1041 1592 1229 1665 portet
1252 1583 1636 1660 ignominiam
1661 1581 1891 1653 deposi-

228 1675 413 1748 tionis
443 1706 585 1753 suae,
607 1686 818 1759 lugens
841 1700 976 1740 cum
995 1680 1333 1737 humilitate
1355 1675 1509 1747 quod
1533 1675 1888 1743 peccaverat.

2012 525 2193 579 mam,
2224 508 2324 564 sed
2358 507 2654 578 impietas.
2689 504 3011 577 Impiorum
3043 520 3180 576 ergo
3212 508 3301 560 est
3348 506 3658 578 desperare

2010 597 2284 660 salutem,
2326 612 2442 651 non
2475 598 2868 666 peccatorum.
2902 595 3031 651 Ηίεε
3063 593 3289 649 aliunde
3306 596 3473 665 petita
3502 602 3655 653 sunt.

2007 695 2167 751 Unde
2198 694 2397 750 divina
2428 691 2836 748 misericordia
2867 691 3194 762 pollicetur,
3253 691 3452 748 dicens
3479 708 3491 747 :
3518 694 3657 749 Gau-

2002 784 2159 840 dium
2188 786 2291 840 erit
2313 784 2369 838 in
2404 783 2533 839 cwlo
2571 798 2755 837 coram
2800 782 3011 852 angelis
3042 766 3157 836 Dei
3177 797 3344 847 super
3371 796 3480 837 uno
3522 798 3656 851 pec-

2003 883 2191 929 catore
2225 873 2356 943 (Luc
2376 873 2488 943 xv).
2514 872 2576 926 Et
2617 875 2737 943 post
2784 887 2988 940 pauca.
3032 869 3366 938 Stantibus,
3410 870 3460 925 si
3505 871 3652 926 ceci-

2005 962 2221 1032 derint,
2256 960 2516 1015 minatur
2548 975 2777 1031 poenam
2816 958 3099 1014 Dominus
3129 977 3142 1027 ;
3178 956 3379 1029 lapsis,
3415 962 3480 1014 ut
3520 977 3655 1015 sur-

2004 1066 2138 1123 gere
2157 1054 2453 1122 appetant,
2474 1047 2764 1120 promittit
2781 1046 3272 1103 misericordiam.
3298 1046 3436 1103 Illos
3457 1052 3653 1115 terret,

2003 1155 2075 1194 ne
2108 1142 2468 1211 praesumant
2491 1138 2547 1191 in
2574 1136 2741 1192 bonis
2766 1154 2778 1203 ;
2806 1134 2937 1191 illos
2960 1136 3195 1202 refovet,
3236 1151 3307 1190 ne
3347 1138 3658 1208 desperent

2003 1227 2064 1281 in
2115 1226 2306 1283 malis.
2356 1228 2455 1294 (De
2514 1243 2662 1297 pum.
2708 1225 2897 1280 homil.
2937 1224 3029 1290 80,
3080 1223 3150 1279 ad
3196 1240 3323 1296 pop.
3376 1225 3655 1299 Antioch.)

2001 1316 2210 1371 Justus
2244 1314 2519 1371 es?iram
2554 1313 2925 1386 pertimesce,
2951 1330 3023 1369 ne
3071 1330 3332 1370 corruas.
3385 1314 3659 1371 Peccator

2002 1421 2062 1460 es
2081 1404 2109 1458 ‘I
2141 1421 2428 1475 praesume
2459 1404 2529 1459 de
2564 1402 2988 1472 misericordia,
3009 1406 3074 1457 ut
3101 1419 3333 1474 surgas.
3353 1405 3436 1457 Ex
3471 1420 3651 1476 super.

2003 1493 2101 1548 lib.
2135 1493 2206 1549 ad
2237 1492 2455 1564 Theod.)
2486 1492 2555 1546 Et
2581 1490 2733 1547 sicut
2762 1489 2967 1559 lapsus
3018 1491 3212 1563 [lapis]
3262 1492 3652 1563 gravissimus

2002 1582 2329 1637 cervicibus
2361 1581 2565 1636 animm
2607 1579 2985 1645 incumbens,
3030 1595 3158 1635 eam
3206 1596 3441 1652 semper
3481 1582 3649 1637 deor-

2001 1686 2134 1725 sum
2169 1670 2225 1725 in
2257 1674 2473 1724 terram
2502 1667 2653 1739 cogit
2687 1668 2969 1740 aspicere,
3013 1668 3083 1723 ad
3123 1673 3309 1724 Deum
3345 1685 3481 1725 vero
3518 1687 3649 1726 sur-

231 1782 445 1851 Sicque
476 1776 734 1834 revocari
756 1773 1083 1832 secundum
1113 1766 1459 1843 prophetam
1508 1763 1579 1819 ad
1631 1761 1882 1834 priorem
1915 1800 1965 1867 B
2003 1777 2135 1816 sum
2170 1776 2282 1815 non
2317 1758 2681 1814 sinitoculos
2721 1760 2935 1826 levare,
2967 1758 3052 1813 sic
3082 1756 3265 1813 virilis
3314 1762 3404 1813 est
3447 1758 3648 1827 animi,

233 1874 456 1927 statum
482 1865 717 1940 poterit.

230 2008 369 2061 CAP.
401 2004 492 2058 58.
525 2032 594 2042 —
626 1998 785 2072 Quod
815 1999 1007 2072 anima
1026 1994 1220 2072 multis
1236 1987 1490 2072 gentibus
1545 1984 1803 2072 nobilior,
1835 1985 1886 2037 et

304 2055 497 2130 multis
543 2055 774 2129 urb‘ious
815 2068 1111 2141 pretiosior
1168 2055 1298 2141 sit',_
1326 2060 1551 2141 ideoque
1614 2058 1665 2141 si
1731 2055 1886 2141 lapsa

298 2126 495 2217 fuerit,
545 2126 840 2217 admodum
892 2126 1589 2217 ίάαηᾳηάαιῃςςείιξεενρμιηηξ
1622 2126 1884 2217 γιζξᾴὶίὺνο

307 2198 406 2273 '3'."
436 2198 671 2272 libanais
737 2198 1336 2280 Constantinopolitani
1403 2198 1477 2259 ad
1526 2198 1882 2268 Theodorum,

306 2305 437 2360 cap.
476 2288 546 2342 59
569 2286 738 2358 (127.)

310 2405 441 2474 Quis
470 2403 621 2459 dabit
651 2399 822 2472 capiti
858 2413 973 2454 meo
1012 2410 1220 2468 aquam
1266 2395 1319 2447 et
1360 2390 1532 2446 oculis
1572 2388 1708 2442 meis
1754 2387 1883 2455 fon-

234 2502 344 2551 tem
368 2494 745 2565 lacrymarum
770 2490 899 2560 (Jer.
925 2484 1023 2558 ιι),
1048 2479 1440 2555 opportunius
1462 2474 1650 2531 multo
1675 2490 1830 2529 nunc
1852 2489 1886 2527 a

232 2600 351 2651 me,
383 2561 563 2655 quam
595 2585 733 2636 tunc
765 2596 798 2634 a
821 2576 1108 2650 propheta
1127 2570 1245 2641 Dei,
1270 2566 1528 2624 dicitur?
1551 2564 1704 2620 Licet
1726 2561 1883 2618 enim

233 2690 350 2728 non
388 2671 560 2727 urbes
593 2668 817 2733 multas,
850 2683 953 2722 nec
974 2680 1118 2737 gens
1140 2661 1364 2729 integra
1387 2652 1764 2710 lamentanda
1785 2651 1881 2717 sit,

233 2762 435 2817 anima
465 2765 659 2814 tamen
694 2757 888 2812 ﬂenda
910 2760 1019 2821 est,
1062 2749 1268 2807 multis
1322 2743 1596 2818 gentibus
1637 2738 1884 2796 nobilior

236 2849 558 2919 multisque
587 2847 833 2903 urbibus
866 2841 1198 2916 pretiosior.
1226 2837 1373 2893 Nam
1401 2833 1447 2890 si
1480 2847 1657 2900 unus,
1686 2828 1782 2899 qui
1804 2829 1883 2883 fe-

234 2939 382 2996 cerit
406 2917 765 2993 voluntatem
818 2933 913 2989 Dei
961 2930 1167 2986 melior
1208 2931 1299 2982 est
1342 2938 1521 2996 quam
1565 2917 1883 2974 multitudo

232 3022 937 3097 iniquorum(£§ccl.xvx,)
971 3018 1177 3076 melior
1204 3033 1342 3087 ergo
1373 3016 1431 3069 et
1450 3016 1513 3067 tu
1544 3025 1670 3065 eras
1695 3023 1883 3078 quon-

233 3095 368 3172 dam
398 3132 576 3188 quam
605 3095 1023 3169 multitudines
1042 3108 1406 3164 Judaeorum.
1432 3101 1672 3165 Propter
1728 3095 1883 3169 quod

231 3221 402 3260 nemo
436 3205 704 3272 miretur,
731 3202 780 3258 si
811 3201 956 3257 forte
988 3193 1400 3270 prolixioribus
1433 3206 1538 3261 ego
1570 3203 1726 3242 nunc
1748 3189 1881 3241 utar

226 3292 775 3358 lamentationibus,
808 3294 866 3344 et
915 3287 1236 3343 amariores
1293 3279 1645 3355 profundam
1678 3277 1872 3342 ﬂetus,

226 3398 406 3455 quam
437 3386 577 3435 tunc
602 3378 885 3450 propheta
910 3376 1187 3448 profudit.
1221 3372 1347 3428 Non
1383 3370 1539 3426 enim
1594 3366 1759 3422 urbis
1792 3366 1876 3435 (ut

225 3454 366 3541 dixi)
397 3476 578 3540 captae
609 3466 833 3522 excidia
862 3464 1069 3530 deﬂeo,
1105 3479 1208 3518 nec
1241 3461 1374 3514 vilis
1396 3457 1548 3527 vulgi
1571 3454 1874 3527 captivita-

226 3565 338 3616 tem
373 3559 681 3623 lamentor,
707 3556 808 3611 sed
838 3554 1093 3625 insignis
1125 3551 1331 3606 animae
1369 3549 1619 3619 lapsum,
1651 3548 1708 3600 et
1736 3548 1878 3597 tem-

229 3648 313 3721 pli
344 3648 404 3704 in
434 3664 552 3718 quo
584 3645 855 3701 Christus
877 3642 1200 3706 habitabat,
1216 3638 1532 3693 excidium.
1566 3633 1697 3689 Haec
1718 3631 1876 3687 enim

229 3736 573 3793 lamentatio
606 3734 860 3807 insignis
890 3732 1117 3797 anime,
1152 3745 1327 3800 quam
1357 3743 1459 3794 ego
1477 3723 1681 3787 deﬂeo,
1715 3725 1877 3775 tanto

231 3832 325 3883 est
356 3825 453 3881 illa
484 3823 686 3880 durior
716 3828 773 3878 et
801 3821 1056 3878 amarior
1086 3822 1306 3891 quanto
1345 3820 1401 3870 et
1449 3813 1652 3867 verior.
1707 3811 1877 3865 Paulo

229 3923 372 3989 post.
427 3914 567 3970 lude
598 3913 803 3984 utique
848 3914 939 3967 est
999 3909 1156 3981 quod
1203 3922 1308 3978 ego
1374 3898 1881 3959 irremediabiliter

235 4005 472 4079 plango,
506 4003 647 4072 quia
676 4001 805 4057 novi
835 4005 894 4056 et
930 3996 1355 4054 incessabiliter
1383 3993 1555 4064 lugeo
1595 3990 1737 4045 dum
1788 4004 1879 4043 re-

228 4095 792 4163 cordor,usquequo
831 4088 1046 4144 iterum
1088 4090 1144 4143 te
1192 4083 1516 4156 tripudiare
1558 4078 1880 4152 [repedare]

226 4184 461 4240 videam
489 4183 559 4237 ad
588 4179 800 4253 prioris
829 4177 1029 4249 gloriae
1060 4179 1302 4231 statum.
1353 4174 1516 4236 Quod
1568 4168 1678 4224 etsi
1724 4166 1877 4237 apud

230 4271 591 4329 hominesim
605 4266 883 4342 possibile
894 4266 1144 4332 videtur,
1164 4261 1317 4334 apud
1350 4258 1663 4316 Dominum
1680 4258 1880 4310 tamen

231 4360 431 4418 omnia
452 4357 759 4432 possibilia
795 4360 934 4412 sunt
970 4358 1125 4425 (Luc.
1173 4354 1235 4422 1).
1270 4353 1402 4419 Ipse
1442 4351 1531 4402 est
1576 4343 1733 4400 enim
1778 4344 1880 4415 qui

231 4449 447 4506 allevat
469 4451 539 4504 de
559 4454 714 4503 terra
745 4449 985 4516 inapem,
1016 4453 1067 4499 et
1106 4442 1170 4496 de
1193 4444 1429 4496 stercore
1460 4435 1631 4508 erigit
1668 4450 1882 4505 paupe-

1995 1860 2208 1914 ducere
2241 1875 2274 1915 a
2303 1856 2629 1914 cervicibus
2655 1857 2863 1911 animm
2897 1872 3016 1911 suae
3062 1856 3314 1927 pondus,
3368 1859 3432 1911 ut
3475 1860 3649 1912 canat

1995 1966 2131 2006 cum
2162 1948 2448 2021 propheta
2484 1946 2724 2003 Domino
2755 1964 2767 2001 :
2799 1945 2952 2002 Sicut
2982 1946 3131 2002 oculi
3157 1946 3382 2003 ancillae
3407 1945 3469 2001 in
3522 1964 3649 2002 ma-

1993 2040 2156 2094 nibus
2207 2039 2445 2093 dominae
2482 2052 2623 2102 sum,
2677 2037 2758 2089 ita
2805 2036 2956 2092 oculi
3010 2037 3191 2091 nostri
3238 2036 3311 2090 ad
3351 2035 3649 2092 Dominum

1994 2129 2186 2196 Deum,
2229 2127 2403 2183 donec
2449 2127 2779 2181 misereatur
2821 2124 2998 2180 nostri
3046 2124 3215 2193 (Psal.
3269 2126 3461 2194 cxxu).
3523 2128 3651 2183 Post

1990 2233 2193 2288 pauca.
2220 2215 2445 2271 Etenim
2482 2214 2696 2270 mulier
2727 2212 2847 2281 illa,
2889 2230 3017 2284 quae
3048 2213 3109 2268 in
3144 2213 3474 2286 Evangeliis
3521 2215 3649 2270 dra-

1995 2304 2229 2361 chmam
2252 2321 2428 2375 quam
2451 2303 2803 2374 perdiderat,
2840 2301 3083 2368 invenit,
3112 2307 3393 2358 convocat
3422 2302 3646 2361 amicas

1995 2398 2052 2448 et
2080 2392 2321 2463 vicinas,
2370 2396 2433 2446 ut
2476 2390 2962 2463 congratulentur
3005 2390 3053 2446 ei
3087 2391 3236 2463 (Luc.
3261 2392 3374 2463 xv).
3425 2393 3495 2448 Et
3543 2409 3645 2462 ego

1996 2481 2321 2538 convocabo
2345 2479 2567 2535 amicos
2589 2484 2743 2548 tuos,
2771 2496 3051 2550 meosque
3069 2485 3126 2535 et
3146 2480 3370 2536 vicinos
3389 2487 3642 2549 nostros,

1992 2579 2348 2650 deprecabor
2377 2594 2476 2632 eos
2507 2576 2836 2645 convenire,
2860 2593 2976 2631 non
3010 2581 3077 2632 ut
3106 2578 3419 2649 gaudeant,
3452 2580 3553 2634 sed
3580 2584 3645 2636 ut

1992 2668 2233 2737 lugeant
2260 2683 2514 2732 mecum,
2549 2681 2653 2721 nec
2676 2670 2741 2721 ut
2770 2664 3161 2738 gratulentur,
3188 2666 3288 2721 sed
3322 2671 3386 2721 ut
3414 2666 3640 2723 lamen-

1991 2761 2209 2824 tentur,
2244 2761 2301 2812 et
2330 2755 2627 2826 ingentem
2647 2754 2950 2827 planctum
2974 2755 3395 2823 sublevatisad
3427 2757 3639 2813 omium

1991 2863 2110 2902 una
2142 2862 2372 2901 mecum
2403 2844 2642 2899 vocibus
2672 2844 2937 2913 reddant,
2971 2844 3216 2898 dicendo
3235 2844 3307 2899 ad
3335 2859 3433 2899 eos
3460 2886 3472 2898 .
3500 2845 3639 2900 Ulu-

1991 2934 2109 2992 late
2138 2951 2390 3001 mecum,
2417 2932 2612 3000 amici,
2644 2931 2924 3005 plangite,
2959 2936 3018 2987 et
3054 2932 3394 3003 profundite
3453 2934 3641 2990 fontes

1993 3026 2266 3082 ﬂetuum:
2309 3041 2424 3079 non
2476 3024 2617 3094 quia
2654 3023 2779 3076 auri
2840 3020 3074 3093 pondus
3115 3020 3493 3092 immensum,
3536 3039 3642 3079 nec

1994 3115 2215 3170 talenta
2235 3113 2364 3167 auri
2395 3110 2778 3183 perdiderim,
2811 3111 2913 3165 sed
2947 3109 3085 3182 quia
3114 3109 3325 3166 horum
3373 3112 3641 3169 omnium

1992 3203 2242 3270 charior,
2267 3207 2322 3257 et
2335 3200 2495 3257 omni
2511 3217 2652 3256 auro
2669 3200 3322 3272 omniquegemmarum
3339 3200 3642 3259 nobilitate

1986 3292 2296 3364 pretiosior
2317 3291 2566 3360 amicus,
2592 3289 2789 3345 nescio
2811 3289 3102 3360 quomodo
3125 3288 3349 3360 lapsus,
3366 3306 3554 3360 usque
3577 3293 3637 3347 in

1985 3382 2241 3448 idipsum
2277 3381 2459 3435 fertur
2486 3377 2833 3450 perditionis
2853 3378 3231 3447 profundum.
3254 3384 3387 3433 Post
3401 3379 3637 3450 aliquod

1983 3474 2218 3542 paginas
2248 3485 2355 3524 non
2390 3470 2473 3523 ita
2500 3467 2691 3537 procul
2720 3466 2793 3521 ab
2822 3465 3035 3537 epilogo
3066 3465 3274 3537 prioris
3308 3470 3630 3537 paraenesis.

1985 3568 2440 3637 Nolidesperare
2472 3566 2544 3620 de
2572 3563 2765 3634 lapsu,
2787 3578 2861 3618 ne
2888 3563 3101 3631 cadas;
3135 3562 3236 3634 qui
3260 3565 3416 3620 enim
3448 3565 3634 3623 alium
3742 3602 3745 3605 -

1988 3659 2276 3725 desperat,
2311 3654 2487 3709 habet
2526 3651 2795 3718 veniam;
2821 3650 2922 3723 qui
2952 3667 3087 3706 vero
3134 3653 3527 3723 desperaverit
3547 3673 3634 3713 se-

1988 3745 2330 3816 metipsum,
2364 3742 2613 3811 nullam,
2646 3739 2783 3812 quia
2805 3739 2903 3794 ille
2924 3756 3039 3795 non
3061 3744 3152 3797 est
3182 3741 3456 3800 dominus
3475 3761 3637 3801 men-

1986 3836 2064 3892 tis
2096 3834 2361 3890 alterius.
2412 3833 2711 3905 Aliquanto
2763 3831 3022 3901 in/erius,
3067 3832 3157 3885 sed
3194 3843 3406 3902 praeter
3450 3833 3634 3891 diver-

1986 3941 2110 3981 eam
2141 3922 2560 3979 translationem
2583 3918 2876 3977 nonnullis
2912 3918 3082 3975 etiam
3104 3919 3438 3976 immutatis.
3473 3922 3636 3979 Sicut

1988 4031 2124 4087 ergo
2155 4018 2213 4069 et
2240 4012 2461 4078 anima,
2495 4011 2542 4066 si
2575 4008 2755 4066 semel
2788 4009 3036 4064 salutem
3069 4024 3239 4063 suam
3263 4010 3501 4080 coeperit
3537 4012 3634 4066 de-

1989 4118 2246 4175 sperare,
2310 4102 2429 4171 iam
2462 4115 2568 4154 nec
2605 4096 2887 4169 intelligit
2928 4098 3224 4167 quomodo
3271 4096 3358 4152 vel
3405 4098 3461 4151 in
3509 4116 3634 4170 quae

1991 4193 2146 4247 mala
2179 4189 2592 4262 praecipitetur,
2645 4187 2727 4242 ita
2776 4189 2836 4242 et
2882 4184 2984 4257 qui
3031 4185 3441 4257 desperatione
3477 4188 3635 4260 (apti

1989 4286 2148 4351 sunt,
2170 4276 2573 4335 intolerabiles
2604 4276 2774 4341 ﬁunt,
2806 4279 2863 4331 et
2892 4290 2995 4347 per
3022 4289 3228 4329 omnes
3260 4274 3635 4335 malitiaevias

1990 4371 2349 4427 discurrunt.
2384 4368 2665 4435 Exsurge,
2702 4381 2950 4437 exsurge
2982 4380 3201 4435 quaeso,
3232 4366 3635 4437 expergiscere

1990 4458 2327 4531 aliquando,
2341 4461 2400 4512 et
2421 4453 2771 4511 diabolicam
2786 4454 2938 4509 hanc
2952 4454 3177 4525 depone
3199 4453 3635 4514 temulentiam.

231 4554 384 4608 rem,
418 4545 478 4594 ut
505 4538 728 4594 collocet
788 4550 917 4591 eum
965 4548 1091 4588 cum
1135 4528 1481 4599 principibus
1522 4524 1716 4595 papuli
1769 4524 1879 4576 sui.

1995 4560 2170 4615 Parce
2200 4553 2453 4621 cunctis,
2478 4553 2576 4624 qui
2604 4568 2708 4625 pro
2740 4556 2838 4605 tua
2873 4551 3278 4622 desperatione
3301 4553 3636 4627 desperant,

232 4630 366 4700 Ipse
385 4631 475 4682 est
502 4628 599 4697 qui
616 4625 859 4681 sterilem
880 4624 1018 4693 facit
1039 4624 1273 4675 matrem
1296 4632 1475 4687 super
1496 4612 1648 4669 filios
1680 4613 1881 4669 laetan-

230 4724 343 4773 tem
374 4716 545 4787 (Psal.
577 4714 735 4784 mn).
765 4711 889 4766 Non
922 4725 1059 4779 ergo
1092 4706 1344 4772 dubites,
1380 4718 1569 4774 neque
1609 4704 1883 4772 desperes

233 4807 447 4862 mutari
475 4810 530 4859 te
561 4818 733 4875 posse
764 4800 821 4857 in
856 4799 1090 4855 melius.
1123 4796 1185 4852 Si
1216 4796 1373 4850 enim
1414 4797 1643 4848 tantum
1698 4790 1888 4862 potuit

232 4892 529 4959 diabolus,
561 4897 625 4948 ut
655 4908 689 4948 a
710 4889 886 4947 celsis
916 4888 1202 4943 virtutum
1234 4882 1486 4954 fastigiis
1526 4882 1587 4935 in
1640 4879 1885 4952 profun-

233 4984 378 5039 dum
417 4986 475 5038 te
523 4982 762 5037 duceret
806 4977 1118 5042 malorum,
1176 4975 1395 5046 quanto
1445 4969 1635 5041 magis
1675 4969 1888 5041 poterit

234 5073 391 5129 Deus
424 5073 491 5127 ad
525 5071 809 5126 bonorum
841 5066 1115 5124 verticem
1149 5078 1437 5128 revocare,
1471 5064 1660 5113 etnon
1693 5057 1884 5113 solum

234 5161 298 5216 in
320 5160 375 5214 id
412 5164 469 5214 te
487 5159 817 5224 restituere,
842 5156 1001 5228 quod
1024 5153 1209 5219 fuisti,
1232 5152 1334 5207 sed
1359 5148 1678 5206 beatiorem
1706 5144 1886 5200 multo

235 5265 418 5320 quam
451 5248 616 5320 prius
647 5246 936 5302 videbaris
959 5242 1217 5299 efﬁceret
1240 5241 1493 5295 Tantum
1515 5252 1586 5292 ne
1614 5235 1888 5290 concidas

237 5338 459 5406 animo,
486 5353 675 5408 neque
704 5351 870 5407 spem
904 5332 1178 5388 abscidas
1201 5331 1510 5384 bonorum.
1559 5325 1639 5380 Ne
1691 5338 1888 5394 quaeso

238 5433 322 5492 te,
358 5443 429 5483 ne
459 5426 688 5481 accidat
704 5425 809 5479 tibi
831 5423 984 5495 quod
1008 5419 1208 5492 impiis
1232 5417 1398 5473 solet.
1421 5416 1545 5471 Non
1574 5413 1726 5469 enim
1753 5427 1888 5483 pec-

312 5570 461 5643 (127)
477 5566 745 5643 TomoV,
767 5583 836 5622 ex
859 5562 1224 5643 pareanesiad
1243 5560 1613 5643 'l‘heo‘dorum
1632 5556 1889 5629 lapsum,

242 5634 361 5701 nisi
391 5634 546 5716 quod
574 5641 696 5697 haec
718 5634 886 5697 vetus
915 5641 1005 5695 est
1023 5634 1355 5694 translatio.
1375 5635 1554 5688 Porro
1577 5644 1894 5687 numerum

560 5768 823 5830 ΡΑἸἮΟῙ..
869 5766 1071 5828 CLXI.

1992 4665 2065 4705 ne
2094 4650 2301 4720 putent
2316 4662 2378 4701 se
2399 4643 2552 4700 viam
2578 4640 2813 4696 virtutis
2831 4639 3119 4708 incedere,
3145 4642 3194 4697 si
3218 4646 3273 4699 te
3295 4644 3366 4700 ad
3390 4661 3520 4701 eam
3548 4663 3637 4701 re-

1991 4738 2150 4793 disse
2174 4752 2287 4790 non
2315 4734 2573 4788 videant.
2596 4731 2858 4802 Respice,
2883 4745 3079 4799 quaeso
3104 4733 3179 4797 te,
3204 4738 3463 4802 quantus
3483 4751 3639 4791 nunc

1994 4841 2207 4882 mceror
2235 4822 2499 4878 omnium
2514 4825 2851 4876 sanctorum
2869 4818 3112 4873 fratrum
3127 4817 3340 4876 habeat
3367 4821 3639 4890 chorum,

1994 4920 2051 4972 et
2081 4916 2302 4986 quanta
2330 4909 2534 4965 laetitia
2562 4912 2741 4979 atque
2778 4905 3090 4963 exsultatio
3148 4908 3466 4966 incredulis
3514 4914 3638 4981 tiat,

1996 5016 2333 5086 quantaque
2358 5010 2443 5064 eis
2464 5008 2534 5063 ad
2559 5003 2870 5077 praecipitia
2892 5004 3136 5061 luxuria
3160 5007 3456 5063 decrescat
3478 5010 3641 5081 [dete

1996 5099 2240 5172 crescat)
2275 5097 2614 5153 auctoritas.
2644 5096 2758 5150 Nec
2790 5096 2899 5151 erit
2932 5099 3061 5166 post
3091 5094 3212 5149 haec
3252 5094 3486 5168 aliquis,
3538 5101 3640 5170 qui

1996 5190 2255 5264 quolibet
2275 5187 2443 5261 lapsu
2467 5187 2730 5256 dejectus
2746 5201 2858 5240 non
2876 5183 3080 5240 statim
3099 5200 3405 5256 resnrgere
3422 5187 3639 5258 cupiat,

1996 5287 2053 5338 et
2082 5280 2283 5335 statim
2313 5294 2371 5332 se
2401 5289 2670 5347 reparare
2701 5273 2954 5329 festinet.

1996 5412 2134 5463 CAP.
2173 5405 2263 5459 59.
2313 5433 2379 5442 —
2434 5399 2584 5469 Quod
2634 5398 2825 5454 nullus
2854 5414 2887 5451 a
2936 5396 3311 5452 consolatione
3367 5399 3645 5458 vulnerati

2000 5551 2158 5607 hunc
2188 5546 2398 5620 capitis
2428 5544 2795 5620 referendum
2828 5544 2968 5620 puto
2997 5542 3070 5598 ad
3112 5540 3642 5615 Pmnitentiarium,

2001 5640 2070 5682 ex
2099 5637 2212 5696 quo
2245 5615 2370 5678 haec
2399 5617 2673 5676 videntur
2698 5615 3027 5685 desumpta.

3246 5743 3326 5803 28
