3948 6072
345 256 452 310 875

1433 251 1503 301 D.
1543 247 1784 302 IVONIS
1817 246 2315 301 CARNOTENSIS
2352 245 2677 301 EPlSCOPI

3664 237 3785 292 876

425 377 621 448 fratris
650 390 706 448 se
733 374 1067 448 subtrahere
1087 370 1292 448 debeat.
1324 371 1455 448 item
1486 369 1712 448 Joannis
1730 368 1995 448 Constan-
2025 368 2081 435 Α
2110 368 2243 422 CAP.
2274 369 2366 423 61.
2397 398 2466 448 —_—
2483 368 2568 448 ρο
2597 365 2789 448 eadem
2818 379 2901 420 re.
3047 361 3281 448 epistola
3322 360 3570 448 ejusdem
3591 362 3785 418 Joan-

421 441 783 519 tinOpolitani
811 446 881 519 ad
906 444 1157 519 capidem
1185 442 1518 497 Theodoram
1548 442 1621 495 De
1650 441 1808 511 lapsu
1859 445 1995 495 Bac-

423 516 627 589 chei-ii,
660 535 778 590 cap.
810 518 880 570 6O
912 516 1077 588 (128).

420 610 528 665 Ubi
550 614 639 663 est
663 604 1064 663 misericordia
1094 602 1441 659 Christianae
1472 601 1803 674 religionis,
1825 616 1999 672 quam

348 700 634 770 magister
666 699 865 751 noster
900 691 1185 747 sacriﬁcio
1228 691 1425 746 docuit
1472 706 1603 746 esse
1649 687 1997 745 meliorem?

347 789 569 862 (Matth.
601 786 703 856 ιχ.)
726 788 865 838 Ecce
888 783 1047 852 jacet
1076 782 1256 835 frater
1302 781 1372 835 ab
1424 779 1591 834 hoste
1659 794 1995 851 percussus,

344 879 536 934 adhuc
560 875 807 930 forsitan
840 871 1159 943 palpitans,
1178 873 1236 925 et
1264 885 1367 924 vos
1401 869 1569 940 quasi
1596 869 1723 923 sine
1756 868 1998 923 vulnere

344 963 724 1027 revertimini,
750 977 854 1017 nec
878 960 1337 1015 consolationem
1370 958 1552 1030 plagas
1581 958 1743 1012 illius
1775 957 1997 1012 deferre

341 1055 601 1111 tentatis.
638 1050 827 1105 Nolite
849 1065 979 1104 esse
1011 1048 1136 1103 sine
1167 1047 1504 1117 formidine,
1538 1048 1768 1116 fratres,
1802 1046 1999 1101 fortio-

342 1160 465 1199 rem
501 1141 793 1213 percussit
822 1138 1123 1206 inimicus,
1160 1142 1224 1191 ut
1254 1135 1480 1192 facilior
1511 1136 1563 1190 ei
1596 1136 1790 1191 aditus
1843 1140 1997 1190 esset

341 1234 412 1288 ad
441 1231 721 1302 reliquos.
753 1228 826 1283 Ut
855 1228 994 1299 quid
1010 1226 1439 1297 orgospernitis
1468 1225 1863 1293 vulneratum,
1894 1228 1997 1279 aut

340 1322 496 1376 sicut
519 1319 738 1390 putatis
771 1322 829 1371 et
850 1314 1193 1371 mortuum?
1224 1314 1426 1369 Melior
1474 1315 1799 1369 concubina
1857 1313 1993 1368 Saul

342 1410 465 1464 filia
493 1407 726 1478 Respha
756 1406 928 1477 (129),
957 1422 1083 1475 qua:
1106 1419 1350 1474 corpora
1372 1403 1806 1471 defunctorum,
1847 1418 1995 1473 quos

342 1498 521 1555 David
553 1514 656 1569 pro
690 1495 1151 1551 Gabaonitarum
1178 1492 1396 1547 ultione
1448 1497 1835 1563 percusserat,
1896 1508 1996 1546 eo—

342 1602 532 1658 usque
575 1583 837 1640 accincta
878 1598 1069 1649 sacco,
1128 1582 1231 1637 hoc
1281 1586 1373 1637 est
1407 1581 1622 1648 cilicio,
1657 1580 1993 1650 custodivit,

339 1675 511 1732 donec
540 1674 625 1730 eis
652 1676 875 1728 roraret
903 1688 1050 1742 aqua
1077 1670 1143 1726 de
1171 1672 1299 1726 cazlo
1330 1670 1401 1741 (Il
1429 1672 1558 1741 Reg.
1592 1670 1731 1741 xxx),
1774 1670 1831 1724 id
1883 1677 1990 1737 est,

2356 441 2444 493 nis
2471 435 2821 495 Constantia.
2858 433 2934 491 ad
2964 432 3293 489 Thebdorum
3343 432 3514 503 (130).

2177 528 2560 599 Evangelicus
2587 542 2778 582 sermo
2808 524 2956 579 dixit
2988 541 2999 576 :
3030 524 3096 580 Si
3120 524 3432 593 peccaverit
3463 523 3523 576 in
3557 525 3608 578 te
3636 528 3778 593 fra-

2108 625 2189 673 ter
2211 622 2357 682 tuus,
2381 618 2597 687 corripe
2626 632 2747 671 eum
2776 613 2948 669 solus.
2972 612 3031 667 Si
3056 616 3110 666 te
3131 612 3404 680 audierit,
3429 611 3683 665 lucratus
3713 627 3780 665 es

2107 722 2241 761 eum
2274 706 2480 776 (Matth.
2514 704 2778 774 xv1u),et
2819 706 3027 757 caetera
3074 717 3201 772 quea
3250 700 3513 755 continet
3564 716 3771 755 sermo

2108 795 2401 867 praecepti.
2426 795 2571 849 Vide
2596 793 2737 864 quid
2758 792 2915 847 dicat
2949 795 3064 845 :Ne
3093 788 3496 845 exhilarentur
3526 788 3633 843 filii
3669 789 3776 844 in-

2107 884 2589 940 circumcisorum
2641 883 2713 952 (Il
2754 882 2884 951 Reg.
2936 882 2996 949 1).
3045 878 3173 934 Filii
3224 878 3383 932 enim
3435 878 3773 932 incircum-

2107 974 2362 1028 cisorum
2387 978 2526 1028 sunt
2544 970 2811 1026 homines
2834 967 3052 1037 saeculi,
3072 967 3132 1022 in
3157 966 3429 1038 praeputii
3453 966 3545 1021 sui
3569 982 3778 1022 errore

2106 1068 2164 1118 et
2195 1062 2519 1133 gentilitate
2549 1060 2828 1114 viventes.
2863 1058 2931 1111 Hi
2983 1074 3115 1126 ergo
3149 1053 3574 1118 exhilarantur,
3629 1071 3777 1110 cum

2107 1152 2354 1207 audiunt
2385 1151 2614 1204 ruinam
2648 1147 2853 1202 militis
2877 1146 3112 1200 Christi.
3139 1145 3447 1199 Peccatum
3483 1144 3667 1216 igitur
3682 1160 3781 1198 ce-

2104 1239 2275 1307 letur,
2302 1244 2358 1294 et
2388 1238 2735 1293 adhibeatur
2755 1235 3107 1291 emendatio.
3131 1233 3245 1288 Nos
3269 1237 3463 1287 autem
3490 1232 3776 1287 consola-

2103 1328 2282 1384 tionis
2308 1326 2667 1392 linteamina,
2700 1333 2753 1380 et
2776 1324 3032 1379 ccelestis
3056 1322 3179 1394 spei
3207 1322 3510 1393 pigmenta
3530 1321 3775 1375 tribua-

2105 1435 2257 1473 mus.
2294 1421 2423 1489 Ipse
2454 1422 2647 1470 autem
2672 1414 2825 1468 infra
2853 1410 3236 1483 sepulchrum
3268 1410 3476 1465 secreti
3501 1410 3594 1463 sui
3620 1426 3771 1465 con-

2106 1509 2318 1573 fessus,
2352 1505 2573 1577 peccati
2605 1504 2827 1576 pudore
2857 1500 3244 1567 contineatur,
3302 1498 3402 1553 ubi
3447 1499 3767 1554 conscien-

2104 1597 2195 1651 tiae
2223 1610 2415 1651 verme
2445 1594 2751 1663 laceretur,
2782 1590 2884 1663 qui
2918 1593 3068 1646 totas
3098 1587 3158 1643 in
3181 1605 3247 1644 eo
3270 1586 3518 1644 obliniat
3543 1587 3768 1661 [oblin-

2103 1684 2220 1759 gat]
2252 1683 2593 1756 putredines
2634 1686 3027 1753 peccatorum,
3068 1679 3252 1735 donec
3298 1676 3528 1735 nullum
3574 1693 3645 1732 ex
3705 1693 3772 1733 se

340 1766 525 1820 donec
553 1780 655 1834 pro
686 1763 857 1817 venia
887 1776 1090 1817 eorum
1122 1759 1539 1815 misericordia
1562 1758 1811 1815 cceleslis
1833 1761 1987 1815 scin-
2022 1744 2069 1809 Β
2100 1744 2346 1831 FW;er
2378 1773 2545 1829 fama
2581 1744 2773 1843 ιη’τρίε
2799 1744 3051 1825 emittat

336 1853 465 1908 tilla
495 1853 816 1907 deﬂuxerat
847 1847 1029 1917 [stilla
1058 1848 1383 1915 deﬂueret].
1412 1846 1616 1903 Melior
1636 1848 1746 1903 fuit
1766 1847 1862 1902 ille
1881 1852 1985 1903 Ju-

336 1943 443 1997 das
476 1939 867 2003 Machabeeus,
901 1936 1001 2008 qui
1034 1937 1210 1992 etiam
1263 1953 1367 2007 pro
1418 1936 1670 1991 mortuis
1706 1936 1987 1992 fratribus

334 2029 661 2086 orationem
691 2027 939 2083 credidit
968 2042 1097 2081 esse
1128 2025 1477 2095 faciendam,
1511 2042 1660 2096 quos
1708 2025 1989 2079 damnata

337 2120 409 2175 de
438 2115 675 2174 Jamnia
724 2115 956 2170 civitate
1005 2113 1299 2170 idolorum
1350 2113 1507 2168 dona
1550 2115 1990 2184 prostraverant

337 2208 417 2279 (II
444 2205 627 2263 Mach.
651 2208 773 2274 xu).
806 2203 879 2259 Ut
907 2203 1049 2274 quid
1097 2218 1238 2274 rogo
1285 2202 1547 2257 medicus
1594 2206 1792 2257 noster
1836 2201 1990 2255 inter

338 2295 627 2351 librorum
661 2309 905 2350 suorum
940 2291 1167 2347 loculos
1199 2296 1286 2347 tot
1308 2291 1615 2346 constituit
1651 2306 1865 2362 genera
1902 2290 1986 2361 pi-

336 2389 731 2459 gmentorum,
764 2383 815 2436 si
841 2379 987 2435 nihil
1020 2385 1111 2435 est
1141 2396 1210 2435 ex
1238 2379 1576 2451 emplastris
1607 2379 1732 2450 ejus
1764 2395 1874 2450 quo
1894 2394 1986 2433 sa-

337 2474 465 2528 nari
498 2472 686 2544 possit
715 2469 950 2536 vulnus,
976 2470 1128 2539 quod
1161 2469 1453 2540 percussit
1482 2468 1758 2523 inimicus
1779 2469 1805 2522 ?
1847 2467 1981 2523 Etsi

337 2562 547 2633 placet,
582 2560 916 2632 aperiamus
948 2558 1211 2614 scholam
1253 2558 1555 2613 medicinae
1609 2562 1844 2627 nostrae,
1868 2561 1925 2611 et
1953 2573 1985 2611 a

336 2649 623 2722 principio
654 2649 896 2704 canonis
926 2647 1235 2702 vulnerum
1260 2663 1325 2702 ac
1358 2646 1819 2702 medicaminum
1853 2662 1986 2717 spe-

340 2740 462 2794 cies
493 2740 923 2810 perquiramus.
958 2737 1183 2791 Eccein
1228 2736 1416 2807 ipsius
1466 2737 1706 2790 introitu
1752 2735 1985 2803 scholae,

339 2832 660 2883 occurrunt
690 2825 773 2880 illi
806 2825 1052 2881 seminis
1082 2824 1335 2880 carnalis
1369 2829 1659 2891 auctores,
1687 2825 1783 2895 qui
1815 2840 1988 2878 vene-

335 2922 472 2971 nato
489 2914 778 2986 serpentis
793 2914 963 2968 dente
987 2913 1275 2984 percussi,
1292 2930 1405 2967 non
1424 2914 1621 2968 statim
1640 2930 1819 2984 pcenaa
1836 2930 1991 2967 mor-

334 3004 413 3059 tis
445 3001 835 3067 addictisunt,
865 3002 963 3056 sed
989 3001 1240 3070 eiectide
1256 3001 1511 3072 paradisi
1530 3000 1780 3069 deliciis,
1805 3001 1860 3055 id
1882 3006 1990 3071 est,

2099 1875 2229 1929 CAP.
2260 1873 2348 1927 62.
2374 1902 2443 1911 —
2473 1876 2553 1925 De
2581 1869 2768 1925 eadem
2810 1883 2888 1922 re.
2937 1869 3072 1922 Item
3114 1881 3184 1920 ex
3230 1863 3464 1935 epistola
3520 1862 3771 1935 ejusdem

2461 1941 2689 1998 Joannis
2717 1939 2787 1995 ad
2813 1939 3151 1995 Theodoram
3183 1936 3355 2008 (131).

2169 2031 2427 2096 Qualiter
2456 2048 2595 2103 rogo
2625 2031 2696 2085 de
2728 2027 3129 2084 misericordia
3158 2024 3261 2081 Dei
3294 2040 3619 2097 possumus
3657 2025 3773 2080 de-

2099 2138 2352 2194 sperare,
2377 2120 2474 2191 qui
2506 2119 2682 2175 etiam
2704 2118 3063 2173 Pharaonem
3088 2114 3305 2187 arguit,
3332 2130 3510 2183 quare
3544 2130 3772 2185 nequa-

2099 2227 2277 2284 quam
2310 2210 2590 2282 pcsnitere
2621 2207 2896 2278 dignatus
2924 2205 3017 2273 sit,
3050 2206 3253 2260 dicens
3281 2220 3293 2259 :
3327 2201 3581 2258 Brachia
3604 2202 3764 2258 Pha-

2098 2300 2295 2354 raonis
2327 2297 2480 2370 regis
2508 2296 2735 2369 lEgypti
2767 2295 3038 2362 contrivi,
3069 2298 3126 2348 et
3149 2309 3263 2348 non
3288 2297 3377 2347 est
3398 2292 3757 2363 deprecatus

2098 2396 2162 2445 ut
2192 2391 2429 2445 daretur
2457 2389 2517 2442 in
2560 2404 2625 2443 eo
2670 2387 2919 2456 sanitas,
2965 2384 3307 2441 redderetur
3350 2382 3405 2437 ei
3444 2382 3635 2438 virtus
3681 2381 3758 2436 ad

2091 2478 2704 2550 comprehendendum
2727 2473 3032 2548 gladium?
3051 2473 3275 2546 (Ezech.
3294 2472 3449 2542 xxx.)
3474 2471 3760 2527 Salomon

2093 2568 2193 2624 ille
2227 2567 2537 2638 mirabilis,
2571 2566 2673 2639 qui
2707 2565 2925 2621 meruit
2954 2562 3200 2619 astritici
3232 2561 3358 2629 Dei,
3390 2560 3499 2616 hoc
3522 2565 3634 2628 est,
3661 2576 3759 2615 sa-

2096 2659 2325 2731 pientiae
2357 2658 2458 2713 Dei
2488 2655 2751 2729 copulari
2783 2654 2935 2726 (Sap.
2961 2659 3059 2723 1x),
3081 2653 3139 2707 in
3168 2650 3633 2722 alienigenarum
3659 2649 3755 2704 in-

2098 2749 2282 2803 currit
2330 2748 2657 2817 amplexus,
2703 2751 2759 2800 et
2806 2742 3038 2798 vinculo
3090 2741 3353 2797 libidinis
3409 2740 3755 2812 laqueatus,

2098 2836 2274 2892 etiam
2292 2834 2584 2907 sacrilegii
2605 2834 2844 2890 horrore
2858 2848 2918 2888 se
2938 2830 3165 2904 polluit,
3192 2830 3329 2903 quia
3361 2827 3758 2885 simulacrum

2100 2924 2308 2980 Camos
2340 2924 2649 2979 Moabitico
2681 2922 2835 2977 idolo
2868 2920 3171 2976 fabricavit
3217 2921 3317 2990 (ll!
3362 2920 3465 2989 Reg
3495 2917 3599 2988 χι).
3640 2917 3757 2971 Sed

2103 3015 2241 3085 quia
2273 3028 2373 3086 per
2407 3012 2806 3084 propheticam
2836 3026 3034 3066 vocem
3068 3008 3303 3081 culpam
3328 3006 3540 3063 erroris
3574 3022 3761 3078 agno-

339 3092 410 3146 de
434 3090 712 3180 5950168???
739 3090 1007 3145 libertate
1028 3094 1084 3143 θί
1106 3089 1256 3143 sacri
1290 3089 1703 3145 communione
1726 3089 1986 3161 ωΥδίθνίί
2020 3113 2063 3180 C
2100 3102 2200 3171 vit,
2226 3118 2532 3172 nunquam
2556 3098 2969 3156 misericordiae
2991 3097 3243 3153 scelestis
3268 3096 3515 3152 extorris
3546 3100 3652 3150 est.
3682 3098 3761 3149 At

343 3177 727 3251 [ministerii].

343 3267 481 3323 CAP.
513 3267 603 3322 60.
637 3296 706 3309 -ο
736 3267 810 3321 De
837 3265 1025 3322 eadem
1052 3282 1130 3322 re.
1166 3268 1247 3321 Ex
1293 3267 1525 3337 cpistola
1574 3267 1799 3323 Joannis
1848 3267 1988 3323 Con-

666 3338 1159 3409 stantinopolitani
1178 3339 1249 3394 ad
1281 3338 1632 3395 Theodorum.

419 3428 582 3484 Unde
610 3427 773 3483 vides
804 3428 943 3500 quia
969 3428 1188 3499 peccati
1210 3429 1555 3499 contagione
1586 3428 1992 3485 maculamur?

343 3518 438 3583 Ne,
486 3533 707 3587 quasso,
756 3516 1099 3571 beatissime
1147 3516 1250 3586 mi,
1296 3518 1531 3574 fratrem
1586 3523 1877 3580 nostrum,
1930 3517 1990 3571 in

346 3605 704 3677 profundum
736 3604 894 3675 putei
921 3606 1030 3659 sub
1050 3604 1237 3675 iniqui
1267 3605 1552 3678 principis
1583 3611 1870 3678 potestate
1887 3606 1990 3660 de-

346 3709 629 3759 mersum,
654 3693 1083 3765 desperationis
1106 3693 1403 3766 lapidibus
1425 3696 1768 3752 obruamus.
1788 3695 1990 3750 Imite-

342 3780 1000 3853 murillum/Ethiopem
1018 3782 1119 3852 qui
1141 3786 1406 3837 sanctum
1447 3784 1759 3839 Jeremiam
1776 3784 1833 3838 in
1857 3783 1989 3838 lacu

341 3871 414 3924 ab
445 3870 647 3942 iniquo
680 3885 808 3940 rege
841 3872 1204 3938 demersum,
1237 3872 1560 3942 assumptis
1591 3873 1659 3926 3O
1683 3872 1989 3926 hominum

338 3959 595 4028 auxiliis,
622 3967 675 4015 et
709 3958 907 4015 missis
940 3960 1013 4013 ad
1044 3976 1175 4014 eum
1206 3961 1418 4031 pannis
1447 3966 1503 4015 et
1518 3961 1758 4016 funibus
1790 3960 1989 4016 veteri-

337 4050 471 4118 bus,
504 4049 775 4105 liberavit
804 4050 936 4121 (Jer.
963 4049 1223 4120 xxxvm).
1261 4048 1468 4105 Facilis
1490 4055 1614 4105 esto
1652 4051 1722 4105 ad
1756 4049 1986 4122 lapsum

338 4140 692 4211 ruinamque
751 4138 1125 4194 miserorum.
1188 4138 1423 4210 Porrige
1473 4155 1712 4194 manum
1765 4138 1987 4211 jacenti

337 4229 521 4298 fratri,
554 4228 651 4298 qui
687 4228 971 4283 confusus
1022 4228 1245 4299 pudore
1285 4229 1503 4298 peccati
1536 4245 1638 4283 nec
1661 4228 1881 4300 erigere
1902 4245 1986 4297 se,

334 4316 655 4372 autoculos
699 4316 878 4371 audet
926 4316 1469 4389 attollere.Comple
1518 4317 1706 4389 legem
1766 4318 1982 4392 Moysi;

337 4404 557 4461 Cecidit
584 4404 789 4458 asinus
813 4403 1012 4459 fratris
1058 4406 1170 4460 sub
1223 4406 1497 4476 pondere,
1541 4405 1651 4461 hoc
1690 4411 1798 4475 est,
1850 4424 1983 4463 caro

326 4492 513 4548 evicta
539 4497 794 4562 peccato,
827 4491 1054 4547 acclina
1082 4497 1159 4559 te,
1186 4498 1244 4548 et
1273 4493 1543 4563 humilia,
1570 4499 1628 4550 et
1648 4494 1888 4550 subleva
1910 4497 1982 4551 de
2016 4484 2057 4548 Ι)

327 4579 498 4636 ruina
530 4581 707 4651 (Deut.
739 4582 901 4648 χχιι).
934 4580 1082 4643 Quid
1115 4581 1412 4638 erubescis
1443 4584 1719 4654 conjungi
1754 4583 1977 4638 homini

327 4667 666 4742 peccatori?
697 4667 940 4739 Respice
964 4668 1156 4735 illum,
1188 4670 1284 4740 qui
1327 4670 1506 4726 dicit:
1551 4671 1677 4726 Noli
1730 4671 1978 4725 nimium

326 4759 670 4829 essejustus
702 4756 894 4828 (Eccli.
927 4759 1087 4829 xvu).
1125 4759 1405 4829 Magister
1435 4765 1634 4815 noster
1662 4777 1695 4815 a
1743 4758 1979 4815 latroni-

328 4848 440 4903 bus
472 4846 866 4911 vulneratum,
899 4862 1013 4900 non
1049 4846 1238 4901 solum
1272 4864 1413 4902 cura
1444 4849 1688 4921 dignum
1724 4847 1973 4919 judicat,

324 4953 527 4992 verum
551 4935 725 4990 etiam
759 4934 829 4989 ad
855 4934 1158 4989 stabulum
1190 4952 1362 4991 suum
1406 4942 1461 4991 et
1509 4937 1656 4992 ovile
1704 4938 1976 5008 perduxit

323 5029 478 5094 (Luc.
511 5026 588 5097 x).
624 5025 689 5079 Et
722 5028 780 5077 tu
816 5039 952 5094 ergo
975 5021 1182 5093 collige
1214 5025 1470 5089 fratrem,
1506 5042 1679 5097 quem
1706 5027 1973 5083 diabolus

321 5122 449 5172 atro
487 5112 800 5187 percussit.
848 5112 1146 5183 Consigna
1189 5112 1529 5181 stabulario,
1571 5116 1627 5169 id
1673 5120 1762 5169 est
1804 5118 1971 5173 beato

317 5206 612 5278 episcopo,
644 5202 746 5274 qui
771 5201 818 5256 si
844 5201 1070 5273 aliquid
1094 5200 1152 5254 in
1177 5216 1242 5255 eo
1266 5201 1638 5274 impenderit,
1663 5204 1916 5276 amplius
1940 5224 1972 5262 a

322 5295 577 5350 Domino
609 5293 1019 5363 consequetur.

388 5419 537 5487 (128)
553 5417 679 5490 Nisi
697 5415 983 5472 mentitur
997 5415 1303 5489 inscriptio
1318 5416 1528 5474 mutila
1546 5421 1634 5473 est
1654 5419 1968 5490 paraenesis

325 5489 394 5544 ad
416 5489 809 5544 Theodorum.

390 5559 537 5631 (129)
555 5565 731 5629 Locus.
747 5563 1067 5630 corruptus,
1079 5559 1229 5634 [orte
1241 5562 1325 5617 sic
1336 5561 1706 5618 restituendus
1736 5578 1747 5619 :
1765 5561 1969 5620 Melior

2100 3190 2344 3245 forsitan
2377 3189 2576 3244 dicas:
2611 3192 2673 3244 In
2706 3193 2914 3243 neutro
2946 3188 3322 3242 Testamento
3352 3184 3504 3257 lego,
3558 3199 3759 3254 neque

2098 3295 2233 3334 eum
2284 3278 2647 3351 pcenituisse,
2699 3293 2887 3348 neque
2949 3274 3415 3331 misericordiam
3465 3288 3755 3328 consecuo

2098 3374 2249 3436 tum,
2281 3372 2390 3424 etc.

2099 3458 2232 3515 CAP.
2261 3458 2350 3512 63.
2384 3457 2549 3511 -De
2575 3455 2762 3511 eadem
2801 3470 2878 3509 re.
2932 3456 3023 3508 Ex
3059 3452 3293 3508 decreti:
3331 3451 3523 3507 Siricii
3566 3465 3750 3523 papae,

2381 3545 2497 3599 cap.
2538 3530 2599 3582 14
2634 3528 2785 3599 (ep.1
2813 3526 2883 3582 ad
2906 3528 3242 3594 Himerium,
3266 3541 3314 3579 ε.
3351 3524 3461 3594 14).

2170 3620 2325 3689 (οἱδὶ.
2348 3619 2438 3687 50,
2471 3635 2516 3673 c.
2542 3616 2685 3672 Illud
2716 3616 2970 3687 quoque.)
3002 3614 3149 3669 Illud
3200 3628 3435 3684 quoque
3487 3627 3597 3667 nos
3645 3627 3754 3683 par

2100 3708 2208 3762 fuit
2231 3708 2563 3778 prazvidere,
2588 3711 2651 3760 ut
2673 3706 2826 3759 sicut
2843 3703 3247 3776 paenitentiam
3272 3716 3443 3773 agere
3468 3701 3749 3771 cuiquam

2098 3814 2214 3852 non
2248 3795 2587 3852 conceditur
2630 3793 2994 3864 [solemniter
3042 3809 3157 3847 non
3203 3790 3562 3858 conceditur,
3612 3788 3749 3862 etc.]

2099 3886 2466 3948 clericorum,
2501 3885 2583 3937 ita
2604 3889 2661 3937 et
2692 3887 2821 3953 post
2851 3881 3253 3953 pcnnitentiam
3289 3896 3355 3934 ac
3404 3878 3751 3934 reconcilia-

2096 3977 2315 4031 tionem
2340 3972 2485 4028 nulli
2522 3988 2783 4043 unquam
2816 3971 2961 4026 laico
2994 3971 3166 4026 liceat
3190 3969 3471 4024 honorem
3513 3967 3750 4022 clerica-

2097 4074 2189 4125 tus
2213 4061 2635 4135 adipisci.Quia
2656 4063 2926 4131 quamvis
2945 4060 3343 4115 sintomnium
3368 4062 3749 4130 peccatorum

2096 4153 2442 4224 contagione
2472 4150 2761 4217 mandati,
2795 4149 2958 4205 nulla
2987 4153 3185 4204 tamen
3218 4148 3431 4203 debent
3459 4146 3753 4218 gerendo-

2095 4259 2226 4298 rum
2251 4244 2752 4298 sacramentorum
2778 4239 3171 4294 instrumenta
3191 4237 3512 4308 suscipere,
3529 4235 3753 4307 quidu-

2096 4332 2235 4387 dum
2269 4332 2501 4386 fuerant
2532 4346 2668 4385 vasa
2708 4328 3007 4384 vitiorum.

2092 4430 2223 4485 CAP.
2256 4430 2345 4483 64.
2384 4459 2441 4468 -—
2472 4429 2543 4483 De
2573 4426 2760 4482 eadem
2790 4443 2866 4481 re.
2902 4428 2984 4481 Ex
3021 4427 3255 4482 decretis
3294 4422 3505 4479 Gelasii
3552 4437 3749 4494 papae,

2231 4516 2351 4571 cap.
2386 4500 2453 4554 i7
2479 4505 2585 4570 (ep.
2614 4501 2637 4553 1
2672 4499 2742 4553 ad
2772 4502 2909 4569 epis.
2939 4515 3040 4569 per
3070 4497 3399 4563 Lucaniam,
3419 4511 3466 4550 ο.
3499 4495 3615 4565 20).

2156 4588 2562 4659 Comperimus
2576 4588 2751 4643 etiam
2777 4587 3086 4642 horrendis
3104 4586 3462 4658 quibusdam
3485 4581 3749 4637 crimini-

2087 4677 2199 4732 bus
2230 4676 2583 4748 implicatos,
2618 4682 2741 4731 tota
2772 4675 3117 4730 discretione
3148 4675 3447 4737 submota,
3482 4688 3598 4726 non
3641 4687 3745 4725 so-

2086 4766 2209 4821 lum
2244 4768 2315 4822 de
2346 4766 2512 4821 factis
2540 4765 2839 4820 atrocibus
2872 4764 3267 4820 necessariam
3309 4760 3742 4835 paenitudinem

2086 4872 2199 4911 non
2225 4856 2459 4921 habere,
2476 4856 2601 4917 sed,
2626 4870 2731 4909 nec
2745 4854 2943 4925 aliqua
2965 4854 3323 4909 correctione
3348 4851 3586 4923 penitus
3610 4865 3745 4904 suc-

2082 4946 2343 5015 cedente,
2368 4946 2438 4999 ad
2463 4945 2727 4998 divinum
2752 4943 3147 4998 ministerium
3168 4941 3573 5010 honoremque
3597 4955 3744 4994 con-

2086 5035 2338 5089 tendere.
2368 5032 2695 5088 Nonnullos
2728 5036 2927 5088 autem
2952 5033 3011 5087 in
3044 5031 3156 5102 ipsi
3179 5030 3489 5086 ordinibus
3523 5028 3744 5083 consti-

2081 5126 2263 5190 tutos,
2279 5123 2555 5193 gravibus
2572 5121 2980 5192 delinquentes
3005 5119 3362 5175 facinoribus
3378 5133 3493 5172 non
3511 5115 3738 5187 repelli,

2080 5228 2216 5267 cum
2244 5216 2299 5267 et
2328 5210 2643 5282 Apostolus
2672 5210 2886 5266 clamet
2919 5227 2931 5265 :
2963 5207 3193 5265 Nemini
3211 5208 3328 5264 cito
3370 5221 3585 5261 manus
3623 5203 3739 5259 im-

2079 5301 2406 5372 ponendae,
2439 5315 2626 5370 neque
2657 5300 3214 5355 communicandum
3244 5293 3500 5369 peccatis
3523 5291 3738 5349 alienis

2078 5425 2314 5496 Respha
2346 5423 2464 5479 filia
2484 5423 2631 5478 Ahia
2660 5423 2993 5496 concubina
3018 5421 3179 5480 Saul.

2149 5494 2295 5640 (130)
2324 5496 2439 5552 Nec
2461 5496 2570 5552 hoc
2602 5494 2681 5550 ibi
2716 5496 3024 5566 reperitur.

2149 5568 2268 5633 (131
2324 5572 2391 5625 Et
2414 5568 2535 5624 haec
2565 5567 2999 5625 desiderantur.

2147 5567 2295 5633 (131)
2324 5572 2391 5625 Et
2414 5568 2535 5624 haec
2565 5567 2999 5625 desiderantur.
