4000 6060
172 330 282 383 877

1067 333 1377 385 DECRETI
1416 333 1602 386 PARS
1640 332 1762 383 XV.
1786 359 1851 367 —
1882 333 1978 384 DE
2016 334 2505 399 PCENITENTIA,
2543 335 2699 387 ETC.

3484 336 3592 390 878

161 459 211 530 (Ι
243 459 377 512 Tim.
409 458 485 527 v),
516 461 575 512 et
605 456 896 527 majorum
941 457 1272 513 veneranda
1327 457 1645 512 constituta
1694 474 1827 528 pro-
1857 475 1911 543 Α
1941 473 2079 513 cens
2104 476 2161 513 :«
2178 458 2326 523 Quid
2342 462 2453 530 est,
2473 463 2658 531 pater,
2679 460 2833 529 quod
2855 459 2998 514 dicit
3025 459 3341 531 Apostolus
3364 463 3590 530 ;Omnia

156 546 474 613 muntient,
512 546 850 617 huiusmodi
884 545 1082 617 etiam,
1134 546 1184 601 ai
1218 546 1362 601 forte
1396 546 1820 617 subrepserint,

149 641 273 692 tam
307 636 405 707 qui
430 641 563 691 ante
587 639 989 707 peccaverunt,
1015 636 1272 705 dejectos
1301 640 1565 706 oportere
1587 634 1799 705 depelli

149 742 330 795 quam
384 742 560 781 sacrm
620 725 1004 796 professionis
1062 724 1523 796 [promissionisj
1586 713 1821 809 oblitos:

147 814 744 887 praevaricatoresque
794 814 982 869 sancti
1043 814 1324 885 propositi
1377 813 1575 884 procul
1640 813 1819 867 dubio

149 903 591 958 submovendos
622 904 870 974 (Νίσωηί
898 919 1071 969 conc.,
1102 920 1149 958 c.
1174 904 1209 955 9
1239 912 1290 958 et
1325 904 1431 974 10).

142 1015 280 1068 CAP.
310 1012 399 1065 65.
433 1042 503 1051 —
535 1012 611 1067 De
644 1010 763 1065 illis
809 1012 904 1081 qui
931 1012 1046 1066 loca
1074 1020 1388 1066 sanctorum
1411 1012 1509 1065 sub
1538 1014 1819 1081 praetextu

215 1084 515 1153 reiigionz's
540 1084 849 1137 inconsulte
868 1090 1196 1153 peragrant.
1222 1088 1309 1137 [fx
1327 1083 1562 1137 concilio
1586 1083 1653 1137 Ca
1666 1083 1818 1136 δαιο-

216 1171 402 1281 νὲενὲδῆ,
456 1154 832 1296 c)uiinter/uit
892 1156 1119 1210 Carolus
1173 1170 1276 1209 rex
1330 1172 1453 1225 cap,
1515 1156 1583 1207 45
1642 1155 1811 1224 (conc:

266 1245 295 1279 a
341 1244 359 1280 ι
393 1265 405 1278 .
438 1243 473 1280 ιι
508 1268 520 1279 .

266 1243 520 1280 aou.1|).

217 1324 365 1378 Nam
390 1327 447 1379 et
478 1342 511 1379 a
540 1324 900 1395 quibusdam
928 1324 1026 1395 qui
1061 1325 1329 1392 Romam,
1361 1329 1734 1379 Turonumve
1757 1327 1815 1377 et

149 1412 267 1468 alia
299 1415 561 1484 quaedam
589 1413 714 1468 loca
736 1415 846 1468 sub
871 1419 1151 1485 praetextu
1173 1414 1453 1469 orationis
1479 1412 1813 1468 inconsulte

148 1508 485 1574 peragrant,
538 1502 858 1574 plurimum
909 1508 1156 1557 erratur.
1209 1504 1359 1557 Sunt
1409 1503 1707 1573 presbyter
1757 1505 1814 1557 et

144 1592 447 1658 diacones,
481 1596 539 1646 et
568 1592 758 1646 centeri
784 1592 844 1646 in
868 1590 1020 1647 clero
1043 1592 1371 1657 constituti,
1393 1592 1490 1663 qui
1516 1590 1812 1662 neglige:-

145 1684 238 1735 ter
268 1680 550 1748 viventes,
578 1681 637 1735 in
670 1697 736 1735 eo
769 1680 1006 1752 purgari
1040 1698 1102 1735 se
1132 1699 1165 1736 a
1198 1682 1450 1753 peccatis
1492 1685 1718 1751 putant,
1753 1670 1810 1734 et

142 1768 475 1824 ministerio
508 1787 612 1825 suo
647 1769 811 1841 fungi
842 1771 1069 1839 debere,
1106 1771 1153 1825 si
1187 1771 1424 1841 praefata
1461 1769 1588 1824 loca
1630 1769 1808 1824 attin-

144 1863 307 1931 gant.
342 1859 490 1914 Sunt
522 1858 908 1915 nihilominus
940 1859 1093 1928 laici,
1126 1859 1225 1932 qui
1252 1863 1464 1932 putant
1485 1859 1729 1931 impune
1750 1874 1809 1913 se
1841 1844 1888 1909 B

146 1952 249 2003 aut
267 1963 527 2019 peccare,
552 1952 654 2002 aut
675 1964 965 2019 peccasse,
986 1948 1122 2020 quia
1144 1949 1264 2004 haec
1298 1948 1424 2004 loca
1449 1949 1672 2003 oraturi
1694 1949 1808 2002 fre-

147 2040 455 2107 quentant.
472 2037 621 2092 Sunt
636 2038 874 2109 quidam
894 2042 1196 2109 potentum
1214 2038 1665 2110 quijacquirendi
1681 2054 1810 2092 cen-

147 2142 254 2181 sus
282 2126 473 2197 gratia
488 2127 598 2179 sub
624 2130 904 2197 prretextu
930 2127 1176 2181 Romani
1201 2127 1319 2182 sive
1340 2127 1613 2182 Turonici
1636 2126 1805 2181 itine-

147 2212 422 2268 rismulta
436 2214 1165 2286 acquirunt[conquirunt]
1181 2216 1400 2271 multos
1417 2232 1699 2287 pauperes
1714 2230 1811 2286 op-

146 2303 434 2375 primunt,
461 2307 516 2357 et
539 2304 692 2374 quod
719 2302 843 2358 sola
869 2304 1190 2376 cupiditate
1210 2304 1449 2370 faciunt,
1474 2303 1808 2359 orationum

146 2392 267 2447 sive
299 2396 638 2447 sanctorum
676 2393 941 2448 locorum
966 2393 1319 2448 visitationis
1342 2411 1518 2449 causa
1540 2411 1600 2448 se
1622 2394 1809 2447 facere

146 2480 331 2535 videri
361 2481 655 2536 affectant.
689 2482 837 2536 Sunt
870 2499 1155 2554 pauperes
1196 2482 1294 2553 qui
1324 2482 1411 2537 vel
1445 2483 1572 2537 ideo
1626 2482 1681 2535 id
1728 2482 1807 2535 fa-

149 2570 313 2625 ciunt
338 2575 403 2625 ut
427 2572 705 2640 majorem
732 2571 985 2627 habeant
1009 2572 1311 2626 materiam
1329 2571 1721 2637 mendicandi,
1739 2571 1809 2625 de

153 2675 404 2729 quorum
428 2677 671 2715 numero
694 2665 834 2715 sunt
857 2661 963 2726 illi;
989 2661 1086 2731 qui
1112 2661 1570 2732 circumquaque
1592 2676 1809 2731 vagan-

154 2754 263 2816 tes,
296 2748 392 2802 illo
415 2766 476 2803 se
494 2765 731 2820 pergere
751 2750 1139 2815 mentiuntur,
1162 2750 1400 2821 velquia
1424 2754 1652 2804 tantum
1673 2751 1813 2803 sunt

153 2839 435 2892 vecordes
468 2843 531 2892 ut
558 2843 764 2909 putent
788 2856 850 2893 se
874 2845 1214 2894 sanctorum
1241 2839 1499 2893 locorum
1527 2838 1649 2893 sola
1671 2836 1814 2891 invi-

163 2926 326 2980 sione
359 2945 392 2981 a
424 2927 674 2997 peccatis
707 2928 963 3000 purgari,
999 2946 1111 2983 non
1146 2928 1513 2983 attendentes
1545 2927 1696 2998 quod
1733 2925 1815 2981 ait

165 3015 372 3069 beatus
404 3016 792 3088 Hieronymus
843 3024 944 3089 (ep.
979 3020 1057 3072 ad
1092 3018 1276 3083 Paul.,
1306 3018 1459 3083 cuius
1514 3017 1640 3071 init.
1701 3016 1815 3070 Bo-

161 3122 275 3160 nus
308 3105 537 3176 homo):
572 3128 593 3154 ι
630 3104 753 3160 Non
785 3106 1244 3179 Hierosolymam
1274 3106 1506 3169 vidisse,
1541 3106 1641 3161 sed
1684 3105 1817 3160 Hie-

160 3194 471 3265 rosolymis
502 3195 649 3249 bene
671 3194 882 3249 vixisse
909 3194 1268 3250 laudandum
1301 3205 1407 3251 est.
1437 3218 1463 3243 »
1486 3197 1565 3250 De
1596 3194 1808 3265 quibus

158 3284 839 3354 omnibusimperatoris,
865 3284 1115 3355 qualiter
1136 3285 1252 3340 sint
1271 3285 1657 3349 emendanda,
1679 3300 1803 3338 sen-

154 3372 340 3427 tentia
364 3377 749 3443 exspectetur.
776 3374 881 3439 Qui
915 3390 1047 3427 vero
1080 3378 1315 3444 peccata
1345 3390 1453 3429 sua
1484 3370 1803 3429 sacerdoti-

156 3462 288 3527 bus,
311 3462 368 3514 in
395 3478 643 3531 quorum
675 3467 813 3516 sunt
844 3462 1159 3533 parcaaciis,
1181 3462 1431 3517 confessi
1456 3467 1613 3529 sunt,
1645 3465 1701 3516 et
1732 3461 1803 3515 ab

1934 548 2142 603 munda
2172 549 2395 603 mundis
2416 552 2441 601 .9
2470 572 2491 598 ι
2523 550 2645 616 (Tit.
2680 549 2742 619 ι.)
2774 550 2845 603 At
2868 546 2963 603 ille
2979 548 3123 603 dixit
3144 549 3195 603 ei
3220 567 3232 605 :
3259 569 3281 598 ι
3305 550 3359 604 Si
3385 552 3486 622 qui
3514 554 3584 608 ad

1936 636 2091 691 hunc
2124 654 2456 692 sermonem
2492 636 2795 708 pervenire
2827 638 3100 709 potuerit,
3122 643 3185 693 ut
3214 640 3585 695 eumintelli-

1932 730 2051 797 gat,
2084 727 2304 781 videbit
2335 744 2395 782 se
2429 727 2716 782 minorem
2743 742 2870 782 esse
2892 726 3075 783 totius
3097 734 3397 783 creaturae.
3427 752 3456 779 ››
3479 730 3582 785 Cui

1934 816 2145 870 frater:
2184 839 2211 865 «
2242 817 2309 870 Et
2340 816 2634 885 quomodo
2669 832 2907 886 possum
2939 817 3226 871 minorem
3260 834 3353 873 me
3391 819 3586 875 videre

1931 905 2003 958 ab
2034 921 2100 959 eo
2134 905 2233 975 qui
2258 905 2555 961 homicida
2576 908 2661 959 est
2685 904 2712 959 ‘I
2736 924 2763 953 »
2790 905 3113 976 Respondit
3133 922 3305 961 senex
3331 908 3459 963 :uSi
3480 925 3584 978 po-

1930 994 2107 1048 tuerit
2138 994 2312 1049 homo
2345 995 2413 1049 ad
2441 995 2595 1048 hunc
2618 1010 2945 1048 sermonem
2972 994 3235 1066 Apostoli
3260 996 3581 1068 pervenire,

1928 1087 1985 1138 et
2015 1082 2223 1137 viderit
2252 1084 2550 1138 hominem
2585 1085 2684 1154 qui
2720 1084 2869 1138 forte
2898 1084 3109 1138 occidit
3131 1083 3334 1153 alium,
3358 1084 3499 1141 dicit
3519 1086 3579 1141 in

1927 1172 2282 1242 semetipso:
2320 1176 2431 1227 Iste
2463 1172 2697 1243 quidem
2732 1172 2840 1228 hoc
2864 1173 3056 1228 solum
3082 1173 3232 1240 fecit,
3251 1190 3357 1246 ego
3380 1178 3575 1229 autem

1926 1262 2084 1317 omni
2121 1262 2265 1316 hora
2298 1262 2681 1317 homicidium
2705 1263 3031 1331 committo,
3061 1279 3152 1316 me
3176 1262 3367 1334 ipsum
3392 1263 3572 1319 inter-

1924 1351 2148 1406 ficiens.
2186 1371 2209 1401 υ
2236 1351 2303 1405 Et
2333 1368 2465 1405 cum
2500 1352 2677 1405 frater
2706 1352 3029 1422 requireret
3061 1352 3353 1422 quomodo
3376 1356 3573 1424 posset

1923 1440 2069 1506 ﬁeri,
2106 1440 2439 1510 respondit:
2481 1459 2511 1491 «
2542 1439 2674 1496 Haec
2704 1440 2829 1495 sola
2850 1444 2939 1494 est
2958 1440 3478 1511 hominisjustitia,
3505 1446 3568 1496 ut

1921 1529 2306 1599 semetipsum
2338 1529 2739 1599 reprehendat.
2777 1550 2804 1578 »
2834 1529 2998 1584 Tunc
3032 1530 3187 1584 enim
3212 1531 3416 1601 justus
3463 1536 3571 1597 est,

1920 1635 2051 1673 cum
2089 1634 2196 1672 sua
2227 1623 2460 1688 peccata
2490 1619 2863 1675 condemnat.

1919 1752 2050 1807 CAP.
2084 1751 2173 1804 68.
2208 1782 2275 1825 τέ
2310 1753 2373 1808 Ut
2393 1752 2582 1825 nullus
2623 1756 2862 1822 [mtrem
2907 1752 3231 1825 condemnet
3276 1758 3576 1825 antequam

1991 1821 2349 1948 Defsjtlum
2409 1823 2695 1894 dijudicet.
2754 1826 2836 1878 Ea:
2890 1824 3051 1880 dictis
3107 1821 3574 1894 cujusdam'ere-

1989 1912 2064 1949 mi
2094 1912 2158 1949 κ.
3274 1938 3283 1943 .

1988 2010 2162 2065 Venit
2183 2010 2499 2081 aliquando
2531 2011 2713 2066 abbas
2746 2011 2908 2067 Isaac
2939 2012 2996 2066 in
3029 2012 3315 2078 ccenobio,
3348 2016 3404 2068 et
3431 2012 3579 2069 vidit

1918 2098 2037 2155 illic
2062 2099 2297 2154 fratrem
2320 2098 2735 2171 negligentem,
2757 2105 2813 2155 et
2833 2100 3578 2173 iratusjussiteumexpelli

1918 2189 1989 2244 de
2014 2189 2295 2243 coenobio.
2321 2188 2463 2242 Cum
2481 2205 2616 2260 ergo
2641 2190 3048 2260 regrederetur
3071 2190 3142 2243 ad
3169 2189 3575 2246 habitaculum

1919 2294 2115 2345 suum,
2146 2279 2305 2332 venit
2334 2276 2576 2349 angelus
2610 2278 2864 2346 Domini,
2898 2283 2954 2333 et
2985 2279 3146 2333 stetit
3181 2285 3315 2333 ante
3355 2280 3572 2335 ostium

1919 2366 2138 2421 cellulae
2171 2367 2323 2436 ejus,
2356 2367 2599 2421 dicens:
2636 2389 2661 2416 «
2698 2367 2824 2421 Non
2856 2372 2911 2421 te
2942 2367 3213 2436 permitto
3259 2367 3507 2439 ingredi.
3544 2389 3568 2420 υ

1917 2458 1989 2510 At
2020 2453 2115 2509 ille
2151 2455 2390 2525 rogabat
2430 2459 2491 2508 ut
2551 2453 2723 2525 culpa
2780 2456 2907 2524 ejus
2963 2456 3457 2511 manifestaretur.
3504 2459 3574 2512 Et

1919 2544 2278 2612 respondens
2300 2542 2545 2614 angelus
2567 2542 2740 2597 dixit:
2768 2567 2791 2593 ‹‹
2810 2544 3096 2598 Dominus
3114 2545 3571 2613 transmisitme,

1920 2632 2151 2687 dicens:
2186 2632 2365 2698 Vade,
2400 2632 2492 2686 dic
2540 2632 2701 2686 Isaac
2731 2650 2742 2686 :
2776 2632 2883 2687 Ubi
2928 2633 3107 2701 jubes
3155 2638 3219 2687 ut
3267 2633 3572 2689 mittamus

1922 2722 2088 2776 illum
2121 2721 2359 2775 fratrem
2390 2721 2488 2792 qui
2506 2722 2765 2792 peccavit
2785 2722 2811 2775 ‘t
2842 2744 2869 2771 »
2896 2720 3083 2777 Atille
3107 2722 3225 2793 egit
3242 2738 3371 2778 mox
3393 2724 3570 2794 poeni-

1921 2812 2190 2877 tentiam,
2210 2810 2448 2865 dicens:
2487 2834 2505 2858 ιι
2534 2810 2792 2875 Peccavi,
2814 2811 3079 2879 Domine,
3102 2810 3341 2883 indulge
3365 2813 3568 2867 mihi.»

1924 2904 1986 2954 Et
2018 2900 2163 2953 dixit
2196 2899 2246 2954 ei
2279 2898 2557 2969 angelus:
2584 2922 2611 2949 «
2638 2898 2910 2971 Exsurge,
2937 2898 3203 2973 indulget
3225 2900 3565 2973 [indulgeat]

1924 2987 2029 3041 tibi
2066 2987 2361 3055 Dominus,
2393 2988 2493 3042 sed
2527 3004 2597 3041 ne
2627 2988 2839 3042 iterum
2871 2987 2980 3043 hoc
3012 2988 3215 3054 facias,
3260 2994 3323 3044 ut
3369 3006 3569 3059 quem-

1925 3092 2101 3146 quam
2122 3076 2497 3144 condemnes,
2520 3082 2836 3147 antequam
2852 3075 3020 3131 illum
3034 3076 3568 3146 Dominusjudicet.

1924 3164 2208 3220 'l'ulerunt
2237 3151 2507 3219 homi'nes
2538 3164 2650 3219 sibi
2674 3163 2989 3235 judicium,
3020 3170 3077 3220 et
3106 3182 3219 3220 non
3254 3165 3399 3220 mihi
3423 3165 3568 3222 illud

1922 3255 2251 3322 dimittunt,
2287 3253 2428 3308 dicit
2452 3254 2757 3309 Dominus.
2792 3275 2822 3304 ν
2853 3254 2971 3309 Hoc
3001 3259 3193 3310 autem
3225 3254 3447 3310 dictum
3480 3262 3568 3311 est

1915 3346 2053 3415 quia
2084 3345 2132 3401 si
2164 3345 2470 3417 contigerit
2499 3346 2570 3399 de
2599 3344 2718 3399 illis
2754 3345 3021 3416 perlectis
3070 3345 3325 3416 aliquem
3367 3347 3452 3401 vel
3505 3348 3563 3402 in

1914 3451 2090 3505 parvo
2123 3449 2379 3504 peccare,
2415 3450 2529 3489 non
2555 3450 2689 3488 mox
2721 3435 3019 3505 perdatur.

155 3550 251 3605 his
282 3551 519 3619 agendis
572 3550 929 3620 pounitentim
977 3550 1289 3606 consilium
1335 3556 1705 3621 acceperunt,
1755 3549 1805 3604 si

1933 3575 2046 3625 lar.
2078 3570 2168 3622 69.
2200 3600 2267 3607 —
2292 3568 2450 3634 Quod
2471 3568 2626 3635 justa
2674 3566 2999 3622 obedientia
3019 3567 3191 3637 justi:
3235 3570 3562 3628 muneribus

160 3637 524 3693 orationibus
540 3638 593 3691 in
605 3638 865 3692 sistendo
880 3637 1593 3709 oleemosynaslargiendo
1616 3654 1807 3693 mores

161 3727 588 3797 componendo,
605 3727 780 3780 vitam
796 3727 1163 3782 emendando
1178 3728 1573 3799 apostolorum
1604 3727 1812 3781 limina

160 3815 248 3871 vel
302 3814 701 3886 quorumlibet
762 3822 1098 3871 sanctorum
1160 3816 1407 3871 invisere
1455 3816 1812 3883 desiderant,

162 3904 375 3959 horum
408 3908 496 3958 est
524 3904 749 3959 devotio
782 3905 972 3958 modis
1004 3905 1279 3960 omnibus
1296 3904 1706 3961 collaudanda.

164 4012 299 4067 CAP.
331 4011 421 4064 66.
442 4040 506 4050 -—
540 4011 608 4064 De
628 4013 786 4064 omni
815 4019 1113 4079 peccatore,
1139 4012 1287 4080 quod
1309 4012 1511 4081 quoties
1535 4011 1814 4080 ceciderit,

235 4083 706 4165 toties-resurgere
734 4082 944 4137 debeat.
991 4087 1076 4137 Ere
1123 4084 1286 4137 dictis
1332 4085 1477 4138 Zosii
1532 4083 1819 4151 cuiusdam

235 4165 499 4209 eremztaa.

236 4250 386 4305 Dum
421 4250 660 4322 quidam
688 4252 865 4306 frater
882 4251 1150 4306 abbatem
1174 4251 1408 4305 Zosium
1433 4250 1530 4305 tali
1553 4268 1821 4306 sermone

164 4344 502 4408 frequenter
528 4341 869 4411 requireret,
894 4342 1125 4395 dicens:
1149 4363 1175 4389 «
1197 4340 1342 4403 Quid
1369 4340 1600 4403 iaciam,
1640 4346 1820 4412 pater,

165 4428 447 4498 quoniam
480 4430 709 4483 cecidi?
731 4452 759 4477 »
780 4429 877 4483 [lle
901 4428 1205 4500 respondit
1231 4445 1244 4483 :
1272 4452 1296 4477 α
1321 4429 1523 4500 Surge,
1554 4430 1765 4501 inquit.
1796 4454 1822 4479 ››

166 4515 267 4571 Illo
297 4533 453 4584 vero,
488 4534 551 4572 se
584 4518 1003 4583 exsurrexisse,
1036 4524 1092 4571 et
1118 4518 1327 4571 iterum
1363 4518 1646 4573 cecidisse
1689 4536 1822 4590 pro-

166 4604 346 4674 fesso,
372 4608 713 4677 respondit:
742 4628 769 4656 ‹‹
792 4610 1002 4661 Iterum
1029 4606 1218 4659 adhuc
1256 4622 1450 4676 surge.
1474 4627 1499 4657 ι)
1558 4608 1699 4662 Cum
1731 4626 1828 4667 au.

166 4702 286 4753 tem
323 4696 501 4750 frater
552 4712 614 4750 se
656 4697 993 4765 frequenter
1041 4695 1367 4749 surrexisse
1396 4700 1453 4749 et
1496 4696 1830 4766 frequenter

168 4785 455 4841 cecidisse
477 4790 764 4847 narraret,
796 4784 1001 4837 eodem
1035 4798 1166 4837 vero
1199 4800 1373 4838 senex
1404 4785 1675 4838 utebatur
1704 4802 1827 4840 ser-

169 4889 365 4943 mone,
402 4872 778 4929 exclamans:
818 4893 844 4922 ‹‹
896 4877 972 4927 Ne
1003 4871 1256 4927 desistas
1290 4874 1604 4944 surgendo.
1644 4896 1670 4922 »
1728 4875 1829 4929 Cui

168 4966 352 5018 frater
400 4962 484 5018 ait
519 4978 531 5016 :
566 4982 593 5011 ‹‹
656 4960 971 5032 Usquequo
1027 4978 1266 5031 possum
1316 4977 1575 5032 surgere,
1632 4968 1827 5033 pater,

169 5052 438 5124 explana.
479 5072 506 5101 «
536 5056 719 5105 Senex
751 5051 930 5106 dixit:
992 5073 1019 5101 ‹‹
1064 5050 1377 5123 Usquequo
1430 5057 1529 5105 aut
1587 5051 1645 5105 in
1679 5053 1830 5108 liono

168 5146 471 5214 opere,aut
501 5140 556 5194 in
593 5139 745 5194 malo
777 5141 1176 5211 deprehensus
1210 5142 1567 5212 [depressus]
1599 5158 1829 5197 occum-

168 5232 296 5287 bas.
335 5231 395 5285 ln
429 5248 543 5303 quo
574 5229 728 5285 enim
765 5246 937 5300 opere
982 5230 1157 5284 fuerit
1186 5230 1361 5285 homo
1406 5231 1827 5301 deprehensus.

170 5320 538 5391 [depressus]
570 5320 627 5373 in
663 5336 729 5374 eo
760 5319 1141 5389 judicabitur.

168 5429 305 5484 CAP.
340 5428 431 5482 67.
461 5458 527 5466 —-

240 5498 615 5580 reprehendat
636 5542 648 5554 .

242 5581 417 5628 mlta.

243 5661 490 5725 Quidam
525 5658 702 5715 frater
730 5656 1037 5731 requisivit
1067 5658 1337 5715 abbatem
1371 5657 1691 5730 Pimenem,
1743 5659 1827 5715 di-

558 5426 718 5497 Quod
759 5427 979 5497 justum
1030 5425 1105 5479 sit
1150 5426 1245 5497 Dei
1298 5425 1531 5495 homini,
1585 5427 1725 5497 quod
1775 5444 1831 5483 se

728 5499 813 5552 Ea:
882 5496 1044 5551 dictis
1098 5496 1341 5551 Pimenis
1386 5496 1675 5568 cujusdam
1713 5516 1829 5555 ere-

2236 3649 2639 3694 remuneretur.
2676 3641 2769 3693 Ea:
2795 3639 2955 3694 dictis
2978 3639 3241 3698 eiusdem.

1991 3755 2239 3818 Quidam
2262 3771 2329 3809 ex
2352 3754 2644 3820 Patribus,
2670 3754 2728 3808 in
2754 3754 2969 3809 exstasi
2990 3754 3238 3825 positus,
3261 3756 3407 3813 vidit
3429 3775 3568 3831 qua-

1921 3850 2055 3899 tuor
2085 3844 2319 3898 ordines
2352 3848 2484 3897 ante
2513 3848 2729 3910 Deum;
2764 3849 2822 3898 et
2870 3843 3095 3915 primus
3144 3846 3380 3916 quidem
3430 3850 3570 3904 ordo

1924 3938 2051 3989 erat
2081 3932 2388 3987 hominum
2422 3932 2875 4000 inﬁrmantium,
2910 3937 2967 3987 et
3005 3933 3223 4005 gratias
3270 3938 3570 4007 agentium

1928 4029 2061 4079 Deo.
2094 4023 2397 4077 Secundus
2421 4039 2552 4078 vero
2580 4026 2702 4077 erat
2731 4038 2933 4077 eorum
2966 4023 3066 4094 qui
3110 4022 3572 4094 hospitalitatem

1928 4118 2247 4178 sectantur,
2282 4116 2338 4166 et
2358 4111 2416 4165 in
2448 4111 2557 4166 hac
2586 4112 2946 4167 ministrant.
2976 4112 3209 4167 Tertius
3234 4119 3426 4168 autem
3446 4113 3574 4169 illo-

1930 4219 2061 4256 rum
2096 4201 2194 4271 qui
2231 4198 2609 4255 solitudinem
2663 4204 2965 4254 sectantur
2994 4200 3340 4270 [sectantur,
3375 4206 3431 4257 et
3460 4218 3575 4256 non

1930 4290 2129 4343 vident
2159 4288 2471 4357 homines].
2504 4289 2760 4351 Quartus
2788 4304 2921 4343 vero
2954 4304 3157 4343 eorum
3198 4289 3295 4359 qui
3346 4294 3581 4361 propter

1932 4378 2115 4432 Deum
2141 4377 2197 4430 in
2224 4376 2557 4432 obedientia
2575 4376 2823 4446 subjecti
2840 4380 2977 4431 sunt
2994 4376 3279 4432 Patribus.
3297 4379 3579 4451 Eratergo

1934 4466 2050 4520 illis
2074 4466 2263 4519 tribus
2288 4464 2594 4520 ordinibus
2613 4464 2707 4520 hic
2730 4465 2869 4519 ordo
2893 4466 3162 4536 superior
3184 4468 3277 4537 qui
3305 4468 3581 4524 obedien-

1859 4578 1905 4642 D
1935 4557 2077 4611 tiam
2113 4554 2443 4642 exhibebat,
2464 4558 2520 4608 et
2542 4554 2795 4642 habebat
2813 4559 3080 4625 torquem
3098 4572 3359 4624 auream,
3386 4564 3443 4614 et
3467 4576 3585 4615 ma-

1931 4644 2122 4714 jorem
2156 4641 2397 4711 gloriam
2433 4658 2546 4713 prae
2565 4641 2789 4696 caeteris
2814 4643 3175 4713 possidebat.
3210 4644 3358 4700 Dicit
3390 4653 3584 4703 autem

1940 4747 2117 4787 senex
2148 4732 2195 4785 ei
2233 4730 2331 4800 qui
2376 4730 2488 4784 sibi
2550 4729 2659 4785 hoc
2712 4731 2769 4784 in
2828 4732 3040 4785 exstasi
3106 4733 3583 4792 demonstrabat:

1946 4843 1965 4871 ι
2002 4822 2190 4884 Quare
2223 4820 2315 4873 hic
2347 4820 2487 4874 ordo
2519 4824 2766 4890 quartus
2788 4821 3070 4889 majorem
3095 4824 3318 4878 caeteris
3338 4824 3585 4895 gloriam

1941 4908 2165 4964 habet?
2197 4931 2223 4959 ››
2261 4906 2361 4963 llle
2383 4912 2579 4963 autem
2606 4910 2911 4979 respondit
2931 4910 2981 4965 ei
3002 4911 3202 4967 dicens
3230 4930 3242 4967 :
3268 4936 3287 4961 υ
3312 4914 3457 4979 Quia
3486 4914 3586 4968 isti

1941 4999 2039 5055 alii
2072 5013 2281 5052 omnes
2313 4996 2534 5051 habent
2564 4997 2823 5068 aliquam
2852 4999 3112 5071 requiem
3138 5002 3209 5056 ad
3258 5002 3588 5073 implendas

1942 5087 2209 5159 proprias
2241 5085 2572 5142 voluntates
2606 5087 3003 5159 [adimplendo
3036 5090 3307 5160 quamvis
3338 5091 3397 5147 in
3420 5092 3591 5148 bonis

1940 5177 2219 5248 operibus
2247 5176 2532 5247 proprias,
2565 5176 2724 5247 etc.].
2759 5176 2862 5232 Hic
2893 5194 3029 5249 ergo
3060 5180 3158 5249 qui
3193 5180 3587 5236 obedientiam

1939 5270 2165 5321 exercet
2192 5281 2397 5320 omnes
2425 5265 2755 5321 voluntates
2786 5266 3144 5336 relinquens,
3182 5271 3343 5322 totus
3382 5269 3595 5339 pendet

1940 5355 1999 5409 in
2030 5353 2327 5409 voluntate
2361 5355 2543 5425 patris
2566 5354 2854 5424 jubentis,
2888 5359 2943 5408 et
2974 5354 3100 5410 ideo
3133 5356 3411 5425 majorem
3465 5356 3591 5427 glo-

1941 5445 2091 5498 riam
2125 5460 2237 5514 pra:
2271 5444 2495 5498 caeteris
2526 5449 2616 5498 est
2646 5443 2913 5498 sortitus.

1940 5588 2075 5644 CAP.
2101 5588 2189 5640 70.
2230 5618 2294 5627 —
2342 5588 2415 5641 De
2473 5586 2590 5642 illis
2638 5586 2737 5657 qui
2789 5601 2857 5640 ea:
2914 5584 3187 5641 industria
3240 5593 3484 5657 peccant,
3544 5594 3599 5645 el

2010 5659 2345 5731 promittunt
2374 5659 2484 5716 sibi
2537 5658 2833 5730 quamdam
2890 5658 3286 5730 impunitatem
3328 5663 3600 5733 peccandi
