  <div class='ocr_page' id='page_1' title='image "/cluster/home/n/w/nwhite01/storage/ocr_20150623/161/hvd.32044054760194/485.png"; bbox 0 0 3948 6072; ppageno 0'>
   <div class='ocr_carea' id='block_1_1' title="bbox 370 291 480 348">
    <p class='ocr_par' dir='ltr' id='par_1_1' title="bbox 370 291 480 348">
     <span class='ocr_line' id='line_1_1' title="bbox 370 291 480 348; baseline -0.009 -1"><span class='ocrx_word' id='word_1_1' title='bbox 370 291 480 348; x_wconf 84' lang='grc'><strong>879</strong></span> 
     </span>
    </p>
   </div>
   <div class='ocr_carea' id='block_1_2' title="bbox 1461 290 2694 351">
    <p class='ocr_par' dir='ltr' id='par_1_2' title="bbox 1461 290 2694 351">
     <span class='ocr_line' id='line_1_2' title="bbox 1461 290 2694 351; baseline 0.003 -4"><span class='ocrx_word' id='word_1_2' title='bbox 1461 295 1530 347; x_wconf 90' lang='lat' dir='ltr'><strong>D.</strong></span> <span class='ocrx_word' id='word_1_3' title='bbox 1571 290 1812 348; x_wconf 81' lang='lat' dir='ltr'><strong>IVONIS</strong></span> <span class='ocrx_word' id='word_1_4' title='bbox 1846 291 2340 350; x_wconf 79' lang='lat' dir='ltr'><strong>CARNOTENSIS</strong></span> <span class='ocrx_word' id='word_1_5' title='bbox 2375 296 2694 351; x_wconf 84' lang='lat' dir='ltr'><strong>BPISCOPI</strong></span> 
     </span>
    </p>
   </div>
   <div class='ocr_carea' id='block_1_3' title="bbox 3676 289 3787 346">
    <p class='ocr_par' dir='ltr' id='par_1_3' title="bbox 3676 289 3787 346">
     <span class='ocr_line' id='line_1_3' title="bbox 3676 289 3787 346; baseline 0.027 -3"><span class='ocrx_word' id='word_1_6' title='bbox 3676 289 3787 346; x_wconf 88' lang='lat'><strong>880</strong></span> 
     </span>
    </p>
   </div>
   <div class='ocr_carea' id='block_1_4' title="bbox 441 413 3786 490">
    <p class='ocr_par' dir='ltr' id='par_1_4' title="bbox 441 413 3786 490">
     <span class='ocr_line' id='line_1_4' title="bbox 441 413 3786 490; baseline 0.001 -21"><span class='ocrx_word' id='word_1_7' title='bbox 441 416 664 490; x_wconf 72' lang='lat' dir='ltr'><strong>propter</strong></span> <span class='ocrx_word' id='word_1_8' title='bbox 695 413 1066 490; x_wconf 59' lang='lat' dir='ltr'><strong>largitionem</strong></span> <span class='ocrx_word' id='word_1_9' title='bbox 1085 414 1597 490; x_wconf 67' lang='lat' dir='ltr'><strong>_e_teemosgnarum.</strong></span> <span class='ocrx_word' id='word_1_10' title='bbox 1658 416 1738 470; x_wconf 77' lang='lat' dir='ltr'><strong>Ea:</strong></span> <span class='ocrx_word' id='word_1_11' title='bbox 1790 415 2025 471; x_wconf 75' lang='lat' dir='ltr'><strong>concilio</strong></span> <span class='ocrx_word' id='word_1_12' title='bbox 2054 421 2111 489; x_wconf 76' lang='grc' dir='ltr'><strong>Α</strong></span> <span class='ocrx_word' id='word_1_13' title='bbox 2137 415 2250 472; x_wconf 88' lang='lat' dir='ltr'><strong>bus</strong></span> <span class='ocrx_word' id='word_1_14' title='bbox 2271 417 2779 485; x_wconf 87' lang='lat' dir='ltr'><strong>sacrisinvenerit,</strong></span> <span class='ocrx_word' id='word_1_15' title='bbox 2796 421 2899 475; x_wconf 87' lang='lat' dir='ltr'><strong>aut</strong></span> <span class='ocrx_word' id='word_1_16' title='bbox 2915 417 3072 490; x_wconf 89' lang='lat' dir='ltr'><strong>quod</strong></span> <span class='ocrx_word' id='word_1_17' title='bbox 3095 415 3182 472; x_wconf 88' lang='lat' dir='ltr'>illi</span> <span class='ocrx_word' id='word_1_18' title='bbox 3204 416 3525 472; x_wconf 87' lang='lat' dir='ltr'><strong>secundum</strong></span> <span class='ocrx_word' id='word_1_19' title='bbox 3548 419 3786 472; x_wconf 87' lang='lat' dir='ltr'><strong>sancta-</strong></span> 
     </span>
    </p>
   </div>
   <div class='ocr_carea' id='block_1_5' title="bbox 446 483 1615 557">
    <p class='ocr_par' dir='ltr' id='par_1_5' title="bbox 446 483 1615 557">
     <span class='ocr_line' id='line_1_5' title="bbox 446 483 1615 557; baseline -0.001 -14"><span class='ocrx_word' id='word_1_20' title='bbox 446 483 851 553; x_wconf 81' lang='lat' dir='ltr'><strong>Cabitlonensi,</strong></span> <span class='ocrx_word' id='word_1_21' title='bbox 883 501 1009 554; x_wconf 85' lang='lat' dir='ltr'><strong>cap.</strong></span> <span class='ocrx_word' id='word_1_22' title='bbox 1038 485 1109 540; x_wconf 86' lang='lat'><strong>36</strong></span> <span class='ocrx_word' id='word_1_23' title='bbox 1128 487 1298 557; x_wconf 88' lang='lat' dir='ltr'><strong>(conc.</strong></span> <span class='ocrx_word' id='word_1_24' title='bbox 1327 483 1503 543; x_wconf 75' lang='lat' dir='ltr'><strong>Cabil.</strong></span> <span class='ocrx_word' id='word_1_25' title='bbox 1528 490 1615 555; x_wconf 86' lang='lat' dir='ltr'><strong>II).</strong></span> 
     </span>
    </p>
   </div>
   <div class='ocr_carea' id='block_1_6' title="bbox 440 583 2025 656">
    <p class='ocr_par' dir='ltr' id='par_1_6' title="bbox 440 583 2025 656">
     <span class='ocr_line' id='line_1_6' title="bbox 440 583 2025 656; baseline -0.003 -13"><span class='ocrx_word' id='word_1_26' title='bbox 440 587 552 643; x_wconf 90' lang='lat' dir='ltr'><strong>Sed</strong></span> <span class='ocrx_word' id='word_1_27' title='bbox 585 601 691 640; x_wconf 90' lang='lat' dir='ltr'><strong>nec</strong></span> <span class='ocrx_word' id='word_1_28' title='bbox 719 583 831 638; x_wconf 86' lang='lat' dir='ltr'><strong>hoc</strong></span> <span class='ocrx_word' id='word_1_29' title='bbox 853 584 1317 653; x_wconf 68' lang='lat' dir='ltr'><strong>prmtereundum</strong></span> <span class='ocrx_word' id='word_1_30' title='bbox 1341 584 1680 656; x_wconf 82' lang='lat' dir='ltr'><strong>putavimus</strong></span> <span class='ocrx_word' id='word_1_31' title='bbox 1703 584 1860 656; x_wconf 90' lang='lat' dir='ltr'><strong>quod</strong></span> <span class='ocrx_word' id='word_1_32' title='bbox 1894 583 2025 655; x_wconf 90' lang='lat' dir='ltr'><strong>qui-</strong></span> 
     </span>
    </p>
   </div>
   <div class='ocr_carea' id='block_1_7' title="bbox 2137 503 3791 578">
    <p class='ocr_par' dir='ltr' id='par_1_7' title="bbox 2137 503 3791 578">
     <span class='ocr_line' id='line_1_7' title="bbox 2137 503 3791 578; baseline 0 -19"><span class='ocrx_word' id='word_1_33' title='bbox 2137 521 2267 561; x_wconf 91' lang='lat' dir='ltr'><strong>rum</strong></span> <span class='ocrx_word' id='word_1_34' title='bbox 2301 506 2740 578; x_wconf 89' lang='lat' dir='ltr'><strong>Scripturarum</strong></span> <span class='ocrx_word' id='word_1_35' title='bbox 2775 505 3204 571; x_wconf 72' lang='lat' dir='ltr'><strong>auctoritatem,</strong></span> <span class='ocrx_word' id='word_1_36' title='bbox 3238 508 3295 559; x_wconf 89' lang='lat' dir='ltr'><strong>et</strong></span> <span class='ocrx_word' id='word_1_37' title='bbox 3324 503 3791 560; x_wconf 80' lang='lat' dir='ltr'><strong>ecclesiasticam</strong></span> 
     </span>
    </p>
   </div>
   <div class='ocr_carea' id='block_1_8' title="bbox 2134 593 3795 665">
    <p class='ocr_par' dir='ltr' id='par_1_8' title="bbox 2134 593 3795 665">
     <span class='ocr_line' id='line_1_8' title="bbox 2134 593 3795 665; baseline -0.001 -16"><span class='ocrx_word' id='word_1_38' title='bbox 2134 596 2622 651; x_wconf 82' lang='lat' dir='ltr'><strong>consuetudinem</strong></span> <span class='ocrx_word' id='word_1_39' title='bbox 2647 596 2865 652; x_wconf 89' lang='lat' dir='ltr'><strong>rectius</strong></span> <span class='ocrx_word' id='word_1_40' title='bbox 2880 595 3071 651; x_wconf 89' lang='lat' dir='ltr'><strong>visum</strong></span> <span class='ocrx_word' id='word_1_41' title='bbox 3095 593 3288 650; x_wconf 86' lang='lat' dir='ltr'><strong>fuerit.</strong></span> <span class='ocrx_word' id='word_1_42' title='bbox 3315 593 3376 650; x_wconf 88' lang='lat' dir='ltr'><strong>Si</strong></span> <span class='ocrx_word' id='word_1_43' title='bbox 3400 609 3536 665; x_wconf 88' lang='lat' dir='ltr'><strong>ergo</strong></span> <span class='ocrx_word' id='word_1_44' title='bbox 3576 593 3795 649; x_wconf 88' lang='lat' dir='ltr'><strong>medici</strong></span> 
     </span>
    </p>
   </div>
   <div class='ocr_carea' id='block_1_9' title="bbox 365 671 1976 756">
    <p class='ocr_par' dir='ltr' id='par_1_9' title="bbox 365 671 1976 745">
     <span class='ocr_line' id='line_1_9' title="bbox 365 671 1976 745; baseline -0.004 -13"><span class='ocrx_word' id='word_1_45' title='bbox 365 676 501 732; x_wconf 88' lang='lat' dir='ltr'><strong>dam</strong></span> <span class='ocrx_word' id='word_1_46' title='bbox 522 692 590 731; x_wconf 90' lang='lat' dir='ltr'><strong>ex</strong></span> <span class='ocrx_word' id='word_1_47' title='bbox 606 671 899 729; x_wconf 84' lang='lat' dir='ltr'><strong>industria</strong></span> <span class='ocrx_word' id='word_1_48' title='bbox 922 677 1226 742; x_wconf 82' lang='lat' dir='ltr'><strong>peccantes</strong></span> <span class='ocrx_word' id='word_1_49' title='bbox 1246 678 1484 745; x_wconf 83' lang='lat' dir='ltr'><strong>propter</strong></span> <span class='ocrx_word' id='word_1_50' title='bbox 1518 672 1976 744; x_wconf 76' lang='lat' dir='ltr'><strong>eleemosynarul</strong></span> 
     </span>
    </p>
   </div>
   <div class='ocr_carea' id='block_1_10' title="bbox 2155 671 3794 756">
    <p class='ocr_par' dir='ltr' id='par_1_10' title="bbox 2155 683 3794 756">
     <span class='ocr_line' id='line_1_10' title="bbox 2155 683 3794 756; baseline 0.001 -19"><span class='ocrx_word' id='word_1_51' title='bbox 2155 683 2235 754; x_wconf 72' lang='lat' dir='ltr'><strong>[ui</strong></span> <span class='ocrx_word' id='word_1_52' title='bbox 2258 684 2605 756; x_wconf 82' lang='lat' dir='ltr'><strong>corporibus</strong></span> <span class='ocrx_word' id='word_1_53' title='bbox 2634 684 2986 740; x_wconf 82' lang='lat' dir='ltr'><strong>medicinam</strong></span> <span class='ocrx_word' id='word_1_54' title='bbox 3002 683 3218 739; x_wconf 80' lang='lat' dir='ltr'><strong>inferre</strong></span> <span class='ocrx_word' id='word_1_55' title='bbox 3233 687 3542 747; x_wconf 89' lang='lat' dir='ltr'><strong>conantur,</strong></span> <span class='ocrx_word' id='word_1_56' title='bbox 3563 698 3794 754; x_wconf 89' lang='lat' dir='ltr'><strong>nequa-</strong></span> 
     </span>
    </p>
   </div>
   <div class='ocr_carea' id='block_1_11' title="bbox 360 761 1976 847">
    <p class='ocr_par' dir='ltr' id='par_1_11' title="bbox 360 761 1976 836">
     <span class='ocr_line' id='line_1_11' title="bbox 360 761 1976 836; baseline -0.003 -15"><span class='ocrx_word' id='word_1_57' title='bbox 360 764 735 836; x_wconf 89' lang='lat' dir='ltr'><strong>largitionem</strong></span> <span class='ocrx_word' id='word_1_58' title='bbox 756 762 1074 833; x_wconf 89' lang='lat' dir='ltr'><strong>quamdam</strong></span> <span class='ocrx_word' id='word_1_59' title='bbox 1097 761 1211 817; x_wconf 91' lang='lat' dir='ltr'><strong>sidi</strong></span> <span class='ocrx_word' id='word_1_60' title='bbox 1237 761 1976 834; x_wconf 78' lang='lat' dir='ltr'><strong>promittuntimpunitatei</strong></span> 
     </span>
    </p>
   </div>
   <div class='ocr_carea' id='block_1_12' title="bbox 2155 761 3793 847">
    <p class='ocr_par' dir='ltr' id='par_1_12' title="bbox 2155 772 3793 847">
     <span class='ocr_line' id='line_1_12' title="bbox 2155 772 3793 847; baseline 0.001 -20"><span class='ocrx_word' id='word_1_61' title='bbox 2155 790 2332 844; x_wconf 72' lang='lat' dir='ltr'><strong>luam,</strong></span> <span class='ocrx_word' id='word_1_62' title='bbox 2360 780 2598 847; x_wconf 77' lang='lat' dir='ltr'><strong>propter</strong></span> <span class='ocrx_word' id='word_1_63' title='bbox 2617 791 2877 847; x_wconf 71' lang='lat' dir='ltr'><strong>personae</strong></span> <span class='ocrx_word' id='word_1_64' title='bbox 2898 772 3214 845; x_wconf 85' lang='lat' dir='ltr'><strong>cujuslibet</strong></span> <span class='ocrx_word' id='word_1_65' title='bbox 3236 773 3659 845; x_wconf 89' lang='lat' dir='ltr'><strong>acceptionem,</strong></span> <span class='ocrx_word' id='word_1_66' title='bbox 3698 773 3793 829; x_wconf 87' lang='lat' dir='ltr'><strong>bis</strong></span> 
     </span>
    </p>
   </div>
   <div class='ocr_carea' id='block_1_13' title="bbox 359 848 2018 922">
    <p class='ocr_par' dir='ltr' id='par_1_13' title="bbox 359 848 2018 922">
     <span class='ocr_line' id='line_1_13' title="bbox 359 848 2018 922; baseline -0.004 -13"><span class='ocrx_word' id='word_1_67' title='bbox 359 854 746 921; x_wconf 84' lang='lat' dir='ltr'><strong>Eleemosyna</strong></span> <span class='ocrx_word' id='word_1_68' title='bbox 774 851 932 905; x_wconf 90' lang='lat' dir='ltr'><strong>enim</strong></span> <span class='ocrx_word' id='word_1_69' title='bbox 963 850 1285 922; x_wconf 76' lang='lat' dir='ltr'><strong>exstinguit</strong></span> <span class='ocrx_word' id='word_1_70' title='bbox 1318 858 1572 922; x_wconf 87' lang='lat' dir='ltr'><strong>peccata,</strong></span> <span class='ocrx_word' id='word_1_71' title='bbox 1620 852 1791 922; x_wconf 80' lang='lat' dir='ltr'><strong>juxta</strong></span> <span class='ocrx_word' id='word_1_72' title='bbox 1833 848 1977 904; x_wconf 91' lang='lat' dir='ltr'><strong>illud</strong></span> <span class='ocrx_word' id='word_1_73' title='bbox 2005 873 2018 911; x_wconf 84' lang='lat'><strong>;</strong></span> 
     </span>
    </p>
   </div>
   <div class='ocr_carea' id='block_1_14' title="bbox 357 939 2020 1014">
    <p class='ocr_par' dir='ltr' id='par_1_14' title="bbox 357 939 2020 1014">
     <span class='ocr_line' id='line_1_14' title="bbox 357 939 2020 1014; baseline -0.002 -17"><span class='ocrx_word' id='word_1_74' title='bbox 357 943 544 1014; x_wconf 86' lang='lat' dir='ltr'><strong>Ignem</strong></span> <span class='ocrx_word' id='word_1_75' title='bbox 600 940 889 995; x_wconf 82' lang='lat' dir='ltr'><strong>ardentem</strong></span> <span class='ocrx_word' id='word_1_76' title='bbox 941 940 1249 1011; x_wconf 72' lang='lat' dir='ltr'><strong>exstinguit</strong></span> <span class='ocrx_word' id='word_1_77' title='bbox 1304 956 1452 1012; x_wconf 82' lang='lat' dir='ltr'><strong>aqua</strong></span> <span class='ocrx_word' id='word_1_78' title='bbox 1476 982 1494 1010; x_wconf 93' lang='lat'><strong>,</strong></span> <span class='ocrx_word' id='word_1_79' title='bbox 1570 944 1622 995; x_wconf 90' lang='lat' dir='ltr'><strong>et</strong></span> <span class='ocrx_word' id='word_1_80' title='bbox 1676 939 2020 1010; x_wconf 87' lang='lat' dir='ltr'><strong>eleemosyna</strong></span> 
     </span>
    </p>
   </div>
   <div class='ocr_carea' id='block_1_15' title="bbox 359 1028 2019 1099">
    <p class='ocr_par' dir='ltr' id='par_1_15' title="bbox 359 1028 2019 1099">
     <span class='ocr_line' id='line_1_15' title="bbox 359 1028 2019 1099; baseline -0.002 -13"><span class='ocrx_word' id='word_1_81' title='bbox 359 1029 678 1099; x_wconf 82' lang='lat' dir='ltr'><strong>exstinguit</strong></span> <span class='ocrx_word' id='word_1_82' title='bbox 709 1028 1152 1099; x_wconf 84' lang='lat' dir='ltr'><strong>peccata(Eccli.</strong></span> <span class='ocrx_word' id='word_1_83' title='bbox 1176 1028 1289 1098; x_wconf 86' lang='grc' dir='ltr'>ιιι),</span> <span class='ocrx_word' id='word_1_84' title='bbox 1315 1029 1415 1085; x_wconf 90' lang='lat' dir='ltr'><strong>sed</strong></span> <span class='ocrx_word' id='word_1_85' title='bbox 1449 1045 1516 1084; x_wconf 89' lang='lat' dir='ltr'><strong>ea</strong></span> <span class='ocrx_word' id='word_1_86' title='bbox 1548 1044 1672 1096; x_wconf 74' lang='lat' dir='ltr'><strong>quas</strong></span> <span class='ocrx_word' id='word_1_87' title='bbox 1695 1033 1798 1083; x_wconf 89' lang='lat' dir='ltr'><strong>aut</strong></span> <span class='ocrx_word' id='word_1_88' title='bbox 1820 1044 2019 1083; x_wconf 88' lang='lat' dir='ltr'><strong>neces-</strong></span> 
     </span>
    </p>
   </div>
   <div class='ocr_carea' id='block_1_16' title="bbox 358 1116 2018 1189">
    <p class='ocr_par' dir='ltr' id='par_1_16' title="bbox 358 1116 2018 1189">
     <span class='ocr_line' id='line_1_16' title="bbox 358 1116 2018 1189; baseline -0.003 -14"><span class='ocrx_word' id='word_1_89' title='bbox 358 1119 554 1185; x_wconf 88' lang='lat' dir='ltr'><strong>sitate,</strong></span> <span class='ocrx_word' id='word_1_90' title='bbox 588 1124 692 1174; x_wconf 90' lang='lat' dir='ltr'><strong>aut</strong></span> <span class='ocrx_word' id='word_1_91' title='bbox 716 1134 882 1184; x_wconf 90' lang='lat' dir='ltr'><strong>casu,</strong></span> <span class='ocrx_word' id='word_1_92' title='bbox 916 1120 1018 1172; x_wconf 90' lang='lat' dir='ltr'><strong>aut</strong></span> <span class='ocrx_word' id='word_1_93' title='bbox 1047 1116 1312 1188; x_wconf 89' lang='lat' dir='ltr'><strong>qualibet</strong></span> <span class='ocrx_word' id='word_1_94' title='bbox 1351 1116 1502 1172; x_wconf 87' lang='lat' dir='ltr'><strong>ﬁunt</strong></span> <span class='ocrx_word' id='word_1_95' title='bbox 1554 1116 1890 1189; x_wconf 85' lang='lat' dir='ltr'><strong>tragilitate.</strong></span> <span class='ocrx_word' id='word_1_96' title='bbox 1940 1120 2018 1171; x_wconf 88' lang='lat' dir='ltr'><strong>Ea</strong></span> 
     </span>
    </p>
   </div>
   <div class='ocr_carea' id='block_1_17' title="bbox 354 1203 2016 1279">
    <p class='ocr_par' dir='ltr' id='par_1_17' title="bbox 354 1203 2016 1279">
     <span class='ocr_line' id='line_1_17' title="bbox 354 1203 2016 1279; baseline -0.003 -15"><span class='ocrx_word' id='word_1_97' title='bbox 354 1224 491 1265; x_wconf 90' lang='lat' dir='ltr'><strong>vero</strong></span> <span class='ocrx_word' id='word_1_98' title='bbox 515 1223 641 1279; x_wconf 75' lang='lat' dir='ltr'><strong>quae</strong></span> <span class='ocrx_word' id='word_1_99' title='bbox 654 1222 723 1261; x_wconf 87' lang='lat' dir='ltr'><strong>ex</strong></span> <span class='ocrx_word' id='word_1_100' title='bbox 742 1205 839 1260; x_wconf 92' lang='lat' dir='ltr'><strong>ind</strong></span> <span class='ocrx_word' id='word_1_101' title='bbox 853 1205 1036 1261; x_wconf 88' lang='lat' dir='ltr'><strong>ustria</strong></span> <span class='ocrx_word' id='word_1_102' title='bbox 1048 1206 1120 1261; x_wconf 88' lang='lat' dir='ltr'><strong>ad</strong></span> <span class='ocrx_word' id='word_1_103' title='bbox 1134 1206 1226 1277; x_wconf 90' lang='lat' dir='ltr'><strong>cuj</strong></span> <span class='ocrx_word' id='word_1_104' title='bbox 1238 1205 1499 1261; x_wconf 91' lang='lat' dir='ltr'><strong>uslibetli</strong></span> <span class='ocrx_word' id='word_1_105' title='bbox 1510 1205 1766 1261; x_wconf 91' lang='lat' dir='ltr'><strong>bidinem</strong></span> <span class='ocrx_word' id='word_1_106' title='bbox 1783 1203 2016 1276; x_wconf 84' lang='lat' dir='ltr'><strong>explen-</strong></span> 
     </span>
    </p>
   </div>
   <div class='ocr_carea' id='block_1_18' title="bbox 353 1293 2011 1366">
    <p class='ocr_par' dir='ltr' id='par_1_18' title="bbox 353 1293 2011 1366">
     <span class='ocr_line' id='line_1_18' title="bbox 353 1293 2011 1366; baseline -0.002 -15"><span class='ocrx_word' id='word_1_107' title='bbox 353 1296 491 1351; x_wconf 88' lang='lat' dir='ltr'><strong>dam</strong></span> <span class='ocrx_word' id='word_1_108' title='bbox 523 1295 740 1351; x_wconf 90' lang='lat' dir='ltr'><strong>idcirco</strong></span> <span class='ocrx_word' id='word_1_109' title='bbox 772 1294 942 1359; x_wconf 89' lang='lat' dir='ltr'><strong>ﬁunt,</strong></span> <span class='ocrx_word' id='word_1_110' title='bbox 974 1299 1042 1350; x_wconf 89' lang='lat' dir='ltr'><strong>ut</strong></span> <span class='ocrx_word' id='word_1_111' title='bbox 1070 1293 1458 1366; x_wconf 83' lang='lat' dir='ltr'><strong>eleemosynis</strong></span> <span class='ocrx_word' id='word_1_112' title='bbox 1491 1294 1881 1359; x_wconf 83' lang='lat' dir='ltr'><strong>redimantur,</strong></span> <span class='ocrx_word' id='word_1_113' title='bbox 1914 1308 2011 1347; x_wconf 91' lang='lat' dir='ltr'><strong>ne-</strong></span> 
     </span>
    </p>
   </div>
   <div class='ocr_carea' id='block_1_19' title="bbox 351 1382 2012 1457">
    <p class='ocr_par' dir='ltr' id='par_1_19' title="bbox 351 1382 2012 1457">
     <span class='ocr_line' id='line_1_19' title="bbox 351 1382 2012 1457; baseline -0.001 -17"><span class='ocrx_word' id='word_1_114' title='bbox 351 1400 650 1457; x_wconf 83' lang='lat' dir='ltr'><strong>quaquam</strong></span> <span class='ocrx_word' id='word_1_115' title='bbox 682 1383 767 1439; x_wconf 88' lang='lat' dir='ltr'><strong>eis</strong></span> <span class='ocrx_word' id='word_1_116' title='bbox 800 1383 1008 1438; x_wconf 85' lang='lat' dir='ltr'><strong>redimi</strong></span> <span class='ocrx_word' id='word_1_117' title='bbox 1043 1387 1314 1454; x_wconf 88' lang='lat' dir='ltr'><strong>possunt,</strong></span> <span class='ocrx_word' id='word_1_118' title='bbox 1348 1382 1489 1454; x_wconf 85' lang='lat' dir='ltr'><strong>quia</strong></span> <span class='ocrx_word' id='word_1_119' title='bbox 1521 1382 1623 1454; x_wconf 91' lang='lat' dir='ltr'><strong>qui</strong></span> <span class='ocrx_word' id='word_1_120' title='bbox 1652 1382 1764 1437; x_wconf 90' lang='lat' dir='ltr'><strong>hoc</strong></span> <span class='ocrx_word' id='word_1_121' title='bbox 1808 1397 2012 1454; x_wconf 90' lang='lat' dir='ltr'><strong>perpe-</strong></span> 
     </span>
    </p>
   </div>
   <div class='ocr_carea' id='block_1_20' title="bbox 345 1471 2013 1542">
    <p class='ocr_par' dir='ltr' id='par_1_20' title="bbox 345 1471 2013 1542">
     <span class='ocr_line' id='line_1_20' title="bbox 345 1471 2013 1542; baseline -0.001 -14"><span class='ocrx_word' id='word_1_122' title='bbox 345 1477 533 1542; x_wconf 86' lang='lat' dir='ltr'><strong>trant,</strong></span> <span class='ocrx_word' id='word_1_123' title='bbox 562 1473 839 1528; x_wconf 88' lang='lat' dir='ltr'><strong>videntur</strong></span> <span class='ocrx_word' id='word_1_124' title='bbox 870 1473 1049 1527; x_wconf 91' lang='lat' dir='ltr'><strong>Deum</strong></span> <span class='ocrx_word' id='word_1_125' title='bbox 1110 1472 1380 1527; x_wconf 90' lang='lat' dir='ltr'><strong>mercede</strong></span> <span class='ocrx_word' id='word_1_126' title='bbox 1438 1473 1786 1540; x_wconf 87' lang='lat' dir='ltr'><strong>conducere,</strong></span> <span class='ocrx_word' id='word_1_127' title='bbox 1838 1475 1899 1525; x_wconf 91' lang='lat' dir='ltr'><strong>ut</strong></span> <span class='ocrx_word' id='word_1_128' title='bbox 1928 1471 2013 1526; x_wconf 90' lang='lat' dir='ltr'><strong>eis</strong></span> 
     </span>
    </p>
   </div>
   <div class='ocr_carea' id='block_1_21' title="bbox 346 1558 2007 1633">
    <p class='ocr_par' dir='ltr' id='par_1_21' title="bbox 346 1558 2007 1633">
     <span class='ocr_line' id='line_1_21' title="bbox 346 1558 2007 1633; baseline -0.002 -17"><span class='ocrx_word' id='word_1_129' title='bbox 346 1561 591 1633; x_wconf 90' lang='lat' dir='ltr'><strong>impune</strong></span> <span class='ocrx_word' id='word_1_130' title='bbox 622 1577 862 1633; x_wconf 86' lang='lat' dir='ltr'><strong>peccare</strong></span> <span class='ocrx_word' id='word_1_131' title='bbox 891 1559 1084 1614; x_wconf 89' lang='lat' dir='ltr'><strong>liceat.</strong></span> <span class='ocrx_word' id='word_1_132' title='bbox 1118 1559 1245 1616; x_wconf 87' lang='lat' dir='ltr'><strong>Non</strong></span> <span class='ocrx_word' id='word_1_133' title='bbox 1278 1576 1416 1631; x_wconf 85' lang='lat' dir='ltr'><strong>ergo</strong></span> <span class='ocrx_word' id='word_1_134' title='bbox 1446 1558 1581 1632; x_wconf 85' lang='lat' dir='ltr'><strong>quis</strong></span> <span class='ocrx_word' id='word_1_135' title='bbox 1603 1560 1823 1615; x_wconf 90' lang='lat' dir='ltr'><strong>idcirco</strong></span> <span class='ocrx_word' id='word_1_136' title='bbox 1872 1574 2007 1631; x_wconf 89' lang='lat' dir='ltr'><strong>pec-</strong></span> 
     </span>
    </p>
   </div>
   <div class='ocr_carea' id='block_1_22' title="bbox 346 1647 2005 1721">
    <p class='ocr_par' dir='ltr' id='par_1_22' title="bbox 346 1647 2005 1721">
     <span class='ocr_line' id='line_1_22' title="bbox 346 1647 2005 1721; baseline -0.002 -16"><span class='ocrx_word' id='word_1_137' title='bbox 346 1666 478 1705; x_wconf 86' lang='lat' dir='ltr'><strong>care</strong></span> <span class='ocrx_word' id='word_1_138' title='bbox 498 1651 689 1717; x_wconf 86' lang='lat' dir='ltr'><strong>debet,</strong></span> <span class='ocrx_word' id='word_1_139' title='bbox 715 1653 780 1704; x_wconf 90' lang='lat' dir='ltr'><strong>ut</strong></span> <span class='ocrx_word' id='word_1_140' title='bbox 799 1649 1231 1721; x_wconf 85' lang='lat' dir='ltr'><strong>eleemosynam</strong></span> <span class='ocrx_word' id='word_1_141' title='bbox 1259 1648 1453 1718; x_wconf 81' lang='lat' dir='ltr'><strong>faciat,</strong></span> <span class='ocrx_word' id='word_1_142' title='bbox 1478 1649 1579 1703; x_wconf 91' lang='lat' dir='ltr'><strong>sed</strong></span> <span class='ocrx_word' id='word_1_143' title='bbox 1603 1647 1734 1704; x_wconf 91' lang='lat' dir='ltr'><strong>ideo</strong></span> <span class='ocrx_word' id='word_1_144' title='bbox 1755 1648 2005 1703; x_wconf 88' lang='lat' dir='ltr'><strong>eleemo-</strong></span> 
     </span>
    </p>
   </div>
   <div class='ocr_carea' id='block_1_23' title="bbox 344 1735 2004 1812">
    <p class='ocr_par' dir='ltr' id='par_1_23' title="bbox 344 1735 2004 1812">
     <span class='ocr_line' id='line_1_23' title="bbox 344 1735 2004 1812; baseline -0.004 -17"><span class='ocrx_word' id='word_1_145' title='bbox 344 1756 550 1812; x_wconf 82' lang='lat' dir='ltr'><strong>synam</strong></span> <span class='ocrx_word' id='word_1_146' title='bbox 587 1740 775 1795; x_wconf 81' lang='lat' dir='ltr'><strong>facere</strong></span> <span class='ocrx_word' id='word_1_147' title='bbox 805 1738 996 1805; x_wconf 87' lang='lat' dir='ltr'><strong>debet,</strong></span> <span class='ocrx_word' id='word_1_148' title='bbox 1032 1737 1170 1809; x_wconf 88' lang='lat' dir='ltr'><strong>quia</strong></span> <span class='ocrx_word' id='word_1_149' title='bbox 1190 1737 1468 1809; x_wconf 87' lang='lat' dir='ltr'><strong>peccavit.</strong></span> <span class='ocrx_word' id='word_1_150' title='bbox 1494 1736 1742 1791; x_wconf 88' lang='lat' dir='ltr'><strong>Mentem</strong></span> <span class='ocrx_word' id='word_1_151' title='bbox 1768 1735 1923 1790; x_wconf 89' lang='lat' dir='ltr'><strong>enim</strong></span> <span class='ocrx_word' id='word_1_152' title='bbox 1946 1739 2004 1790; x_wconf 91' lang='lat' dir='ltr'><strong>et</strong></span> 
     </span>
    </p>
   </div>
   <div class='ocr_carea' id='block_1_24' title="bbox 346 1824 1995 1899">
    <p class='ocr_par' dir='ltr' id='par_1_24' title="bbox 346 1824 1995 1899">
     <span class='ocr_line' id='line_1_24' title="bbox 346 1824 1995 1899; baseline -0.004 -15"><span class='ocrx_word' id='word_1_153' title='bbox 346 1844 558 1897; x_wconf 90' lang='lat' dir='ltr'><strong>corpus</strong></span> <span class='ocrx_word' id='word_1_154' title='bbox 589 1844 717 1899; x_wconf 70' lang='lat' dir='ltr'><strong>quae</strong></span> <span class='ocrx_word' id='word_1_155' title='bbox 748 1826 933 1882; x_wconf 89' lang='lat' dir='ltr'><strong>libido</strong></span> <span class='ocrx_word' id='word_1_156' title='bbox 953 1825 1130 1881; x_wconf 82' lang='lat' dir='ltr'><strong>traxit</strong></span> <span class='ocrx_word' id='word_1_157' title='bbox 1151 1827 1223 1880; x_wconf 90' lang='lat' dir='ltr'><strong>ad</strong></span> <span class='ocrx_word' id='word_1_158' title='bbox 1248 1825 1504 1897; x_wconf 87' lang='lat' dir='ltr'><strong>culpam,</strong></span> <span class='ocrx_word' id='word_1_159' title='bbox 1526 1824 1763 1881; x_wconf 86' lang='lat' dir='ltr'><strong>afﬂictio</strong></span> <span class='ocrx_word' id='word_1_160' title='bbox 1783 1829 1839 1879; x_wconf 90' lang='lat' dir='ltr'><strong>et</strong></span> <span class='ocrx_word' id='word_1_161' title='bbox 1860 1840 1995 1880; x_wconf 90' lang='lat' dir='ltr'><strong>con-</strong></span> 
     </span>
    </p>
   </div>
   <div class='ocr_carea' id='block_1_25' title="bbox 344 1915 1406 1973">
    <p class='ocr_par' dir='ltr' id='par_1_25' title="bbox 344 1915 1406 1973">
     <span class='ocr_line' id='line_1_25' title="bbox 344 1915 1406 1973; baseline -0.004 -1"><span class='ocrx_word' id='word_1_162' title='bbox 344 1916 508 1973; x_wconf 87' lang='lat' dir='ltr'><strong>tritio</strong></span> <span class='ocrx_word' id='word_1_163' title='bbox 540 1916 712 1971; x_wconf 88' lang='lat' dir='ltr'><strong>debet</strong></span> <span class='ocrx_word' id='word_1_164' title='bbox 742 1916 1021 1970; x_wconf 88' lang='lat' dir='ltr'><strong>reducere</strong></span> <span class='ocrx_word' id='word_1_165' title='bbox 1053 1915 1123 1969; x_wconf 90' lang='lat' dir='ltr'><strong>ad</strong></span> <span class='ocrx_word' id='word_1_166' title='bbox 1159 1915 1406 1969; x_wconf 89' lang='lat' dir='ltr'><strong>veniam.</strong></span> 
     </span>
    </p>
   </div>
   <div class='ocr_carea' id='block_1_26' title="bbox 347 2019 1999 2092">
    <p class='ocr_par' dir='ltr' id='par_1_26' title="bbox 347 2019 1999 2092">
     <span class='ocr_line' id='line_1_26' title="bbox 347 2019 1999 2092; baseline -0.003 -14"><span class='ocrx_word' id='word_1_167' title='bbox 347 2022 484 2078; x_wconf 78' lang='lat' dir='ltr'><strong>CAP.</strong></span> <span class='ocrx_word' id='word_1_168' title='bbox 516 2023 607 2077; x_wconf 86' lang='grc'><strong>71.</strong></span> <span class='ocrx_word' id='word_1_169' title='bbox 638 2053 709 2061; x_wconf 91' lang='grc'><strong>-</strong></span> <span class='ocrx_word' id='word_1_170' title='bbox 737 2022 811 2076; x_wconf 90' lang='lat' dir='ltr'><strong>De</strong></span> <span class='ocrx_word' id='word_1_171' title='bbox 831 2020 918 2076; x_wconf 86' lang='lat' dir='ltr'><strong>his</strong></span> <span class='ocrx_word' id='word_1_172' title='bbox 947 2024 1043 2092; x_wconf 88' lang='lat' dir='ltr'><strong>qui</strong></span> <span class='ocrx_word' id='word_1_173' title='bbox 1070 2023 1290 2091; x_wconf 86' lang='lat' dir='ltr'><strong>peracta</strong></span> <span class='ocrx_word' id='word_1_174' title='bbox 1316 2020 1646 2091; x_wconf 67' lang='lat' dir='ltr'><strong>paenitentia</strong></span> <span class='ocrx_word' id='word_1_175' title='bbox 1669 2020 1738 2075; x_wconf 88' lang='lat' dir='ltr'><strong>ad</strong></span> <span class='ocrx_word' id='word_1_176' title='bbox 1759 2019 1999 2091; x_wconf 84' lang='lat' dir='ltr'><strong>pristina</strong></span> 
     </span>
    </p>
   </div>
   <div class='ocr_carea' id='block_1_27' title="bbox 417 2092 1995 2164">
    <p class='ocr_par' dir='ltr' id='par_1_27' title="bbox 417 2092 1995 2164">
     <span class='ocr_line' id='line_1_27' title="bbox 417 2092 1995 2164; baseline -0.001 -16"><span class='ocrx_word' id='word_1_177' title='bbox 417 2093 648 2149; x_wconf 85' lang='lat' dir='ltr'><strong>redeunt</strong></span> <span class='ocrx_word' id='word_1_178' title='bbox 670 2093 976 2148; x_wconf 86' lang='lat' dir='ltr'><strong>volutabra.</strong></span> <span class='ocrx_word' id='word_1_179' title='bbox 1009 2095 1091 2147; x_wconf 78' lang='lat' dir='ltr'><strong>Ea:</strong></span> <span class='ocrx_word' id='word_1_180' title='bbox 1119 2092 1348 2148; x_wconf 79' lang='lat' dir='ltr'><strong>decretis</strong></span> <span class='ocrx_word' id='word_1_181' title='bbox 1402 2092 1597 2148; x_wconf 85' lang='lat' dir='ltr'><strong>Siricii</strong></span> <span class='ocrx_word' id='word_1_182' title='bbox 1638 2106 1819 2164; x_wconf 69' lang='lat' dir='ltr'><strong>papae,</strong></span> <span class='ocrx_word' id='word_1_183' title='bbox 1874 2107 1995 2162; x_wconf 86' lang='lat' dir='ltr'><strong>cap.</strong></span> 
     </span>
    </p>
   </div>
   <div class='ocr_carea' id='block_1_28' title="bbox 413 2164 1443 2236">
    <p class='ocr_par' dir='ltr' id='par_1_28' title="bbox 413 2164 1443 2236">
     <span class='ocr_line' id='line_1_28' title="bbox 413 2164 1443 2236; baseline -0.002 -16"><span class='ocrx_word' id='word_1_184' title='bbox 413 2167 480 2220; x_wconf 88' lang='grc'><strong>10</strong></span> <span class='ocrx_word' id='word_1_185' title='bbox 513 2166 617 2236; x_wconf 89' lang='lat' dir='ltr'><strong>(ep.</strong></span> <span class='ocrx_word' id='word_1_186' title='bbox 653 2166 677 2219; x_wconf 92' lang='grc'><strong>1</strong></span> <span class='ocrx_word' id='word_1_187' title='bbox 712 2166 785 2220; x_wconf 85' lang='lat' dir='ltr'><strong>ad</strong></span> <span class='ocrx_word' id='word_1_188' title='bbox 808 2164 1138 2231; x_wconf 78' lang='lat' dir='ltr'><strong>Himerium,</strong></span> <span class='ocrx_word' id='word_1_189' title='bbox 1170 2180 1256 2233; x_wconf 90' lang='lat' dir='ltr'><strong>ep.</strong></span> <span class='ocrx_word' id='word_1_190' title='bbox 1288 2180 1334 2220; x_wconf 80' lang='grc' dir='ltr'><strong>ο.</strong></span> <span class='ocrx_word' id='word_1_191' title='bbox 1366 2164 1443 2231; x_wconf 86' lang='grc'><strong>5).</strong></span> 
     </span>
    </p>
   </div>
   <div class='ocr_carea' id='block_1_29' title="bbox 411 2260 1994 2334">
    <p class='ocr_par' dir='ltr' id='par_1_29' title="bbox 411 2260 1994 2334">
     <span class='ocr_line' id='line_1_29' title="bbox 411 2260 1994 2334; baseline -0.003 -16"><span class='ocrx_word' id='word_1_192' title='bbox 411 2264 523 2333; x_wconf 89' lang='grc'><strong>(33,</strong></span> <span class='ocrx_word' id='word_1_193' title='bbox 555 2280 605 2334; x_wconf 90' lang='lat' dir='ltr'><strong>q.</strong></span> <span class='ocrx_word' id='word_1_194' title='bbox 628 2262 685 2333; x_wconf 90' lang='lat'><strong>2,</strong></span> <span class='ocrx_word' id='word_1_195' title='bbox 714 2278 763 2318; x_wconf 92' lang='lat' dir='ltr'><strong>c.</strong></span> <span class='ocrx_word' id='word_1_196' title='bbox 795 2263 869 2317; x_wconf 88' lang='lat' dir='ltr'><strong>De</strong></span> <span class='ocrx_word' id='word_1_197' title='bbox 899 2261 986 2316; x_wconf 87' lang='lat' dir='ltr'><strong>his</strong></span> <span class='ocrx_word' id='word_1_198' title='bbox 1017 2261 1186 2332; x_wconf 83' lang='lat' dir='ltr'><strong>vero.)</strong></span> <span class='ocrx_word' id='word_1_199' title='bbox 1223 2262 1298 2316; x_wconf 90' lang='lat' dir='ltr'><strong>De</strong></span> <span class='ocrx_word' id='word_1_200' title='bbox 1328 2260 1423 2315; x_wconf 90' lang='lat' dir='ltr'><strong>his</strong></span> <span class='ocrx_word' id='word_1_201' title='bbox 1452 2276 1585 2316; x_wconf 88' lang='lat' dir='ltr'><strong>vero</strong></span> <span class='ocrx_word' id='word_1_202' title='bbox 1634 2277 1750 2315; x_wconf 90' lang='lat' dir='ltr'><strong>non</strong></span> <span class='ocrx_word' id='word_1_203' title='bbox 1791 2260 1994 2315; x_wconf 90' lang='lat' dir='ltr'><strong>incon-</strong></span> 
     </span>
    </p>
   </div>
   <div class='ocr_carea' id='block_1_30' title="bbox 335 2348 1993 2424">
    <p class='ocr_par' dir='ltr' id='par_1_30' title="bbox 335 2348 1993 2424">
     <span class='ocr_line' id='line_1_30' title="bbox 335 2348 1993 2424; baseline -0.001 -20"><span class='ocrx_word' id='word_1_204' title='bbox 335 2367 478 2424; x_wconf 87' lang='lat' dir='ltr'><strong>grue</strong></span> <span class='ocrx_word' id='word_1_205' title='bbox 499 2351 735 2406; x_wconf 83' lang='lat' dir='ltr'><strong>dilectio</strong></span> <span class='ocrx_word' id='word_1_206' title='bbox 756 2356 856 2405; x_wconf 91' lang='lat' dir='ltr'><strong>tua</strong></span> <span class='ocrx_word' id='word_1_207' title='bbox 878 2350 1256 2419; x_wconf 85' lang='lat' dir='ltr'><strong>apostolicam</strong></span> <span class='ocrx_word' id='word_1_208' title='bbox 1281 2350 1479 2405; x_wconf 90' lang='lat' dir='ltr'><strong>sedem</strong></span> <span class='ocrx_word' id='word_1_209' title='bbox 1503 2348 1751 2404; x_wconf 90' lang='lat' dir='ltr'><strong>credidit</strong></span> <span class='ocrx_word' id='word_1_210' title='bbox 1781 2365 1993 2404; x_wconf 88' lang='lat' dir='ltr'><strong>consu-</strong></span> 
     </span>
    </p>
   </div>
   <div class='ocr_carea' id='block_1_31' title="bbox 333 2438 1993 2510">
    <p class='ocr_par' dir='ltr' id='par_1_31' title="bbox 333 2438 1993 2510">
     <span class='ocr_line' id='line_1_31' title="bbox 333 2438 1993 2510; baseline -0.001 -16"><span class='ocrx_word' id='word_1_211' title='bbox 333 2439 593 2508; x_wconf 88' lang='lat' dir='ltr'><strong>lendam,</strong></span> <span class='ocrx_word' id='word_1_212' title='bbox 622 2438 744 2510; x_wconf 89' lang='lat' dir='ltr'><strong>qui,</strong></span> <span class='ocrx_word' id='word_1_213' title='bbox 769 2444 897 2494; x_wconf 87' lang='lat' dir='ltr'><strong>acta</strong></span> <span class='ocrx_word' id='word_1_214' title='bbox 912 2439 1269 2509; x_wconf 70' lang='lat' dir='ltr'><strong>poenitentia,</strong></span> <span class='ocrx_word' id='word_1_215' title='bbox 1284 2442 1568 2508; x_wconf 85' lang='lat' dir='ltr'><strong>tanquam</strong></span> <span class='ocrx_word' id='word_1_216' title='bbox 1589 2454 1761 2493; x_wconf 90' lang='lat' dir='ltr'><strong>canes</strong></span> <span class='ocrx_word' id='word_1_217' title='bbox 1777 2454 1841 2492; x_wconf 90' lang='lat' dir='ltr'><strong>ac</strong></span> <span class='ocrx_word' id='word_1_218' title='bbox 1856 2454 1993 2493; x_wconf 86' lang='lat' dir='ltr'><strong>sues</strong></span> 
     </span>
    </p>
   </div>
   <div class='ocr_carea' id='block_1_32' title="bbox 335 2528 1992 2602">
    <p class='ocr_par' dir='ltr' id='par_1_32' title="bbox 335 2528 1992 2602">
     <span class='ocr_line' id='line_1_32' title="bbox 335 2528 1992 2602; baseline -0.001 -17"><span class='ocrx_word' id='word_1_219' title='bbox 335 2530 408 2585; x_wconf 92' lang='lat' dir='ltr'><strong>ad</strong></span> <span class='ocrx_word' id='word_1_220' title='bbox 445 2530 697 2586; x_wconf 91' lang='lat' dir='ltr'><strong>vomitus</strong></span> <span class='ocrx_word' id='word_1_221' title='bbox 748 2529 1033 2602; x_wconf 89' lang='lat' dir='ltr'><strong>pristinos</strong></span> <span class='ocrx_word' id='word_1_222' title='bbox 1082 2533 1139 2585; x_wconf 90' lang='lat' dir='ltr'><strong>et</strong></span> <span class='ocrx_word' id='word_1_223' title='bbox 1195 2529 1268 2584; x_wconf 90' lang='lat' dir='ltr'><strong>ad</strong></span> <span class='ocrx_word' id='word_1_224' title='bbox 1319 2528 1625 2584; x_wconf 84' lang='lat' dir='ltr'><strong>volutabra</strong></span> <span class='ocrx_word' id='word_1_225' title='bbox 1674 2530 1992 2585; x_wconf 85' lang='lat' dir='ltr'><strong>redeuntes</strong></span> 
     </span>
    </p>
   </div>
   <div class='ocr_carea' id='block_1_33' title="bbox 333 2616 1992 2690">
    <p class='ocr_par' dir='ltr' id='par_1_33' title="bbox 333 2616 1992 2690">
     <span class='ocr_line' id='line_1_33' title="bbox 333 2616 1992 2690; baseline -0.002 -15"><span class='ocrx_word' id='word_1_226' title='bbox 333 2621 524 2690; x_wconf 87' lang='lat' dir='ltr'><strong>(Prov.</strong></span> <span class='ocrx_word' id='word_1_227' title='bbox 557 2636 726 2688; x_wconf 79' lang='lat' dir='ltr'><strong>xxvr;</strong></span> <span class='ocrx_word' id='word_1_228' title='bbox 767 2621 818 2675; x_wconf 87' lang='grc' dir='ltr'><strong>ΙΙ</strong></span> <span class='ocrx_word' id='word_1_229' title='bbox 844 2620 990 2676; x_wconf 86' lang='lat' dir='ltr'><strong>Petr.</strong></span> <span class='ocrx_word' id='word_1_230' title='bbox 1043 2619 1132 2689; x_wconf 83' lang='grc' dir='ltr'>ιι),</span> <span class='ocrx_word' id='word_1_231' title='bbox 1177 2622 1234 2673; x_wconf 91' lang='lat' dir='ltr'><strong>et</strong></span> <span class='ocrx_word' id='word_1_232' title='bbox 1280 2616 1503 2672; x_wconf 65' lang='lat' dir='ltr'><strong>militiae</strong></span> <span class='ocrx_word' id='word_1_233' title='bbox 1563 2617 1887 2689; x_wconf 86' lang='lat' dir='ltr'><strong>cingulum,</strong></span> <span class='ocrx_word' id='word_1_234' title='bbox 1935 2623 1992 2672; x_wconf 91' lang='lat' dir='ltr'><strong>et</strong></span> 
     </span>
    </p>
   </div>
   <div class='ocr_carea' id='block_1_34' title="bbox 331 2705 1989 2780">
    <p class='ocr_par' dir='ltr' id='par_1_34' title="bbox 331 2705 1989 2780">
     <span class='ocr_line' id='line_1_34' title="bbox 331 2705 1989 2780; baseline -0.001 -18"><span class='ocrx_word' id='word_1_235' title='bbox 331 2707 592 2763; x_wconf 84' lang='lat' dir='ltr'><strong>ludicras</strong></span> <span class='ocrx_word' id='word_1_236' title='bbox 625 2706 975 2780; x_wconf 89' lang='lat' dir='ltr'><strong>voluptates,</strong></span> <span class='ocrx_word' id='word_1_237' title='bbox 1008 2714 1059 2762; x_wconf 90' lang='lat' dir='ltr'><strong>et</strong></span> <span class='ocrx_word' id='word_1_238' title='bbox 1088 2723 1239 2761; x_wconf 91' lang='lat' dir='ltr'><strong>nova</strong></span> <span class='ocrx_word' id='word_1_239' title='bbox 1270 2706 1566 2779; x_wconf 78' lang='lat' dir='ltr'><strong>conjugis,</strong></span> <span class='ocrx_word' id='word_1_240' title='bbox 1601 2711 1657 2761; x_wconf 90' lang='lat' dir='ltr'><strong>et</strong></span> <span class='ocrx_word' id='word_1_241' title='bbox 1704 2705 1989 2760; x_wconf 89' lang='lat' dir='ltr'><strong>inbibitos</strong></span> 
     </span>
    </p>
   </div>
   <div class='ocr_carea' id='block_1_35' title="bbox 333 2794 1987 2867">
    <p class='ocr_par' dir='ltr' id='par_1_35' title="bbox 333 2794 1987 2867">
     <span class='ocr_line' id='line_1_35' title="bbox 333 2794 1987 2867; baseline -0.001 -17"><span class='ocrx_word' id='word_1_242' title='bbox 333 2796 526 2851; x_wconf 90' lang='lat' dir='ltr'><strong>denuo</strong></span> <span class='ocrx_word' id='word_1_243' title='bbox 559 2797 854 2867; x_wconf 71' lang='lat' dir='ltr'><strong>oppetiere</strong></span> <span class='ocrx_word' id='word_1_244' title='bbox 884 2795 1255 2865; x_wconf 88' lang='lat' dir='ltr'><strong>concubitus,</strong></span> <span class='ocrx_word' id='word_1_245' title='bbox 1279 2811 1529 2865; x_wconf 92' lang='lat' dir='ltr'><strong>quorum</strong></span> <span class='ocrx_word' id='word_1_246' title='bbox 1556 2795 1881 2864; x_wconf 75' lang='lat' dir='ltr'><strong>professum</strong></span> <span class='ocrx_word' id='word_1_247' title='bbox 1903 2794 1987 2848; x_wconf 90' lang='lat' dir='ltr'><strong>in-</strong></span> 
     </span>
    </p>
   </div>
   <div class='ocr_carea' id='block_1_36' title="bbox 334 2881 1987 2956">
    <p class='ocr_par' dir='ltr' id='par_1_36' title="bbox 334 2881 1987 2956">
     <span class='ocr_line' id='line_1_36' title="bbox 334 2881 1987 2956; baseline -0.001 -18"><span class='ocrx_word' id='word_1_248' title='bbox 334 2884 752 2939; x_wconf 86' lang='lat' dir='ltr'><strong>continentiam</strong></span> <span class='ocrx_word' id='word_1_249' title='bbox 778 2884 1040 2956; x_wconf 82' lang='lat' dir='ltr'><strong>generati</strong></span> <span class='ocrx_word' id='word_1_250' title='bbox 1058 2890 1191 2955; x_wconf 89' lang='lat' dir='ltr'><strong>post</strong></span> <span class='ocrx_word' id='word_1_251' title='bbox 1213 2884 1641 2939; x_wconf 91' lang='lat' dir='ltr'><strong>absolutionem</strong></span> <span class='ocrx_word' id='word_1_252' title='bbox 1661 2881 1763 2937; x_wconf 85' lang='lat' dir='ltr'><strong>ﬁlii</strong></span> <span class='ocrx_word' id='word_1_253' title='bbox 1789 2882 1987 2954; x_wconf 88' lang='lat' dir='ltr'><strong>prodi-</strong></span> 
     </span>
    </p>
   </div>
   <div class='ocr_carea' id='block_1_37' title="bbox 332 2970 1987 3044">
    <p class='ocr_par' dir='ltr' id='par_1_37' title="bbox 332 2970 1987 3044">
     <span class='ocr_line' id='line_1_37' title="bbox 332 2970 1987 3044; baseline -0.002 -15"><span class='ocrx_word' id='word_1_254' title='bbox 332 2974 567 3029; x_wconf 89' lang='lat' dir='ltr'><strong>derunt.</strong></span> <span class='ocrx_word' id='word_1_255' title='bbox 604 2978 682 3028; x_wconf 84' lang='lat' dir='ltr'><strong>De</strong></span> <span class='ocrx_word' id='word_1_256' title='bbox 713 2973 932 3044; x_wconf 90' lang='lat' dir='ltr'><strong>quibus</strong></span> <span class='ocrx_word' id='word_1_257' title='bbox 963 2972 1247 3043; x_wconf 87' lang='lat' dir='ltr'><strong>quiajam</strong></span> <span class='ocrx_word' id='word_1_258' title='bbox 1280 2971 1603 3043; x_wconf 72' lang='lat' dir='ltr'><strong>suffugium</strong></span> <span class='ocrx_word' id='word_1_259' title='bbox 1630 2988 1744 3026; x_wconf 91' lang='lat' dir='ltr'><strong>non</strong></span> <span class='ocrx_word' id='word_1_260' title='bbox 1767 2970 1987 3026; x_wconf 89' lang='lat' dir='ltr'><strong>habent</strong></span> 
     </span>
    </p>
   </div>
   <div class='ocr_carea' id='block_1_38' title="bbox 328 3060 1985 3134">
    <p class='ocr_par' dir='ltr' id='par_1_38' title="bbox 328 3060 1985 3134">
     <span class='ocr_line' id='line_1_38' title="bbox 328 3060 1985 3134; baseline -0.002 -16"><span class='ocrx_word' id='word_1_261' title='bbox 328 3063 674 3134; x_wconf 81' lang='lat' dir='ltr'><strong>pcenitendi,</strong></span> <span class='ocrx_word' id='word_1_262' title='bbox 702 3062 760 3116; x_wconf 92' lang='lat' dir='ltr'><strong>id</strong></span> <span class='ocrx_word' id='word_1_263' title='bbox 793 3061 1068 3116; x_wconf 86' lang='lat' dir='ltr'><strong>duximus</strong></span> <span class='ocrx_word' id='word_1_264' title='bbox 1099 3060 1559 3129; x_wconf 84' lang='lat' dir='ltr'><strong>decernendum,</strong></span> <span class='ocrx_word' id='word_1_265' title='bbox 1586 3065 1651 3115; x_wconf 91' lang='lat' dir='ltr'><strong>ut</strong></span> <span class='ocrx_word' id='word_1_266' title='bbox 1682 3060 1806 3114; x_wconf 90' lang='lat' dir='ltr'><strong>sola</strong></span> <span class='ocrx_word' id='word_1_267' title='bbox 1830 3060 1985 3115; x_wconf 89' lang='lat' dir='ltr'><strong>intra</strong></span> 
     </span>
    </p>
   </div>
   <div class='ocr_carea' id='block_1_39' title="bbox 327 3148 2056 3221">
    <p class='ocr_par' dir='ltr' id='par_1_39' title="bbox 327 3148 2056 3221">
     <span class='ocr_line' id='line_1_39' title="bbox 327 3148 2056 3221; baseline -0.001 -17"><span class='ocrx_word' id='word_1_268' title='bbox 327 3149 647 3206; x_wconf 85' lang='lat' dir='ltr'><strong>Ecclesiam</strong></span> <span class='ocrx_word' id='word_1_269' title='bbox 684 3149 954 3203; x_wconf 81' lang='lat' dir='ltr'><strong>ﬁdelibus</strong></span> <span class='ocrx_word' id='word_1_270' title='bbox 987 3148 1247 3203; x_wconf 91' lang='lat' dir='ltr'><strong>oratione</strong></span> <span class='ocrx_word' id='word_1_271' title='bbox 1272 3148 1621 3217; x_wconf 80' lang='lat' dir='ltr'><strong>jungantur.</strong></span> <span class='ocrx_word' id='word_1_272' title='bbox 1649 3148 1838 3202; x_wconf 68' lang='lat' dir='ltr'><strong>Sacrae</strong></span> <span class='ocrx_word' id='word_1_273' title='bbox 1873 3148 1982 3203; x_wconf 89' lang='lat' dir='ltr'><strong>mi-</strong></span> <span class='ocrx_word' id='word_1_274' title='bbox 2013 3154 2056 3221; x_wconf 75' lang='grc' dir='ltr'>α</span> 
     </span>
    </p>
   </div>
   <div class='ocr_carea' id='block_1_40' title="bbox 325 3235 1978 3309">
    <p class='ocr_par' dir='ltr' id='par_1_40' title="bbox 325 3235 1978 3309">
     <span class='ocr_line' id='line_1_40' title="bbox 325 3235 1978 3309; baseline -0.002 -14"><span class='ocrx_word' id='word_1_275' title='bbox 325 3239 706 3295; x_wconf 89' lang='lat' dir='ltr'><strong>nisteriorum</strong></span> <span class='ocrx_word' id='word_1_276' title='bbox 738 3235 1059 3292; x_wconf 87' lang='lat' dir='ltr'><strong>celebritati</strong></span> <span class='ocrx_word' id='word_1_277' title='bbox 1098 3235 1387 3309; x_wconf 80' lang='lat' dir='ltr'><strong>(quamvis</strong></span> <span class='ocrx_word' id='word_1_278' title='bbox 1445 3253 1561 3292; x_wconf 89' lang='lat' dir='ltr'><strong>non</strong></span> <span class='ocrx_word' id='word_1_279' title='bbox 1618 3237 1978 3309; x_wconf 89' lang='lat' dir='ltr'><strong>mereantur)</strong></span> 
     </span>
    </p>
   </div>
   <div class='ocr_carea' id='block_1_41' title="bbox 321 3325 1978 3396">
    <p class='ocr_par' dir='ltr' id='par_1_41' title="bbox 321 3325 1978 3396">
     <span class='ocr_line' id='line_1_41' title="bbox 321 3325 1978 3396; baseline -0.002 -13"><span class='ocrx_word' id='word_1_280' title='bbox 321 3329 599 3384; x_wconf 89' lang='lat' dir='ltr'><strong>intersint</strong></span> <span class='ocrx_word' id='word_1_281' title='bbox 623 3345 684 3383; x_wconf 88' lang='lat' dir='ltr'><strong>:a</strong></span> <span class='ocrx_word' id='word_1_282' title='bbox 709 3326 1020 3382; x_wconf 73' lang='lat' dir='ltr'><strong>Dominicaa</strong></span> <span class='ocrx_word' id='word_1_283' title='bbox 1041 3332 1237 3381; x_wconf 88' lang='lat' dir='ltr'><strong>autem</strong></span> <span class='ocrx_word' id='word_1_284' title='bbox 1257 3342 1472 3381; x_wconf 70' lang='lat' dir='ltr'><strong>mensae</strong></span> <span class='ocrx_word' id='word_1_285' title='bbox 1491 3325 1753 3380; x_wconf 89' lang='lat' dir='ltr'><strong>convivio</strong></span> <span class='ocrx_word' id='word_1_286' title='bbox 1778 3341 1978 3396; x_wconf 63' lang='lat' dir='ltr'><strong>segreo</strong></span> 
     </span>
    </p>
   </div>
   <div class='ocr_carea' id='block_1_42' title="bbox 321 3414 1975 3489">
    <p class='ocr_par' dir='ltr' id='par_1_42' title="bbox 321 3414 1975 3489">
     <span class='ocr_line' id='line_1_42' title="bbox 321 3414 1975 3489; baseline -0.002 -17"><span class='ocrx_word' id='word_1_287' title='bbox 321 3420 558 3489; x_wconf 88' lang='lat' dir='ltr'><strong>gentur,</strong></span> <span class='ocrx_word' id='word_1_288' title='bbox 591 3420 657 3471; x_wconf 88' lang='lat' dir='ltr'><strong>ut</strong></span> <span class='ocrx_word' id='word_1_289' title='bbox 685 3416 794 3471; x_wconf 88' lang='lat' dir='ltr'><strong>hac</strong></span> <span class='ocrx_word' id='word_1_290' title='bbox 822 3414 1029 3471; x_wconf 88' lang='lat' dir='ltr'><strong>saltem</strong></span> <span class='ocrx_word' id='word_1_291' title='bbox 1064 3414 1428 3470; x_wconf 86' lang='lat' dir='ltr'><strong>districtione</strong></span> <span class='ocrx_word' id='word_1_292' title='bbox 1455 3414 1721 3479; x_wconf 91' lang='lat' dir='ltr'><strong>correcti,</strong></span> <span class='ocrx_word' id='word_1_293' title='bbox 1761 3419 1819 3469; x_wconf 91' lang='lat' dir='ltr'><strong>et</strong></span> <span class='ocrx_word' id='word_1_294' title='bbox 1864 3414 1975 3486; x_wconf 92' lang='lat' dir='ltr'><strong>ipsi</strong></span> 
     </span>
    </p>
   </div>
   <div class='ocr_carea' id='block_1_43' title="bbox 323 3504 1975 3577">
    <p class='ocr_par' dir='ltr' id='par_1_43' title="bbox 323 3504 1975 3577">
     <span class='ocr_line' id='line_1_43' title="bbox 323 3504 1975 3577; baseline -0.001 -16"><span class='ocrx_word' id='word_1_295' title='bbox 323 3523 434 3562; x_wconf 90' lang='lat' dir='ltr'><strong>sua</strong></span> <span class='ocrx_word' id='word_1_296' title='bbox 464 3511 659 3561; x_wconf 87' lang='lat' dir='ltr'><strong>errata</strong></span> <span class='ocrx_word' id='word_1_297' title='bbox 688 3507 998 3577; x_wconf 86' lang='lat' dir='ltr'><strong>castigent,</strong></span> <span class='ocrx_word' id='word_1_298' title='bbox 1030 3510 1087 3561; x_wconf 89' lang='lat' dir='ltr'><strong>et</strong></span> <span class='ocrx_word' id='word_1_299' title='bbox 1134 3505 1268 3561; x_wconf 90' lang='lat' dir='ltr'><strong>aliis</strong></span> <span class='ocrx_word' id='word_1_300' title='bbox 1319 3504 1652 3577; x_wconf 88' lang='lat' dir='ltr'><strong>exemplum</strong></span> <span class='ocrx_word' id='word_1_301' title='bbox 1695 3505 1975 3571; x_wconf 88' lang='lat' dir='ltr'><strong>tribuant,</strong></span> 
     </span>
    </p>
   </div>
   <div class='ocr_carea' id='block_1_44' title="bbox 323 3592 1973 3666">
    <p class='ocr_par' dir='ltr' id='par_1_44' title="bbox 323 3592 1973 3666">
     <span class='ocr_line' id='line_1_44' title="bbox 323 3592 1973 3666; baseline 0.002 -18"><span class='ocrx_word' id='word_1_302' title='bbox 323 3598 615 3664; x_wconf 87' lang='lat' dir='ltr'><strong>quatenus</strong></span> <span class='ocrx_word' id='word_1_303' title='bbox 645 3594 716 3649; x_wconf 90' lang='lat' dir='ltr'><strong>ab</strong></span> <span class='ocrx_word' id='word_1_304' title='bbox 748 3594 1037 3651; x_wconf 67' lang='lat' dir='ltr'><strong>obscoenis</strong></span> <span class='ocrx_word' id='word_1_305' title='bbox 1079 3594 1504 3666; x_wconf 88' lang='lat' dir='ltr'><strong>cupiditatibus</strong></span> <span class='ocrx_word' id='word_1_306' title='bbox 1562 3592 1973 3653; x_wconf 84' lang='lat' dir='ltr'><strong>relrahantur:</strong></span> 
     </span>
    </p>
   </div>
   <div class='ocr_carea' id='block_1_45' title="bbox 324 3681 1974 3755">
    <p class='ocr_par' dir='ltr' id='par_1_45' title="bbox 324 3681 1974 3755">
     <span class='ocr_line' id='line_1_45' title="bbox 324 3681 1974 3755; baseline 0.001 -18"><span class='ocrx_word' id='word_1_307' title='bbox 324 3681 541 3753; x_wconf 87' lang='lat' dir='ltr'><strong>quibus</strong></span> <span class='ocrx_word' id='word_1_308' title='bbox 572 3687 792 3748; x_wconf 90' lang='lat' dir='ltr'><strong>tamen,</strong></span> <span class='ocrx_word' id='word_1_309' title='bbox 821 3682 1101 3754; x_wconf 89' lang='lat' dir='ltr'><strong>quoniam</strong></span> <span class='ocrx_word' id='word_1_310' title='bbox 1133 3681 1354 3738; x_wconf 89' lang='lat' dir='ltr'><strong>carnali</strong></span> <span class='ocrx_word' id='word_1_311' title='bbox 1387 3682 1704 3755; x_wconf 83' lang='lat' dir='ltr'><strong>fragilitate</strong></span> <span class='ocrx_word' id='word_1_312' title='bbox 1750 3683 1974 3738; x_wconf 89' lang='lat' dir='ltr'><strong>cecide-</strong></span> 
     </span>
    </p>
   </div>
   <div class='ocr_carea' id='block_1_46' title="bbox 319 3771 1976 3841">
    <p class='ocr_par' dir='ltr' id='par_1_46' title="bbox 319 3771 1976 3841">
     <span class='ocr_line' id='line_1_46' title="bbox 319 3771 1976 3841; baseline -0.001 -14"><span class='ocrx_word' id='word_1_313' title='bbox 319 3776 481 3838; x_wconf 89' lang='lat' dir='ltr'><strong>runt,</strong></span> <span class='ocrx_word' id='word_1_314' title='bbox 513 3771 723 3827; x_wconf 87' lang='lat' dir='ltr'><strong>viatico</strong></span> <span class='ocrx_word' id='word_1_315' title='bbox 757 3787 1000 3826; x_wconf 88' lang='lat' dir='ltr'><strong>munere</strong></span> <span class='ocrx_word' id='word_1_316' title='bbox 1029 3787 1165 3827; x_wconf 91' lang='lat' dir='ltr'><strong>cum</strong></span> <span class='ocrx_word' id='word_1_317' title='bbox 1195 3771 1268 3826; x_wconf 92' lang='lat' dir='ltr'><strong>ad</strong></span> <span class='ocrx_word' id='word_1_318' title='bbox 1320 3771 1637 3826; x_wconf 89' lang='lat' dir='ltr'><strong>Dominum</strong></span> <span class='ocrx_word' id='word_1_319' title='bbox 1696 3772 1976 3841; x_wconf 77' lang='lat' dir='ltr'><strong>cmperint</strong></span> 
     </span>
    </p>
   </div>
   <div class='ocr_carea' id='block_1_47' title="bbox 318 3858 1970 3933">
    <p class='ocr_par' dir='ltr' id='par_1_47' title="bbox 318 3858 1970 3933">
     <span class='ocr_line' id='line_1_47' title="bbox 318 3858 1970 3933; baseline 0 -18"><span class='ocrx_word' id='word_1_320' title='bbox 318 3859 634 3933; x_wconf 84' lang='lat' dir='ltr'><strong>proﬁcisci,</strong></span> <span class='ocrx_word' id='word_1_321' title='bbox 654 3876 756 3932; x_wconf 91' lang='lat' dir='ltr'><strong>per</strong></span> <span class='ocrx_word' id='word_1_322' title='bbox 786 3860 1219 3915; x_wconf 88' lang='lat' dir='ltr'><strong>communionis</strong></span> <span class='ocrx_word' id='word_1_323' title='bbox 1250 3860 1503 3931; x_wconf 87' lang='lat' dir='ltr'><strong>gratiam</strong></span> <span class='ocrx_word' id='word_1_324' title='bbox 1535 3858 1811 3915; x_wconf 87' lang='lat' dir='ltr'><strong>volumus</strong></span> <span class='ocrx_word' id='word_1_325' title='bbox 1832 3863 1970 3915; x_wconf 90' lang='lat' dir='ltr'><strong>sub-</strong></span> 
     </span>
    </p>
   </div>
   <div class='ocr_carea' id='block_1_48' title="bbox 315 3946 1973 4020">
    <p class='ocr_par' dir='ltr' id='par_1_48' title="bbox 315 3946 1973 4020">
     <span class='ocr_line' id='line_1_48' title="bbox 315 3946 1973 4020; baseline -0.001 -15"><span class='ocrx_word' id='word_1_326' title='bbox 315 3949 523 4006; x_wconf 89' lang='lat' dir='ltr'><strong>veniri.</strong></span> <span class='ocrx_word' id='word_1_327' title='bbox 556 3951 740 4015; x_wconf 84' lang='lat' dir='ltr'><strong>Quam</strong></span> <span class='ocrx_word' id='word_1_328' title='bbox 765 3950 1013 4005; x_wconf 85' lang='lat' dir='ltr'><strong>formam</strong></span> <span class='ocrx_word' id='word_1_329' title='bbox 1029 3953 1087 4003; x_wconf 90' lang='lat' dir='ltr'><strong>et</strong></span> <span class='ocrx_word' id='word_1_330' title='bbox 1105 3948 1261 4003; x_wconf 87' lang='lat' dir='ltr'><strong>circa</strong></span> <span class='ocrx_word' id='word_1_331' title='bbox 1281 3946 1576 4017; x_wconf 86' lang='lat' dir='ltr'><strong>mulieres,</strong></span> <span class='ocrx_word' id='word_1_332' title='bbox 1606 3965 1731 4019; x_wconf 63' lang='lat' dir='ltr'><strong>quas</strong></span> <span class='ocrx_word' id='word_1_333' title='bbox 1756 3965 1816 4004; x_wconf 93' lang='lat' dir='ltr'><strong>se</strong></span> <span class='ocrx_word' id='word_1_334' title='bbox 1842 3953 1973 4020; x_wconf 89' lang='lat' dir='ltr'><strong>post</strong></span> 
     </span>
    </p>
   </div>
   <div class='ocr_carea' id='block_1_49' title="bbox 312 4034 1969 4112">
    <p class='ocr_par' dir='ltr' id='par_1_49' title="bbox 312 4034 1969 4112">
     <span class='ocr_line' id='line_1_49' title="bbox 312 4034 1969 4112; baseline -0.002 -17"><span class='ocrx_word' id='word_1_335' title='bbox 312 4038 720 4112; x_wconf 78' lang='lat' dir='ltr'><strong>pmnitentiam</strong></span> <span class='ocrx_word' id='word_1_336' title='bbox 750 4034 968 4094; x_wconf 83' lang='lat' dir='ltr'><strong>talibus</strong></span> <span class='ocrx_word' id='word_1_337' title='bbox 983 4036 1407 4110; x_wconf 90' lang='lat' dir='ltr'><strong>pollutionibus</strong></span> <span class='ocrx_word' id='word_1_338' title='bbox 1427 4036 1832 4107; x_wconf 85' lang='lat' dir='ltr'><strong>devinxerunt,</strong></span> <span class='ocrx_word' id='word_1_339' title='bbox 1848 4055 1969 4093; x_wconf 86' lang='lat' dir='ltr'><strong>ser-</strong></span> 
     </span>
    </p>
   </div>
   <div class='ocr_carea' id='block_1_50' title="bbox 309 4128 1088 4185">
    <p class='ocr_par' dir='ltr' id='par_1_50' title="bbox 309 4128 1088 4185">
     <span class='ocr_line' id='line_1_50' title="bbox 309 4128 1088 4185; baseline -0.001 -1"><span class='ocrx_word' id='word_1_340' title='bbox 309 4128 563 4185; x_wconf 85' lang='lat' dir='ltr'><strong>vandam</strong></span> <span class='ocrx_word' id='word_1_341' title='bbox 593 4142 721 4184; x_wconf 89' lang='lat' dir='ltr'><strong>esse</strong></span> <span class='ocrx_word' id='word_1_342' title='bbox 754 4142 1088 4184; x_wconf 80' lang='lat' dir='ltr'><strong>censemus.</strong></span> 
     </span>
    </p>
   </div>
   <div class='ocr_carea' id='block_1_51' title="bbox 307 4232 1968 4306">
    <p class='ocr_par' dir='ltr' id='par_1_51' title="bbox 307 4232 1968 4306">
     <span class='ocr_line' id='line_1_51' title="bbox 307 4232 1968 4306; baseline -0.002 -14"><span class='ocrx_word' id='word_1_343' title='bbox 307 4236 443 4292; x_wconf 77' lang='lat' dir='ltr'><strong>CAP.</strong></span> <span class='ocrx_word' id='word_1_344' title='bbox 476 4237 566 4290; x_wconf 86' lang='lat'><strong>72.</strong></span> <span class='ocrx_word' id='word_1_345' title='bbox 600 4266 670 4275; x_wconf 97' lang='lat'>—</span> <span class='ocrx_word' id='word_1_346' title='bbox 704 4239 783 4291; x_wconf 89' lang='lat' dir='ltr'><strong>De</strong></span> <span class='ocrx_word' id='word_1_347' title='bbox 806 4234 1101 4306; x_wconf 73' lang='lat' dir='ltr'><strong>paenitente</strong></span> <span class='ocrx_word' id='word_1_348' title='bbox 1128 4232 1359 4303; x_wconf 80' lang='lat' dir='ltr'><strong>femina,</strong></span> <span class='ocrx_word' id='word_1_349' title='bbox 1386 4249 1524 4306; x_wconf 64' lang='lat' dir='ltr'><strong>quae,</strong></span> <span class='ocrx_word' id='word_1_350' title='bbox 1557 4233 1816 4302; x_wconf 78' lang='lat' dir='ltr'><strong>defuncto</strong></span> <span class='ocrx_word' id='word_1_351' title='bbox 1848 4236 1968 4290; x_wconf 86' lang='lat' dir='ltr'><strong>viro</strong></span> 
     </span>
    </p>
   </div>
   <div class='ocr_carea' id='block_1_52' title="bbox 379 4304 1966 4378">
    <p class='ocr_par' dir='ltr' id='par_1_52' title="bbox 379 4304 1966 4378">
     <span class='ocr_line' id='line_1_52' title="bbox 379 4304 1966 4378; baseline 0 -17"><span class='ocrx_word' id='word_1_352' title='bbox 379 4306 487 4362; x_wconf 86' lang='lat' dir='ltr'><strong>alii</strong></span> <span class='ocrx_word' id='word_1_353' title='bbox 514 4307 720 4361; x_wconf 89' lang='lat' dir='ltr'><strong>nubere</strong></span> <span class='ocrx_word' id='word_1_354' title='bbox 740 4304 1170 4378; x_wconf 53' lang='lat' dir='ltr'><strong>priesumpserit.</strong></span> <span class='ocrx_word' id='word_1_355' title='bbox 1196 4306 1279 4361; x_wconf 74' lang='lat' dir='ltr'><strong>Ex</strong></span> <span class='ocrx_word' id='word_1_356' title='bbox 1298 4304 1531 4361; x_wconf 76' lang='lat' dir='ltr'><strong>concilio</strong></span> <span class='ocrx_word' id='word_1_357' title='bbox 1563 4323 1603 4359; x_wconf 93' lang='grc' dir='ltr'><strong>ιι</strong></span> <span class='ocrx_word' id='word_1_358' title='bbox 1633 4306 1966 4376; x_wconf 74' lang='lat' dir='ltr'><strong>Arelatensi,</strong></span> 
     </span>
    </p>
   </div>
   <div class='ocr_carea' id='block_1_53' title="bbox 377 4378 895 4449">
    <p class='ocr_par' dir='ltr' id='par_1_53' title="bbox 377 4378 895 4449">
     <span class='ocr_line' id='line_1_53' title="bbox 377 4378 895 4449; baseline -0.002 -15"><span class='ocrx_word' id='word_1_359' title='bbox 377 4395 499 4448; x_wconf 76' lang='lat' dir='ltr'><strong>cap.</strong></span> <span class='ocrx_word' id='word_1_360' title='bbox 536 4380 569 4432; x_wconf 85' lang='lat'><strong>3</strong></span> <span class='ocrx_word' id='word_1_361' title='bbox 593 4387 737 4449; x_wconf 80' lang='lat' dir='ltr'><strong>(cap.</strong></span> <span class='ocrx_word' id='word_1_362' title='bbox 780 4378 895 4449; x_wconf 86' lang='lat' dir='ltr'><strong>2t).</strong></span> 
     </span>
    </p>
   </div>
   <div class='ocr_carea' id='block_1_54' title="bbox 378 4474 1964 4547">
    <p class='ocr_par' dir='ltr' id='par_1_54' title="bbox 378 4474 1964 4547">
     <span class='ocr_line' id='line_1_54' title="bbox 378 4474 1964 4547; baseline 0.001 -18"><span class='ocrx_word' id='word_1_363' title='bbox 378 4475 733 4531; x_wconf 79' lang='lat' dir='ltr'><strong>Pmnitentes</strong></span> <span class='ocrx_word' id='word_1_364' title='bbox 765 4476 1017 4541; x_wconf 74' lang='lat' dir='ltr'><strong>feminea,</strong></span> <span class='ocrx_word' id='word_1_365' title='bbox 1049 4492 1177 4547; x_wconf 75' lang='lat' dir='ltr'><strong>quae</strong></span> <span class='ocrx_word' id='word_1_366' title='bbox 1209 4474 1501 4530; x_wconf 83' lang='lat' dir='ltr'><strong>defunctis</strong></span> <span class='ocrx_word' id='word_1_367' title='bbox 1531 4474 1672 4530; x_wconf 90' lang='lat' dir='ltr'><strong>viris</strong></span> <span class='ocrx_word' id='word_1_368' title='bbox 1704 4474 1837 4529; x_wconf 89' lang='lat' dir='ltr'><strong>aliis</strong></span> <span class='ocrx_word' id='word_1_369' title='bbox 1862 4493 1964 4530; x_wconf 86' lang='lat' dir='ltr'><strong>nu-</strong></span> 
     </span>
    </p>
   </div>
   <div class='ocr_carea' id='block_1_55' title="bbox 303 4562 1961 4635">
    <p class='ocr_par' dir='ltr' id='par_1_55' title="bbox 303 4562 1961 4635">
     <span class='ocr_line' id='line_1_55' title="bbox 303 4562 1961 4635; baseline -0.001 -15"><span class='ocrx_word' id='word_1_370' title='bbox 303 4564 444 4620; x_wconf 87' lang='lat' dir='ltr'><strong>bere</strong></span> <span class='ocrx_word' id='word_1_371' title='bbox 474 4563 984 4635; x_wconf 68' lang='lat' dir='ltr'><strong>praesumpserint,</strong></span> <span class='ocrx_word' id='word_1_372' title='bbox 1016 4562 1102 4618; x_wconf 89' lang='lat' dir='ltr'><strong>vel</strong></span> <span class='ocrx_word' id='word_1_373' title='bbox 1134 4569 1416 4635; x_wconf 86' lang='lat' dir='ltr'><strong>suspecta</strong></span> <span class='ocrx_word' id='word_1_374' title='bbox 1447 4562 1861 4619; x_wconf 81' lang='lat' dir='ltr'><strong>velintordicta</strong></span> <span class='ocrx_word' id='word_1_375' title='bbox 1882 4564 1961 4619; x_wconf 80' lang='lat' dir='ltr'><strong>fa-</strong></span> 
     </span>
    </p>
   </div>
   <div class='ocr_carea' id='block_1_56' title="bbox 304 4652 1958 4721">
    <p class='ocr_par' dir='ltr' id='par_1_56' title="bbox 304 4652 1958 4721">
     <span class='ocr_line' id='line_1_56' title="bbox 304 4652 1958 4721; baseline -0.001 -12"><span class='ocrx_word' id='word_1_376' title='bbox 304 4653 643 4709; x_wconf 89' lang='lat' dir='ltr'><strong>miliaritate</strong></span> <span class='ocrx_word' id='word_1_377' title='bbox 673 4669 806 4708; x_wconf 90' lang='lat' dir='ltr'><strong>cum</strong></span> <span class='ocrx_word' id='word_1_378' title='bbox 836 4661 1105 4708; x_wconf 86' lang='lat' dir='ltr'><strong>extraneo</strong></span> <span class='ocrx_word' id='word_1_379' title='bbox 1138 4652 1406 4721; x_wconf 86' lang='lat' dir='ltr'><strong>vixerint,</strong></span> <span class='ocrx_word' id='word_1_380' title='bbox 1456 4669 1589 4707; x_wconf 90' lang='lat' dir='ltr'><strong>cum</strong></span> <span class='ocrx_word' id='word_1_381' title='bbox 1636 4653 1837 4707; x_wconf 89' lang='lat' dir='ltr'><strong>eodem</strong></span> <span class='ocrx_word' id='word_1_382' title='bbox 1885 4653 1958 4707; x_wconf 85' lang='lat' dir='ltr'><strong>ab</strong></span> 
     </span>
    </p>
   </div>
   <div class='ocr_carea' id='block_1_57' title="bbox 302 4740 1956 4799">
    <p class='ocr_par' dir='ltr' id='par_1_57' title="bbox 302 4740 1956 4799">
     <span class='ocr_line' id='line_1_57' title="bbox 302 4740 1956 4799; baseline -0.001 -1"><span class='ocrx_word' id='word_1_383' title='bbox 302 4740 572 4798; x_wconf 81' lang='lat' dir='ltr'><strong>Ecclesiae</strong></span> <span class='ocrx_word' id='word_1_384' title='bbox 598 4740 905 4799; x_wconf 90' lang='lat' dir='ltr'><strong>liminibus</strong></span> <span class='ocrx_word' id='word_1_385' title='bbox 925 4746 1255 4798; x_wconf 88' lang='lat' dir='ltr'><strong>arceantur.</strong></span> <span class='ocrx_word' id='word_1_386' title='bbox 1280 4745 1410 4796; x_wconf 81' lang='lat' dir='ltr'><strong>Ilaec</strong></span> <span class='ocrx_word' id='word_1_387' title='bbox 1433 4741 1609 4797; x_wconf 88' lang='lat' dir='ltr'><strong>etiam</strong></span> <span class='ocrx_word' id='word_1_388' title='bbox 1641 4742 1710 4796; x_wconf 88' lang='lat' dir='ltr'><strong>de</strong></span> <span class='ocrx_word' id='word_1_389' title='bbox 1734 4741 1874 4797; x_wconf 91' lang='lat' dir='ltr'><strong>viris</strong></span> <span class='ocrx_word' id='word_1_390' title='bbox 1896 4741 1956 4797; x_wconf 91' lang='lat' dir='ltr'><strong>in</strong></span> 
     </span>
    </p>
   </div>
   <div class='ocr_carea' id='block_1_58' title="bbox 299 4828 1489 4903">
    <p class='ocr_par' dir='ltr' id='par_1_58' title="bbox 299 4828 1489 4903">
     <span class='ocr_line' id='line_1_58' title="bbox 299 4828 1489 4903; baseline -0.002 -17"><span class='ocrx_word' id='word_1_391' title='bbox 299 4829 650 4903; x_wconf 74' lang='lat' dir='ltr'><strong>poenitentia</strong></span> <span class='ocrx_word' id='word_1_392' title='bbox 682 4828 887 4899; x_wconf 91' lang='lat' dir='ltr'><strong>positis</strong></span> <span class='ocrx_word' id='word_1_393' title='bbox 917 4828 1139 4900; x_wconf 90' lang='lat' dir='ltr'><strong>placuit</strong></span> <span class='ocrx_word' id='word_1_394' title='bbox 1170 4829 1489 4886; x_wconf 84' lang='lat' dir='ltr'><strong>observari.</strong></span> 
     </span>
    </p>
   </div>
   <div class='ocr_carea' id='block_1_59' title="bbox 293 4934 1951 5008">
    <p class='ocr_par' dir='ltr' id='par_1_59' title="bbox 293 4934 1951 5008">
     <span class='ocr_line' id='line_1_59' title="bbox 293 4934 1951 5008; baseline -0.001 -13"><span class='ocrx_word' id='word_1_395' title='bbox 293 4941 428 4995; x_wconf 78' lang='lat' dir='ltr'><strong>CAP.</strong></span> <span class='ocrx_word' id='word_1_396' title='bbox 456 4937 547 4991; x_wconf 92' lang='lat'><strong>73.</strong></span> <span class='ocrx_word' id='word_1_397' title='bbox 577 4968 646 4977; x_wconf 97' lang='lat'>—</span> <span class='ocrx_word' id='word_1_398' title='bbox 674 4934 830 5006; x_wconf 84' lang='lat' dir='ltr'><strong>Quod</strong></span> <span class='ocrx_word' id='word_1_399' title='bbox 860 4934 922 4991; x_wconf 89' lang='lat' dir='ltr'><strong>in</strong></span> <span class='ocrx_word' id='word_1_400' title='bbox 943 4935 1141 4990; x_wconf 86' lang='lat' dir='ltr'><strong>danda</strong></span> <span class='ocrx_word' id='word_1_401' title='bbox 1169 4937 1495 5008; x_wconf 80' lang='lat' dir='ltr'><strong>poenitentia</strong></span> <span class='ocrx_word' id='word_1_402' title='bbox 1524 4938 1687 4992; x_wconf 85' lang='lat' dir='ltr'><strong>nulla</strong></span> <span class='ocrx_word' id='word_1_403' title='bbox 1706 4936 1780 4992; x_wconf 86' lang='lat' dir='ltr'><strong>sit</strong></span> <span class='ocrx_word' id='word_1_404' title='bbox 1822 4953 1951 5008; x_wconf 85' lang='lat' dir='ltr'><strong>per-</strong></span> 
     </span>
    </p>
   </div>
   <div class='ocr_carea' id='block_1_60' title="bbox 363 5007 1947 5080">
    <p class='ocr_par' dir='ltr' id='par_1_60' title="bbox 363 5007 1947 5080">
     <span class='ocr_line' id='line_1_60' title="bbox 363 5007 1947 5080; baseline 0 -17"><span class='ocrx_word' id='word_1_405' title='bbox 363 5024 626 5080; x_wconf 86' lang='lat' dir='ltr'><strong>sonarum</strong></span> <span class='ocrx_word' id='word_1_406' title='bbox 655 5010 912 5080; x_wconf 76' lang='lat' dir='ltr'><strong>acceptio.</strong></span> <span class='ocrx_word' id='word_1_407' title='bbox 946 5008 1029 5062; x_wconf 73' lang='lat' dir='ltr'><strong>Ea:</strong></span> <span class='ocrx_word' id='word_1_408' title='bbox 1056 5007 1290 5063; x_wconf 90' lang='lat' dir='ltr'><strong>concilio</strong></span> <span class='ocrx_word' id='word_1_409' title='bbox 1322 5025 1363 5064; x_wconf 89' lang='grc' dir='ltr'><strong>ιι</strong></span> <span class='ocrx_word' id='word_1_410' title='bbox 1393 5009 1690 5078; x_wconf 87' lang='lat' dir='ltr'><strong>Cabillon.,</strong></span> <span class='ocrx_word' id='word_1_411' title='bbox 1712 5007 1833 5080; x_wconf 76' lang='lat' dir='ltr'><strong>cap.</strong></span> <span class='ocrx_word' id='word_1_412' title='bbox 1857 5009 1947 5074; x_wconf 82' lang='grc'><strong>34,</strong></span> 
     </span>
    </p>
   </div>
   <div class='ocr_carea' id='block_1_61' title="bbox 359 5078 1152 5152">
    <p class='ocr_par' dir='ltr' id='par_1_61' title="bbox 359 5078 1152 5152">
     <span class='ocr_line' id='line_1_61' title="bbox 359 5078 1152 5152; baseline -0.003 -16"><span class='ocrx_word' id='word_1_413' title='bbox 359 5079 454 5136; x_wconf 84' lang='lat' dir='ltr'><strong>cui</strong></span> <span class='ocrx_word' id='word_1_414' title='bbox 483 5081 735 5152; x_wconf 78' lang='lat' dir='ltr'><strong>interfuit</strong></span> <span class='ocrx_word' id='word_1_415' title='bbox 771 5078 999 5135; x_wconf 76' lang='lat' dir='ltr'><strong>Carolus</strong></span> <span class='ocrx_word' id='word_1_416' title='bbox 1031 5095 1152 5135; x_wconf 74' lang='lat' dir='ltr'><strong>rex.</strong></span> 
     </span>
    </p>
   </div>
   <div class='ocr_carea' id='block_1_62' title="bbox 360 5176 1946 5250">
    <p class='ocr_par' dir='ltr' id='par_1_62' title="bbox 360 5176 1946 5250">
     <span class='ocr_line' id='line_1_62' title="bbox 360 5176 1946 5250; baseline 0 -16"><span class='ocrx_word' id='word_1_417' title='bbox 360 5178 504 5245; x_wconf 87' lang='lat' dir='ltr'><strong>Quia</strong></span> <span class='ocrx_word' id='word_1_418' title='bbox 532 5177 733 5250; x_wconf 87' lang='lat' dir='ltr'><strong>igitur,</strong></span> <span class='ocrx_word' id='word_1_419' title='bbox 768 5176 1041 5249; x_wconf 88' lang='lat' dir='ltr'><strong>Apostolo</strong></span> <span class='ocrx_word' id='word_1_420' title='bbox 1077 5180 1245 5243; x_wconf 83' lang='lat' dir='ltr'><strong>teste,</strong></span> <span class='ocrx_word' id='word_1_421' title='bbox 1280 5193 1395 5232; x_wconf 90' lang='lat' dir='ltr'><strong>non</strong></span> <span class='ocrx_word' id='word_1_422' title='bbox 1430 5182 1518 5232; x_wconf 89' lang='lat' dir='ltr'><strong>est</strong></span> <span class='ocrx_word' id='word_1_423' title='bbox 1557 5194 1946 5248; x_wconf 85' lang='lat' dir='ltr'><strong>personarum</strong></span> 
     </span>
    </p>
   </div>
   <div class='ocr_carea' id='block_1_63' title="bbox 286 5265 1946 5340">
    <p class='ocr_par' dir='ltr' id='par_1_63' title="bbox 286 5265 1946 5340">
     <span class='ocr_line' id='line_1_63' title="bbox 286 5265 1946 5340; baseline -0.001 -16"><span class='ocrx_word' id='word_1_424' title='bbox 286 5268 546 5340; x_wconf 90' lang='lat' dir='ltr'><strong>acceptio</strong></span> <span class='ocrx_word' id='word_1_425' title='bbox 570 5268 722 5338; x_wconf 88' lang='lat' dir='ltr'><strong>apud</strong></span> <span class='ocrx_word' id='word_1_426' title='bbox 748 5267 955 5335; x_wconf 89' lang='lat' dir='ltr'><strong>Deum,</strong></span> <span class='ocrx_word' id='word_1_427' title='bbox 983 5270 1039 5323; x_wconf 91' lang='lat' dir='ltr'><strong>et</strong></span> <span class='ocrx_word' id='word_1_428' title='bbox 1056 5265 1113 5320; x_wconf 93' lang='lat' dir='ltr'><strong>in</strong></span> <span class='ocrx_word' id='word_1_429' title='bbox 1134 5265 1666 5337; x_wconf 82' lang='lat' dir='ltr'><strong>omnibusjudiciis</strong></span> <span class='ocrx_word' id='word_1_430' title='bbox 1690 5267 1946 5324; x_wconf 73' lang='lat' dir='ltr'><strong>cavenda</strong></span> 
     </span>
    </p>
   </div>
   <div class='ocr_carea' id='block_1_64' title="bbox 285 5355 1941 5429">
    <p class='ocr_par' dir='ltr' id='par_1_64' title="bbox 285 5355 1941 5429">
     <span class='ocr_line' id='line_1_64' title="bbox 285 5355 1941 5429; baseline 0.001 -17"><span class='ocrx_word' id='word_1_431' title='bbox 285 5360 573 5429; x_wconf 81' lang='lat' dir='ltr'><strong>est(Rom.</strong></span> <span class='ocrx_word' id='word_1_432' title='bbox 607 5374 685 5424; x_wconf 84' lang='lat'><strong>11;</strong></span> <span class='ocrx_word' id='word_1_433' title='bbox 741 5356 931 5427; x_wconf 85' lang='lat' dir='ltr'><strong>Ephes.</strong></span> <span class='ocrx_word' id='word_1_434' title='bbox 964 5373 1057 5423; x_wconf 78' lang='lat' dir='ltr'><strong>v1;</strong></span> <span class='ocrx_word' id='word_1_435' title='bbox 1114 5357 1231 5412; x_wconf 85' lang='lat' dir='ltr'><strong>Col.</strong></span> <span class='ocrx_word' id='word_1_436' title='bbox 1266 5372 1361 5423; x_wconf 75' lang='lat' dir='ltr'><strong>ur;</strong></span> <span class='ocrx_word' id='word_1_437' title='bbox 1425 5357 1540 5411; x_wconf 83' lang='lat' dir='ltr'><strong>Act.</strong></span> <span class='ocrx_word' id='word_1_438' title='bbox 1601 5355 1658 5425; x_wconf 87' lang='lat' dir='ltr'><strong>x)</strong></span> <span class='ocrx_word' id='word_1_439' title='bbox 1695 5397 1709 5422; x_wconf 96' lang='lat'><strong>,</strong></span> <span class='ocrx_word' id='word_1_440' title='bbox 1758 5356 1941 5413; x_wconf 89' lang='lat' dir='ltr'><strong>multo</strong></span> 
     </span>
    </p>
   </div>
   <div class='ocr_carea' id='block_1_65' title="bbox 286 5443 1939 5516">
    <p class='ocr_par' dir='ltr' id='par_1_65' title="bbox 286 5443 1939 5516">
     <span class='ocr_line' id='line_1_65' title="bbox 286 5443 1939 5516; baseline 0.001 -18"><span class='ocrx_word' id='word_1_441' title='bbox 286 5445 477 5515; x_wconf 87' lang='lat' dir='ltr'><strong>magis</strong></span> <span class='ocrx_word' id='word_1_442' title='bbox 503 5446 557 5499; x_wconf 90' lang='lat' dir='ltr'><strong>in</strong></span> <span class='ocrx_word' id='word_1_443' title='bbox 594 5445 698 5500; x_wconf 90' lang='lat' dir='ltr'><strong>hoc</strong></span> <span class='ocrx_word' id='word_1_444' title='bbox 730 5444 1085 5516; x_wconf 63' lang='lat' dir='ltr'><strong>paenitentia:</strong></span> <span class='ocrx_word' id='word_1_445' title='bbox 1128 5443 1354 5515; x_wconf 87' lang='lat' dir='ltr'><strong>judicio</strong></span> <span class='ocrx_word' id='word_1_446' title='bbox 1406 5443 1716 5515; x_wconf 69' lang='lat' dir='ltr'><strong>praacaveri</strong></span> <span class='ocrx_word' id='word_1_447' title='bbox 1768 5444 1939 5500; x_wconf 90' lang='lat' dir='ltr'><strong>debet</strong></span> 
     </span>
    </p>
   </div>
   <div class='ocr_carea' id='block_1_66' title="bbox 288 5532 1938 5607">
    <p class='ocr_par' dir='ltr' id='par_1_66' title="bbox 288 5532 1938 5607">
     <span class='ocr_line' id='line_1_66' title="bbox 288 5532 1938 5607; baseline 0.003 -22"><span class='ocrx_word' id='word_1_448' title='bbox 288 5536 355 5586; x_wconf 90' lang='lat' dir='ltr'><strong>ut</strong></span> <span class='ocrx_word' id='word_1_449' title='bbox 377 5532 577 5587; x_wconf 90' lang='lat' dir='ltr'><strong>nullus</strong></span> <span class='ocrx_word' id='word_1_450' title='bbox 603 5534 975 5589; x_wconf 89' lang='lat' dir='ltr'><strong>sacerdotum</strong></span> <span class='ocrx_word' id='word_1_451' title='bbox 1010 5550 1275 5605; x_wconf 90' lang='lat' dir='ltr'><strong>unquam</strong></span> <span class='ocrx_word' id='word_1_452' title='bbox 1306 5539 1408 5590; x_wconf 91' lang='lat' dir='ltr'><strong>aut</strong></span> <span class='ocrx_word' id='word_1_453' title='bbox 1436 5534 1624 5607; x_wconf 89' lang='lat' dir='ltr'><strong>gratia</strong></span> <span class='ocrx_word' id='word_1_454' title='bbox 1675 5537 1776 5589; x_wconf 87' lang='lat' dir='ltr'><strong>aut</strong></span> <span class='ocrx_word' id='word_1_455' title='bbox 1805 5535 1938 5590; x_wconf 86' lang='lat' dir='ltr'><strong>odio</strong></span> 
     </span>
    </p>
   </div>
   <div class='ocr_carea' id='block_1_67' title="bbox 287 5619 1938 5697">
    <p class='ocr_par' dir='ltr' id='par_1_67' title="bbox 287 5619 1938 5697">
     <span class='ocr_line' id='line_1_67' title="bbox 287 5619 1938 5697; baseline 0.001 -19"><span class='ocrx_word' id='word_1_456' title='bbox 287 5619 541 5689; x_wconf 86' lang='lat' dir='ltr'><strong>alicujus</strong></span> <span class='ocrx_word' id='word_1_457' title='bbox 560 5637 819 5692; x_wconf 79' lang='lat' dir='ltr'><strong>personae</strong></span> <span class='ocrx_word' id='word_1_458' title='bbox 835 5639 1005 5680; x_wconf 84' lang='lat' dir='ltr'><strong>secus</strong></span> <span class='ocrx_word' id='word_1_459' title='bbox 1015 5624 1247 5694; x_wconf 84' lang='lat' dir='ltr'><strong>judicet</strong></span> <span class='ocrx_word' id='word_1_460' title='bbox 1263 5641 1440 5697; x_wconf 88' lang='lat' dir='ltr'><strong>quam</strong></span> <span class='ocrx_word' id='word_1_461' title='bbox 1456 5624 1615 5695; x_wconf 92' lang='lat' dir='ltr'><strong>quod</strong></span> <span class='ocrx_word' id='word_1_462' title='bbox 1628 5624 1938 5696; x_wconf 83' lang='lat' dir='ltr'><strong>incanoni-</strong></span> 
     </span>
    </p>
   </div>
   <div class='ocr_carea' id='block_1_68' title="bbox 2131 862 3792 935">
    <p class='ocr_par' dir='ltr' id='par_1_68' title="bbox 2131 862 3792 935">
     <span class='ocr_line' id='line_1_68' title="bbox 2131 862 3792 935; baseline 0.001 -19"><span class='ocrx_word' id='word_1_463' title='bbox 2131 864 2287 932; x_wconf 93' lang='lat' dir='ltr'><strong>quod</strong></span> <span class='ocrx_word' id='word_1_464' title='bbox 2322 880 2530 919; x_wconf 91' lang='lat' dir='ltr'><strong>sanare</strong></span> <span class='ocrx_word' id='word_1_465' title='bbox 2562 864 2807 935; x_wconf 89' lang='lat' dir='ltr'><strong>cupiunt</strong></span> <span class='ocrx_word' id='word_1_466' title='bbox 2836 863 3115 931; x_wconf 89' lang='lat' dir='ltr'><strong>cauterio,</strong></span> <span class='ocrx_word' id='word_1_467' title='bbox 3149 866 3251 917; x_wconf 90' lang='lat' dir='ltr'><strong>aut</strong></span> <span class='ocrx_word' id='word_1_468' title='bbox 3278 862 3450 925; x_wconf 86' lang='lat' dir='ltr'><strong>ferro,</strong></span> <span class='ocrx_word' id='word_1_469' title='bbox 3486 866 3588 917; x_wconf 84' lang='lat' dir='ltr'><strong>aut</strong></span> <span class='ocrx_word' id='word_1_470' title='bbox 3617 862 3792 918; x_wconf 90' lang='lat' dir='ltr'><strong>duris</strong></span> 
     </span>
    </p>
   </div>
   <div class='ocr_carea' id='block_1_69' title="bbox 2129 948 3789 1025">
    <p class='ocr_par' dir='ltr' id='par_1_69' title="bbox 2129 948 3789 1025">
     <span class='ocr_line' id='line_1_69' title="bbox 2129 948 3789 1025; baseline 0.002 -22"><span class='ocrx_word' id='word_1_471' title='bbox 2129 948 2262 1005; x_wconf 86' lang='lat' dir='ltr'><strong>aliis</strong></span> <span class='ocrx_word' id='word_1_472' title='bbox 2293 951 2654 1022; x_wconf 86' lang='lat' dir='ltr'><strong>quibuslibet</strong></span> <span class='ocrx_word' id='word_1_473' title='bbox 2674 954 2850 1008; x_wconf 90' lang='lat' dir='ltr'><strong>rebus</strong></span> <span class='ocrx_word' id='word_1_474' title='bbox 2872 956 3145 1025; x_wconf 87' lang='lat' dir='ltr'><strong>parcunt,</strong></span> <span class='ocrx_word' id='word_1_475' title='bbox 3167 951 3350 1006; x_wconf 88' lang='lat' dir='ltr'><strong>multo</strong></span> <span class='ocrx_word' id='word_1_476' title='bbox 3366 952 3557 1022; x_wconf 87' lang='lat' dir='ltr'><strong>magis</strong></span> <span class='ocrx_word' id='word_1_477' title='bbox 3571 951 3667 1005; x_wconf 86' lang='lat' dir='ltr'><strong>his</strong></span> <span class='ocrx_word' id='word_1_478' title='bbox 3689 953 3789 1006; x_wconf 83' lang='lat' dir='ltr'><strong>ob-</strong></span> 
     </span>
    </p>
   </div>
   <div class='ocr_carea' id='block_1_70' title="bbox 2126 1040 3783 1113">
    <p class='ocr_par' dir='ltr' id='par_1_70' title="bbox 2126 1040 3783 1113">
     <span class='ocr_line' id='line_1_70' title="bbox 2126 1040 3783 1113; baseline 0.001 -19"><span class='ocrx_word' id='word_1_479' title='bbox 2126 1041 2480 1095; x_wconf 87' lang='lat' dir='ltr'><strong>servandum</strong></span> <span class='ocrx_word' id='word_1_480' title='bbox 2513 1048 2603 1096; x_wconf 90' lang='lat' dir='ltr'><strong>est</strong></span> <span class='ocrx_word' id='word_1_481' title='bbox 2634 1042 2734 1113; x_wconf 89' lang='lat' dir='ltr'><strong>qui</strong></span> <span class='ocrx_word' id='word_1_482' title='bbox 2766 1059 2879 1096; x_wconf 92' lang='lat' dir='ltr'><strong>non</strong></span> <span class='ocrx_word' id='word_1_483' title='bbox 2914 1058 3248 1113; x_wconf 86' lang='lat' dir='ltr'><strong>corporum,</strong></span> <span class='ocrx_word' id='word_1_484' title='bbox 3291 1041 3396 1095; x_wconf 87' lang='lat' dir='ltr'><strong>sed</strong></span> <span class='ocrx_word' id='word_1_485' title='bbox 3443 1040 3783 1096; x_wconf 82' lang='lat' dir='ltr'><strong>animarum</strong></span> 
     </span>
    </p>
   </div>
   <div class='ocr_carea' id='block_1_71' title="bbox 2126 1129 3781 1203">
    <p class='ocr_par' dir='ltr' id='par_1_71' title="bbox 2126 1129 3781 1203">
     <span class='ocr_line' id='line_1_71' title="bbox 2126 1129 3781 1203; baseline 0.001 -19"><span class='ocrx_word' id='word_1_486' title='bbox 2126 1129 2338 1184; x_wconf 87' lang='lat' dir='ltr'><strong>medici</strong></span> <span class='ocrx_word' id='word_1_487' title='bbox 2361 1129 2641 1186; x_wconf 85' lang='lat' dir='ltr'><strong>existunt.</strong></span> <span class='ocrx_word' id='word_1_488' title='bbox 2663 1131 2864 1201; x_wconf 89' lang='lat' dir='ltr'><strong>Neque</strong></span> <span class='ocrx_word' id='word_1_489' title='bbox 2880 1130 3037 1187; x_wconf 89' lang='lat' dir='ltr'><strong>enim</strong></span> <span class='ocrx_word' id='word_1_490' title='bbox 3062 1130 3361 1203; x_wconf 88' lang='lat' dir='ltr'><strong>pensanda</strong></span> <span class='ocrx_word' id='word_1_491' title='bbox 3384 1135 3469 1184; x_wconf 88' lang='lat' dir='ltr'><strong>est</strong></span> <span class='ocrx_word' id='word_1_492' title='bbox 3496 1130 3781 1201; x_wconf 79' lang='lat' dir='ltr'><strong>poeniten-</strong></span> 
     </span>
    </p>
   </div>
   <div class='ocr_carea' id='block_1_72' title="bbox 2122 1217 3780 1290">
    <p class='ocr_par' dir='ltr' id='par_1_72' title="bbox 2122 1217 3780 1290">
     <span class='ocr_line' id='line_1_72' title="bbox 2122 1217 3780 1290; baseline 0.002 -19"><span class='ocrx_word' id='word_1_493' title='bbox 2122 1217 2207 1271; x_wconf 92' lang='lat' dir='ltr'><strong>tia</strong></span> <span class='ocrx_word' id='word_1_494' title='bbox 2234 1219 2563 1289; x_wconf 87' lang='lat' dir='ltr'><strong>quantitate</strong></span> <span class='ocrx_word' id='word_1_495' title='bbox 2597 1218 2902 1290; x_wconf 90' lang='lat' dir='ltr'><strong>temporis,</strong></span> <span class='ocrx_word' id='word_1_496' title='bbox 2935 1219 3035 1274; x_wconf 90' lang='lat' dir='ltr'><strong>sed</strong></span> <span class='ocrx_word' id='word_1_497' title='bbox 3065 1218 3273 1274; x_wconf 82' lang='lat' dir='ltr'><strong>ardore</strong></span> <span class='ocrx_word' id='word_1_498' title='bbox 3297 1218 3514 1274; x_wconf 90' lang='lat' dir='ltr'><strong>mentis</strong></span> <span class='ocrx_word' id='word_1_499' title='bbox 3538 1223 3599 1273; x_wconf 89' lang='lat' dir='ltr'><strong>et</strong></span> <span class='ocrx_word' id='word_1_500' title='bbox 3621 1234 3780 1274; x_wconf 90' lang='lat' dir='ltr'><strong>mor-</strong></span> 
     </span>
    </p>
   </div>
   <div class='ocr_carea' id='block_1_73' title="bbox 2122 1305 3781 1379">
    <p class='ocr_par' dir='ltr' id='par_1_73' title="bbox 2122 1305 3781 1379">
     <span class='ocr_line' id='line_1_73' title="bbox 2122 1305 3781 1379; baseline 0.001 -19"><span class='ocrx_word' id='word_1_501' title='bbox 2122 1305 2440 1363; x_wconf 83' lang='lat' dir='ltr'><strong>tiﬁcatione</strong></span> <span class='ocrx_word' id='word_1_502' title='bbox 2457 1308 2738 1379; x_wconf 90' lang='lat' dir='ltr'><strong>corporis.</strong></span> <span class='ocrx_word' id='word_1_503' title='bbox 2753 1307 2857 1363; x_wconf 83' lang='lat' dir='ltr'><strong>Cor</strong></span> <span class='ocrx_word' id='word_1_504' title='bbox 2874 1313 3069 1363; x_wconf 91' lang='lat' dir='ltr'><strong>autem</strong></span> <span class='ocrx_word' id='word_1_505' title='bbox 3086 1307 3387 1363; x_wconf 84' lang='lat' dir='ltr'><strong>contritum</strong></span> <span class='ocrx_word' id='word_1_506' title='bbox 3425 1310 3477 1363; x_wconf 83' lang='lat' dir='ltr'><strong>et</strong></span> <span class='ocrx_word' id='word_1_507' title='bbox 3515 1306 3781 1362; x_wconf 86' lang='lat' dir='ltr'><strong>humilia-</strong></span> 
     </span>
    </p>
   </div>
   <div class='ocr_carea' id='block_1_74' title="bbox 2122 1396 3138 1467">
    <p class='ocr_par' dir='ltr' id='par_1_74' title="bbox 2122 1396 3138 1467">
     <span class='ocr_line' id='line_1_74' title="bbox 2122 1396 3138 1467; baseline 0.001 -18"><span class='ocrx_word' id='word_1_508' title='bbox 2122 1402 2236 1449; x_wconf 87' lang='lat' dir='ltr'><strong>tum</strong></span> <span class='ocrx_word' id='word_1_509' title='bbox 2265 1396 2406 1450; x_wconf 89' lang='lat' dir='ltr'><strong>Deus</strong></span> <span class='ocrx_word' id='word_1_510' title='bbox 2432 1411 2541 1451; x_wconf 87' lang='lat' dir='ltr'><strong>non</strong></span> <span class='ocrx_word' id='word_1_511' title='bbox 2577 1396 2822 1467; x_wconf 88' lang='lat' dir='ltr'><strong>despicit</strong></span> <span class='ocrx_word' id='word_1_512' title='bbox 2850 1396 3030 1466; x_wconf 88' lang='lat' dir='ltr'><strong>(Psal.</strong></span> <span class='ocrx_word' id='word_1_513' title='bbox 3066 1396 3138 1462; x_wconf 76' lang='grc' dir='ltr'><strong>ι).</strong></span> 
     </span>
    </p>
   </div>
   <div class='ocr_carea' id='block_1_75' title="bbox 2120 1483 3780 1556">
    <p class='ocr_par' dir='ltr' id='par_1_75' title="bbox 2120 1483 3780 1556">
     <span class='ocr_line' id='line_1_75' title="bbox 2120 1483 3780 1556; baseline -0.001 -16"><span class='ocrx_word' id='word_1_514' title='bbox 2120 1483 2249 1540; x_wconf 79' lang='lat' dir='ltr'><strong>CAP.</strong></span> <span class='ocrx_word' id='word_1_515' title='bbox 2280 1484 2370 1538; x_wconf 80' lang='grc'><strong>74.</strong></span> <span class='ocrx_word' id='word_1_516' title='bbox 2404 1515 2471 1525; x_wconf 92' lang='grc'><strong>-</strong></span> <span class='ocrx_word' id='word_1_517' title='bbox 2507 1486 2578 1540; x_wconf 86' lang='lat' dir='ltr'><strong>De</strong></span> <span class='ocrx_word' id='word_1_518' title='bbox 2622 1486 2738 1541; x_wconf 88' lang='lat' dir='ltr'><strong>illis</strong></span> <span class='ocrx_word' id='word_1_519' title='bbox 2767 1487 2866 1556; x_wconf 86' lang='lat' dir='ltr'><strong>qui</strong></span> <span class='ocrx_word' id='word_1_520' title='bbox 2911 1490 3134 1554; x_wconf 87' lang='lat' dir='ltr'><strong>peccata</strong></span> <span class='ocrx_word' id='word_1_521' title='bbox 3185 1501 3288 1540; x_wconf 87' lang='lat' dir='ltr'><strong>sua</strong></span> <span class='ocrx_word' id='word_1_522' title='bbox 3330 1484 3454 1540; x_wconf 83' lang='lat' dir='ltr'><strong>sine</strong></span> <span class='ocrx_word' id='word_1_523' title='bbox 3493 1484 3780 1555; x_wconf 81' lang='lat' dir='ltr'><strong>condigna</strong></span> 
     </span>
    </p>
   </div>
   <div class='ocr_carea' id='block_1_76' title="bbox 2187 1556 3778 1699">
    <p class='ocr_par' dir='ltr' id='par_1_76' title="bbox 2187 1556 3778 1699">
     <span class='ocr_line' id='line_1_76' title="bbox 2187 1556 3778 1682; baseline 0.001 -71"><span class='ocrx_word' id='word_1_524' title='bbox 2187 1556 2520 1682; x_wconf 52' lang='lat' dir='ltr'><strong>gwnitetntia</strong></span> <span class='ocrx_word' id='word_1_525' title='bbox 2570 1557 2686 1612; x_wconf 85' lang='lat' dir='ltr'><strong>sibi</strong></span> <span class='ocrx_word' id='word_1_526' title='bbox 2740 1558 2992 1614; x_wconf 68' lang='lat' dir='ltr'><strong>relaxari</strong></span> <span class='ocrx_word' id='word_1_527' title='bbox 3046 1556 3429 1613; x_wconf 81' lang='lat' dir='ltr'><strong>arbitrantur.</strong></span> <span class='ocrx_word' id='word_1_528' title='bbox 3483 1558 3570 1611; x_wconf 80' lang='lat' dir='ltr'><strong>Ea:</strong></span> <span class='ocrx_word' id='word_1_529' title='bbox 3616 1559 3778 1613; x_wconf 81' lang='lat' dir='ltr'><strong>dictis</strong></span> 
     </span>
     <span class='ocr_line' id='line_1_77' title="bbox 2236 1644 2418 1699; baseline 0 -18"><span class='ocrx_word' id='word_1_530' title='bbox 2236 1644 2418 1699; x_wconf 86' lang='lat' dir='ltr'><strong>ugus.</strong></span> 
     </span>
    </p>
   </div>
   <div class='ocr_carea' id='block_1_77' title="bbox 2186 1714 3777 1791">
    <p class='ocr_par' dir='ltr' id='par_1_77' title="bbox 2186 1714 3777 1791">
     <span class='ocr_line' id='line_1_78' title="bbox 2186 1714 3777 1791; baseline 0.003 -21"><span class='ocrx_word' id='word_1_531' title='bbox 2186 1714 2467 1788; x_wconf 84' lang='lat' dir='ltr'><strong>Quisquis</strong></span> <span class='ocrx_word' id='word_1_532' title='bbox 2487 1732 2624 1791; x_wconf 88' lang='lat' dir='ltr'><strong>ergo</strong></span> <span class='ocrx_word' id='word_1_533' title='bbox 2657 1716 2946 1774; x_wconf 91' lang='lat' dir='ltr'><strong>malorum</strong></span> <span class='ocrx_word' id='word_1_534' title='bbox 2997 1732 3242 1788; x_wconf 89' lang='lat' dir='ltr'><strong>operum</strong></span> <span class='ocrx_word' id='word_1_535' title='bbox 3301 1716 3428 1772; x_wconf 87' lang='lat' dir='ltr'><strong>sine</strong></span> <span class='ocrx_word' id='word_1_536' title='bbox 3477 1717 3777 1789; x_wconf 86' lang='lat' dir='ltr'><strong>condigna</strong></span> 
     </span>
    </p>
   </div>
   <div class='ocr_carea' id='block_1_78' title="bbox 2030 1792 3775 1879">
    <p class='ocr_par' dir='ltr' id='par_1_78' title="bbox 2030 1792 3775 1879">
     <span class='ocr_line' id='line_1_79' title="bbox 2030 1792 3775 1879; baseline 0.003 -22"><span class='ocrx_word' id='word_1_537' title='bbox 2030 1792 2075 1857; x_wconf 89' lang='grc' dir='ltr'><strong>Β</strong></span> <span class='ocrx_word' id='word_1_538' title='bbox 2105 1805 2450 1875; x_wconf 78' lang='lat' dir='ltr'><strong>pmnitentia</strong></span> <span class='ocrx_word' id='word_1_539' title='bbox 2470 1822 2828 1878; x_wconf 89' lang='lat' dir='ltr'><strong>quemquam</strong></span> <span class='ocrx_word' id='word_1_540' title='bbox 2846 1806 3078 1861; x_wconf 90' lang='lat' dir='ltr'><strong>veniam</strong></span> <span class='ocrx_word' id='word_1_541' title='bbox 3096 1806 3258 1861; x_wconf 91' lang='lat' dir='ltr'><strong>aDeo</strong></span> <span class='ocrx_word' id='word_1_542' title='bbox 3279 1806 3578 1878; x_wconf 88' lang='lat' dir='ltr'><strong>percipere</strong></span> <span class='ocrx_word' id='word_1_543' title='bbox 3600 1824 3775 1879; x_wconf 80' lang='lat' dir='ltr'><strong>posse</strong></span> 
     </span>
    </p>
   </div>
   <div class='ocr_carea' id='block_1_79' title="bbox 2107 1892 3774 1968">
    <p class='ocr_par' dir='ltr' id='par_1_79' title="bbox 2107 1892 3774 1968">
     <span class='ocr_line' id='line_1_80' title="bbox 2107 1892 3774 1968; baseline 0.004 -23"><span class='ocrx_word' id='word_1_544' title='bbox 2107 1892 2340 1960; x_wconf 83' lang='lat' dir='ltr'><strong>dixerit,</strong></span> <span class='ocrx_word' id='word_1_545' title='bbox 2365 1893 2599 1966; x_wconf 90' lang='lat' dir='ltr'><strong>penitus</strong></span> <span class='ocrx_word' id='word_1_546' title='bbox 2611 1901 2788 1960; x_wconf 89' lang='lat' dir='ltr'><strong>errat,</strong></span> <span class='ocrx_word' id='word_1_547' title='bbox 2811 1899 2866 1950; x_wconf 91' lang='lat' dir='ltr'><strong>et</strong></span> <span class='ocrx_word' id='word_1_548' title='bbox 2882 1911 3014 1949; x_wconf 92' lang='lat' dir='ltr'><strong>cum</strong></span> <span class='ocrx_word' id='word_1_549' title='bbox 3035 1895 3314 1966; x_wconf 90' lang='lat' dir='ltr'><strong>deceptus</strong></span> <span class='ocrx_word' id='word_1_550' title='bbox 3330 1892 3478 1950; x_wconf 89' lang='lat' dir='ltr'><strong>alios</strong></span> <span class='ocrx_word' id='word_1_551' title='bbox 3498 1896 3774 1968; x_wconf 87' lang='lat' dir='ltr'><strong>decipere</strong></span> 
     </span>
    </p>
   </div>
   <div class='ocr_carea' id='block_1_80' title="bbox 2106 1980 3771 2057">
    <p class='ocr_par' dir='ltr' id='par_1_80' title="bbox 2106 1980 3771 2057">
     <span class='ocr_line' id='line_1_81' title="bbox 2106 1980 3771 2057; baseline 0.003 -23"><span class='ocrx_word' id='word_1_552' title='bbox 2106 1980 2367 2047; x_wconf 89' lang='lat' dir='ltr'><strong>festinat,</strong></span> <span class='ocrx_word' id='word_1_553' title='bbox 2391 1983 2610 2054; x_wconf 91' lang='lat' dir='ltr'><strong>duplici</strong></span> <span class='ocrx_word' id='word_1_554' title='bbox 2635 2000 2784 2039; x_wconf 84' lang='lat' dir='ltr'><strong>noxa</strong></span> <span class='ocrx_word' id='word_1_555' title='bbox 2806 1983 3254 2054; x_wconf 89' lang='lat' dir='ltr'><strong>constringitur,</strong></span> <span class='ocrx_word' id='word_1_556' title='bbox 3278 1982 3386 2038; x_wconf 85' lang='lat' dir='ltr'><strong>hoc</strong></span> <span class='ocrx_word' id='word_1_557' title='bbox 3409 1988 3518 2049; x_wconf 86' lang='lat' dir='ltr'><strong>est,</strong></span> <span class='ocrx_word' id='word_1_558' title='bbox 3545 1986 3771 2057; x_wconf 89' lang='lat' dir='ltr'><strong>proprii</strong></span> 
     </span>
    </p>
   </div>
   <div class='ocr_carea' id='block_1_81' title="bbox 2105 2070 3060 2143">
    <p class='ocr_par' dir='ltr' id='par_1_81' title="bbox 2105 2070 3060 2143">
     <span class='ocr_line' id='line_1_82' title="bbox 2105 2070 3060 2143; baseline 0.005 -21"><span class='ocrx_word' id='word_1_559' title='bbox 2105 2070 2320 2125; x_wconf 87' lang='lat' dir='ltr'><strong>erroris</strong></span> <span class='ocrx_word' id='word_1_560' title='bbox 2353 2075 2407 2126; x_wconf 91' lang='lat' dir='ltr'><strong>et</strong></span> <span class='ocrx_word' id='word_1_561' title='bbox 2439 2070 2642 2127; x_wconf 69' lang='lat' dir='ltr'><strong>aliena:</strong></span> <span class='ocrx_word' id='word_1_562' title='bbox 2675 2071 3060 2143; x_wconf 88' lang='lat' dir='ltr'><strong>deceptionis.</strong></span> 
     </span>
    </p>
   </div>
   <div class='ocr_carea' id='block_1_82' title="bbox 2104 2156 3768 2232">
    <p class='ocr_par' dir='ltr' id='par_1_82' title="bbox 2104 2156 3768 2232">
     <span class='ocr_line' id='line_1_83' title="bbox 2104 2156 3768 2232; baseline 0.003 -19"><span class='ocrx_word' id='word_1_563' title='bbox 2104 2156 2243 2232; x_wconf 56' lang='lat' dir='ltr'><strong>CAP,</strong></span> <span class='ocrx_word' id='word_1_564' title='bbox 2269 2159 2360 2212; x_wconf 85' lang='lat'><strong>75.</strong></span> <span class='ocrx_word' id='word_1_565' title='bbox 2390 2189 2460 2199; x_wconf 98' lang='lat'><em>—</em></span> <span class='ocrx_word' id='word_1_566' title='bbox 2504 2160 2653 2228; x_wconf 84' lang='lat' dir='ltr'><strong>Quod</strong></span> <span class='ocrx_word' id='word_1_567' title='bbox 2708 2161 2905 2215; x_wconf 83' lang='lat' dir='ltr'><strong>tandiu</strong></span> <span class='ocrx_word' id='word_1_568' title='bbox 2963 2160 3244 2232; x_wconf 12' lang='lat' dir='ltr'><strong>laborare,</strong></span> <span class='ocrx_word' id='word_1_569' title='bbox 3272 2162 3507 2232; x_wconf 76' lang='lat' dir='ltr'><strong>quisque</strong></span> <span class='ocrx_word' id='word_1_570' title='bbox 3553 2160 3768 2229; x_wconf 81' lang='lat' dir='ltr'><strong>debeat,</strong></span> 
     </span>
    </p>
   </div>
   <div class='ocr_carea' id='block_1_83' title="bbox 2209 2228 3655 2303">
    <p class='ocr_par' dir='ltr' id='par_1_83' title="bbox 2209 2228 3655 2303">
     <span class='ocr_line' id='line_1_84' title="bbox 2209 2228 3655 2303; baseline 0.001 -19"><span class='ocrx_word' id='word_1_571' title='bbox 2209 2228 2375 2285; x_wconf 79' lang='lat' dir='ltr'><strong>donec</strong></span> <span class='ocrx_word' id='word_1_572' title='bbox 2401 2232 2677 2302; x_wconf 81' lang='lat' dir='ltr'><strong>possideat</strong></span> <span class='ocrx_word' id='word_1_573' title='bbox 2709 2232 3008 2287; x_wconf 83' lang='lat' dir='ltr'><strong>Christum.</strong></span> <span class='ocrx_word' id='word_1_574' title='bbox 3057 2233 3141 2287; x_wconf 83' lang='lat' dir='ltr'><strong>Ea:</strong></span> <span class='ocrx_word' id='word_1_575' title='bbox 3190 2228 3354 2287; x_wconf 77' lang='lat' dir='ltr'><strong>dictis</strong></span> <span class='ocrx_word' id='word_1_576' title='bbox 3387 2228 3655 2303; x_wconf 79' lang='lat' dir='ltr'><strong>Gregorii.</strong></span> 
     </span>
    </p>
   </div>
   <div class='ocr_carea' id='block_1_84' title="bbox 2175 2315 3766 2394">
    <p class='ocr_par' dir='ltr' id='par_1_84' title="bbox 2175 2315 3766 2394">
     <span class='ocr_line' id='line_1_85' title="bbox 2175 2315 3766 2394; baseline 0.004 -23"><span class='ocrx_word' id='word_1_577' title='bbox 2175 2315 2369 2388; x_wconf 88' lang='lat' dir='ltr'><strong>Usque</strong></span> <span class='ocrx_word' id='word_1_578' title='bbox 2401 2325 2544 2374; x_wconf 92' lang='lat' dir='ltr'><strong>tunc</strong></span> <span class='ocrx_word' id='word_1_579' title='bbox 2575 2317 2841 2375; x_wconf 88' lang='lat' dir='ltr'><strong>laborare</strong></span> <span class='ocrx_word' id='word_1_580' title='bbox 2874 2320 3043 2375; x_wconf 91' lang='lat' dir='ltr'><strong>debet</strong></span> <span class='ocrx_word' id='word_1_581' title='bbox 3061 2319 3259 2389; x_wconf 86' lang='lat' dir='ltr'><strong>homo,</strong></span> <span class='ocrx_word' id='word_1_582' title='bbox 3285 2337 3598 2392; x_wconf 89' lang='lat' dir='ltr'><strong>usquequo</strong></span> <span class='ocrx_word' id='word_1_583' title='bbox 3625 2340 3766 2394; x_wconf 85' lang='lat' dir='ltr'><strong>pos-</strong></span> 
     </span>
    </p>
   </div>
   <div class='ocr_carea' id='block_1_85' title="bbox 2102 2405 3767 2483">
    <p class='ocr_par' dir='ltr' id='par_1_85' title="bbox 2102 2405 3767 2483">
     <span class='ocr_line' id='line_1_86' title="bbox 2102 2405 3767 2483; baseline 0.005 -24"><span class='ocrx_word' id='word_1_584' title='bbox 2102 2405 2293 2460; x_wconf 90' lang='lat' dir='ltr'><strong>sideat</strong></span> <span class='ocrx_word' id='word_1_585' title='bbox 2326 2406 2650 2463; x_wconf 86' lang='lat' dir='ltr'><strong>Christum.</strong></span> <span class='ocrx_word' id='word_1_586' title='bbox 2685 2409 2793 2474; x_wconf 89' lang='lat' dir='ltr'><strong>Qui</strong></span> <span class='ocrx_word' id='word_1_587' title='bbox 2820 2412 3016 2463; x_wconf 88' lang='lat' dir='ltr'><strong>autem</strong></span> <span class='ocrx_word' id='word_1_588' title='bbox 3063 2408 3245 2464; x_wconf 90' lang='lat' dir='ltr'><strong>semel</strong></span> <span class='ocrx_word' id='word_1_589' title='bbox 3290 2408 3461 2464; x_wconf 90' lang='lat' dir='ltr'><strong>illum</strong></span> <span class='ocrx_word' id='word_1_590' title='bbox 3508 2412 3767 2483; x_wconf 87' lang='lat' dir='ltr'><strong>adeptus</strong></span> 
     </span>
    </p>
   </div>
   <div class='ocr_carea' id='block_1_86' title="bbox 2102 2493 3765 2566">
    <p class='ocr_par' dir='ltr' id='par_1_86' title="bbox 2102 2493 3765 2566">
     <span class='ocr_line' id='line_1_87' title="bbox 2102 2493 3765 2566; baseline 0.006 -20"><span class='ocrx_word' id='word_1_591' title='bbox 2102 2493 2297 2560; x_wconf 84' lang='lat' dir='ltr'><strong>fuerit,</strong></span> <span class='ocrx_word' id='word_1_592' title='bbox 2321 2495 2447 2566; x_wconf 89' lang='lat' dir='ltr'><strong>jam</strong></span> <span class='ocrx_word' id='word_1_593' title='bbox 2474 2513 2589 2552; x_wconf 92' lang='lat' dir='ltr'><strong>non</strong></span> <span class='ocrx_word' id='word_1_594' title='bbox 2619 2496 2858 2552; x_wconf 89' lang='lat' dir='ltr'><strong>laboret.</strong></span> <span class='ocrx_word' id='word_1_595' title='bbox 2891 2495 3185 2551; x_wconf 90' lang='lat' dir='ltr'><strong>Permittit</strong></span> <span class='ocrx_word' id='word_1_596' title='bbox 3224 2501 3421 2554; x_wconf 91' lang='lat' dir='ltr'><strong>tamen</strong></span> <span class='ocrx_word' id='word_1_597' title='bbox 3471 2497 3765 2556; x_wconf 88' lang='lat' dir='ltr'><strong>Dominus</strong></span> 
     </span>
    </p>
   </div>
   <div class='ocr_carea' id='block_1_87' title="bbox 2100 2580 3761 2652">
    <p class='ocr_par' dir='ltr' id='par_1_87' title="bbox 2100 2580 3761 2652">
     <span class='ocr_line' id='line_1_88' title="bbox 2100 2580 3761 2652; baseline 0.006 -17"><span class='ocrx_word' id='word_1_598' title='bbox 2100 2580 2367 2639; x_wconf 90' lang='lat' dir='ltr'><strong>laborare</strong></span> <span class='ocrx_word' id='word_1_599' title='bbox 2397 2584 2611 2641; x_wconf 89' lang='lat' dir='ltr'><strong>electos</strong></span> <span class='ocrx_word' id='word_1_600' title='bbox 2638 2591 2874 2652; x_wconf 90' lang='lat' dir='ltr'><strong>suos,ut</strong></span> <span class='ocrx_word' id='word_1_601' title='bbox 2893 2591 3288 2641; x_wconf 88' lang='lat' dir='ltr'><strong>rememorent</strong></span> <span class='ocrx_word' id='word_1_602' title='bbox 3303 2586 3761 2645; x_wconf 87' lang='lat' dir='ltr'><strong>tribulationum</strong></span> 
     </span>
    </p>
   </div>
   <div class='ocr_carea' id='block_1_88' title="bbox 2097 2668 3765 2746">
    <p class='ocr_par' dir='ltr' id='par_1_88' title="bbox 2097 2668 3765 2746">
     <span class='ocr_line' id='line_1_89' title="bbox 2097 2668 3765 2746; baseline 0.006 -23"><span class='ocrx_word' id='word_1_603' title='bbox 2097 2668 2350 2741; x_wconf 84' lang='lat' dir='ltr'><strong>labores,</strong></span> <span class='ocrx_word' id='word_1_604' title='bbox 2385 2674 2541 2728; x_wconf 90' lang='lat' dir='ltr'><strong>unde</strong></span> <span class='ocrx_word' id='word_1_605' title='bbox 2570 2674 2922 2746; x_wconf 89' lang='lat' dir='ltr'><strong>semetipsos</strong></span> <span class='ocrx_word' id='word_1_606' title='bbox 2968 2672 3327 2739; x_wconf 87' lang='lat' dir='ltr'><strong>custodiant,</strong></span> <span class='ocrx_word' id='word_1_607' title='bbox 3376 2675 3659 2732; x_wconf 88' lang='lat' dir='ltr'><strong>timentes</strong></span> <span class='ocrx_word' id='word_1_608' title='bbox 3691 2694 3765 2733; x_wconf 87' lang='lat' dir='ltr'><strong>ne</strong></span> 
     </span>
    </p>
   </div>
   <div class='ocr_carea' id='block_1_89' title="bbox 2096 2760 3759 2823">
    <p class='ocr_par' dir='ltr' id='par_1_89' title="bbox 2096 2760 3759 2823">
     <span class='ocr_line' id='line_1_90' title="bbox 2096 2760 3759 2823; baseline 0.007 -11"><span class='ocrx_word' id='word_1_609' title='bbox 2096 2762 2292 2816; x_wconf 89' lang='lat' dir='ltr'><strong>tantos</strong></span> <span class='ocrx_word' id='word_1_610' title='bbox 2323 2760 2554 2818; x_wconf 88' lang='lat' dir='ltr'><strong>labores</strong></span> <span class='ocrx_word' id='word_1_611' title='bbox 2586 2763 2883 2819; x_wconf 85' lang='lat' dir='ltr'><strong>amittant.</strong></span> <span class='ocrx_word' id='word_1_612' title='bbox 2924 2762 3073 2818; x_wconf 86' lang='lat' dir='ltr'><strong>Nam</strong></span> <span class='ocrx_word' id='word_1_613' title='bbox 3108 2766 3165 2818; x_wconf 90' lang='lat' dir='ltr'><strong>et</strong></span> <span class='ocrx_word' id='word_1_614' title='bbox 3194 2761 3348 2819; x_wconf 91' lang='lat' dir='ltr'><strong>ﬁlios</strong></span> <span class='ocrx_word' id='word_1_615' title='bbox 3389 2765 3569 2820; x_wconf 88' lang='lat' dir='ltr'><strong>Israel</strong></span> <span class='ocrx_word' id='word_1_616' title='bbox 3626 2766 3759 2823; x_wconf 90' lang='lat' dir='ltr'><strong>ideo</strong></span> 
     </span>
    </p>
   </div>
   <div class='ocr_carea' id='block_1_90' title="bbox 2096 2851 3757 2925">
    <p class='ocr_par' dir='ltr' id='par_1_90' title="bbox 2096 2851 3757 2925">
     <span class='ocr_line' id='line_1_91' title="bbox 2096 2851 3757 2925; baseline 0.007 -24"><span class='ocrx_word' id='word_1_617' title='bbox 2096 2852 2249 2904; x_wconf 91' lang='lat' dir='ltr'><strong>Deus</strong></span> <span class='ocrx_word' id='word_1_618' title='bbox 2280 2866 2383 2922; x_wconf 90' lang='lat' dir='ltr'><strong>per</strong></span> <span class='ocrx_word' id='word_1_619' title='bbox 2403 2851 2699 2907; x_wconf 86' lang='lat' dir='ltr'><strong>desertum</strong></span> <span class='ocrx_word' id='word_1_620' title='bbox 2723 2852 3117 2924; x_wconf 89' lang='lat' dir='ltr'><strong>quadraginta</strong></span> <span class='ocrx_word' id='word_1_621' title='bbox 3137 2853 3310 2909; x_wconf 88' lang='lat' dir='ltr'><strong>annis</strong></span> <span class='ocrx_word' id='word_1_622' title='bbox 3332 2853 3757 2925; x_wconf 82' lang='lat' dir='ltr'><strong>circumduxit,</strong></span> 
     </span>
    </p>
   </div>
   <div class='ocr_carea' id='block_1_91' title="bbox 2095 2942 3757 3015">
    <p class='ocr_par' dir='ltr' id='par_1_91' title="bbox 2095 2942 3757 3015">
     <span class='ocr_line' id='line_1_92' title="bbox 2095 2942 3757 3015; baseline 0.007 -23"><span class='ocrx_word' id='word_1_623' title='bbox 2095 2942 2160 2992; x_wconf 91' lang='lat' dir='ltr'><strong>ut</strong></span> <span class='ocrx_word' id='word_1_624' title='bbox 2188 2943 2594 2998; x_wconf 90' lang='lat' dir='ltr'><strong>rememoratis</strong></span> <span class='ocrx_word' id='word_1_625' title='bbox 2625 2942 3133 3015; x_wconf 88' lang='lat' dir='ltr'><strong>tribulationibus,</strong></span> <span class='ocrx_word' id='word_1_626' title='bbox 3192 2959 3309 2998; x_wconf 89' lang='lat' dir='ltr'><strong>non</strong></span> <span class='ocrx_word' id='word_1_627' title='bbox 3365 2943 3629 3002; x_wconf 87' lang='lat' dir='ltr'><strong>redirent</strong></span> <span class='ocrx_word' id='word_1_628' title='bbox 3660 2964 3757 3003; x_wconf 87' lang='lat' dir='ltr'><strong>re-</strong></span> 
     </span>
    </p>
   </div>
   <div class='ocr_carea' id='block_1_92' title="bbox 2094 3030 2375 3084">
    <p class='ocr_par' dir='ltr' id='par_1_92' title="bbox 2094 3030 2375 3084">
     <span class='ocr_line' id='line_1_93' title="bbox 2094 3030 2375 3084; baseline 0.014 -4"><span class='ocrx_word' id='word_1_629' title='bbox 2094 3030 2375 3084; x_wconf 89' lang='lat' dir='ltr'><strong>trorsum.</strong></span> 
     </span>
    </p>
   </div>
   <div class='ocr_carea' id='block_1_93' title="bbox 2091 3118 3757 3194">
    <p class='ocr_par' dir='ltr' id='par_1_93' title="bbox 2091 3118 3757 3194">
     <span class='ocr_line' id='line_1_94' title="bbox 2091 3118 3757 3194; baseline 0.006 -23"><span class='ocrx_word' id='word_1_630' title='bbox 2091 3118 2225 3194; x_wconf 76' lang='lat' dir='ltr'><strong>CAP_.</strong></span> <span class='ocrx_word' id='word_1_631' title='bbox 2258 3118 2329 3172; x_wconf 86' lang='lat'><strong>76</strong></span> <span class='ocrx_word' id='word_1_632' title='bbox 2358 3119 2537 3194; x_wconf 85' lang='lat' dir='ltr'><strong>——_Ut</strong></span> <span class='ocrx_word' id='word_1_633' title='bbox 2577 3121 2771 3175; x_wconf 89' lang='lat' dir='ltr'><strong>nullus</strong></span> <span class='ocrx_word' id='word_1_634' title='bbox 2806 3120 3092 3194; x_wconf 86' lang='lat' dir='ltr'><strong>episcopus</strong></span> <span class='ocrx_word' id='word_1_635' title='bbox 3138 3136 3234 3175; x_wconf 88' lang='lat' dir='ltr'><strong>seu</strong></span> <span class='ocrx_word' id='word_1_636' title='bbox 3260 3121 3564 3194; x_wconf 83' lang='lat' dir='ltr'><strong>presbyter</strong></span> <span class='ocrx_word' id='word_1_637' title='bbox 3609 3125 3757 3181; x_wconf 89' lang='lat' dir='ltr'><strong>alte-</strong></span> 
     </span>
    </p>
   </div>
   <div class='ocr_carea' id='block_1_94' title="bbox 2160 3188 3756 3266">
    <p class='ocr_par' dir='ltr' id='par_1_94' title="bbox 2160 3188 3756 3266">
     <span class='ocr_line' id='line_1_95' title="bbox 2160 3188 3756 3266; baseline 0.005 -22"><span class='ocrx_word' id='word_1_638' title='bbox 2160 3188 2280 3266; x_wconf 58' lang='grc' dir='ltr'><strong>[ἰαί</strong></span> <span class='ocrx_word' id='word_1_639' title='bbox 2305 3192 2660 3266; x_wconf 77' lang='lat' dir='ltr'><strong>poenitentem</strong></span> <span class='ocrx_word' id='word_1_640' title='bbox 2689 3195 2811 3247; x_wconf 85' lang='lat' dir='ltr'><strong>sine</strong></span> <span class='ocrx_word' id='word_1_641' title='bbox 2834 3188 3035 3247; x_wconf 75' lang='lat' dir='ltr'><strong>litteris</strong></span> <span class='ocrx_word' id='word_1_642' title='bbox 3063 3196 3153 3266; x_wconf 78' lang='lat' dir='ltr'><strong>sui</strong></span> <span class='ocrx_word' id='word_1_643' title='bbox 3179 3188 3417 3266; x_wconf 81' lang='lat' dir='ltr'><strong>episcOpi</strong></span> <span class='ocrx_word' id='word_1_644' title='bbox 3440 3188 3756 3266; x_wconf 64' lang='lat' dir='ltr'><strong>suscipiat.</strong></span> 
     </span>
    </p>
   </div>
   <div class='ocr_carea' id='block_1_95' title="bbox 2160 3259 3756 3385">
    <p class='ocr_par' dir='ltr' id='par_1_95' title="bbox 2160 3259 3756 3385">
     <span class='ocr_line' id='line_1_96' title="bbox 2160 3259 3756 3385; baseline 0.007 -72"><span class='ocrx_word' id='word_1_645' title='bbox 2160 3259 2503 3385; x_wconf 46' lang='lat' dir='ltr'><strong>Icixépistola</strong></span> <span class='ocrx_word' id='word_1_646' title='bbox 2528 3265 2723 3319; x_wconf 81' lang='lat' dir='ltr'><strong>Felicis</strong></span> <span class='ocrx_word' id='word_1_647' title='bbox 2751 3280 2906 3336; x_wconf 59' lang='lat' dir='ltr'><strong>papa</strong></span> <span class='ocrx_word' id='word_1_648' title='bbox 2935 3279 3056 3335; x_wconf 87' lang='lat' dir='ltr'><strong>cap.</strong></span> <span class='ocrx_word' id='word_1_649' title='bbox 3093 3264 3128 3317; x_wconf 88' lang='lat'><strong><em>2</em></strong></span> <span class='ocrx_word' id='word_1_650' title='bbox 3176 3259 3232 3335; x_wconf 90' lang='lat'><strong>(3</strong></span> <span class='ocrx_word' id='word_1_651' title='bbox 3287 3259 3373 3336; x_wconf 54' lang='lat' dir='ltr'><strong>ep;</strong></span> <span class='ocrx_word' id='word_1_652' title='bbox 3432 3259 3756 3339; x_wconf 74' lang='lat' dir='ltr'><strong>decretalis,</strong></span> 
     </span>
     <span class='ocr_line' id='line_1_97' title="bbox 2199 3358 2320 3385; baseline 0.008 -1"><span class='ocrx_word' id='word_1_653' title='bbox 2199 3371 2210 3382; x_wconf 94' lang='lat'><strong>.</strong></span> <span class='ocrx_word' id='word_1_654' title='bbox 2288 3358 2320 3385; x_wconf 70' lang='grc' dir='ltr'>ι.</span> 
     </span>
    </p>
   </div>
   <div class='ocr_carea' id='block_1_96' title="bbox 2166 3346 2320 3404">
    <p class='ocr_par' dir='ltr' id='par_1_96' title="bbox 2166 3346 2320 3404">
     <span class='ocr_line' id='line_1_98' title="bbox 2166 3346 2320 3404; baseline 0 -20"><span class='ocrx_word' id='word_1_655' title='bbox 2166 3346 2210 3385; x_wconf 90' lang='lat' dir='ltr'><strong>c.</strong></span> <span class='ocrx_word' id='word_1_656' title='bbox 2241 3346 2320 3404; x_wconf 76' lang='grc' dir='ltr'><strong>ο).</strong></span> 
     </span>
    </p>
   </div>
   <div class='ocr_carea' id='block_1_97' title="bbox 2165 3422 3752 3496">
    <p class='ocr_par' dir='ltr' id='par_1_97' title="bbox 2165 3422 3752 3496">
     <span class='ocr_line' id='line_1_99' title="bbox 2165 3422 3752 3496; baseline 0.003 -20"><span class='ocrx_word' id='word_1_657' title='bbox 2165 3423 2502 3478; x_wconf 88' lang='lat' dir='ltr'><strong>Curandum</strong></span> <span class='ocrx_word' id='word_1_658' title='bbox 2532 3439 2665 3478; x_wconf 88' lang='lat' dir='ltr'><strong>vero</strong></span> <span class='ocrx_word' id='word_1_659' title='bbox 2690 3423 2966 3491; x_wconf 87' lang='lat' dir='ltr'><strong>maxime,</strong></span> <span class='ocrx_word' id='word_1_660' title='bbox 2998 3427 3058 3479; x_wconf 92' lang='lat' dir='ltr'><strong>et</strong></span> <span class='ocrx_word' id='word_1_661' title='bbox 3085 3422 3249 3479; x_wconf 90' lang='lat' dir='ltr'><strong>omni</strong></span> <span class='ocrx_word' id='word_1_662' title='bbox 3278 3425 3507 3480; x_wconf 89' lang='lat' dir='ltr'><strong>cautela</strong></span> <span class='ocrx_word' id='word_1_663' title='bbox 3557 3427 3752 3496; x_wconf 80' lang='lat' dir='ltr'><strong>provi-</strong></span> 
     </span>
    </p>
   </div>
   <div class='ocr_carea' id='block_1_98' title="bbox 2086 3511 3751 3585">
    <p class='ocr_par' dir='ltr' id='par_1_98' title="bbox 2086 3511 3751 3585">
     <span class='ocr_line' id='line_1_100' title="bbox 2086 3511 3751 3585; baseline 0.002 -18"><span class='ocrx_word' id='word_1_664' title='bbox 2086 3511 2365 3578; x_wconf 89' lang='lat' dir='ltr'><strong>dendum,</strong></span> <span class='ocrx_word' id='word_1_665' title='bbox 2393 3527 2463 3567; x_wconf 90' lang='lat' dir='ltr'><strong>ne</strong></span> <span class='ocrx_word' id='word_1_666' title='bbox 2486 3511 2612 3581; x_wconf 88' lang='lat' dir='ltr'><strong>quis</strong></span> <span class='ocrx_word' id='word_1_667' title='bbox 2637 3512 2883 3569; x_wconf 86' lang='lat' dir='ltr'><strong>fratrum</strong></span> <span class='ocrx_word' id='word_1_668' title='bbox 2900 3512 3751 3585; x_wconf 87' lang='lat' dir='ltr'><strong>coepiscoporumquenostro-</strong></span> 
     </span>
    </p>
   </div>
   <div class='ocr_carea' id='block_1_99' title="bbox 2086 3600 3748 3674">
    <p class='ocr_par' dir='ltr' id='par_1_99' title="bbox 2086 3600 3748 3674">
     <span class='ocr_line' id='line_1_101' title="bbox 2086 3600 3748 3674; baseline 0.004 -19"><span class='ocrx_word' id='word_1_669' title='bbox 2086 3618 2240 3671; x_wconf 88' lang='lat' dir='ltr'><strong>rum,</strong></span> <span class='ocrx_word' id='word_1_670' title='bbox 2271 3605 2372 3656; x_wconf 90' lang='lat' dir='ltr'><strong>aut</strong></span> <span class='ocrx_word' id='word_1_671' title='bbox 2400 3601 2580 3656; x_wconf 87' lang='lat' dir='ltr'><strong>etiam</strong></span> <span class='ocrx_word' id='word_1_672' title='bbox 2616 3602 3089 3674; x_wconf 87' lang='lat' dir='ltr'><strong>presbyterorum</strong></span> <span class='ocrx_word' id='word_1_673' title='bbox 3113 3601 3171 3657; x_wconf 88' lang='lat' dir='ltr'><strong>in</strong></span> <span class='ocrx_word' id='word_1_674' title='bbox 3207 3600 3450 3657; x_wconf 90' lang='lat' dir='ltr'><strong>alterius</strong></span> <span class='ocrx_word' id='word_1_675' title='bbox 3482 3602 3748 3672; x_wconf 87' lang='lat' dir='ltr'><strong>civitate,</strong></span> 
     </span>
    </p>
   </div>
   <div class='ocr_carea' id='block_1_100' title="bbox 2082 3689 3748 3761">
    <p class='ocr_par' dir='ltr' id='par_1_100' title="bbox 2082 3689 3748 3761">
     <span class='ocr_line' id='line_1_102' title="bbox 2082 3689 3748 3761; baseline 0.003 -17"><span class='ocrx_word' id='word_1_676' title='bbox 2082 3690 2171 3745; x_wconf 92' lang='lat' dir='ltr'><strong>vel</strong></span> <span class='ocrx_word' id='word_1_677' title='bbox 2205 3689 2438 3745; x_wconf 77' lang='lat' dir='ltr'><strong>dimcesi</strong></span> <span class='ocrx_word' id='word_1_678' title='bbox 2471 3690 2871 3761; x_wconf 76' lang='lat' dir='ltr'><strong>pmnitentem,</strong></span> <span class='ocrx_word' id='word_1_679' title='bbox 2903 3690 2990 3745; x_wconf 90' lang='lat' dir='ltr'><strong>vel</strong></span> <span class='ocrx_word' id='word_1_680' title='bbox 3019 3690 3129 3747; x_wconf 89' lang='lat' dir='ltr'><strong>sub</strong></span> <span class='ocrx_word' id='word_1_681' title='bbox 3165 3706 3341 3746; x_wconf 87' lang='lat' dir='ltr'><strong>manu</strong></span> <span class='ocrx_word' id='word_1_682' title='bbox 3363 3691 3624 3761; x_wconf 89' lang='lat' dir='ltr'><strong>positum</strong></span> <span class='ocrx_word' id='word_1_683' title='bbox 3650 3710 3748 3749; x_wconf 87' lang='lat' dir='ltr'><strong>sa-</strong></span> 
     </span>
    </p>
   </div>
   <div class='ocr_carea' id='block_1_101' title="bbox 2084 3778 3741 3850">
    <p class='ocr_par' dir='ltr' id='par_1_101' title="bbox 2084 3778 3741 3850">
     <span class='ocr_line' id='line_1_103' title="bbox 2084 3778 3741 3850; baseline 0.001 -15"><span class='ocrx_word' id='word_1_684' title='bbox 2084 3778 2356 3845; x_wconf 90' lang='lat' dir='ltr'><strong>cerdotis,</strong></span> <span class='ocrx_word' id='word_1_685' title='bbox 2390 3783 2492 3834; x_wconf 90' lang='lat' dir='ltr'><strong>aut</strong></span> <span class='ocrx_word' id='word_1_686' title='bbox 2522 3796 2656 3834; x_wconf 88' lang='lat' dir='ltr'><strong>eum</strong></span> <span class='ocrx_word' id='word_1_687' title='bbox 2690 3779 2790 3850; x_wconf 88' lang='lat' dir='ltr'><strong>qui</strong></span> <span class='ocrx_word' id='word_1_688' title='bbox 2822 3779 3264 3835; x_wconf 86' lang='lat' dir='ltr'><strong>reconciliatum</strong></span> <span class='ocrx_word' id='word_1_689' title='bbox 3315 3796 3379 3835; x_wconf 90' lang='lat' dir='ltr'><strong>se</strong></span> <span class='ocrx_word' id='word_1_690' title='bbox 3409 3796 3540 3836; x_wconf 87' lang='lat' dir='ltr'><strong>esse</strong></span> <span class='ocrx_word' id='word_1_691' title='bbox 3571 3781 3741 3850; x_wconf 79' lang='lat' dir='ltr'><strong>dixit,</strong></span> 
     </span>
    </p>
   </div>
   <div class='ocr_carea' id='block_1_102' title="bbox 2082 3867 3741 3940">
    <p class='ocr_par' dir='ltr' id='par_1_102' title="bbox 2082 3867 3741 3940">
     <span class='ocr_line' id='line_1_104' title="bbox 2082 3867 3741 3940; baseline 0.002 -17"><span class='ocrx_word' id='word_1_692' title='bbox 2082 3867 2209 3923; x_wconf 88' lang='lat' dir='ltr'><strong>sine</strong></span> <span class='ocrx_word' id='word_1_693' title='bbox 2229 3867 2488 3938; x_wconf 89' lang='lat' dir='ltr'><strong>episcopi</strong></span> <span class='ocrx_word' id='word_1_694' title='bbox 2509 3867 2595 3922; x_wconf 90' lang='lat' dir='ltr'><strong>vel</strong></span> <span class='ocrx_word' id='word_1_695' title='bbox 2620 3868 2944 3940; x_wconf 79' lang='lat' dir='ltr'><strong>presbyteri</strong></span> <span class='ocrx_word' id='word_1_696' title='bbox 2971 3867 3305 3924; x_wconf 90' lang='lat' dir='ltr'><strong>testimonio</strong></span> <span class='ocrx_word' id='word_1_697' title='bbox 3322 3873 3379 3924; x_wconf 90' lang='lat' dir='ltr'><strong>et</strong></span> <span class='ocrx_word' id='word_1_698' title='bbox 3404 3868 3640 3938; x_wconf 89' lang='lat' dir='ltr'><strong>litteris,</strong></span> <span class='ocrx_word' id='word_1_699' title='bbox 3667 3871 3741 3926; x_wconf 89' lang='lat' dir='ltr'><strong>ad</strong></span> 
     </span>
    </p>
   </div>
   <div class='ocr_carea' id='block_1_103' title="bbox 2082 3956 3237 4028">
    <p class='ocr_par' dir='ltr' id='par_1_103' title="bbox 2082 3956 3237 4028">
     <span class='ocr_line' id='line_1_105' title="bbox 2082 3956 3237 4028; baseline 0 -16"><span class='ocrx_word' id='word_1_700' title='bbox 2082 3957 2252 4027; x_wconf 88' lang='lat' dir='ltr'><strong>cujus</strong></span> <span class='ocrx_word' id='word_1_701' title='bbox 2284 3957 2533 4027; x_wconf 87' lang='lat' dir='ltr'><strong>pertinet</strong></span> <span class='ocrx_word' id='word_1_702' title='bbox 2563 3956 2899 4028; x_wconf 79' lang='lat' dir='ltr'><strong>parmciam,</strong></span> <span class='ocrx_word' id='word_1_703' title='bbox 2932 3957 3237 4028; x_wconf 88' lang='lat' dir='ltr'><strong>suscipiat.</strong></span> 
     </span>
    </p>
   </div>
   <div class='ocr_carea' id='block_1_104' title="bbox 2080 4044 3753 4115">
    <p class='ocr_par' dir='ltr' id='par_1_104' title="bbox 2080 4044 3753 4115">
     <span class='ocr_line' id='line_1_106' title="bbox 2080 4044 3753 4115; baseline 0.002 -15"><span class='ocrx_word' id='word_1_704' title='bbox 2080 4044 2215 4100; x_wconf 78' lang='lat' dir='ltr'><strong>CAP.</strong></span> <span class='ocrx_word' id='word_1_705' title='bbox 2246 4045 2335 4098; x_wconf 92' lang='lat'><strong>77.</strong></span> <span class='ocrx_word' id='word_1_706' title='bbox 2372 4076 2438 4085; x_wconf 94' lang='lat'>—</span> <span class='ocrx_word' id='word_1_707' title='bbox 2468 4045 2628 4109; x_wconf 79' lang='lat' dir='ltr'><strong>Quod</strong></span> <span class='ocrx_word' id='word_1_708' title='bbox 2654 4047 2982 4115; x_wconf 77' lang='lat' dir='ltr'><strong>paznitentes</strong></span> <span class='ocrx_word' id='word_1_709' title='bbox 3012 4046 3318 4103; x_wconf 80' lang='lat' dir='ltr'><strong>secundum</strong></span> <span class='ocrx_word' id='word_1_710' title='bbox 3337 4063 3598 4113; x_wconf 86' lang='lat' dir='ltr'><strong>canones,</strong></span> <span class='ocrx_word' id='word_1_711' title='bbox 3632 4049 3753 4103; x_wconf 81' lang='lat' dir='ltr'><strong>nisi</strong></span> 
     </span>
    </p>
   </div>
   <div class='ocr_carea' id='block_1_105' title="bbox 2145 4117 3753 4188">
    <p class='ocr_par' dir='ltr' id='par_1_105' title="bbox 2145 4117 3753 4188">
     <span class='ocr_line' id='line_1_107' title="bbox 2145 4117 3753 4188; baseline 0.003 -18"><span class='ocrx_word' id='word_1_712' title='bbox 2145 4120 2372 4188; x_wconf 86' lang='lat' dir='ltr'><strong>peracta</strong></span> <span class='ocrx_word' id='word_1_713' title='bbox 2395 4119 2747 4187; x_wconf 64' lang='lat' dir='ltr'><strong>paenitentia,</strong></span> <span class='ocrx_word' id='word_1_714' title='bbox 2777 4121 3187 4175; x_wconf 84' lang='lat' dir='ltr'><strong>communicare</strong></span> <span class='ocrx_word' id='word_1_715' title='bbox 3217 4134 3328 4174; x_wconf 83' lang='lat' dir='ltr'><strong>non</strong></span> <span class='ocrx_word' id='word_1_716' title='bbox 3369 4117 3622 4177; x_wconf 85' lang='lat' dir='ltr'><strong>debeant.</strong></span> <span class='ocrx_word' id='word_1_717' title='bbox 3666 4121 3753 4175; x_wconf 75' lang='lat' dir='ltr'><strong>Ea:</strong></span> 
     </span>
    </p>
   </div>
   <div class='ocr_carea' id='block_1_106' title="bbox 2150 4189 2932 4260">
    <p class='ocr_par' dir='ltr' id='par_1_106' title="bbox 2150 4189 2932 4260">
     <span class='ocr_line' id='line_1_108' title="bbox 2150 4189 2932 4260; baseline 0.003 -16"><span class='ocrx_word' id='word_1_718' title='bbox 2150 4189 2321 4244; x_wconf 86' lang='lat' dir='ltr'><strong>dictis</strong></span> <span class='ocrx_word' id='word_1_719' title='bbox 2351 4190 2448 4244; x_wconf 90' lang='lat' dir='ltr'><strong>Pii</strong></span> <span class='ocrx_word' id='word_1_720' title='bbox 2470 4202 2657 4260; x_wconf 68' lang='lat' dir='ltr'><strong>papae,</strong></span> <span class='ocrx_word' id='word_1_721' title='bbox 2690 4206 2811 4260; x_wconf 87' lang='lat' dir='ltr'><strong>cap.</strong></span> <span class='ocrx_word' id='word_1_722' title='bbox 2848 4191 2932 4246; x_wconf 90' lang='grc'><strong>10.</strong></span> 
     </span>
    </p>
   </div>
   <div class='ocr_carea' id='block_1_107' title="bbox 2151 4277 3748 4338">
    <p class='ocr_par' dir='ltr' id='par_1_107' title="bbox 2151 4277 3748 4338">
     <span class='ocr_line' id='line_1_109' title="bbox 2151 4277 3748 4338; baseline 0.003 -6"><span class='ocrx_word' id='word_1_723' title='bbox 2151 4277 2499 4332; x_wconf 72' lang='lat' dir='ltr'><strong>Pmnitentes</strong></span> <span class='ocrx_word' id='word_1_724' title='bbox 2531 4294 2647 4333; x_wconf 91' lang='lat' dir='ltr'><strong>non</strong></span> <span class='ocrx_word' id='word_1_725' title='bbox 2681 4278 2895 4333; x_wconf 90' lang='lat' dir='ltr'><strong>debent</strong></span> <span class='ocrx_word' id='word_1_726' title='bbox 2925 4279 3364 4336; x_wconf 85' lang='lat' dir='ltr'><strong>communicare</strong></span> <span class='ocrx_word' id='word_1_727' title='bbox 3420 4282 3557 4336; x_wconf 87' lang='lat' dir='ltr'><strong>ante</strong></span> <span class='ocrx_word' id='word_1_728' title='bbox 3605 4296 3748 4338; x_wconf 85' lang='lat' dir='ltr'><strong>con-</strong></span> 
     </span>
    </p>
   </div>
   <div class='ocr_carea' id='block_1_108' title="bbox 2077 4366 2947 4437">
    <p class='ocr_par' dir='ltr' id='par_1_108' title="bbox 2077 4366 2947 4437">
     <span class='ocr_line' id='line_1_110' title="bbox 2077 4366 2947 4437; baseline 0.005 -18"><span class='ocrx_word' id='word_1_729' title='bbox 2077 4366 2534 4421; x_wconf 87' lang='lat' dir='ltr'><strong>summationem</strong></span> <span class='ocrx_word' id='word_1_730' title='bbox 2568 4366 2947 4437; x_wconf 60' lang='lat' dir='ltr'><strong>paenitentiae.</strong></span> 
     </span>
    </p>
   </div>
   <div class='ocr_carea' id='block_1_109' title="bbox 2075 4454 3745 4528">
    <p class='ocr_par' dir='ltr' id='par_1_109' title="bbox 2075 4454 3745 4528">
     <span class='ocr_line' id='line_1_111' title="bbox 2075 4454 3745 4528; baseline 0.004 -21"><span class='ocrx_word' id='word_1_731' title='bbox 2075 4456 2206 4528; x_wconf 59' lang='lat' dir='ltr'><strong>CAP.</strong></span> <span class='ocrx_word' id='word_1_732' title='bbox 2231 4455 2320 4507; x_wconf 89' lang='lat'><strong>78.</strong></span> <span class='ocrx_word' id='word_1_733' title='bbox 2346 4486 2413 4495; x_wconf 85' lang='lat'><strong>-—-</strong></span> <span class='ocrx_word' id='word_1_734' title='bbox 2436 4454 2588 4523; x_wconf 85' lang='lat' dir='ltr'><strong>Quod</strong></span> <span class='ocrx_word' id='word_1_735' title='bbox 2601 4471 2699 4525; x_wconf 85' lang='lat' dir='ltr'><strong>pro</strong></span> <span class='ocrx_word' id='word_1_736' title='bbox 2720 4455 2935 4511; x_wconf 84' lang='lat' dir='ltr'><strong>ethnico</strong></span> <span class='ocrx_word' id='word_1_737' title='bbox 2955 4465 3008 4512; x_wconf 90' lang='lat' dir='ltr'><strong>et</strong></span> <span class='ocrx_word' id='word_1_738' title='bbox 3029 4465 3081 4512; x_wconf 90' lang='lat' dir='ltr'><strong>et</strong></span> <span class='ocrx_word' id='word_1_739' title='bbox 3100 4458 3393 4528; x_wconf 85' lang='lat' dir='ltr'><strong>publicano</strong></span> <span class='ocrx_word' id='word_1_740' title='bbox 3408 4458 3485 4513; x_wconf 79' lang='lat' dir='ltr'><strong>sit</strong></span> <span class='ocrx_word' id='word_1_741' title='bbox 3518 4456 3745 4513; x_wconf 82' lang='lat' dir='ltr'><strong>haben-</strong></span> 
     </span>
    </p>
   </div>
   <div class='ocr_carea' id='block_1_110' title="bbox 1999 4523 3738 4600">
    <p class='ocr_par' dir='ltr' id='par_1_110' title="bbox 1999 4523 3738 4600">
     <span class='ocr_line' id='line_1_112' title="bbox 1999 4523 3738 4600; baseline 0.004 -22"><span class='ocrx_word' id='word_1_742' title='bbox 1999 4523 2042 4586; x_wconf 84' lang='grc' dir='ltr'>ι)</span> <span class='ocrx_word' id='word_1_743' title='bbox 2144 4525 2396 4600; x_wconf 77' lang='lat' dir='ltr'><strong>dus,_qui</strong></span> <span class='ocrx_word' id='word_1_744' title='bbox 2421 4542 2519 4597; x_wconf 85' lang='lat' dir='ltr'><strong>pro</strong></span> <span class='ocrx_word' id='word_1_745' title='bbox 2546 4523 2760 4596; x_wconf 84' lang='lat' dir='ltr'><strong>peccato</strong></span> <span class='ocrx_word' id='word_1_746' title='bbox 2807 4523 3108 4584; x_wconf 77' lang='lat' dir='ltr'><strong>commissa</strong></span> <span class='ocrx_word' id='word_1_747' title='bbox 3137 4531 3405 4600; x_wconf 68' lang='lat' dir='ltr'><strong>paenitere</strong></span> <span class='ocrx_word' id='word_1_748' title='bbox 3459 4530 3738 4586; x_wconf 81' lang='lat' dir='ltr'><strong>noluerit.</strong></span> 
     </span>
    </p>
   </div>
   <div class='ocr_carea' id='block_1_111' title="bbox 2144 4597 2682 4666">
    <p class='ocr_par' dir='ltr' id='par_1_111' title="bbox 2144 4597 2682 4666">
     <span class='ocr_line' id='line_1_113' title="bbox 2144 4597 2682 4666; baseline 0.006 -16"><span class='ocrx_word' id='word_1_749' title='bbox 2144 4598 2228 4651; x_wconf 74' lang='lat' dir='ltr'><strong>Ex</strong></span> <span class='ocrx_word' id='word_1_750' title='bbox 2255 4597 2423 4653; x_wconf 78' lang='lat' dir='ltr'><strong>dictis</strong></span> <span class='ocrx_word' id='word_1_751' title='bbox 2453 4600 2682 4666; x_wconf 84' lang='lat' dir='ltr'><strong>August.</strong></span> 
     </span>
    </p>
   </div>
   <div class='ocr_carea' id='block_1_112' title="bbox 2139 4684 3738 4760">
    <p class='ocr_par' dir='ltr' id='par_1_112' title="bbox 2139 4684 3738 4760">
     <span class='ocr_line' id='line_1_114' title="bbox 2139 4684 3738 4760; baseline 0.004 -22"><span class='ocrx_word' id='word_1_752' title='bbox 2139 4684 2328 4755; x_wconf 86' lang='lat' dir='ltr'><strong>(26,q.</strong></span> <span class='ocrx_word' id='word_1_753' title='bbox 2360 4685 2417 4753; x_wconf 91' lang='lat'><strong>7,</strong></span> <span class='ocrx_word' id='word_1_754' title='bbox 2448 4701 2495 4741; x_wconf 85' lang='lat' dir='ltr'><strong>c.</strong></span> <span class='ocrx_word' id='word_1_755' title='bbox 2530 4687 2673 4756; x_wconf 86' lang='lat' dir='ltr'><strong>Erga</strong></span> <span class='ocrx_word' id='word_1_756' title='bbox 2704 4686 2878 4758; x_wconf 88' lang='lat' dir='ltr'><strong>eum.)</strong></span> <span class='ocrx_word' id='word_1_757' title='bbox 2921 4688 3068 4760; x_wconf 90' lang='lat' dir='ltr'><strong>Erga</strong></span> <span class='ocrx_word' id='word_1_758' title='bbox 3115 4704 3251 4745; x_wconf 91' lang='lat' dir='ltr'><strong>eum</strong></span> <span class='ocrx_word' id='word_1_759' title='bbox 3286 4687 3384 4760; x_wconf 91' lang='lat' dir='ltr'><strong>qui</strong></span> <span class='ocrx_word' id='word_1_760' title='bbox 3432 4703 3540 4760; x_wconf 91' lang='lat' dir='ltr'><strong>pro</strong></span> <span class='ocrx_word' id='word_1_761' title='bbox 3599 4703 3738 4758; x_wconf 87' lang='lat' dir='ltr'><strong>pec-</strong></span> 
     </span>
    </p>
   </div>
   <div class='ocr_carea' id='block_1_113' title="bbox 2065 4775 3740 4850">
    <p class='ocr_par' dir='ltr' id='par_1_113' title="bbox 2065 4775 3740 4850">
     <span class='ocr_line' id='line_1_115' title="bbox 2065 4775 3740 4850; baseline 0.004 -22"><span class='ocrx_word' id='word_1_762' title='bbox 2065 4778 2194 4829; x_wconf 88' lang='lat' dir='ltr'><strong>cato</strong></span> <span class='ocrx_word' id='word_1_763' title='bbox 2228 4775 2552 4831; x_wconf 88' lang='lat' dir='ltr'><strong>commisso</strong></span> <span class='ocrx_word' id='word_1_764' title='bbox 2586 4793 2699 4832; x_wconf 92' lang='lat' dir='ltr'><strong>non</strong></span> <span class='ocrx_word' id='word_1_765' title='bbox 2748 4777 3015 4850; x_wconf 68' lang='lat' dir='ltr'><strong>paenitet,</strong></span> <span class='ocrx_word' id='word_1_766' title='bbox 3044 4777 3191 4835; x_wconf 87' lang='lat' dir='ltr'><strong>tales</strong></span> <span class='ocrx_word' id='word_1_767' title='bbox 3243 4794 3372 4834; x_wconf 88' lang='lat' dir='ltr'><strong>esse</strong></span> <span class='ocrx_word' id='word_1_768' title='bbox 3418 4778 3740 4845; x_wconf 86' lang='lat' dir='ltr'><strong>debemus,</strong></span> 
     </span>
    </p>
   </div>
   <div class='ocr_carea' id='block_1_114' title="bbox 2062 4861 3735 4938">
    <p class='ocr_par' dir='ltr' id='par_1_114' title="bbox 2062 4861 3735 4938">
     <span class='ocr_line' id='line_1_116' title="bbox 2062 4861 3735 4938; baseline 0.003 -21"><span class='ocrx_word' id='word_1_769' title='bbox 2062 4861 2219 4917; x_wconf 91' lang='lat' dir='ltr'><strong>sicut</strong></span> <span class='ocrx_word' id='word_1_770' title='bbox 2252 4864 2533 4920; x_wconf 87' lang='lat' dir='ltr'><strong>Dominus</strong></span> <span class='ocrx_word' id='word_1_771' title='bbox 2557 4866 2833 4938; x_wconf 71' lang='lat' dir='ltr'><strong>praecepit</strong></span> <span class='ocrx_word' id='word_1_772' title='bbox 2862 4867 3065 4923; x_wconf 90' lang='lat' dir='ltr'><strong>dicens</strong></span> <span class='ocrx_word' id='word_1_773' title='bbox 3089 4884 3102 4923; x_wconf 95' lang='lat'>:</span> <span class='ocrx_word' id='word_1_774' title='bbox 3134 4867 3222 4926; x_wconf 87' lang='lat' dir='ltr'><strong>Sit</strong></span> <span class='ocrx_word' id='word_1_775' title='bbox 3243 4867 3351 4922; x_wconf 87' lang='lat' dir='ltr'><strong>tibi</strong></span> <span class='ocrx_word' id='word_1_776' title='bbox 3376 4867 3519 4922; x_wconf 80' lang='lat' dir='ltr'><strong>sicut</strong></span> <span class='ocrx_word' id='word_1_777' title='bbox 3546 4866 3735 4923; x_wconf 84' lang='lat' dir='ltr'><strong>ethni-</strong></span> 
     </span>
    </p>
   </div>
   <div class='ocr_carea' id='block_1_115' title="bbox 2058 4954 3733 5028">
    <p class='ocr_par' dir='ltr' id='par_1_115' title="bbox 2058 4954 3733 5028">
     <span class='ocr_line' id='line_1_117' title="bbox 2058 4954 3733 5028; baseline 0.004 -22"><span class='ocrx_word' id='word_1_778' title='bbox 2058 4958 2153 5006; x_wconf 80' lang='lat' dir='ltr'><strong>cus</strong></span> <span class='ocrx_word' id='word_1_779' title='bbox 2182 4960 2233 5007; x_wconf 89' lang='lat' dir='ltr'><strong>et</strong></span> <span class='ocrx_word' id='word_1_780' title='bbox 2254 4954 2589 5024; x_wconf 85' lang='lat' dir='ltr'><strong>publicanus</strong></span> <span class='ocrx_word' id='word_1_781' title='bbox 2618 4954 2832 5023; x_wconf 76' lang='lat' dir='ltr'><strong>(Matth.</strong></span> <span class='ocrx_word' id='word_1_782' title='bbox 2865 4959 3050 5027; x_wconf 88' lang='lat' dir='ltr'><strong>xvm).</strong></span> <span class='ocrx_word' id='word_1_783' title='bbox 3108 4957 3175 5012; x_wconf 87' lang='lat' dir='ltr'><strong>Et</strong></span> <span class='ocrx_word' id='word_1_784' title='bbox 3205 4956 3359 5012; x_wconf 89' lang='lat' dir='ltr'><strong>sicut</strong></span> <span class='ocrx_word' id='word_1_785' title='bbox 3403 4955 3733 5028; x_wconf 86' lang='lat' dir='ltr'><strong>Apostolus</strong></span> 
     </span>
    </p>
   </div>
   <div class='ocr_carea' id='block_1_116' title="bbox 2050 5040 3732 5116">
    <p class='ocr_par' dir='ltr' id='par_1_116' title="bbox 2050 5040 3732 5116">
     <span class='ocr_line' id='line_1_118' title="bbox 2050 5040 3732 5116; baseline 0.004 -22"><span class='ocrx_word' id='word_1_786' title='bbox 2050 5040 2224 5110; x_wconf 86' lang='lat' dir='ltr'><strong>jubet</strong></span> <span class='ocrx_word' id='word_1_787' title='bbox 2249 5058 2261 5095; x_wconf 90' lang='lat'>:</span> <span class='ocrx_word' id='word_1_788' title='bbox 2298 5042 2642 5098; x_wconf 87' lang='lat' dir='ltr'><strong>Subtrahite</strong></span> <span class='ocrx_word' id='word_1_789' title='bbox 2668 5060 2761 5099; x_wconf 84' lang='lat' dir='ltr'><strong>vos</strong></span> <span class='ocrx_word' id='word_1_790' title='bbox 2783 5046 2998 5116; x_wconf 90' lang='lat' dir='ltr'><strong>inquit,</strong></span> <span class='ocrx_word' id='word_1_791' title='bbox 3030 5046 3098 5101; x_wconf 89' lang='lat' dir='ltr'><strong>ab</strong></span> <span class='ocrx_word' id='word_1_792' title='bbox 3121 5047 3274 5102; x_wconf 87' lang='lat' dir='ltr'><strong>omni</strong></span> <span class='ocrx_word' id='word_1_793' title='bbox 3291 5046 3477 5116; x_wconf 81' lang='lat' dir='ltr'><strong>fratre</strong></span> <span class='ocrx_word' id='word_1_794' title='bbox 3508 5045 3732 5100; x_wconf 85' lang='lat' dir='ltr'><strong>inordi-</strong></span> 
     </span>
    </p>
   </div>
   <div class='ocr_carea' id='block_1_117' title="bbox 2055 5130 3729 5206">
    <p class='ocr_par' dir='ltr' id='par_1_117' title="bbox 2055 5130 3729 5206">
     <span class='ocr_line' id='line_1_119' title="bbox 2055 5130 3729 5206; baseline 0.003 -22"><span class='ocrx_word' id='word_1_795' title='bbox 2055 5134 2183 5185; x_wconf 82' lang='lat' dir='ltr'><strong>nate</strong></span> <span class='ocrx_word' id='word_1_796' title='bbox 2203 5130 2540 5198; x_wconf 84' lang='lat' dir='ltr'><strong>ambulante,</strong></span> <span class='ocrx_word' id='word_1_797' title='bbox 2587 5136 2639 5188; x_wconf 87' lang='lat' dir='ltr'><strong>et</strong></span> <span class='ocrx_word' id='word_1_798' title='bbox 2668 5148 2777 5189; x_wconf 87' lang='lat' dir='ltr'><strong>non</strong></span> <span class='ocrx_word' id='word_1_799' title='bbox 2823 5134 3121 5190; x_wconf 86' lang='lat' dir='ltr'><strong>secundum</strong></span> <span class='ocrx_word' id='word_1_800' title='bbox 3163 5134 3527 5190; x_wconf 84' lang='lat' dir='ltr'><strong>traditionem</strong></span> <span class='ocrx_word' id='word_1_801' title='bbox 3556 5151 3729 5206; x_wconf 79' lang='lat' dir='ltr'><strong>quam</strong></span> 
     </span>
    </p>
   </div>
   <div class='ocr_carea' id='block_1_118' title="bbox 2055 5219 2895 5295">
    <p class='ocr_par' dir='ltr' id='par_1_118' title="bbox 2055 5219 2895 5295">
     <span class='ocr_line' id='line_1_120' title="bbox 2055 5219 2895 5295; baseline 0.005 -21"><span class='ocrx_word' id='word_1_802' title='bbox 2055 5219 2275 5274; x_wconf 85' lang='lat' dir='ltr'><strong>tradidi</strong></span> <span class='ocrx_word' id='word_1_803' title='bbox 2302 5220 2468 5275; x_wconf 92' lang='lat' dir='ltr'><strong>vobis</strong></span> <span class='ocrx_word' id='word_1_804' title='bbox 2499 5220 2570 5291; x_wconf 93' lang='lat' dir='ltr'><strong>(II</strong></span> <span class='ocrx_word' id='word_1_805' title='bbox 2601 5222 2747 5278; x_wconf 81' lang='lat' dir='ltr'><strong>Thes.</strong></span> <span class='ocrx_word' id='word_1_806' title='bbox 2783 5223 2895 5295; x_wconf 86' lang='grc' dir='ltr'>ιιι).</span> 
     </span>
    </p>
   </div>
   <div class='ocr_carea' id='block_1_119' title="bbox 2054 5307 3727 5383">
    <p class='ocr_par' dir='ltr' id='par_1_119' title="bbox 2054 5307 3727 5383">
     <span class='ocr_line' id='line_1_121' title="bbox 2054 5307 3727 5383; baseline 0.003 -20"><span class='ocrx_word' id='word_1_807' title='bbox 2054 5307 2307 5383; x_wconf 36' lang='grc' dir='ltr'><strong>ΟΑιξτ-Ἱξ).</strong></span> <span class='ocrx_word' id='word_1_808' title='bbox 2339 5340 2405 5349; x_wconf 87' lang='grc'><strong>-</strong></span> <span class='ocrx_word' id='word_1_809' title='bbox 2436 5309 2586 5377; x_wconf 81' lang='lat' dir='ltr'><strong>Quod</strong></span> <span class='ocrx_word' id='word_1_810' title='bbox 2619 5328 2653 5365; x_wconf 91' lang='lat' dir='ltr'><strong>a</strong></span> <span class='ocrx_word' id='word_1_811' title='bbox 2701 5312 2870 5367; x_wconf 84' lang='lat' dir='ltr'><strong>licitis</strong></span> <span class='ocrx_word' id='word_1_812' title='bbox 2919 5327 2975 5367; x_wconf 87' lang='lat' dir='ltr'><strong>se</strong></span> <span class='ocrx_word' id='word_1_813' title='bbox 3030 5312 3310 5368; x_wconf 87' lang='lat' dir='ltr'><strong>abstinere</strong></span> <span class='ocrx_word' id='word_1_814' title='bbox 3339 5310 3561 5378; x_wconf 83' lang='lat' dir='ltr'><strong>debeat,</strong></span> <span class='ocrx_word' id='word_1_815' title='bbox 3621 5314 3727 5383; x_wconf 86' lang='lat' dir='ltr'><strong>qui</strong></span> 
     </span>
    </p>
   </div>
   <div class='ocr_carea' id='block_1_120' title="bbox 2122 5379 3726 5454">
    <p class='ocr_par' dir='ltr' id='par_1_120' title="bbox 2122 5379 3726 5454">
     <span class='ocr_line' id='line_1_122' title="bbox 2122 5379 3726 5454; baseline 0.004 -22"><span class='ocrx_word' id='word_1_816' title='bbox 2122 5379 2408 5454; x_wconf 74' lang='lat' dir='ltr'><strong>illicitase</strong></span> <span class='ocrx_word' id='word_1_817' title='bbox 2435 5384 2777 5439; x_wconf 79' lang='lat' dir='ltr'><strong>commisisse</strong></span> <span class='ocrx_word' id='word_1_818' title='bbox 2800 5384 3137 5440; x_wconf 86' lang='lat' dir='ltr'><strong>meminerit.</strong></span> <span class='ocrx_word' id='word_1_819' title='bbox 3164 5386 3249 5440; x_wconf 76' lang='lat' dir='ltr'><strong>Ea:</strong></span> <span class='ocrx_word' id='word_1_820' title='bbox 3277 5383 3439 5440; x_wconf 88' lang='lat' dir='ltr'><strong>dictis</strong></span> <span class='ocrx_word' id='word_1_821' title='bbox 3462 5379 3726 5454; x_wconf 75' lang='lat' dir='ltr'><strong>Gregorii</strong></span> 
     </span>
    </p>
   </div>
   <div class='ocr_carea' id='block_1_121' title="bbox 2117 5450 2628 5523">
    <p class='ocr_par' dir='ltr' id='par_1_121' title="bbox 2117 5450 2628 5523">
     <span class='ocr_line' id='line_1_123' title="bbox 2117 5450 2628 5523; baseline 0.01 -18"><span class='ocrx_word' id='word_1_822' title='bbox 2117 5466 2280 5521; x_wconf 66' lang='lat' dir='ltr'><strong>papae</strong></span> <span class='ocrx_word' id='word_1_823' title='bbox 2310 5450 2482 5522; x_wconf 85' lang='lat' dir='ltr'><strong>(hom.</strong></span> <span class='ocrx_word' id='word_1_824' title='bbox 2514 5455 2628 5523; x_wconf 80' lang='lat'><strong>20).</strong></span> 
     </span>
    </p>
   </div>
   <div class='ocr_carea' id='block_1_122' title="bbox 2118 5538 3713 5613">
    <p class='ocr_par' dir='ltr' id='par_1_122' title="bbox 2118 5538 3713 5613">
     <span class='ocr_line' id='line_1_124' title="bbox 2118 5538 3713 5613; baseline 0.005 -21"><span class='ocrx_word' id='word_1_825' title='bbox 2118 5538 2227 5602; x_wconf 90' lang='lat' dir='ltr'><strong>Qui</strong></span> <span class='ocrx_word' id='word_1_826' title='bbox 2250 5555 2313 5594; x_wconf 87' lang='lat' dir='ltr'><strong>se</strong></span> <span class='ocrx_word' id='word_1_827' title='bbox 2336 5538 2542 5597; x_wconf 86' lang='lat' dir='ltr'><strong>illicita</strong></span> <span class='ocrx_word' id='word_1_828' title='bbox 2562 5542 2834 5597; x_wconf 81' lang='lat' dir='ltr'><strong>meminit</strong></span> <span class='ocrx_word' id='word_1_829' title='bbox 2854 5543 3243 5613; x_wconf 88' lang='lat' dir='ltr'><strong>commisisse,</strong></span> <span class='ocrx_word' id='word_1_830' title='bbox 3268 5561 3302 5601; x_wconf 89' lang='lat' dir='ltr'><strong>a</strong></span> <span class='ocrx_word' id='word_1_831' title='bbox 3321 5542 3505 5600; x_wconf 88' lang='lat' dir='ltr'><strong>licitis</strong></span> <span class='ocrx_word' id='word_1_832' title='bbox 3527 5543 3713 5601; x_wconf 88' lang='lat' dir='ltr'><strong>etiam</strong></span> 
     </span>
    </p>
   </div>
   <div class='ocr_carea' id='block_1_123' title="bbox 2045 5627 3715 5708">
    <p class='ocr_par' dir='ltr' id='par_1_123' title="bbox 2045 5627 3715 5708">
     <span class='ocr_line' id='line_1_125' title="bbox 2045 5627 3715 5708; baseline 0.005 -24"><span class='ocrx_word' id='word_1_833' title='bbox 2045 5627 2282 5685; x_wconf 87' lang='lat' dir='ltr'><strong>studeat</strong></span> <span class='ocrx_word' id='word_1_834' title='bbox 2312 5630 2626 5699; x_wconf 86' lang='lat' dir='ltr'><strong>abstinere,</strong></span> <span class='ocrx_word' id='word_1_835' title='bbox 2666 5636 2960 5703; x_wconf 88' lang='lat' dir='ltr'><strong>quatenus</strong></span> <span class='ocrx_word' id='word_1_836' title='bbox 2991 5652 3092 5708; x_wconf 86' lang='lat' dir='ltr'><strong>per</strong></span> <span class='ocrx_word' id='word_1_837' title='bbox 3121 5633 3228 5693; x_wconf 85' lang='lat' dir='ltr'><strong>hoc</strong></span> <span class='ocrx_word' id='word_1_838' title='bbox 3258 5632 3549 5691; x_wconf 86' lang='lat' dir='ltr'><strong>conditori</strong></span> <span class='ocrx_word' id='word_1_839' title='bbox 3596 5650 3715 5692; x_wconf 88' lang='lat' dir='ltr'><strong>suo</strong></span> 
     </span>
    </p>
   </div>
  </div>
