3948 6072
427 222 533 277 883

1517 231 1586 281 D.
1624 226 1867 283 1V0le
1900 220 2402 281 CABNOTENBIS
2438 223 2757 278 EPISOOPI

3746 215 3875 270 884

427 362 612 420 asque
641 345 713 402 ad
745 349 992 402 mortem
1024 349 1243 418 peccat,
1277 346 1416 419 quia
1445 351 1535 404 est
1557 353 1860 420 peccatum
1882 363 2070 420 usque
2097 345 2156 413 Α
2183 341 2310 398 viva
2332 343 2669 399 occidantur
2698 344 2882 417 prius,
2908 343 3008 400 sed
3032 341 3226 415 porcis
3248 345 3306 398 et
3325 339 3574 396 canibus
3600 340 3882 396 dentur'

431 437 501 490 ad
538 439 806 506 mortem,
838 451 954 491 non
985 451 1087 506 pro
1118 451 1183 491 eo
1215 435 1343 491 dico
1376 441 1439 491 ut
1470 436 1601 508 quis
1631 445 1814 510 roget.

431 531 563 588 CAP.
597 533 686 606 9t.
760 562 830 573 —-
888 533 1042 606 Quod
1070 533 1299 606 difﬁcile
1327 536 1400 588 sit
1428 537 1673 601 graviter
1700 535 1950 606 peccanti
1977 534 2078 589 sub

502 604 699 674 gradu,
731 621 954 660 manere
986 604 1043 658 in
1074 605 1252 674 gradu
1281 607 1365 660 Ex
1395 605 1552 660 dictis
1591 604 1931 677 Hieronymi.

503 692 846 764 Quicunque
889 693 1232 764 dignitatem
1267 695 1485 766 gradus
1517 695 1699 750 divini
1732 713 1845 750 non
1879 699 2074 749 custo-

434 780 624 846 diunt,
657 782 910 836 contenti
946 782 1090 836 ﬁant
1110 783 1368 838 animam
1392 783 1636 839 sulvare.
1670 783 1895 838 Reverti
1918 783 2076 837 enim

433 869 493 924 in
548 886 680 924 eum
710 870 957 943 gradum
990 871 1050 926 in
1082 887 1198 943 quo
1228 875 1398 928 antea
1435 873 1668 928 fuerant
1698 871 1935 927 difficile
1966 876 2073 928 est.

627 969 760 1024 CAP.
793 969 880 1023 92.
913 999 982 1010 —
1011 971 1084 1025 De
1113 970 1305 1026 eadem
1335 985 1413 1025 re.
1447 971 1578 1026 Item
1615 970 1876 1039 ejusdem.

504 1056 611 1123 Qui
669 1057 779 1113 sub
835 1059 1023 1130 gradu
1081 1064 1302 1130 peccat,
1360 1060 1532 1115 debet
1561 1059 2075 1127 excommunicari,

431 1146 571 1218 quia
603 1163 816 1217 magna
845 1153 936 1203 est
960 1148 1218 1220 dignitas
1242 1149 1419 1219 hujus
1440 1149 1718 1205 nominis.
1741 1149 1958 1204 Tamen
1985 1165 2080 1220 po-

429 1241 541 1291 test
571 1236 858 1292 redimere
887 1237 1143 1292 animam
1176 1255 1345 1293 suam
1378 1244 1510 1311 post
1541 1238 1944 1310 pcenitentiam
1969 1257 1983 1306 ;
2005 1238 2076 1292 ad

427 1325 683 1396 priorem
716 1326 872 1381 enim
905 1327 1156 1398 gradum
1192 1328 1386 1383 venire
1417 1327 1656 1383 difﬁcile
1681 1332 1790 1383 est.

537 1424 672 1479 CAP.
702 1424 792 1478 93.
827 1453 896 1464 —-
926 1425 1001 1479 De
1030 1425 1220 1480 eadem
1249 1441 1327 1480 re.
1360 1427 1444 1480 Ea:
1469 1427 1629 1480 dictis
1650 1424 1970 1494 Augustini.

503 1515 613 1578 Qui
633 1514 742 1569 sub
766 1514 950 1585 gradu
965 1514 1173 1570 cecidit
1187 1519 1315 1586 post
1329 1515 1753 1586 paenitentiam,
1768 1521 2079 1570 contentus

431 1599 533 1654 ﬁat
556 1599 869 1671 baptizare,
893 1601 1373 1657 communionem
1397 1603 1535 1657 dare
1557 1603 1830 1669 inlirmis,
1855 1608 1911 1658 et
1933 1601 2078 1658 alta-

429 1687 516 1742 rio
545 1691 955 1744 tantummodo
986 1690 1336 1746 ministrare.

566 1788 698 1842 CAP.
731 1788 820 1842 94.
858 1817 927 1828 --
955 1788 1031 1842 De
1058 1787 1247 1842 eadem
1285 1805 1365 1842 re.
1399 1790 1480 1843 Ea:
1507 1788 1670 1844 dictis
1709 1789 1925 1845 Isidori.

502 1874 760 1930 Isidorus
794 1875 851 1928 in
885 1875 1093 1948 angelo
1122 1875 1332 1946 Ephesi
1366 1877 1878 1950 przeposito(.~lpoc.
1903 1880 2072 1950 n)sa-

429 1963 1193 2034 cerdotemostendit,juxta
1213 1963 1554 2020 Malachiam
1576 1967 1674 2037 qui
1698 1967 1839 2021 dicit
1867 1967 2070 2023 :Labia

424 2051 719 2106 sacerdotis
747 2052 1058 2107 custodiunt
1079 2053 1389 2118 scientiam,
1413 2065 1464 2110 et
1491 2053 1661 2125 legem
1681 2059 1973 2127 requirunt
2003 2072 2072 2111 ea:

423 2155 514 2194 ore
528 2140 806 2210 eius,quia
833 2139 1067 2211 angelus
1094 2141 1318 2196 Domini
1336 2145 1687 2198 exercituum
1717 2154 1792 2200 est
1810 2146 1955 2215 (Mal.
1984 2151 2064 2215 ιι).

422 2227 854 2284 Candelabrum
899 2229 1056 2284 enim
1082 2230 1426 2296 sacerdotis,
1447 2230 1586 2301 quia
1608 2232 1962 2287 charismata
1983 2234 2071 2289 in-

429 2317 778 2388 telliguntur
800 2318 1215 2384 honoris,tunc
1233 2321 1935 2391 pcnitusjuxtaloannem
1955 2339 2072 2377 mo-

421 2412 607 2474 vetur,
633 2407 868 2478 quando
892 2413 1023 2478 post
1045 2408 1282 2474 delicta,
1307 2407 1566 2475 neglecta
1591 2411 1953 2480 poenitentia,
1970 2413 2069 2465 ad-

423 2495 606 2550 missa
656 2495 876 2552 scelera
928 2514 1043 2552 non
1077 2497 1384 2552 deﬂentur-
1413 2498 1538 2553 Non
1571 2499 1728 2554 enim
1758 2499 1899 2555 dicit
1929 2501 2070 2572 quia

419 2585 704 2654 cecidisti,
733 2588 972 2642 movebo
993 2587 1407 2642 candelabrum
1426 2592 1596 2644 tuum
1621 2609 1634 2657 ;
1661 2590 1787 2660 sed,
1811 2590 1924 2644 nisi
1949 2607 2066 2662 pm-

421 2673 727 2730 nitentiam
761 2675 970 2746 egeris,
1005 2677 1245 2731 movebo
1278 2676 1696 2733 candelabrum
1731 2684 1923 2734 tuum.

421 2774 558 2826 CAP.
609 2772 698 2827 95.
757 2801 824 2812 —
851 2773 1005 2839 Quod
1025 2781 1146 2842 post
1173 2773 1201 2822 7
1236 2789 1409 2828 annos
1439 2778 1791 2844 pcenitentem
1820 2775 2068 2830 sacerdo-

491 2847 606 2896 tem
634 2859 870 2916 censura
890 2859 1170 2916 canonum
1191 2845 1251 2897 in
1268 2846 1570 2916 pristinum
1591 2852 1805 2901 statum
1825 2862 2073 2902 remeare

491 2913 806 2985 praecipiat.
841 2915 972 2970 Item
1002 2915 1260 2970 Isidorus.

493 3001 794 3058 Canonum
816 3020 1065 3059 censura
1085 3009 1215 3076 post
1236 3009 1459 3076 septem
1483 3023 1668 3062 annos
1685 3022 1941 3062 remeare
1957 3024 2070 3079 pce-

2183 430 2330 485 Aves
2361 447 2512 496 vero,
2533 436 2589 486 et
2606 430 2883 487 animalia
2901 435 3128 500 caetera,
3155 429 3203 484 si
3228 429 3285 483 in
3312 429 3536 484 retibus
3561 435 3868 500 strangu-

2184 516 2404 584 lantur,
2429 537 2540 574 non
2566 527 2707 575 sunt
2727 519 3108 585 comedenda,
3127 535 3232 573 nec
3249 515 3671 588 sioppresserit
3688 516 3867 571 acci-

2187 607 2354 679 piter,
2386 615 2441 663 et
2473 610 2518 664 si
2553 610 2636 664 sic
2668 616 2899 665 mortua
2917 609 3322 676 inveniuntur,
3347 605 3486 678 quia
3511 607 3570 660 in
3593 606 3867 660 Actibus

2186 697 2585 768 apostolorum
2619 698 2954 770 praecipitur
2981 697 3278 752 abstinere
3307 714 3340 750 a
3363 694 3790 764 fornicatione,
3827 712 3868 749 ει

2186 787 2473 858 sanguine
2499 789 2803 854 suﬂ'ocato,
2839 792 2895 842 et
2929 785 3262 842 idololatria
3292 789 3430 853 (Act.
3462 787 3578 855 xv).

2186 871 2320 924 CAP.
2375 870 2466 923 98.
2522 901 2586 911 —
2625 872 2700 926 De
2727 867 3311 994 avibussidhominem
3339 865 3669 923 occiderint.
3701 865 3856 920 Item

2892 958 3006 994 eius
3049 957 3155 994 em.

2892 957 3155 1012 ejusdem.

2258 1035 2412 1099 Apes
2437 1029 2486 1084 si
2508 1031 2784 1086 occidunt
2806 1030 3130 1097 hominem,
3154 1029 3294 1100 ipsis
3313 1026 3860 1101 quoqucoccidife-

2189 1119 2502 1190 stinentur,
2538 1120 2651 1175 mel
2685 1125 2876 1175 tamen
2907 1119 3316 1174 manducetur.

2187 1211 2321 1263 CAP.
2358 1208 2444 1262 99.
2505 1241 2573 1249 —
2632 1211 2706 1265 De
2740 1209 2918 1280 porcis
2948 1218 2997 1263 et
3025 1207 3278 1278 gallinis,
3309 1206 3360 1261 si
3385 1205 3723 1280 sanguinem
3755 1205 3855 1261 ho-

2509 1280 2681 1336 minis
2710 1278 3068 1336 comederint.
3102 1281 3234 1334 Item
3263 1278 3504 1345 eiusdem

2259 1367 2314 1422 Si
2333 1370 2488 1440 porci
2503 1371 2588 1424 vel
2607 1369 2837 1442 gallinae
2852 1367 3199 1440 sanguinem
3218 1366 3472 1422 hominis
3485 1367 3846 1435 comedunt,

2189 1474 2320 1514 mox
2346 1458 2709 1526 occidantur,
2744 1463 2800 1514 et
2831 1457 3069 1513 intralia
3101 1455 3506 1529 projiciantur,
3540 1461 3601 1510 et
3631 1459 3854 1510 caetera

2189 1561 2322 1601 caro
2365 1549 2774 1603 manducetur,
2824 1546 2881 1602 Si
2915 1551 3114 1601 autem
3145 1546 3418 1600 tarddtur
3447 1544 3690 1613 occisio,
3728 1561 3849 1599 non

2189 1638 2556 1692 comedatur.
2572 1638 2626 1691 Si
2651 1641 2846 1692 autem
2870 1638 3151 1691 cadavera
3172 1634 3555 1690 laceraverint
3580 1640 3850 1688 mortuo-

2109 1715 2157 1780 B
2191 1741 2346 1795 rum,
2371 1732 2753 1794 macerentur,
2779 1731 2836 1781 et
2857 1729 2987 1797 post
3024 1723 3162 1779 anui
3196 1722 3483 1778 circulum
3517 1723 3852 1778 comeden-

2177 1816 2295 1866 tur.
2357 1815 2413 1869 Si
2447 1820 2644 1870 autem
2704 1815 2862 1886 porci
2918 1814 3240 1870 occiderint
3271 1812 3593 1879 hominem,
3637 1812 3850 1868 statim

2178 1901 2608 1958 interficiuntur
2638 1909 2693 1958 et
2724 1903 3106 1975 sepeliantur.

2179 1983 2308 2037 CAP.
2365 1984 2485 2038 100.
2549 2015 2614 2024 —
2656 1985 2727 2039 De
2785 1983 2908 2038 illis
2967 1985 3064 2054 qui
3091 1997 3315 2038 carnem
3345 1981 3715 2036 immundam
3753 1983 3839 2037 vel

2416 2056 2770 2111 marticinam
2799 2055 3106 2110 comedunt.
3143 2056 3282 2109 Item
3314 2054 3591 2125 ejusdem.

2244 2144 2348 2208 Qui
2385 2146 2703 2199 manducat
2734 2161 2967 2200 carnem
3001 2143 3396 2207 immundam,
3432 2147 3534 2196 aut
3565 2141 3841 2198 mortici-

2177 2250 2336 2300 nam,
2362 2239 2464 2287 aut
2483 2233 2860 2288 dilaceratam
2883 2251 2916 2288 a
2941 2232 3169 2298 bestiis,
3195 2231 3263 2286 30
3286 2232 3414 2286 dies
3451 2232 3763 2302 paeniteat.
3783 2232 3839 2285 Si

2177 2325 2332 2378 enim
2368 2324 2715 2378 necessitate
2748 2321 2919 2377 famis
2947 2321 3258 2393 contingit,
3289 2319 3476 2375 multo
3508 2319 3698 2374 levius
3720 2328 3830 2375 est.

2177 2405 2311 2459 CAP.
2375 2405 2494 2457 101.
2529 2433 2593 2444 —
2624 2403 2697 2456 De
2725 2401 2843 2456 illis
2872 2401 2971 2472 qui
3007 2401 3191 2455 cibum
3219 2399 3508 2454 immunda
3540 2416 3723 2472 manu
3753 2406 3839 2453 ta-

2249 2479 2394 2529 ctum
2425 2475 2786 2538 comederint,
2819 2471 2905 2528 vel
2935 2475 2987 2527 si
3015 2472 3191 2536 canis,
3222 2476 3320 2525 aut
3350 2471 3580 2538 aliquod
3617 2472 3839 2526 animal

2248 2545 2595 2600 immundum
2624 2548 2808 2600 cibum
2839 2546 3102 2614 tetigerit.
3135 2545 3267 2598 Item
3295 2544 3561 2611 eiusdem.

2249 2635 2412 2698 Quod
2444 2635 2494 2690 si
2526 2651 2665 2690 casu
2699 2633 2832 2705 quis
2855 2632 3162 2688 immunda
3189 2648 3369 2686 manu
3398 2631 3597 2686 cibum
3618 2633 3834 2704 tangit,

2176 2724 2262 2780 vel
2297 2724 2342 2779 si
2373 2724 2536 2780 canis
2564 2723 2650 2778 vel
2683 2723 2858 2794 pilax,
2891 2728 2994 2777 aut
3025 2726 3212 2791 catus,
3247 2737 3450 2776 musve
3479 2727 3584 2776 aut
3612 2720 3841 2776 animal

2179 2813 2557 2868 immundum
2589 2811 2939 2884 sanguinem
2959 2809 3218 2866 hominis
3240 2810 3380 2878 edit,
3407 2825 3523 2866 non
3548 2815 3747 2865 nocet.
3774 2810 3842 2864 Et

2179 2904 2280 2973 qui
2329 2921 2432 2973 pro
2485 2903 2834 2957 necessitate
2866 2900 3038 2956 famis
3069 2899 3387 2954 manducat
3417 2899 3641 2954 animal
3677 2901 3841 2970 quod

2178 2992 2555 3048 immundum
2585 2991 2835 3060 videtur,
2872 2989 2958 3046 vel
2991 3006 3180 3060 avem,
3214 2987 3300 3043 vel
3347 2987 3624 3058 bestiam,
3656 2991 3842 3044 mise-

422 3089 706 3146 nitentem
730 3093 1091 3148 sacerdotem
1114 3093 1173 3147 in
1197 3098 1415 3148 statum
1443 3095 1759 3166 pristinum
1786 3078 2064 3169 praecipit,
2099 3078 2143 3147 C
2183 3082 2489 3169 [ίοοΐάξξεῗΐ
2518 3080 2815 3169 ρωῃίῖεᾳξο

421 3195 537 3234 non
559 3179 885 3252 expletione
908 3181 1125 3253 proprii
1145 3182 1391 3248 arbitrii,
1415 3185 1514 3239 sed
1540 3185 1735 3255 potius
1748 3202 1815 3241 ex
1831 3194 2062 3242 senten-

419 3268 503 3324 tia
558 3269 735 3325 divini
782 3269 1019 3341 judicii.
1087 3271 1231 3326 Nam
1267 3272 1482 3343 legitur
1510 3274 1649 3344 quia
1694 3275 1876 3330 Maria
1903 3293 2063 3332 soror

417 3360 610 3414 Aaron
671 3359 1042 3431 prophetissa
1094 3361 1234 3416 dum
1285 3362 1728 3419 obtrectationis
1785 3365 2067 3422 adversus

423 3448 662 3520 Moysen
695 3448 1040 3504 incurrisset
1071 3449 1374 3514 delictum,
1409 3449 1563 3505 illico
1592 3453 1860 3522 stigmate
1895 3455 2066 3526 lepra;

422 3553 703 3608 percussa
732 3543 840 3592 est.
876 3541 1138 3609 Cumque
1164 3539 1402 3610 petisset
1431 3543 1663 3612 Moysen
1689 3543 1974 3615 [Moyses].
2004 3549 2067 3598 ut

423 3626 861 3690 emundaretur,
895 3627 1182 3682 Dominus
1215 3628 1489 3699 praecepit
1519 3646 1645 3683 eam
1680 3637 1842 3686 extra
1871 3637 2067 3687 castra

423 3714 618 3783 egredi
638 3719 859 3784 septem
879 3714 1106 3780 diebus,
1133 3721 1188 3770 et
1209 3722 1335 3786 post
1355 3719 1835 3774 emundationem
1854 3737 2066 3777 rursus

420 3815 546 3856 eam
607 3803 814 3858 castris
872 3803 1076 3859 reverti
1137 3804 1317 3874 (Num.
1377 3808 1498 3872 x11).
1534 3807 1710 3862 Maria
1734 3825 1869 3879 ergo
1901 3826 2067 3864 soror

419 3893 604 3946 Araon
665 3907 797 3947 caro
857 3891 1207 3963 intelligitur
1264 3895 1606 3962 sacerdotis,
1642 3913 1768 3966 quae
1801 3899 1936 3952 dum
1967 3916 2064 3953 su-

415 3980 631 4052 perbiae
653 3979 871 4047 dedita,
892 3980 1320 4037 sordidissimis
1343 3997 1508 4037 corru
1520 3984 1783 4055 ptionum
1802 3987 2064 4043 macula-

413 4072 511 4123 tur
539 4069 835 4124 erroribus
865 4074 1128 4124 moretur
1157 4075 1320 4125 extra
1349 4075 1539 4125 castra
1579 4078 1796 4144 septem
1830 4075 2062 4143 diebus,

413 4156 470 4211 id
495 4162 583 4212 est
604 4175 637 4213 a
658 4158 901 4230 collegio
925 4163 1137 4214 sanctae
1161 4158 1425 4215 Ecclesiae
1451 4167 1674 4232 septem
1698 4164 1868 4218 annis
1891 4166 2064 4236 proji-

416 4245 624 4314 ciatur,
659 4246 876 4317 quibus
908 4252 1039 4318 post
1070 4248 1538 4303 emendationem
1579 4251 1851 4308 vitiorum
1887 4255 2061 4327 [vitae]

418 4334 684 4405 expletis,
713 4335 844 4403 loci,
878 4336 997 4390 sive
1030 4337 1291 4408 pristinae
1320 4337 1625 4410 dignitatis
1667 4342 1911 4414 recipiat
1944 4360 2061 4398 me-

417 4421 618 4479 ritum.

421 4515 558 4567 CAP.
602 4512 706 4586 96.
767 4543 836 4586 -έ
867 4513 940 4567 De
967 4515 1086 4570 illis
1115 4516 1211 4586 qui
1236 4517 1469 4572 scabiem
1497 4528 1598 4574 aut
1624 4523 1951 4577 vermiculos
1982 4539 2065 4577 co-

493 4583 717 4638 medunt
749 4585 830 4639 rel
858 4588 1081 4641 urinam
1116 4583 1325 4644 bibunt.
1361 4591 1443 4645 Ex
1475 4591 1858 4646 Pwnitentiati
1889 4597 2062 4649 Bedze.

496 4672 602 4737 Qui
626 4674 880 4728 comedit
898 4675 1153 4730 scabiem
1179 4681 1279 4732 aut
1302 4681 1648 4734 vermiculos
1671 4682 1768 4750 qui
1811 4683 2065 4751 pediculi

422 4759 718 4830 dicuntur,
741 4760 829 4816 vel
852 4764 1082 4820 urinam
1106 4764 1274 4836 bibit,
1298 4768 1418 4821 sive
1441 4773 1697 4823 stercora
1718 4771 1988 4839 comedit,
2015 4772 2065 4826 si

419 4850 678 4910 infantes
709 4858 850 4908 sunt
878 4853 962 4910 vel
987 4855 1173 4926 pueri,
1198 4855 1510 4927 vapulent;
1543 4857 1590 4911 si
1619 4858 1676 4912 in
1699 4858 1850 4913 virili
1875 4864 2062 4932 aetate,

417 4949 640 5014 septem
673 4943 797 4999 dies
830 4946 1167 5016 pmniteant,
1201 4950 1258 5000 et
1285 4945 1518 5017 utrique
1534 4963 1665 5002 cum
1691 4948 2062 5020 impositione

416 5049 630 5088 manus
661 5032 921 5106 episcOpi
953 5037 1254 5090 sanentur.

413 5132 543 5188 CAP.
605 5131 694 5187 97.
755 5163 821 5172 —
872 5133 947 5186 De
970 5131 1112 5202 illis
1140 5133 1236 5202 qui
1264 5132 1538 5189 animalia
1563 5152 1596 5190 a
1629 5137 1814 5192 bestiis
1841 5137 2056 5195 dilace-

483 5207 627 5270 rata,
661 5203 743 5258 vel
795 5201 1002 5275 laqueis
1028 5201 1381 5273 strangulata
1416 5207 1724 5264 comedunt.
1757 5211 1849 5264 Ew
1877 5211 2060 5266 Paeni-

485 5275 712 5332 tentiali
744 5275 1024 5330 Theodori.

484 5363 782 5418 Animalia
812 5379 939 5434 qua:
970 5379 1003 5417 a
1032 5360 1187 5434 lupis
1220 5381 1320 5420 seu
1353 5382 1387 5421 a
1432 5367 1677 5424 canibus
1702 5367 2054 5440 lacerantur,

415 5466 531 5506 non
585 5455 727 5507 sunt
771 5450 1146 5518 comedenda,
1197 5467 1304 5510 nec
1333 5471 1538 5512 cervus
1567 5473 1674 5512 nec
1707 5472 1973 5529 capreas,
2007 5462 2057 5516 si

417 5539 633 5595 mortui
663 5539 882 5595 inventi
915 5538 1148 5611 fuerint,
1182 5541 1296 5599 nisi
1326 5544 1472 5602 forte
1502 5546 1575 5602 ab
1605 5546 1842 5603 homine
1865 5547 2057 5605 adhuc

2175 3163 2311 3219 CAP.
2375 3165 2478 3217 102
2508 3193 2575 3202 ——
2603 3163 2679 3216 De
2735 3159 2856 3214 illis
2885 3161 2980 3229 qui
3003 3159 3274 3227 sanguine
3301 3159 3493 3229 aliqua
3543 3159 3836 3213 immundo

2596 3233 2944 3304 polluuntur.
2980 3235 3116 3285 Item
3146 3230 3413 3300 ejusdem.

2247 3324 2353 3388 Qui
2377 3321 2685 3393 sanguine,
2711 3321 2796 3375 vel
2826 3335 3182 3390 quocunque
3201 3318 3505 3378 immundo
3525 3317 3834 3390 polluitur,

2176 3413 2226 3468 si
2263 3411 2446 3467 nescit
2477 3411 2576 3483 qui
2603 3410 2944 3471 manducat,
2968 3407 3088 3463 leve
3109 3413 3219 3463 est.
3244 3407 3301 3461 Si
3321 3413 3517 3462 autem
3544 3407 3683 3473 scit,
3708 3425 3832 3478 po:-

2177 3503 2360 3557 niteat
2381 3502 2550 3572 juxta
2582 3499 2821 3552 modum
2852 3496 3218 3568 pollutionis.

2175 3583 2311 3638 CAP.
2347 3583 2469 3636 103.
2499 3612 2569 3621 —
2600 3581 2672 3634 De
2703 3579 2818 3633 illis
2847 3580 2942 3650 qui
2973 3577 3303 3650 sanguinem
3330 3585 3426 3632 aut
3452 3593 3639 3632 semen
3680 3575 3832 3631 bibe-

2698 3652 2837 3706 rint.
2857 3649 3008 3704 Item
3038 3649 3301 3718 ejusdem.

2247 3741 2356 3806 Qui
2382 3740 2733 3812 sanguinem
2766 3742 2866 3794 aut
2897 3754 3098 3794 semen
3132 3737 3341 3793 biberit
3379 3753 3483 3808 pro
3518 3735 3723 3808 aliqua
3753 3753 3834 3803 re,

2173 3836 2294 3886 tres
2326 3847 2510 3884 annos
2545 3828 2840 3900 poeniteat.

2174 3911 2302 3966 CAP.
2339 3909 2462 3963 104.
2495 3940 2562 3950 --
2596 3909 2669 3962 De
2696 3907 2933 3978 piscibus
2963 3907 3192 3978 mortuis
3223 3906 3286 3960 in
3307 3905 3538 3974 ﬂumine
3565 3907 3830 3960 inventis.

2780 3980 2910 4034 Item
2942 3977 3202 4048 ejusdem.

2248 4069 2431 4126 Piscis
2460 4073 2728 4124 mortuus
2752 4067 2811 4121 in
2834 4066 3408 4132 blumineinventus,
3426 4081 3542 4120 non
3558 4066 3832 4121 esteden-

2175 4160 2309 4225 dus,
2340 4158 2480 4229 quia
2511 4174 2626 4212 non
2659 4160 2748 4212 est
2777 4155 3006 4211 venatio
3035 4154 3312 4210 hominis.
3343 4154 3402 4207 Si
3433 4169 3570 4208 vero
3601 4155 3832 4226 piscan-

2174 4249 2247 4304 do
2276 4252 2466 4303 tactus
2497 4246 2691 4312 fuerit,
2713 4249 2771 4300 et
2793 4244 2922 4317 ipso
2945 4245 3039 4300 die
3061 4244 3332 4299 inventus
3360 4241 3555 4309 fuerit,
3581 4243 3685 4314 qui
3718 4260 3833 4298 non

2175 4337 2429 4403 haesitat,
2490 4337 2838 4402 manducet;
2873 4335 2974 4406 qui
3007 4343 3198 4391 cutem
3234 4333 3487 4400 dubitat,
3520 4347 3638 4386 non
3675 4348 3833 4387 man-

2097 4442 2144 4507 D
2177 4427 2368 4482 ducet.

2177 4507 2310 4563 CAP.
2347 4508 2467 4562 105.
2503 4538 2563 4547 -
2599 4507 2672 4560 De
2701 4505 2915 4560 clericis
2940 4504 3039 4574 qui
3066 4521 3105 4558 α
3135 4501 3405 4558 dxmonio
3424 4506 3726 4557 vexantur.
3745 4505 3830 4557 Ex

2539 4577 2774 4632 concilio
2806 4575 3228 4639 Aurelianensi,
3258 4591 3380 4645 cap.
3407 4574 3460 4628 6.

2246 4668 2304 4722 Si
2340 4667 2472 4736 quis
2505 4666 2754 4721 clericus
2780 4669 3019 4720 vexatus
3043 4665 3217 4719 fuerit
3239 4681 3272 4718 a
3291 4661 3607 4727 daemonio,
3630 4663 3827 4718 decem

2175 4774 2360 4812 annos
2394 4756 2690 4828 pmniteat,
2721 4761 2778 4810 et
2807 4756 2958 4810 inter
2988 4755 3297 4810 audientes
3330 4753 3428 4818 sit,
3464 4756 3522 4807 et
3538 4751 3611 4806 ad
3635 4768 3830 4807 sacros

2174 4847 2411 4903 ordines
2469 4863 2580 4902 non
2617 4845 2962 4900 adducatur.
3010 4844 3067 4898 Si
3097 4844 3242 4899 bene
3268 4841 3474 4913 egerit,
3509 4845 3568 4895 et
3600 4857 3705 4912 per
3732 4842 3824 4894 Dei

2172 4937 2419 5009 gratiam
2449 4934 2960 5008 [misericordiam]
2993 4933 3276 4989 liberatus
3305 4931 3501 5000 fuerit,
3532 4929 3614 4984 sit
3644 4929 3701 4984 in
3735 4946 3822 4983 re-

2172 5026 2350 5098 liquis
2381 5026 2592 5082 ofliciis
2623 5023 3060 5080 ecclesiasticis.

2171 5118 2302 5171 CAP.
2330 5116 2452 5171 106.
2486 5147 2554 5156 ——
2588 5119 2666 5169 De
2699 5115 2812 5168 itlis
2842 5115 2939 5183 qui
2966 5119 3254 5183 parentum
3288 5110 3553 5166 honorem
3582 5126 3689 5166 non
3707 5127 3820 5167 ser-

2510 5196 2658 5242 vant.
2697 5189 2781 5241 Ex
2814 5184 3196 5240 Pwnitentiati
3230 5185 3490 5238 Romano.

2238 5277 2293 5330 Si
2329 5276 2463 5347 quis
2493 5274 2930 5330 inhonoraverit
2979 5279 3204 5345 patrem
3254 5276 3357 5326 aut
3401 5276 3818 5335 matrem,tres

2169 5381 2353 5420 annos
2386 5363 2680 5436 pmniteat.
2714 5363 2876 5427 Quod
2907 5362 2955 5417 si
2989 5378 3232 5417 manum
3265 5360 3670 5426 levaverit,aut
3699 5376 3822 5432 per-

2167 5454 2438 5521 cusserit,
2472 5457 2696 5526 septem
2729 5468 2915 5508 annos
2945 5451 3244 5524 poeniteat.

2167 5551 2298 5607 CAP.
2361 5553 2484 5610 107.
2542 5582 2610 5593 —
2667 5549 2820 5618 Quod
2866 5549 3157 5622 pwnitenti
3207 5550 3367 5607 nulla
3402 5550 3629 5620 negotia
3660 5562 3822 5603 exer-
