4000 6060
226 222 335 276 889

1115 225 1425 279 DECRETI
1464 223 1649 278 PARS
1682 224 1806 283 XV.
1836 248 1905 263 --
1930 223 2027 276 DE
2065 224 2550 289 PCENITENTIA,
2590 222 2749 277 ETC.

3538 223 3645 278 890

228 348 490 403 referens
520 350 735 419 (Matth.
770 348 957 418 xvm),
991 347 1040 402 si
1074 364 1307 403 necesse
1339 346 1533 414 fuerit,
1567 352 1623 401 et
1654 349 1873 417 quanto
1904 345 1959 412 Α
1986 362 2097 400 non
2123 350 2299 416 peccet
2334 348 2430 417 (III
2469 350 2597 416 Reg.
2630 365 2728 402 vm
2756 368 2769 416 ;
2827 348 2877 402 11
2925 348 3116 402 Paral.
3149 365 3245 411 vi;
3294 351 3466 405 Eccle.
3522 351 3645 420 vn).

226 441 493 509 tempore
525 437 652 507 fuit,
688 442 850 492 tanto
881 437 1176 507 pmniteat.

227 545 366 600 CAP.
402 545 524 599 134.
546 576 617 585 —
648 545 797 612 Quod
830 563 939 598 non
962 545 1086 599 licet
1105 544 1335 599 diacono
1356 543 1729 613 pwnitentiam
1749 543 1881 597 dare

548 619 742 671 alicui.
778 619 857 670 [5.1:
886 616 1267 671 Ptenitentittli
1300 619 1558 671 Romano.

300 706 427 761 Non
460 706 595 761 licet
626 707 869 761 diacono
904 706 1075 760 alicui
1111 707 1247 760 dare
1292 705 1720 776 paenitentiam,
1778 704 1876 757 sed

227 796 543 866 episcopus
575 802 674 849 aut
707 797 1009 866 presbyter
1040 796 1177 850 dare
1208 795 1397 849 debet.

227 898 359 947 CAP.
400 894 518 946 135.
561 924 621 933 -—
658 895 721 949 Ut
750 893 1073 964 pamitentia
1101 910 1225 964 quee
1254 892 1430 947 dilata
1460 896 1561 957 est,
1601 908 1725 945 cum
1781 908 1878 961 pe-

303 964 405 1028 tita
436 967 751 1035 fuerz't,non
776 966 1184 1032 denegetur.Ea:
1206 965 1443 1020 decretis
1460 966 1664 1019 -Leonis
1698 979 1875 1035 papae,

300 1054 421 1107 cap.
456 1039 545 1090 21.
581 1038 687 1107 (ep.
720 1038 810 1099 02,
843 1055 887 1091 (τ.
921 1038 975 1097 7,
1013 1043 1087 1091 De
1114 1037 1424 1107 poenalem).

299 1129 467 1198 (Dist.
502 1128 552 1195 1,
585 1144 631 1182 ο.
666 1127 996 1181 Fami/entia
1014 1129 1181 1197 quaz.)
1205 1125 1608 1181 Dissimulatio
1634 1125 1754 1179 haec
1779 1140 1877 1196 po-

224 1220 341 1271 test
371 1233 485 1271 non
520 1217 591 1271 de
623 1222 958 1287 contemptu
993 1233 1121 1271 esse
1153 1217 1417 1285 remedii,
1451 1216 1551 1271 sed
1604 1216 1674 1269 de
1717 1216 1875 1267 metu

228 1306 467 1375 gravius
496 1305 898 1377 delinquendi.
934 1305 1095 1361 Unde
1126 1305 1468 1377 paenitentia
1515 1322 1642 1375 quae
1700 1303 1879 1358 dilata

229 1400 340 1459 est,
373 1412 504 1449 cum
539 1394 864 1450 studiosius
900 1396 1071 1466 petita
1107 1396 1298 1464 fuerit,
1336 1413 1446 1450 non
1494 1399 1757 1465 negetur,
1818 1398 1881 1446 ut

232 1500 469 1555 quoquo
486 1485 653 1539 modo
669 1486 737 1538 ad
761 1483 857 1538 ind
871 1484 1141 1555 ulgentiae
1157 1485 1506 1540 medicinam
1530 1483 1725 1539 anima
1748 1481 1879 1536 vul-

233 1578 437 1627 nerata
476 1572 798 1643 perveniat.

232 1681 367 1736 CAP.
406 1681 521 1735 136.
560 1712 625 1720 —
661 1684 742 1734 De
770 1682 885 1735 illis
915 1682 1011 1750 qui
1035 1680 1339 1750 despiciunt
1366 1696 1474 1745 eos,
1515 1682 1612 1750 qui
1640 1680 1881 1749 ﬁdeliter

302 1769 509 1822 agapas
535 1753 787 1820 fecerint.
815 1755 895 1808 Ex
922 1754 1156 1807 concilio
1187 1752 1515 1822 Gaugrensi,
1544 1768 1663 1821 cap.
1700 1754 1785 1805 11.

302 1842 460 1911 (Dist.
495 1842 654 1908 42,c.
689 1841 819 1909 Quis
848 1842 1124 1912 despicit.)
1173 1842 1230 1895 Si
1293 1841 1427 1913 quis
1486 1840 1733 1909 despicit
1780 1856 1879 1893 eos

233 1931 331 2002 qui
364 1930 612 1986 lideliter
641 1948 884 2002 agapas,
915 1932 971 1985 id
1004 1935 1093 1986 est
1113 1930 1374 1985 convivia
1398 1930 1753 2002 pauperibus
1784 1946 1878 1984 ex-

234 2020 462 2087 hibent,
495 2025 550 2075 et
573 2026 807 2091 propter
838 2022 1112 2075 honorem
1138 2020 1367 2075 Domini
1399 2023 1720 2074 convocant
1760 2020 1878 2072 fra-

235 2114 377 2175 tres,
413 2110 733 2164 etnoluerit
755 2110 1186 2164 communicare
1209 2108 1613 2179 hujuscemodi
1638 2107 1883 2162 vocatio-

232 2199 431 2266 nibus,
466 2199 892 2269 parvipcndens
921 2200 1075 2269 quod
1100 2199 1340 2271 geritur,
1364 2198 1680 2254 anathema
1709 2198 1804 2252 sit.

236 2298 373 2367 CAp.
412 2298 533 2351 137.
565 2328 635 2337 —
665 2298 739 2351 De
773 2298 887 2351 illis
917 2300 1011 2366 qui
1040 2298 1231 2352 dicunt
1260 2314 1316 2353 se
1364 2314 1475 2353 non
1533 2297 1731 2351 habere
1757 2312 1881 2367 pec-

305 2378 452 2423 cata.
486 2370 568 2423 Ea:
596 2369 824 2424 concilio
874 2371 1155 2439 Africano.
1188 2387 1307 2442 cap.
1355 2371 1425 2423 70
1482 2370 1623 2441 (cap.
1682 2369 1772 2436 81,
1833 2375 1883 2422 et

308 2457 456 2495 conc.
490 2442 665 2495 bliteo.
696 2458 742 2494 c.
776 2442 855 2510 ὁ.)

308 2534 449 2584 Item
482 2529 718 2600 placuit,
753 2533 817 2584 ut
848 2530 1002 2599 quod
1036 2529 1116 2583 ait
1145 2534 1386 2585 sanctus
1405 2530 1665 2584 Joannes
1697 2534 1881 2598 Apos-

240 2618 393 2673 tolus
420 2635 432 2672 :
460 2618 520 2673 Si
549 2618 1001 2689 dixerimusquia
1021 2628 1299 2689 peccatum
1320 2636 1430 2672 non
1451 2618 1737 2681 habemus,
1758 2632 1881 2671 nos-

234 2708 485 2777 metipsos
550 2708 876 2778 decipimus,
935 2712 984 2763 et
1040 2708 1242 2763 veritas
1326 2708 1385 2761 in
1432 2708 1589 2761 nobis
1636 2722 1742 2760 non
1801 2714 1881 2760 est

234 2798 281 2867 (l
304 2797 461 2851 Joan.
496 2802 556 2865 ι),
588 2798 861 2869 quisquis
894 2798 976 2853 sic
1009 2797 1409 2868 accipiendum
1476 2796 1780 2866 putaverit,
1820 2798 1883 2848 ut

234 2885 411 2953 dicat,
438 2891 670 2957 propter
699 2886 1094 2942 humilitatem
1119 2893 1383 2958 oportere
1405 2886 1517 2939 dici
1543 2902 1645 2939 nos
1670 2884 1882 2938 habere

236 2980 560 3045 peccatum,
596 2992 707 3030 non
742 2975 879 3046 quia
908 2992 1038 3031 vere
1070 2977 1151 3029 ita
1182 2980 1289 3041 est,
1311 2974 1645 3040 anathema,
1668 2974 1745 3027 sit
1775 2973 1880 3027 Se-

1990 436 2058 489 Et
2086 434 2143 489 in
2164 435 2312 491 libro
2332 437 2389 492 S.
2410 437 2520 492 Job
2546 454 2559 491 :
2586 442 2648 490 In
2671 454 2844 491 manu
2875 438 3068 492 omnis
3092 437 3350 492 hominis
3383 439 3643 513 signum,

1991 529 2055 577 ut
2081 524 2225 579 sciat
2242 525 2434 579 omnis
2456 526 2624 580 homo
2651 526 3054 581 inﬁrmitatem
3078 544 3245 581 suam
3266 527 3380 597 (Job
3404 530 3643 599 xxxvu.)

1990 611 2338 667 Undeetiam
2357 614 2567 669 Daniel
2592 621 2833 669 sanctus
2860 622 2915 670 et
2930 617 3132 685 justus
3150 633 3284 671 cum
3309 618 3365 670 in
3383 620 3644 673 oratione

1990 700 2296 771 pluraliter
2326 703 2580 758 diceret:
2618 707 2994 770 Peccavimus,
3022 708 3361 776 inquitalem
3410 706 3644 776 fecimus

1989 789 2151 860 (Dan.
2184 791 2282 859 ιιι),
2317 796 2372 845 et
2400 798 2605 847 czetera
2637 809 2766 862 quae
2791 793 2867 846 ibi
2899 794 3182 848 veraciter
3234 800 3291 850 et
3341 795 3646 850 humiliter

1990 880 2320 949 conﬁtetur,
2352 897 2421 934 ne
2456 886 2761 952 putaretur
2812 883 3341 953 (quemadmodum
3400 885 3645 955 quidam

1989 968 2297 1039 sentiunt),
2324 971 2429 1023 hoc
2456 986 2567 1024 non
2597 971 2667 1025 de
2691 971 2837 1035 suis,
2872 972 2969 1025 sed
2999 972 3069 1026 de
3100 972 3301 1043 populi
3332 973 3421 1027 sui
3450 974 3644 1043 potius

1988 1057 2209 1112 dixisse
2244 1059 2519 1128 peccatis,
2556 1066 2755 1129 postea
2788 1060 2968 1114 dixit:
2998 1060 3133 1115 Cum
3148 1077 3362 1115 orarem
3391 1066 3446 1116 et
3476 1064 3646 1131 conﬁ-

1985 1150 2132 1201 terer
2161 1157 2383 1214 peccata
2414 1166 2558 1212 mea,
2583 1151 2631 1201 et
2660 1154 2879 1218 peccata
2908 1151 3101 1220 populi
3134 1152 3245 1203 mei
3276 1150 3509 1206 Domino
3540 1153 3645 1206 Deo

1987 1251 2105 1289 meo
2136 1236 2342 1307 (ibid),
2376 1236 2565 1290 noluit
2599 1243 2835 1308 peccata
2856 1243 3055 1293 nostra
3084 1237 3293 1309 dicere,
3316 1240 3415 1294 sed
3446 1239 3646 1311 populi

1989 1324 2081 1378 sui
2114 1325 2259 1378 dixit
2297 1330 2353 1379 et
2384 1343 2510 1389 sua,
2546 1328 2823 1396 quoniam
2860 1328 3086 1382 futuros
3139 1328 3304 1393 istos,
3367 1328 3467 1400 qui
3523 1334 3644 1383 tam

1990 1412 2141 1468 male
2175 1413 2525 1483 intelligent,
2551 1423 2830 1485 tanquam
2862 1416 3167 1486 propheta,
3202 1418 3484 1487 prtevidit.

1989 1520 2124 1574 CAP.
2161 1519 2281 1574 139.
2318 1552 2386 1559 —
2418 1522 2489 1574 Dc
2520 1521 2636 1575 illis
2667 1524 2765 1592 qui
2790 1538 2851 1575 se
2879 1524 3137 1592 afﬂigunt
3166 1524 3233 1577 de
3261 1524 3411 1578 obitu
3448 1524 3645 1579 charo-

2058 1608 2266 1666 rorum.
2302 1592 2630 1662 Exepistola.
2655 1597 2951 1649 Anastasii
2971 1596 2991 1648 1
3012 1611 3193 1666 papae,
3210 1598 3453 1651 Neriauo
3484 1596 3645 1651 nobi-

2062 1664 2271 1718 lissimo
2302 1667 2418 1719 viro
2450 1666 2685 1719 directa.

1908 1714 1957 1778 B
2006 1822 2017 1828 -
2060 1756 2175 1807 Nos
2207 1757 2401 1807 autem
2436 1753 2535 1823 qui
2571 1754 2861 1815 novimus.
2886 1755 2985 1826 qui
3011 1755 3119 1809 hoc
3144 1756 3437 1811 credimus
3456 1761 3511 1811 et
3536 1757 3644 1812 do-

1989 1857 2211 1907 cemus,
2232 1841 2562 1896 contristari
2580 1843 2826 1896 nimium
2861 1845 2931 1897 de
2955 1845 3306 1899 obeuntibus
3326 1862 3441 1899 non
3466 1846 3643 1901 debe-

1990 1946 2143 1995 mus,
2169 1931 2406 2002 nequod
2432 1932 2588 2001 apud
2612 1930 2756 1987 alios
2786 1932 3021 2002 pietatis
3047 1938 3204 1988 tenet
3226 1934 3503 2005 speciem,
3536 1935 3646 1990 hoc

1991 2020 2179 2091 magis
2211 2019 2266 2072 in
2301 2020 2474 2091 culpa
2506 2020 2581 2074 sit
2615 2020 2800 2074 nobis.
2827 2021 2970 2075 Nam
2998 2022 3335 2077 difﬁdentiae
3362 2024 3645 2093 quodam-

1990 2109 2164 2161 modo
2196 2124 2384 2178 genus
2405 2108 3035 2180 est,contrahoclagere
3061 2112 3213 2182 quod
3235 2111 3479 2183 quisque
3498 2129 3645 2183 pra:-

1991 2196 2216 2274 dicator
2245 2197 2695 2270 quazrit[contra
2728 2198 2879 2268 quod
2917 2200 3071 2269 quis.
3124 2201 3301 2269 praad.
3350 2200 3640 2271 queritur.

1990 2286 2159 2356 orig.)
2186 2286 2479 2355 justitiam
2513 2287 3279 2359 amans,dicenteApostolo
3306 2307 3318 2344 :
3343 2289 3643 2345 Noluimus

1988 2381 2171 2430 autem
2202 2392 2289 2430 vos
2320 2378 2599 2444 ignorare,
2631 2379 2852 2443 fratres,
2886 2377 2951 2431 de
2980 2376 3394 2444 dormientibus,
3423 2383 3484 2433 ut
3530 2395 3643 2433 non

1988 2466 2417 2537 contristemini,
2448 2467 2593 2519 sicut
2619 2471 2671 2521 et
2699 2465 2883 2519 casteri
2909 2468 3005 2535 qui
3026 2483 3173 2537 spem
3208 2483 3318 2521 non
3366 2468 3565 2523 habent
3596 2469 3641 2537 (I

1996 2554 2172 2609 Thess.
2205 2554 2301 2624 ιν).
2353 2554 2470 2609 Hac
2500 2554 2719 2623 itaque,
2780 2554 2955 2608 frater
2986 2554 3353 2621 charissima,
3416 2556 3639 2610 ratione

1992 2648 2313 2713 perspecta,
2340 2643 2698 2696 studendum
2732 2642 2902 2696 nobis
2932 2647 3041 2712 est,
3068 2648 3131 2697 ut
3151 2643 3328 2713 (sicut
3357 2644 3637 2713 diximus)

1991 2748 2106 2786 non
2141 2732 2209 2785 de
2240 2731 2487 2786 mortuis
2504 2732 2856 2800 afﬂigamur,
2882 2731 2981 2786 sed
3014 2732 3287 2787 allectum
3304 2732 3637 2787 viventibus

1990 2821 2425 2891 impendamus,
2459 2820 2675 2890 quibus
2705 2824 2764 2873 et
2794 2820 2980 2891 pietas
3013 2821 3083 2875 ad
3110 2821 3451 2887 utilitatem,
3480 2826 3536 2876 et
3559 2822 3636 2876 sit

1990 2910 2060 2963 ad
2097 2910 2351 2964 fructum
2377 2908 2628 2964 dilectio.
2656 2908 2888 2978 Depone
2920 2926 3079 2979 ergo,
3111 2909 3480 2965 charissima.
3502 2926 3641 2965 nite-

1991 3015 2205 3063 rorem,
2238 3004 2294 3052 et
2315 3014 2553 3053 assume
2583 2998 2949 3069 spiritualem
2987 3000 3243 3054 fructum
3297 2998 3530 3067 laetitiae,
3565 2999 3637 3053 ad

237 3063 435 3159 Ψλίίξλῗ
466 3065 622 3159 “lim
655 3065 980 3136 θροδίοῙυεν
1014 3070 1069 3119 9t
1100 3064 1370 3159 adiflf‘slt
1400 3081 1412 3119 ⁵
1448 3064 1508 3118 δέ
1536 3068 1719 3159 αίξίδῖη
1750 3078 1882 3159 ⁸0⁷³⁸-
1910 3083 1953 3151 C
1991 3088 2300 3142 utilitatem
2332 3092 2544 3143 sanctae
2583 3063 2683 3142 D'ei
2716 3088 3003 3159 Ecclesiae,
3038 3105 3457 3159 servorumque
3512 3063 3640 3158 ejus

234 3152 367 3223 fessi
394 3154 665 3223 fuerimus
682 3164 903 3225 peccata
944 3154 1362 3225 nostru,'ﬁilelis
1393 3161 1473 3208 est
1498 3162 1547 3209 et
1574 3154 1753 3225 justus
1786 3153 1882 3223 qui

238 3246 481 3298 remittat
510 3244 664 3299 nobis
691 3249 930 3314 peccata,
958 3253 1010 3299 et
1040 3245 1263 3299 mundet
1290 3261 1387 3299 nos
1444 3245 1510 3298 ab
1559 3243 1712 3298 omni
1768 3244 1882 3296 ini-

239 3331 449 3402 quitate
477 3332 659 3404 (ibid.)
695 3334 799 3388 Ubi
827 3334 971 3388 satis
1030 3342 1263 3404 apparet
1319 3334 1423 3388 hoc
1475 3350 1589 3388 non
1652 3336 1882 3387 tantum

241 3419 565 3486 humiliter,
595 3423 695 3477 sed
727 3422 901 3477 etiam
917 3423 1197 3485 veraciter
1213 3422 1349 3476 dici.
1376 3423 1607 3477 Poterat
1626 3422 1778 3477 enim
1796 3421 1881 3474 di-

232 3526 361 3565 cere
392 3511 692 3581 apostolus
718 3528 730 3565 ε
769 3512 827 3566 Si
859 3512 1202 3575 dixerimus,
1238 3528 1351 3565 non
1376 3511 1664 3565 habemus
1687 3526 1883 3582 pecca-

232 3602 382 3667 tum,
409 3601 802 3671 nosmetipsos
822 3600 1182 3665 extollimus,
1214 3604 1269 3654 et
1302 3599 1607 3654 humilitas
1632 3599 1689 3654 in
1716 3600 1882 3654 nobis

232 3704 348 3743 non
384 3694 493 3743 est.
518 3690 624 3744 Sed
658 3708 789 3745 cum
824 3690 941 3745 ait:
974 3691 1340 3761 Nosmetipsos
1370 3689 1690 3760 decipimus,
1710 3694 1761 3743 et
1793 3705 1880 3743 ve-

230 3780 377 3833 ritas
406 3778 461 3831 in
492 3779 646 3833 nobis
676 3797 783 3833 non
812 3784 909 3845 est,
936 3779 1081 3834 satis
1104 3779 1362 3834 ostendit
1384 3794 1517 3833 eum
1549 3778 1648 3849 qui
1674 3778 1883 3832 dixerit

231 3884 293 3922 se
325 3884 439 3921 non
473 3868 683 3923 habere
715 3872 1046 3940 peccatum,
1070 3885 1184 3923 non
1218 3866 1622 3938 verumloqui,
1650 3868 1749 3922 sed
1774 3866 1879 3922 fal-

230 3973 387 4011 sum.

228 4067 362 4119 CAP.
404 4064 521 4117 138.
557 4096 622 4104 -
656 4065 725 4119 De
750 4064 866 4120 illis
894 4066 1121 4124 sanctis.
1150 4066 1247 4135 qui
1288 4064 1477 4119 dicunt
1507 4065 1567 4118 in
1626 4062 1880 4118 Oratione

300 4136 586 4190 Dominica
620 4153 631 4190 :
673 4137 905 4191 Dimitte
940 4137 1109 4191 nobis
1133 4137 1328 4191 debita
1352 4139 1675 4191 nostratis:
1694 4135 1879 4190 eodem

300 4223 453 4262 conc.
486 4225 604 4279 cap.
640 4210 731 4264 71.
764 4210 904 4281 (cap.
939 4210 1029 4276 81,
1064 4212 1113 4263 et
1143 4225 1291 4264 conc.
1330 4209 1501 4263 tlilev.
1532 4224 1577 4261 c.
1611 4209 1689 4277 7).

302 4299 1135 4371 Item'placuitutquicumque
1160 4299 1371 4354 dixerit
1392 4300 1450 4359 in
1468 4298 1742 4353 Oratione
1765 4298 1876 4352 Do-

231 4387 449 4442 minica
478 4390 608 4443 ideo
640 4390 829 4444 dicere
861 4395 1122 4445 sanctos:
1154 4391 1386 4444 Dimitte
1407 4389 1564 4443 nobis
1580 4388 1761 4442 debita
1784 4404 1876 4442 no-

228 4478 569 4547 stra(lllatth.
604 4480 703 4549 v1),
730 4482 793 4532 ut
823 4496 937 4533 non
971 4496 1073 4550 pro
1106 4478 1319 4549 seipsis
1354 4478 1457 4532 hoc
1488 4478 1707 4541 dicant,
1743 4477 1881 4547 quia

230 4582 346 4619 non
380 4570 470 4619 est
496 4567 580 4621 eis
612 4568 941 4623 necessaria
966 4568 1081 4622 ista
1102 4567 1325 4638 petitio,
1351 4567 1451 4621 sed
1483 4582 1587 4636 pro
1610 4565 1760 4629 aliis,
1782 4565 1878 4635 qui

229 4659 371 4710 sunt
403 4655 460 4709 in
487 4672 592 4710 suo
625 4656 838 4728 populo
872 4660 1207 4727 peccatores
1232 4674 1245 4721 ;
1272 4660 1326 4710 et
1354 4656 1480 4709 ideo
1525 4671 1638 4709 non
1689 4655 1880 4709 dicere

229 4760 713 4815 unumquemque
727 4745 1145 4815 sanctorum,di
1160 4744 1323 4799 mitte
1346 4744 1486 4798 mihi
1504 4749 1737 4815 peccata
1753 4759 1882 4798 mea

231 4834 333 4889 sed
365 4832 583 4889 dimitte
605 4834 757 4891 nobis
784 4833 965 4889 debita
986 4838 1196 4903 nostra,
1231 4838 1295 4889 ut
1328 4834 1434 4887 hoc
1467 4848 1570 4903 pro
1594 4831 1723 4886 aliis
1774 4848 1880 4902 po-

226 4926 345 4981 tius
360 4944 538 4996 quam
558 4944 658 4999 pro
677 4927 944 4997 sejustus
960 4924 1549 4998 petereintelligatur,
1567 4924 1882 4980 anathema

230 5017 327 5071 sit.
362 5017 608 5071 Sanctus
631 5016 787 5071 enim
820 5021 876 5071 et
897 5018 1098 5087 justus
1129 5021 1252 5071 erat
1283 5015 1581 5087 apostolus
1628 5015 1878 5071 Jacobus

228 5121 364 5159 cum
399 5105 664 5161 dicebat:
701 5108 760 5159 In
792 5107 981 5160 multis
1009 5106 1338 5176 offendimus
1365 5121 1552 5160 omnes
1581 5106 1722 5173 (Jac.
1772 5106 1876 5175 ιιι).

230 5194 375 5248 Nam
408 5211 585 5263 quare
618 5194 882 5249 additum
916 5200 1023 5261 est,
1048 5211 1251 5260 omnes,
1287 5194 1401 5250 nisi
1436 5198 1496 5248 ut
1519 5195 1630 5248 ista
1655 5199 1883 5248 senten-

230 5282 313 5337 tia
344 5282 677 5338 conveniret
706 5290 762 5338 et
795 5283 1042 5355 psalmo,
1076 5284 1173 5336 ubi
1207 5282 1420 5354 legitur
1444 5288 1583 5339 :Non
1618 5282 1788 5337 intres
1820 5282 1879 5335 in

228 5371 507 5443 judicium
536 5389 661 5428 cum
693 5388 846 5428 servo
894 5378 989 5427 tuo
1047 5376 1178 5442 quia
1232 5388 1342 5427 non
1400 5373 1791 5443 iustiﬁcabitur
1822 5370 1881 5425 in

237 5465 525 5531 conspectu
546 5468 643 5517 tuo
674 5462 849 5517 omnis
872 5464 1055 5517 vivens
1085 5461 1257 5532 (Psal.
1289 5461 1480 5533 CXLII).
1538 5462 1605 5516 Et
1661 5460 1717 5516 in
1750 5477 1879 5517 ora-

238 5550 399 5607 tione
428 5548 857 5621 sapientissimi
888 5548 1183 5606 Salomnis
1218 5564 1230 5604 :
1288 5552 1405 5607 Non
1459 5556 1537 5605 est
1580 5548 1736 5606 homo
1785 5548 1882 5621 qui

1995 3178 2340 3249 profectum,
2373 3182 2429 3231 et
2459 3178 2584 3231 vita:
2625 3177 2802 3247 hujus
2829 3194 3195 3249 quiscunque
3255 3183 3395 3233 sunt
3450 3178 3643 3248 spatia

1994 3267 2225 3320 aiternis
2247 3264 2578 3335 divinisque
2593 3265 2799 3321 ofﬁciis
2822 3264 3118 3320 illustrare
3135 3265 3441 3327 contende,
3462 3269 3525 3317 ut
3540 3264 3639 3334 qui

1992 3354 2286 3425 insignem
2312 3358 2366 3409 te
2397 3354 2689 3426 prtestitit,
2712 3354 2917 3409 reddat
2939 3354 3053 3408 sibi
3075 3369 3179 3425 per
3202 3353 3415 3408 saecula
3436 3352 3643 3408 clario-

1993 3459 2137 3498 rem.

1991 3536 2129 3588 CAP.
2165 3533 2287 3586 140.
2320 3565 2388 3572 —-
2419 3534 2491 3588 De
2512 3533 2627 3587 illis
2651 3534 2745 3603 qui
2773 3532 2885 3586 sibi
2926 3533 3059 3601 ipsis
3114 3531 3439 3603 voluntarie
3485 3547 3638 3603 mor-

2063 3608 2170 3742 ἔθνη
2228 3604 2493 3746 ίὲζῖνυηι.
2548 3606 2632 3658 Ex
2682 3605 2964 3660 conciliox
3013 3602 3362 3673 Bracarensi,
3400 3620 3521 3674 cap.
3576 3602 3642 3657 10

2085 3690 2208 3743 cap.
2343 3717 2355 3730 .

2064 3765 2177 3835 (23,
2210 3782 2267 3836 q.
2296 3766 2351 3835 5,
2382 3782 2429 3821 c.
2466 3764 2682 3820 Placuit
2714 3770 2775 3820 ut
2804 3765 2909 3837 hi.)
2941 3765 3168 3821 Placuit
3199 3770 3263 3820 ut
3284 3764 3343 3819 hi
3368 3764 3468 3835 qui
3500 3761 3643 3818 sibi-

1989 3852 2137 3925 ipsis
2170 3854 2494 3909 voluntarie
2525 3860 2627 3909 aut
2659 3872 2762 3926 per
2794 3856 3035 3925 ferrum,
3070 3859 3173 3909 aut
3196 3870 3297 3926 per
3326 3870 3639 3921 venenum,

1988 3948 2087 3998 aut
2110 3960 2211 4014 per
2236 3944 2643 4016 praecipitium,
2679 3950 2781 3999 aut
2805 3962 2908 4016 per
2937 3945 3352 4015 suspendium,
3377 3943 3461 3998 vel
3496 3959 3641 4014 quo-

1989 4030 2131 4088 libet
2160 4034 2333 4088 modo
2362 4034 2623 4089 inferunt
2643 4039 2913 4099 mortem,
2944 4034 3105 4088 nulla
3136 4050 3240 4104 pro
3265 4033 3455 4087 illisin
3474 4032 3642 4086 obla-

1988 4123 2146 4177 tione
2177 4123 2659 4178 commemoratio
2678 4124 2798 4191 fiat,
2822 4139 3010 4192 neque
3033 4138 3164 4177 cum
3187 4120 3433 4192 psalmis
3458 4120 3528 4173 ad
3552 4136 3641 4174 se-

1990 4211 2289 4282 pulturam
2317 4229 2519 4267 eorum
2557 4212 2838 4265 cadavera
2869 4212 3257 4265 deducantur.
3290 4209 3456 4264 Multi
3484 4208 3641 4264 enim

1988 4299 2099 4355 sibi
2124 4301 2233 4355 hoc
2248 4317 2349 4372 per
2372 4300 2763 4372 ignorantiam
2782 4303 3164 4370 usurparunt.
3189 4298 3476 4354 Similiter
3496 4303 3553 4353 et
3569 4298 3640 4352 de

1989 4388 2082 4444 his
2116 4389 2334 4461 placuit
2357 4390 2614 4460 lieri,qui
2649 4406 2753 4460 pro
2786 4390 2909 4444 suis
2942 4388 3263 4444 sceleribus
3288 4388 3635 4459 puniuntur.

1990 4500 2118 4552 CAP.
2155 4498 2275 4551 141.
2312 4528 2379 4536 ——
2413 4498 2482 4550 De
2509 4495 2697 4551 eadem
2728 4512 2805 4551 re.
2841 4498 2923 4551 Ex
2952 4497 3185 4553 concilio
3238 4496 3639 4565 Cubillonensi,

2327 4585 2445 4638 cap.
2474 4569 2508 4621 5
2539 4568 2869 4623 Antisiodor.
2908 4585 3077 4638 conc.,
3102 4586 3151 4624 c.
3190 4569 3299 4639 17).

2060 4659 2405 4727 Quicunque
2437 4673 2498 4711 se
2519 4657 2753 4728 propria
2775 4657 3073 4713 voluntate
3092 4662 3192 4712 aut
3214 4658 3270 4711 in
3296 4674 3508 4728 aquam
3542 4658 3642 4712 de-

1982 4747 2197 4819 jecerit
2228 4747 2762 4817 [jactaveritorig.],
2796 4752 2894 4801 aut
2943 4747 3157 4802 collum
3219 4747 3488 4819 ligaverit
3542 4752 3644 4801 aut

1990 4838 2060 4891 de
2093 4837 2297 4891 arbore
2331 4835 2796 4906 praecipitaverit,
2821 4840 2920 4890 aut
2950 4836 3100 4890 ferro
3132 4836 3508 4907 percusserit,
3543 4839 3643 4889 aut

1990 4924 2569 4981 cuilibetvoluntarie
2601 4941 2663 4979 se
2686 4925 2859 4978 morti
2884 4925 3206 4992 tradiderit,
3235 4925 3408 4979 istius
3423 4923 3640 4979 oblatio

1990 5031 2105 5069 non
2139 5014 2453 5085 recipiatur
2482 5012 2815 5085 (paululum
2846 5014 3032 5069 variat
3058 5016 3117 5069 in
3148 5014 3335 5084 orig).

1990 5123 2124 5178 CAP.
2160 5121 2281 5175 442.
2318 5153 2385 5160 -
2418 5122 2488 5175 De
2522 5120 2635 5175 illis
2664 5123 2911 5192 quicum
2956 5121 3269 5189 inﬁdelibus
3319 5121 3503 5175 cibum
3551 5136 3639 5173 su-

2060 5209 2207 5248 mere
2230 5202 2588 5264 praesumuut.
2614 5194 2697 5247 Ea:
2720 5209 2867 5247 conc.
2898 5192 3260 5257 Eliberitano,
3283 5208 3407 5260 cap.
3440 5193 3528 5244 50.

2061 5282 2121 5336 Si
2152 5298 2283 5337 vero
2316 5281 2564 5337 clericus
2597 5281 2683 5337 vel
2729 5281 2919 5336 ﬁdelis
2977 5297 3111 5335 cum
3160 5281 3380 5335 Judteis
3438 5279 3639 5333 cibum

1989 5371 2327 5443 sumpserit,
2356 5369 2574 5442 placuit
2593 5387 2723 5426 eum
2746 5387 2779 5427 a
2814 5371 3227 5425 communione
3248 5368 3563 5438 abstinere,
3580 5372 3645 5423 ut

1990 5462 2178 5532 possit
2209 5459 2529 5516 emendari.

1990 5549 2124 5606 CAP.
2165 5549 2457 5606 143.—De
2487 5548 2607 5605 illis
2625 5544 2722 5620 qui
2752 5547 3246 5619 apostatant,etad
3266 5546 3644 5604 idololatrian:
