3948 6072
341 177 444 238 891

1419 198 1488 250 D.
1529 199 1770 256 IVONIS
1806 202 2306 262 CARNOTENSIS
2341 202 2665 265 EPISCOPI

3651 213 3777 271 892

410 330 858 427 :i-qonoert‘un‘t.
1027 332 1208 390 eodem
1264 352 1412 392 conc.
1444 339 1524 408 (id
1561 340 1719 398 habet
1749 343 1987 401 Siricius
2012 328 2067 395 Α
2098 362 2234 402 nem
2271 353 2402 420 post
2432 356 2688 422 partum,
2719 351 2769 408 si
2798 351 3150 424 {masculum
3201 355 3491 427 genuerit,
3521 357 3592 413 33
3623 359 3772 417 dies

407 413 560 469 papa
589 415 674 470 ep.
720 401 770 468 1,
802 416 854 457 ο.
886 404 962 475 3).

416 488 724 576 Adjectum
755 496 843 547 est
863 493 1036 551 etiam
1068 497 1355 567 quosdam
1385 499 1829 560 Christianosad
1857 523 1988 576 apo-

341 575 586 630 stasiam
618 579 795 649 (quod
821 581 934 637 dici
970 585 1134 640 nefas
1172 588 1279 650 est)
1314 591 1687 646 transeuntes
1717 598 1774 647 et
1805 575 1990 649 idolo-

342 679 473 717 rum
507 666 668 720 cultu
701 685 766 723 ac
794 672 1215 728 sacrificiorum
1266 678 1760 737 contaminatione
1792 682 1986 753 profa-

341 755 536 818 natos,
568 771 714 826 quos
745 774 779 812 a
799 759 1011 815 Christi
1035 778 1275 835 corpore
1305 771 1360 820 et
1392 767 1698 839 sanguine,
1732 787 1847 843 quo
1880 772 1988 826 du-

342 840 478 896 dum
505 843 786 918 redempti
812 848 1042 906 fuerant
1064 856 1444 922 renascendo,
1461 840 1991 926 jubemus‘abscin-

339 929 416 1016 di,
450 935 506 985 et
537 933 584 986 si
619 934 1032 1007 resipiscentes
1080 942 1225 997 forte
1274 942 1591 1015 aliquando
1629 947 1863 1016 fuerint,
1916 949 1990 1004 ad

340 1014 598 1076 lamenta
613 1025 901 1092 conversi,
923 1027 1304 1100 his,quandiu
1323 1014 1544 1100 vivunt,
1561 1037 1790 1106 agenda
1811 1039 1994 1108 poeni“

339 1106 523 1162 tentia
553 1115 662 1176 est,
713 1117 778 1168 ut
810 1113 869 1170 in
902 1116 1110 1173 ultimo
1162 1119 1278 1175 fine
1334 1138 1441 1178 suo
1491 1106 1989 1182 reconciliationis

335 1195 526 1264 gratia
554 1200 888 1271 tribuenda,
943 1206 1173 1264 dicente
1210 1209 1506 1268 Domino:
1564 1213 1704 1270 Noto
1757 1220 1990 1272 mortem

326 1289 656 1378 peccatoris,
686 1291 780 1346 sed
809 1295 870 1347 ut
897 1301 1248 1352 convertatur
1280 1303 1332 1354 et
1361 1302 1509 1356 vivat
1537 1302 1755 1373 [Haecin
1800 1307 1985 1378 xvm).

334 1371 466 1431 CAP.
498 1377 621 1433 144.
656 1410 726 1422 -
754 1381 830 1437 De
856 1383 1047 1511 ειμιἳηῖ
1074 1402 1152 1442 re.
1175 1388 1311 1514 [M223
1334 1404 1413 1528 ξε
1441 1371 1622 1447 eodem
1645 1395 1820 1463 (conc.
1851 1371 1985 1450 Are-

988 1473 1020 1511 a
1053 1497 1065 1511 .
1092 1474 1131 1525 ι,
1163 1475 1211 1513 c.
1316 1503 1327 1514 .

988 1473 1065 1511 at.
1092 1474 1131 1525 ι,
1163 1475 1211 1513 c.

407 1537 482 1592 De
512 1537 606 1595 his
643 1540 744 1612 qui
777 1548 1134 1616 apostatant,
1168 1553 1367 1604 etraro
1391 1566 1453 1604 se
1475 1551 1545 1606 ad
1570 1551 1879 1630 ecclesiam
1904 1571 1988 1610 re-

2099 438 2416 508 pceniteat;
2451 440 2500 495 si
2532 440 2834 511 feminam,
2865 441 2953 496 46.
2986 445 3042 497 Si
3076 459 3192 514 qua
3222 451 3417 500 autem
3460 463 3771 517 pressum-

2099 527 2282 598 pserit
2310 533 2443 583 ante
2464 535 2697 600 tempus
2713 531 3062 602 prafinitum
3086 533 3386 589 ecclesiam
3409 534 3655 604 intrare,
3678 542 3775 594 tot

2100 616 2225 671 dies
2257 617 2535 688 poeniteat
2567 620 2624 673 in
2657 636 2806 692 pane
2825 625 2880 675 et
2912 638 3082 692 aqua,
3109 627 3252 691 quot
3281 622 3527 680 ecclesia
3557 642 3773 683 carere

2099 704 2400 762 debuerat.
2423 707 2532 772 Qui
2551 715 2747 764 autem
2764 711 3144 766 concubuerit
3169 728 3236 766 cu
3250 729 3302 766 m
3318 729 3385 768 ea
3402 712 3494 768 his
3516 715 3760 787 diebus,

2099 793 2298 848 decem
2333 795 2456 850 dies
2489 798 2764 868 poeniteat
2788 798 2844 852 in
2877 816 3027 870 pane
3057 805 3114 854 et
3143 817 3314 872 aqua.

2099 883 2231 963 CAP.
2283 884 2402 940 152.
2444 916 2514 963 —_
2535 886 2706 963 _Quod
2721 888 2981 963 monachi
2987 890 3358 963 saecularibus
3371 893 3769 963 paenitentiam

2169 955 2302 1010 dare
2329 972 2440 1012 non
2459 955 2711 1016 debeant.
2735 959 3061 1016 Exconcilio
3092 955 3494 1033 Maguntiénsi,
3513 981 3640 1035 cap.
3665 968 3764 1022 22.

2172 1044 2362 1099 Liberi
2395 1062 2510 1100 non
2543 1049 2970 1104 suntmonachi
2987 1051 3059 1105 ad
3075 1051 3328 1107 dandam
3345 1053 3764 1124 pmnitentiam

2098 1131 2497 1191 saecularibus.

2097 1221 2226 1303 CAP.
2263 1222 2385 1276 153.
2411 1254 2483 1264 -
2520 1225 2585 1281 Ut
2636 1225 2963 1303 paenitentes
2994 1232 3127 1303 ante
3149 1240 3433 1303 peractam
3475 1231 3765 1303 paeniten-

2169 1292 2307 1348 tiam
2323 1310 2488 1420 29pm
2548 1292 2995 1355 reconcilientur.
3076 1292 3171 1355 Ea}
3251 1301 3435 1358 eodem
3475 1292 3761 1374 'concilio,

2169 1381 2292 1420 cap.
2401 1409 2414 1420 .

2167 1381 2292 1435 cap.

2165 1453 2292 1508 Non
2327 1455 2780 1513 reconcilientur
2810 1460 3180 1531 paenitentes,
3203 1460 3253 1517 si
3285 1462 3609 1519 necessitas
3635 1481 3757 1521 non

2095 1543 2367 1615 coegerit,
2402 1545 2515 1602 nisi
2542 1553 2673 1618 post
2698 1553 2889 1604 actam
2922 1551 3355 1621 paenitentiam.

334 1633 706 1698 praesentant,
750 1648 856 1689 nec
906 1634 1147 1705 quidem
1198 1639 1600 1707 pmnitentiam
1652 1659 1821 1714 agere
1854 1661 1961 1715 qua

2162 1649 2229 1724 qn.
2413 1663 2482 1674 —
2513 1636 2578 1716 tit
2607 1636 2704 1724 qui
2719 1638 2794 1692 ad
2805 1639 3201 1724 confessionem
3220 1640 3466 1724 veniunt,
3503 1642 3761 1724 primum

332 1720 492 1784 runt,
525 1721 582 1772 et
613 1725 817 1790 postea
847 1703 1448 1799 infirmitate-arrepti,
1482 1703 1986 1802 peluntUcommu-
2015 1706 2060 1772 Β
2879 1711 3128 1768 avaritia
3170 1711 3605 1784 inwﬁogemur'
3673 1720 3760 1771 ⁸⁸⁷⁵

333 1801 592 1869 nionem,
627 1807 848 1875 placuit
877 1828 992 1866 non
1025 1813 1280 1870 dandam
1341 1817 1424 1872 eis
1478 1801 1978 1891 communionem,

332 1890 448 1946 nisi
480 1893 862 1952 revelaverint
905 1899 1080 1955 fidem
1121 1918 1290 1959 suam
1348 1910 1586 1976 rectam,
1646 1914 1704 1964 et
1758 1890 1986 1982 egerint

331 1977 755 2070 [revelaverint,
785 1992 841 2041 et
882 1989 1125 2060 egerint.
1160 1991 1251 2048 Sic
1306 1994 1476 2051 codex
1502 1997 1747 2070 concilii]
1775 1977 1982 2070 dignos

333 2067 563 2125 fructus
589 2074 963 2142 pmnitentias.

335 2155 615 2216 CAP.145.
651 2193 720 2204 -—-
751 2165 834 2249 I_)e_
855 2166 972 2249 illis
1003 2170 1099 2249 qui
1129 2169 1764 2249 Christianmmancipia
1807 2180 1985 2249 capti-

585 2239 854 2292 vaverint.
886 2239 973 2294 Ex
993 2243 1376 2300 Pcenitentiali
1435 2239 1714 2303 Theodori.

397 2319 458 2375 Si
490 2322 625 2392 quis
647 2322 902 2396 aliquem
935 2327 1236 2386 hominem
1269 2333 1532 2404 quolibet
1573 2337 1808 2408 ingenio
1839 2355 1982 2410 cap-

330 2408 616 2480 tivaverit,
647 2417 749 2469 aut
778 2417 1193 2487 transmiserit,
1226 2422 1419 2479 tribus
1476 2425 1648 2481 annis
1683 2408 1978 2498 poeniteat.

329 2497 462 2552 CAP.
489 2500 609 2587 146:
638 2533 708 2582 ς-
735 2505 1083 2587 De.ill_is_qu_i
1109 2508 1356 2587 domum,
1397 2513 1490 2587 vel
1516 2497 1708 2570 aream
1735 2516 1983 2587 proximi

501 2573 598 2627 sui
626 2572 1003 2648 incenderint;
1027 2581 1112 2634 Es
1138 2572 1520 2640 Pamiténtiali
1540 2572 1800 2643 Romano.

397 2659 456 2714 Si
483 2661 618 2731 quis
651 2664 894 2722 domum
925 2667 1014 2723 vel
1037 2685 1226 2725 arcam
1257 2673 1665 2748 cujuscunque
1706 2676 1980 2734 volunta-

326 2746 410 2802 rie
442 2747 578 2818 igne
602 2755 970 2824 cremaverit,
1003 2757 1238 2815 sublata
1266 2760 1352 2816 vel
1387 2746 1626 2820 incensa
1641 2765 1841 2821 omnia
1863 2783 1981 2823 res-

328 2835 525 2903 tituat,
560 2843 616 2893 et
644 2840 835 2898 tribus
865 2844 1037 2900 annis
1069 2848 1470 2917 pmnitentiam
1503 2858 1657 2926 agat.

329 2925 460 2981 ΟΑΡ.
515 2927 639 2982 147.
671 2932 847 3005 -τμυε
903 2933 1025 2988 illis
1072 2938 1169 3005 qui
1224 2938 1514 2996 libidinose
1561 2943 1978 3002 obtrectaverint

611 3000 860 3070 puellam
889 3009 987 3060 aut
1021 3000 1334 3064 mulierem.
1365 3013 1450 3066 Ex
1484 3013 1689 3070 eodem.

2167 1776 2553 1833 Pcenitentiali
2583 1779 2868 1836 Theodori.

2164 1864 2314 1921 Sane
2344 1867 2484 1937 quia
2513 1869 2584 1923 de
2614 1867 2793 1926 livore
2821 1870 3074 1939 invidiae,
3107 1875 3165 1927 et
3194 1873 3266 1928 de
3295 1872 3401 1945 ira,
3437 1889 3668 1931 necnon
3706 1880 3766 1931 et

2092 1953 2163 2008 de
2194 1955 2458 2021 avaritia,
2492 1962 2558 2012 ut
2582 1959 2858 2030 superius
2889 1959 3180 2031 digestum
3208 1966 3316 2030 est,
3350 1963 3625 2019 oriuntur
3648 1966 3757 2020 bo-

2091 2041 2348 2106 micidia,
2380 2050 2536 2101 recte
2555 2046 2644 2117 (ut
2672 2048 2944 2120 arbitror)
2972 2051 3314 2106 censuimus
3328 2053 3399 2107 de
3430 2053 3559 2124 ipso
3586 2054 3759 2121 vitio,

2089 2130 2346 2202 primum
2361 2134 2612 2203 qualiter
2624 2138 2970 2193 sacerdotali
2979 2139 3206 2209 judicio
3219 2143 3497 2198 canonice
3511 2143 3758 2214 penitus

2091 2221 2170 2275 sit
2202 2222 2615 2293 corrigendum
2661 2227 2991 2292 ostendere,
3023 2245 3089 2283 ac
3147 2229 3379 2295 deinde,
3414 2231 3750 2288 secundum

2091 2309 2356 2366 ordinem
2389 2312 2686 2382 vitiorum,
2713 2315 2792 2371 ita
2822 2316 3149 2372 remedium
3181 2318 3582 2392 subsequatur
3627 2338 3748 2391 quo

2089 2398 2320 2455 facilius
2341 2401 2729 2474 undecunque
2751 2405 3034 2475 paenitens
3057 2407 3295 2479 purgari
3317 2407 3588 2477 voluerit,
3618 2409 3753 2466 sine

2090 2487 2373 2544 dilatione
2404 2490 2463 2544 in
2497 2491 2748 2562 singulis
2779 2492 3054 2565 capitulis
3084 2493 3435 2551 inveniatur.

2088 2575 2224 2658 CAP.
2430 2611 2501 2620 —
2531 2580 2768 2658 Dedillis
2797 2585 2896 2653 qui
2922 2583 3031 2658 s_oli
3056 2584 3163 2638 Deo
3189 2591 3412 2658 peccata
3453 2603 3558 2642 sua
3573 2590 3750 2658 conﬁ-

2161 2652 2336 2722 tenda
2390 2665 2508 2706 esse
2555 2652 2865 2722 afﬁrmant.
2925 2655 3008 2708 Ex
3047 2652 3439 2712 Paenitentiali
3485 2652 3752 2715 Theodori

2159 2720 2234 2790 (et
2255 2737 2404 2776 conc.
2441 2720 2622 2778 Cabil.
2650 2741 2712 2792 ιι,
2744 2741 2792 2780 c.
2825 2726 2915 2794 33,
2943 2726 3018 2781 De
3045 2727 3357 2800 pteniten.).

2161 2808 2317 2877 (Dist.
2352 2811 2405 2880 1,
2435 2827 2484 2866 c.
2521 2811 2764 2880 Quidam
2783 2814 2935 2885 Deo.)
2967 2815 3214 2882 Quidam
3229 2815 3344 2871 Deo
3367 2815 3746 2874 solummodo

2087 2897 2350 2954 conﬁteri
2372 2898 2585 2956 debere
2609 2901 2814 2957 dicunt
2845 2907 3099 2975 peccata,
3133 2908 3200 2959 ut
3229 2904 3446 2974 Graeci;
3498 2906 3748 2976 quidam

2086 3002 2221 3042 vero
2239 2989 2643 3045 sacerdotibus
2667 2992 2995 3047 conﬁtenda
3018 3007 3147 3048 esse
3162 2998 3524 3065 percensent,
3546 2999 3751 3052 uttota

395 3084 453 3139 Si
485 3066 623 3156 quis
649 3090 1063 3148 obtrectaverit
1095 3095 1302 3166 puellis
1333 3066 1721 3157 aut
1746 3109 1972 3174 pectus,
2004 3066 2048 3135 c
2085 3079 2288 3174 98”?“
2323 3077 2598 3174 .chleaia'
2633 3081 3166 3174 QUOd-utfu[Pqp°
3220 3099 3337 3174 n9"
3363 3083 3490 3174 sine
3522 3099 3744 3157 magno

319 3171 409 3228 vel
449 3175 878 3246 turpitudinem
911 3197 1116 3237 earum
1151 3201 1165 3250 ;
1199 3184 1249 3238 si
1280 3184 1525 3243 clericus
1561 3194 1671 3258 est,
1713 3171 1976 3265 quinque

322 3261 448 3317 dies
471 3282 484 3332 ;
510 3264 560 3320 si
591 3264 798 3334 laicus,
831 3272 952 3324 tres
975 3269 1101 3326 dies
1125 3274 1418 3342 poeniteat.
1442 3261 1764 3335 Monachus
1776 3281 1862 3337 vel
1880 3261 1974 3338 sa-

321 3353 526 3408 cerdos
556 3371 590 3410 a
625 3356 954 3413 ministerio
987 3359 1185 3416 divino
1217 3364 1512 3436 suspensi,
1537 3365 1587 3421 si
1606 3367 1829 3440 aliquid
1860 3370 1975 3427 tale

318 3438 584 3508 fecerint,
615 3445 686 3499 20
715 3445 840 3501 dies
891 3449 1234 3518 pmniteant.
1274 3453 1564 3524 Scriptum
1624 3438 1721 3512 est
1767 3459 1969 3516 enim:

317 3527 516 3601 Neque
546 3533 857 3604 tetigeritis
888 3551 1079 3610 neque
1128 3539 1595 3601 obtrectaveritis
1650 3547 1974 3620 turpitudi-

321 3633 453 3674 nem
485 3619 863 3678 feminarum.

319 3708 451 3763 CAP.
489 3709 710 3785 148._—-
734 3713 808 3767 De
828 3713 945 3769 illis
975 3716 1072 3785 qui
1096 3716 1156 3769 in
1213 3716 1412 3774 balneo
1467 3737 1592 3777 cum
1641 3726 1972 3781 mulieribus

527 3795 587 3836 se
616 3781 876 3839 laverint.
908 3781 1002 3840 Ed:
1041 3789 1429 3845 Panitentiati
1459 3793 1750 3851 Theodori.

387 3867 447 3923 Si
463 3869 596 3940 quis
609 3869 667 3926 in
684 3871 888 3929 balneo
900 3889 1035 3930 cum
1055 3875 1402 3934 mulieribus
1416 3880 1682 3938 selavare
1696 3901 1974 3955 presum-

315 3957 521 4027 pserit,
541 3963 658 4016 tres
672 3961 796 4017 dies
813 3962 1114 4032 pcsniteat,
1139 3969 1196 4020 et
1210 3965 1457 4024 ulterius
1475 3985 1588 4024 non
1630 3980 1968 4042 praesumat.

313 4047 446 4102 CAP.
483 4048 605 4103 149.
637 4079 706 4135 τ-
738 4051 814 4135 Qe
837 4051 1330 4135 administratione
1368 4058 1729 4135 xenodochiz
1773 4063 1971 4135 [syno-

644 4121 890 4192 dochiaa]
917 4127 968 4178 et
987 4124 1235 4182 decima}.
1281 4127 1351 4183 De
1378 4129 1589 4187 eodem.

385 4205 442 4260 Si
475 4207 609 4278 quis
635 4211 1030 4268 xenodochias
1060 4214 1498 4290 [synodochias]
1523 4235 1847 4293 pauperum
1872 4226 1972 4280 ad-

314 4293 633 4384 ministrat,
665 4297 750 4352 vel
777 4299 1036 4356 decimas
1067 4303 1265 4373 populi
1296 4307 1639 4380 susceperit,
1673 4315 1732 4366 et
1753 4311 1800 4367 si
1833 4313 1969 4384 quis

2083 3163 2279 3219 fructu
2321 3165 2475 3222 intra
2504 3173 2768 3223 sanctam
2803 3169 2866 3223 ﬁt
2895 3169 3236 3236 Ecclesiam,
3267 3169 3352 3226 ita
3367 3172 3656 3226 duntaxat
3678 3178 3748 3228 ut

2083 3260 2140 3308 et
2161 3253 2299 3323 Deo,
2324 3255 2423 3326 qui
2476 3256 2761 3312 remissor
2787 3262 2877 3313 est
2909 3264 3305 3330 peccatorum,
3355 3259 3749 3316 conﬁteamur

2082 3347 2324 3413 peccata
2339 3348 2560 3410 nostra,
2579 3351 2634 3399 et
2651 3343 2759 3400 hoc
2774 3347 3161 3418 perfectorum
3192 3354 3302 3415 est,
3327 3356 3384 3403 et
3400 3365 3534 3404 cum
3558 3351 3744 3406 David

2082 3430 2348 3488 dicamus
2373 3448 2386 3487 :
2419 3433 2690 3489 Delictum
2709 3452 2894 3491 meum
2915 3439 3194 3507 cognitum
3225 3439 3331 3492 tibi
3349 3439 3476 3508 feci,
3509 3442 3562 3494 et
3590 3438 3752 3508 iniu-

2080 3519 2297 3575 stitiam
2320 3538 2496 3578 meam
2528 3539 2643 3577 non
2683 3523 2964 3580 abscondi.
3000 3526 3132 3580 Dixi
3153 3543 3170 3577 :
3203 3527 3504 3597 conﬁtebor
3537 3527 3746 3583 adver-

2079 3625 2202 3663 sum
2232 3626 2316 3665 me
2341 3612 2649 3682 injustitias
2678 3628 2829 3668 meas
2858 3614 3106 3682 Domino,
3139 3620 3193 3669 et
3222 3619 3281 3670 tu
3311 3617 3582 3671 remisisti
3627 3619 3743 3672 im-

2078 3696 2340 3766 pietatem
2369 3699 2580 3770 peccati
2610 3700 2721 3756 mei
2750 3702 2928 3772 (Psal.
2970 3703 3146 3774 xxxx).
3181 3704 3291 3760 Sed
3343 3709 3539 3760 tamen
3596 3721 3745 3777 apo-

2083 3785 2216 3841 stoli
2247 3785 2543 3843 institutio
2565 3789 2736 3846 nobis
2768 3793 3071 3862 sequenda
3099 3797 3214 3860 est,
3245 3796 3311 3848 ut
3349 3793 3749 3850 confiteamur

2081 3873 2434 3930 alterutrum
2468 3883 2705 3947 peccata
2734 3883 2957 3943 nostra.
2983 3884 3040 3936 et
3069 3897 3307 3937 oremus
3331 3898 3434 3953 pro
3463 3881 3750 3951 invicem,

2081 3967 2146 4018 ut
2174 3963 2473 4020 salvemur
2501 3966 2634 4035 (Jac.
2665 3966 2743 4038 v).
2776 3968 3079 4025 Confessio
3103 3969 3301 4041 itaque
3332 3987 3460 4039 quas
3495 3972 3606 4027 Deo
3628 3972 3753 4028 soli

2078 4051 2166 4119 ﬁt,
2190 4053 2342 4123 quod
2362 4053 2662 4124 justorum
2695 4060 2804 4125 est,
2829 4062 3068 4128 peccata
3100 4063 3332 4132 purgat.
3363 4063 3584 4116 Eavero
3606 4077 3747 4132 quae

2078 4142 2367 4197 sacerdoti
2395 4142 2456 4198 ﬁt
2489 4143 2658 4200 docet
2687 4145 2941 4216 qualiter
2969 4146 3098 4217 ipsa
3129 4152 3453 4220 purgentur
3474 4155 3746 4220 peccata.

2077 4231 2234 4287 Deus
2265 4247 2518 4302 namque
2550 4231 2760 4289 salutis
2791 4238 2848 4290 et
2867 4235 3140 4292 sanitatis
3170 4240 3445 4293 auctoret
3467 4238 3744 4310 largitor,

2077 4317 2428 4389 plerumque
2458 4319 2610 4376 hanc
2634 4322 2854 4393 praebet
2882 4340 3000 4379 sum
3031 4325 3304 4394 potentiae
3326 4324 3605 4382 invisibili
3630 4330 3744 4384 ad-

316 4382 526 4439 exinde
544 4383 632 4440 vel
653 4387 972 4444 suislucris
987 4395 1330 4449 sectandum
1347 4395 1569 4468 aliquid
1586 4401 1965 4473 subtraxerit,
1997 4435 2044 4500 D
2079 4408 2598 4477 ministrationem,
2625 4410 2974 4483 plerumque
2991 4413 3350 4469 medicorum
3369 4416 3740 4486 operatione.

316 4472 482 4500 ηιηιηξ
519 4489 709 4500 ..Α-...μ
742 4475 1062 4500 -1:-___-__-
1103 4479 1289 4500 2_-__,,
1536 4487 1554 4500 ι-
1759 4492 1777 4500 -
1819 4491 1834 4500 .
2084 4497 2111 4500 _
2253 4497 2335 4500 om,
2614 4499 2617 4500 ,

315 4472 485 4542 quasi
519 4489 713 4531 rerum
741 4475 1069 4535 alienarum
1102 4479 1354 4554 invasor,
1379 4500 1512 4542 reus
1536 4487 1778 4560 [rerum]
1801 4472 1966 4546 dam?

313 4577 457 4616 num
488 4564 779 4632 restituat,
808 4571 866 4622 et
895 4568 1006 4623 sub
1038 4573 1560 4644 canonicojudicio
1592 4579 1961 4646 reformatur,

313 4655 370 4705 et
399 4657 536 4723 agat
602 4655 1005 4723 paenitentiam
1048 4661 1220 4715 annis
1264 4663 1475 4718 tribus.
1525 4666 1816 4736 Scriptum
1875 4673 1966 4724 est

309 4739 466 4828 enim
489 4759 509 4794 :
541 4739 742 4798 Talem
765 4744 1230 4816 dispensatorem
1261 4750 1548 4808 Dominus
1581 4754 1808 4827 quaerit,
1859 4758 1960 4828 qui

310 4827 423 4883 sibi
455 4829 526 4885 de
559 4832 684 4887 suis
715 4832 857 4888 nihil
890 4843 1153 4908 usurpet.

309 4916 441 4973 CAP.
479 4921 600 4975 150.
633 4953 698 4963 -
735 4923 796 4979 Ut
816 4923 1038 4994 femina
1069 4936 1431 4986 menstruales
1462 4947 1569 4985 non
1603 4933 1859 5004 oﬂerant.

380 5007 454 5064 Ut
476 5009 754 5068 mulieres
784 5020 1087 5069 menstruo
1107 5019 1370 5088 tempore
1401 5034 1516 5074 non
1556 5021 1820 5094 offerant,
1855 5041 1960 5082 nec

305 5097 808 5168 sanctimoniales,
843 5117 948 5156 nec
975 5101 1155 5158 laicze.
1187 5103 1243 5158 Si
1287 5109 1789 5184 prasampserint,
1838 5119 1959 5171 tres

303 5186 705 5245 hebdomadas
731 5191 1071 5260 poeniteant.

303 5276 437 5334 CAP.
469 5279 594 5353 151.
628 5279 806 5353 —_De
830 5280 947 5353 illis
971 5279 1201 5350 feminis
1227 5297 1353 5353 quae
1382 5287 1510 5340 ante
1537 5287 1807 5344 mundum
1825 5307 1956 5346 san-

374 5352 602 5440 quiiiem
613 5350 1284 5440 e'ccle'siam‘intrapeiint,
1315 5357 1371 5440 et
1399 5371 1521 5440 qua:
1541 5363 1828 5431 nupserint
1848 5361 1957 5419 his-

376 5421 588 5477 diebus.
621 5425 706 5477 επ
735 5423 1122 5478 Pamitentiali
1155 5421 1441 5483 Theodori.

376 5507 586 5564 Mulier
599 5525 724 5581 quis
749 5509 929 5566 intrat
945 5509 1251 5570 ecclesiam
1267 5519 1400 5573 ante
1417 5517 1598 5576 mund
1610 5535 1707 5576 um
1721 5523 1956 5596 sangui-

2075 4497 2208 4553 CAP.
2243 4497 2363 4552 156.
2397 4527 2463 4538 —
2495 4500 2568 4555 De
2597 4499 2718 4554 illis
2747 4501 2845 4572 qui
2873 4504 3154 4574 accipiunt
3204 4505 3610 4574 paenitentiam,
3680 4519 3741 4563 et

2142 4588 2269 4656 plus
2296 4586 2614 4644 desiderant
2662 4592 2920 4660 temporis
2984 4591 3277 4646 constituti
3331 4593 3734 4662 expletionem,

2182 4675 2307 4714 uam
2361 4662 2571 4729 peccati
2616 4662 3016 4719 remissionem.
3065 4663 3148 4718 Ex
3222 4667 3518 4720 Pcenilent.
3567 4665 3744 4725 Beda:

2182 4675 2307 4714 uam
2361 4675 2568 4729 peccati
2616 4678 2940 4719 remusione

2143 4675 2312 4801 ἵεοηε.
2347 4732 2624 4788 Cabillon.
2659 4750 2720 4802 ιι,
2745 4751 2792 4789 c.
2825 4735 2940 4808 35.)

2143 4815 2310 4873 Multi
2328 4820 2506 4891 (quod
2533 4837 2649 4876 non
2673 4824 2800 4878 sine
2818 4822 3018 4878 dolore
3039 4823 3354 4880 dicendum
3380 4826 3513 4898 est),
3535 4827 3596 4882 in
3619 4845 3744 4901 pae-

2071 4905 2317 4962 nitentia
2340 4925 2452 4964 non
2477 4913 2596 4964 tam
2622 4910 2841 4981 peccati
2866 4911 3273 4969 remissionem
3295 4931 3470 4986 quam
3502 4921 3735 4988 tempo-

2069 4995 2152 5052 ris
2182 4997 2486 5053 constituti
2501 5004 2842 5070 exspectant
2860 5000 3273 5074 expletionem.
3293 5003 3362 5059 Et
3383 5005 3432 5059 si
3457 5006 3734 5063 carnium

2067 5087 2126 5140 et
2153 5083 2273 5140 vini
2308 5102 2452 5141 usus
2483 5087 2568 5142 eis
2599 5088 2948 5145 interdictas
2981 5095 3091 5156 est,
3125 5097 3353 5148 mutata
3381 5110 3496 5148 non
3526 5095 3736 5151 volun~

2067 5176 2206 5240 tate,
2241 5173 2341 5229 sed
2361 5175 2627 5243 ejusdem
2647 5177 2762 5233 cibi
2794 5183 3086 5248 autpotus
3110 5182 3503 5254 perceptione,
3528 5181 3734 5240 intan-

2064 5265 2190 5316 tum
2223 5261 2451 5318 deliciis
2483 5264 2608 5320 suis
2632 5266 2943 5340 indulgent
2976 5272 3039 5323 ut
3069 5267 3523 5327 deliciosiushis
3552 5271 3736 5330 inter-

2064 5350 2236 5406 dictis
2253 5351 2504 5408 aliorum
2519 5354 2808 5427 ciborum,
2821 5355 2908 5412 vel
2933 5357 3233 5428 potionum
3252 5361 3513 5431 appetitu
3536 5363 3732 5419 vivere

2062 5445 2514 5511 cognoscantur.
2533 5442 2875 5516 Spiritualis
2896 5448 3094 5503 autem
3109 5447 3491 5518 abstinentia,
3520 5466 3654 5523 quis
3669 5452 3728 5509 in

2062 5525 2485 5601 pcsnitentibus
2502 5532 2878 5605 potissimum
2904 5532 3099 5609 vigere
3112 5535 3306 5608 debet,
3327 5541 3727 5610 quorumdam
