4000 6060
242 263 353 318 893

242 389 513 445 ciborum
546 405 612 444 ac
645 386 947 458 potionum
994 384 1395 458 perceptiones
1432 371 1805 448 [illecebras],

248 477 608 534 desiderium
642 478 838 548 fugere
858 476 1050 531 debet.
1074 474 1197 539 Ille,
1229 472 1495 541 inquam,
1539 462 1727 534 magis
1770 474 1907 529 par-

250 567 519 623 cimoniae
547 566 763 622 servire
785 565 1113 620 censendus
1142 566 1249 629 est,
1268 559 1364 630 qui
1398 556 1509 613 sibi
1535 556 1665 626 lnon
1716 546 1906 603 solum

253 656 645 727 quarumdam
676 671 869 710 rerum
908 651 1329 725 perceptiones,
1362 646 1462 702 sed
1496 637 1908 699 delectationes

258 744 522 816 corporis
555 743 791 815 penitus
821 741 1133 797 interdicit.

256 814 396 891 CAP.
431 835 553 888 157.
586 864 655 872 —
687 832 835 899 Quod
880 829 1177 885 secundum
1232 838 1514 899 canonum
1545 824 1597 874 et
1623 814 1909 899 pgniten-

330 905 640 960 tentialium
671 891 883 958 statuta
912 898 1250 973 ptenitentiae
1282 894 1473 973 danda
1503 891 1742 973 surié‘Ex
1759 900 1907 941 conc.

331 978 726 1045 Maguntieusi,
758 992 875 1045 cap.
907 964 978 1028 ΞΟ
1004 972 1354 1044 (Cubilonen.
1389 970 1478 1035 11,)
1507 981 1552 1019 c.
1584 964 1693 1033 47).

334 1068 477 1124 Cum
507 1066 687 1138 igitur
717 1064 914 1120 omnia
957 1061 1227 1119 concillia
1257 1072 1547 1114 canonum
1598 1067 1728 1123 qua:
1761 1047 1911 1103 reci-

262 1158 509 1230 piuutur
524 1157 645 1211 sint
674 1172 708 1209 a
729 1152 1131 1209 sacerdotibus
1154 1148 1401 1222 legenda
1431 1150 1488 1200 ct
1509 1139 1909 1211 intelligenda,

262 1253 319 1303 et
352 1263 452 1318 per
481 1263 548 1301 ea
577 1243 887 1299 vivendum
919 1247 975 1297 et
1024 1237 1486 1313 praedicandum,
1520 1227 1911 1287 necessarium

266 1336 540 1392 duximus
574 1339 636 1388 ut
664 1350 732 1389 ea
764 1332 840 1387 sit
870 1333 954 1387 eis
1013 1347 1139 1401 quae
1172 1328 1243 1383 ad
1301 1326 1472 1380 fidem
1506 1321 1817 1395 pernitent,
1860 1320 1916 1371 et

264 1425 365 1480 ubi
399 1426 469 1479 de
499 1421 892 1492 exstirpandis
921 1419 1176 1487 vitiis,et
1210 1413 1538 1488 plantandis
1598 1405 1913 1462 virtutibus

268 1514 568 1579 scribitur,
599 1512 707 1568 hoc
737 1512 808 1566 ab
839 1511 923 1565 eis
947 1509 1149 1563 crebro
1198 1507 1445 1577 legatur,
1477 1506 1533 1556 et
1559 1500 1705 1555 bene
1745 1493 1913 1550 intel-

268 1602 487 1671 ligatur
515 1606 570 1657 et
600 1602 657 1655 in
689 1598 903 1671 populo
937 1596 1305 1664 praedicetur.

269 1697 403 1748 CAP.
430 1692 550 1746 158.
585 1723 651 1731 ——
686 1691 746 1746 Ut
776 1690 968 1743 nullus
1017 1687 1257 1754 injustas
1306 1695 1611 1754 mensuras,
1668 1679 1721 1754 et
1774 1687 1914 1745 pon-

344 1764 475 1819 dera
489 1764 714 1834 injusla,
739 1767 789 1816 et
813 1779 843 1815 a
865 1740 1197 1834 ciuibur'non
1221 1754 1553 1834 collaudata,
1579 1740 1721 1804 lucri
1751 1740 1922 1801 causa
1950 1740 1998 1804 B

343 1836 473 1891 dare
499 1823 820 1907 praenatat.
848 1834 929 1887 Ex
952 1833 1144 1885 eodem
1172 1844 1320 1883 conc.
1342 1841 1463 1896 cap.
1493 1823 1583 1876 21.

343 1924 416 1979 Ut
452 1906 742 1979 mensuras
774 1925 831 1977 et
855 1921 1111 1991 pondera
1133 1920 1289 1988 iusta
1315 1916 1479 1979 ﬁant,
1514 1911 1665 1965 sicut
1694 1909 1751 1963 in
1776 1906 1921 1962 divi-

275 2014 369 2069 nis
404 2013 641 2083 legibus
668 2009 959 2066 sancitum
992 2013 1080 2063 est
1111 2007 1251 2077 (Lev.
1281 2021 1375 2058 xxx
1403 2023 1417 2071 ;
1441 2008 1604 2056 Prov.
1635 2014 1691 2052 χι
1722 2001 1774 2051 et
1804 1994 1921 2063 xx),

275 2108 333 2157 et
363 2103 421 2156 in
455 2100 757 2171 capitulari
786 2097 1086 2152 Dominico
1112 2095 1465 2154 continetur,
1505 2095 1564 2144 et
1608 2089 1719 2142 iste
1762 2099 1926 2139 sacer

275 2196 598 2247 conventus
622 2190 852 2252 statuit,
885 2188 968 2241 sic
996 2184 1267 2241 omnibus
1285 2181 1455 2236 nobis
1476 2180 1785 2233 observare
1807 2172 1927 2243 pla-

277 2286 387 2335 cet.
422 2280 489 2334 Et
521 2278 570 2334 si
602 2277 735 2349 quis
761 2278 955 2346 justas
1006 2288 1312 2328 mensuras
1342 2275 1399 2325 et
1454 2270 1613 2339 justa
1670 2263 1928 2336 pondera

275 2368 421 2424 lucri
453 2384 633 2423 causa
662 2370 890 2421 mutare
923 2358 1391 2435 praesumpserit,
1422 2358 1482 2412 in
1513 2370 1660 2428 pane
1692 2358 1747 2409 et
1775 2366 1931 2422 aqua

274 2460 348 2514 20
378 2458 503 2512 dies
536 2456 830 2528 paeniteat.

280 2552 413 2603 CAP.
449 2547 571 2611 159,
605 2577 671 2585 —
703 2545 776 2598 De
804 2547 988 2597 matre
1037 2555 1161 2612 qua?
1217 2541 1487 2612 infantem
1546 2550 1707 2589 suum
1742 2534 1931 2612 juxta

352 2617 817 2701 [acunipo'iuerib
851 2618 899 2669 et
929 2630 1030 2668 sua
1044 2602 1392 2682 'neglige'ntia
1448 2615 1695 2661 mortuus
1725 2605 1820 2657 est.

826 2688 837 2701 ο
949 2688 957 2697 α
1170 2689 1180 2701 Α
1206 2684 1219 2701 1
1296 2683 1375 2701 --.3
1422 2680 1679 2701 .·μι-..ι”..;ι
1739 2677 1872 2701 Anam--
1926 2700 1929 2701 ν

354 2672 581 2745 concilii)
615 2672 977 2754 Triburiemi,
1008 2672 1249 2755 capit/1,
1282 2683 1396 2755 cui
1419 2680 1680 2755 interfuit
1723 2672 1932 2728 Arnul—

350 2764 491 2834 phus
523 2777 621 2816 rex
653 2761 794 2831 (cap.
826 2760 919 2826 57,
949 2750 1045 2812 sed
1071 2750 1212 2811 aliis
1242 2750 1466 2821 verbis).

358 2852 538 2907 Mater
569 2849 617 2905 si
649 2851 817 2919 juxta
849 2849 1044 2901 focum
1070 2845 1353 2898 infantem
1389 2839 1671 2911 posuerit,
1703 2840 1760 2891 et
1782 2833 1932 2890 alius

282 2941 461 2996 homo
493 2953 708 3010 aquam
731 2937 790 2991 in
824 2934 1141 2990 caldariam
1166 2932 1414 2995 miserit,
1438 2934 1495 2985 et
1524 2925 1767 2982 ebullita
1785 2941 1935 2994 aqua

284 3031 482 3085 infans
512 3027 861 3098 superfusus
911 3027 1178 3077 mortuus
1209 3019 1403 3088 fuerit,
1438 3034 1538 3090 pro
1578 3013 1936 3087 negligentia

287 3122 475 3174 mater
505 3116 801 3187 pmniteat,
835 3118 891 3168 et
922 3111 1018 3166 ille
1050 3110 1227 3165 homo
1258 3124 1503 3164 securus
1534 3107 1630 3161 sit.

288 3212 419 3262 CAP.
458 3206 579 3260 160.
612 3234 681 3244 ——
719 3207 796 3256 De
810 3202 950 3256 viri:
983 3200 1275 3267 ordinatis,
1306 3212 1535 3267 quorum
1567 3197 1792 3265 peccata
1812 3194 1941 3245 sunt

634 3273 870 3331 occulta.
908 3273 989 3326 Ex
1015 3272 1247 3327 concilio
1308 3270 1581 3325 Toletano.

366 3373 442 3422 De
470 3365 608 3420 viris
639 3363 943 3429 ordinatis,
978 3376 1227 3433 quorum
1261 3357 1487 3413 occulta
1518 3357 1749 3427 peccata
1780 3354 1937 3416 sunt,

295 3474 403 3511 nec
433 3455 742 3510 manifeste
761 3452 833 3506 ab
867 3450 1064 3522 aliquo
1097 3449 1263 3519 argui
1299 3452 1582 3513 possunt;
1615 3443 1663 3498 si
1692 3440 1938 3496 salubri-

294 3552 383 3602 ter
414 3542 749 3615 compuucti
778 3558 880 3614 pro
911 3538 1165 3612 peccatis
1183 3537 1307 3591 suis
1329 3534 1756 3589 confessionem
1789 3528 1940 3600 epis-

299 3652 441 3706 copo
474 3634 593 3689 sive
625 3632 962 3705 presbytero
994 3626 1219 3683 occulte
1267 3624 1509 3691 faciunt,
1544 3622 1764 3676 bonum
1796 3615 1942 3671 mihi

296 3725 553 3788 videtur,
588 3728 649 3777 ut
681 3720 1000 3777 secundum
1034 3716 1114 3784 id,
1148 3714 1301 3785 quod
1336 3712 1447 3769 sibi
1497 3712 1797 3765 decretum
1823 3706 1945 3760 fue-

298 3813 396 3882 rit,
429 3813 499 3865 ab
523 3811 795 3881 episcopo
815 3809 930 3861 sive
956 3804 1290 3876 presbytero
1324 3798 1721 3873 paenitentiam
1748 3798 1943 3865 agant,

298 3917 416 3957 non
449 3899 642 3969 tepide
673 3912 777 3951 nec
810 3894 993 3961 tarde;
1026 3894 1125 3948 sed
1159 3892 1445 3946 ferventer
1474 3892 1532 3943 et
1563 3884 1846 3951 sollicite;
1882 3898 1947 3937 ac

300 3991 350 4047 si
385 4006 447 4045 se
477 3987 709 4042 veniam
744 3987 1117 4057 peccatorum
1169 3998 1202 4035 a
1249 3978 1497 4035 Domino
1547 3978 1946 4048 percepturos,

302 4083 359 4134 et
390 4078 637 4149 gradum
670 4091 730 4130 se
761 4076 1091 4129 retenturos
1121 4070 1438 4124 confidant.

301 4171 440 4226 CAP.
477 4167 598 4221 161.
630 4196 699 4207 —
733 4165 795 4221 Ut
824 4163 1020 4217 nullus
1058 4166 1360 4231 praesumat
1403 4156 1790 4228 ptenitentiam
1819 4153 1952 4208 dare

372 4240 455 4315 uel
482 4238 875 4315 confessionem
906 4232 1264 4315 audireLnisi
1310 4232 1615 4301 episcOpus,
1660 4235 1760 4282 aut
1796 4240 1951 4296 pres-

380 4313 554 4383 byter.
583 4303 669 4364 Ea:
698 4303 1079 4364 Pwnitentiali
1110 4304 1369 4358 Romano.

376 4401 539 4455 Sicut
570 4399 722 4453 enim
755 4394 1106 4451 sacrificium
1158 4393 1362 4448 offerre
1408 4406 1521 4445 non
1573 4388 1785 4443 debent
1841 4383 1952 4439 nisi

308 4487 565 4561 episcopi
591 4492 647 4542 et
667 4483 1012 4557 presbyteri,
1037 4482 1251 4554 quibus
1281 4480 1474 4535 claves
1507 4476 1666 4549 regni
1710 4473 1959 4530 ccslestis
1991 4472 2036 4535 D

309 4577 537 4635 tradita:
569 4573 819 4641 sunt,sic
851 4588 957 4627 nec
984 4569 1387 4643 pmnitentium
1410 4566 1636 4639 judicia
1658 4563 1755 4620 alii
1788 4578 1959 4618 usur-

313 4684 453 4741 pare
484 4666 716 4720 debent.

313 4760 443 4812 CAP.
475 4756 598 4837 162.
632 4782 696 4793 -—
732 4751 887 4837 Quod
910 4750 1133 4837 absente
1160 4747 1491 4837 presbytero,
1545 4745 1706 4799 liceat
1734 4742 1962 4837 diacono

383 4829 658 4951 suscipiere
682 4815 1354 4894 pénitentes,necessitate
1375 4828 1563 4873 tamen
1582 4815 1959 4887 cogenteJtem

384 4915 453 4954 ex
481 4914 542 4953 eo
583 4914 686 4952 em.

387 4988 446 5044 Si
481 4991 679 5043 autem
700 4983 1021 5040 necessitas
1079 4980 1352 5049 evenerit,
1402 4982 1459 5035 et
1489 4976 1800 5049 presbyter
1847 4990 1964 5029 non

314 5077 492 5133 fuerit
531 5092 810 5149 praesens,
844 5074 1126 5128 diaconus
1158 5069 1441 5142 suscipiat
1473 5065 1847 5139 pcsnitentem
1893 5063 1964 5118 ad

320 5172 585 5224 sanctam
618 5161 1116 5220 communionem.

320 5260 453 5313 CAP.
489 5256 606 5310 163.
644 5286 712 5293 —
741 5254 816 5307 De
845 5249 1175 5321 temporibus
1218 5251 1416 5319 quibus
1459 5264 1516 5302 se
1568 5242 1968 5321 coutinercae-

394 5328 554 5454 gelant
611 5326 891 5396 conjugati
937 5314 1003 5376 ab
1036 5314 1323 5376 uxoribus.
1364 5322 1448 5374 Ea:
1502 5317 1735 5375 concilio
1783 5314 1966 5369 Elibe-

430 5417 447 5453 ι
475 5414 599 5454 αηο.

398 5488 461 5543 In
480 5487 669 5543 tribus
687 5480 1180 5557 quadragesimis,
1205 5479 1364 5546 anni,
1389 5483 1447 5535 et
1468 5478 1530 5534 in
1561 5477 1652 5534 die
1668 5474 1968 5533 Dominico

329 5581 386 5633 et
417 5575 475 5630 in
500 5578 711 5647 quarta
732 5572 894 5640 feria,
920 5576 977 5629 et
1008 5572 1195 5640 sexta,
1227 5566 1567 5642 conjugales
1587 5582 1649 5623 se
1677 5564 1972 5622 continere

1138 260 1451 315 DECRETI
1490 253 1674 307 PARS
1707 246 1833 302 XV.
1864 242 2050 297 -ΒΕ
2086 228 2567 293 PCENITENTIA,
2605 224 2759 278 ETC.

1847 370 1904 422 et
1931 370 1985 433 Α
2015 362 2248 423 debent,
2282 371 2386 411 nec
2408 351 2523 407 illis
2546 347 2754 403 diebus
2791 336 3052 413 copulari
3100 330 3363 433 quandiu
3411 329 3653 400 gravata

3544 198 3652 255 894

2017 448 2191 506 fuerit
2219 462 2384 509 uxor,
2416 441 2471 496 id
2506 445 2612 506 est,
2636 453 2669 490 a
2698 449 2811 504 quo
2842 430 2931 485 die
2955 425 3113 481 illius
3141 421 3199 476 in
3231 424 3395 476 utero
3426 419 3651 471 motum

2018 501 2231 602 fecerit,
2270 501 2450 601 usque
2480 528 2550 584 ad
2587 501 2862 597 part-um;
2895 536 2928 573 a
2959 518 3127 588 partu
3162 513 3292 584 post
3321 508 3389 562 33
3419 505 3567 572 dies,
3600 501 3649 558 si

2018 627 2175 681 ﬁlius
2206 628 2333 691 est;
2362 621 2409 675 si
2442 622 2638 673 autem
2674 611 2811 675 ﬁlia,
2846 612 2977 681 post
3004 606 3095 658 56.

2019 717 2153 772 CAP.
2184 714 2305 768 161.
2340 742 2404 750 -
2436 709 2507 762 De
2536 705 2745 777 femina
2776 714 2898 777 quae
2935 696 3115 777 ﬁlium
3152 706 3315 746 suum
3344 691 3533 757 sponte
3564 697 3649 736 oc-

2562 767 2797 831 ciderit.‘
2810 774 2891 825 Ea:
2921 767 3123 822 eodem.

2090 874 2149 931 Si
2183 877 2368 928 mater
2396 868 2581 923 filium
2615 878 2787 918 suum
2820 861 3027 931 sponte
3046 848 3340 913 occiderit,
3375 848 3441 901 15
3472 857 3657 899 annos

2022 965 2320 1037 pmniteat,
2348 965 2403 1013 et
2436 968 2733 1025 nunquam
2768 950 2970 1011 mutet,
2997 940 3111 998 nisi
3134 941 3191 993 in
3225 936 3314 992 dei
3338 930 3658 989 Dominico.

2020 1021 2227 1110 lldulier
2256 1021 2448 1105 autem
2479 1021 2836 1117 paupercula
2866 1039 2915 1090 si
2942 1031 3141 1089 fecerit
3170 1042 3272 1100 pro
3317 1021 3662 1079 difficultate

2022 1139 2339 1204 nutriendi,
2370 1138 2405 1191 6
2422 1151 2607 1191 annos
2640 1128 2933 1202 poeniteat.

2022 1232 2154 1287 CAP.
2194 1199 2415 1283 165.7—
2445 1225 2517 1277 De
2548 1199 2664 1275 illis
2708 1215 2804 1287 qui
2835 1216 2893 1268 in
2922 1209 3209 1287 Dominico
3227 1204 3320 1287 die
3351 1199 3660 1273 nupserim.

2385 1298 2468 1352 Ex
2495 1309 2641 1350 conc.
2679 1278 3038 1348 Triburiensi,
3079 1297 3197 1351 cap.
3226 1278 3317 1333 51.

2092 1391 2148 1445 Si
2184 1389 2315 1460 quis
2348 1384 2614 1455 nupserit
2642 1379 2736 1434 die
2784 1372 3107 1438 Dominico,
3165 1370 3324 1439 petat
3373 1361 3541 1418 aDeo
3573 1359 3665 1414 in-

2024 1458 2410 1550 dulgentiam,
2443 1477 2499 1528 et
2526 1473 2781 1541 quatuor
2812 1464 2935 1518 dies
2962 1458 3256 1532 pieniteat.

2025 1537 2164 1626 ΟΑΡἿ
2196 1537 2491 1621 166.έοε
2527 1537 2641 1616 illis
2673 1557 2769 1682 ᾳιᾶξ
2787 1554 3032 1680 ιὶοῗίεεδα
3055 1548 3279 1603 iterant.
3311 1545 3407 1599 Ea:
3436 1537 3667 1597 concilio

2762 1642 2789 1680 θ
2817 1643 2847 1680 e
2876 1638 2982 1679 ano

2762 1638 2982 1680 θιειαηο

2100 1729 2177 1783 Ea
2207 1743 2332 1798 quae
2365 1719 2652 1794 frequenti
2700 1709 3168 1789 praevaricatione
3217 1704 3523 1771 iterantur,
3558 1700 3669 1755 fre-

2031 1816 2231 1889 quenti
2262 1812 2553 1870 sententia
2581 1805 3062 1864 condemnentur.

2031 1882 2158 1963 CAP.
2198 1905 2317 1959 167.
2354 1934 2418 1943 -—
2452 1902 2524 1955 De
2550 1893 2877 1968 paenitentia
2904 1889 3178 1968 ﬁdelium,
3201 1882 3553 1968 ut_confessio
3587 1895 3674 1934 eo-

2102 1956 2365 2031 rumvnon
2412 1956 2631 2041 publice
2673 1966 2804 2037 ﬁat.
2830 1956 2943 2041 fill:
2986 1956 3453 2041 episto’aﬁlfeonis
3493 1965 3673 2025 papae,

2102 2066 2223 2120 cap.
2256 2051 2291 2102 2
2315 2032 2424 2117 (ep:
2450 2046 2520 2097 80
2549 2042 2618 2096 ad
2647 2032 2781 2111 epis.
2818 2032 3109 2106 Campam,
3140 2047 3190 2086 c.
3221 2032 3302 2099 2.)

2106 2118 2269 2194 Illam
2292 2136 2469 2190 etiam
2485 2136 2687 2187 contra
2706 2124 3089 2199 apostolicam
3112 2118 3373 2190 regulam
3394 2126 3679 2186 pressum-

2036 2228 2317 2300 ptionem,
2351 2239 2529 2294 quam
2561 2235 2749 2290 nuper
2771 2215 2999 2287 agnovi,
3032 2229 3066 2266 a
3091 2206 3445 2280 quibusdam
3478 2200 3684 2255 illicita

2038 2314 2416 2384 usurpatione
2447 2306 2757 2372 committi,
2810 2302 2999 2358 modis
3050 2296 3327 2354 omnibus
3386 2289 3678 2347 constituo

2039 2377 2393 2464 submoveri.
2428 2401 2508 2455 De
2540 2394 2883 2471 pmnitentia
2932 2388 3153 2446 scilicet
3181 2400 3307 2456 quae
3340 2398 3373 2436 a
3402 2377 3678 2434 fidelibus

2042 2497 2391 2567 postulatur,
2418 2505 2488 2545 ne
2520 2489 2590 2543 de
2637 2482 3005 2556 singulorum
3056 2489 3265 2549 genere
3307 2472 3676 2542 peccatorum

2040 2562 2255 2641 libellis
2279 2580 2500 2650 scripta
2532 2573 2816 2648 professio
2842 2568 3073 2640 publice
3104 2562 3399 2627 recitetur,
3432 2571 3565 2611 cum
3593 2569 3681 2607 re-

2040 2680 2176 2729 atus
2205 2666 2690 2726 conscientiarum
2716 2658 2973 2717 sufficiat
3002 2653 3143 2710 solis
3170 2644 3573 2707 sacerdotibus
3594 2642 3684 2696 in-

2041 2761 2224 2817 dicari
2243 2756 2611 2815 confessione
2634 2742 3174 2818 secretal.Quamvis
3199 2739 3356 2795 enim
3380 2732 3683 2807 plenitudo

2042 2851 2174 2906 ﬁdei
2204 2848 2470 2903 videatur
2499 2856 2627 2898 esse
2656 2835 2993 2904 laudabilis,
3027 2848 3151 2903 quae
3200 2831 3433 2901 propter
3473 2822 3574 2877 Dei
3606 2820 3684 2874 ti-

2044 2956 2265 2995 morem
2298 2934 2451 3007 apud
2486 2930 2755 2987 homines
2786 2926 3130 2982 erubescere
3160 2935 3275 2975 non
3304 2917 3559 2978 veretur,
3592 2915 3684 2965 ta-

2046 3046 2176 3084 men
2207 3026 2345 3098 quia
2379 3040 2490 3078 non
2511 3019 2775 3076 omnium
2801 3010 3142 3085 bujusmodi
3165 3010 3303 3063 sunt
3334 3007 3589 3076 peccata,
3622 3002 3689 3053 ut

1962 3103 2005 3169 C
2045 3135 2112 3174 ea
2132 3089 2646 3188 quipmnitentiam
2673 3110 2941 3178 poscunt,
2965 3118 3079 3156 non
3106 3099 3354 3154 timeant
3371 3089 3689 3165 publicare,

2048 3176 2861 3269 amoveanturimprobabilis
2909 3185 3295 3253 consuetudo,
3354 3196 3425 3236 ne
3456 3176 3629 3233 multi
3661 3190 3695 3229 ο.

2048 3291 2405 3367 poenitentia!
2439 3285 2713 3343 remediis
2744 3284 3071 3347 arceantur,
3122 3276 3263 3329 dum
3312 3276 3415 3326 aut
3453 3268 3695 3322 erubes-

2050 3388 2209 3448 cunt,
2243 3385 2344 3436 aut
2375 3380 2646 3433 metuunt
2676 3370 2934 3427 inimicis
2967 3366 3094 3422 suis
3120 3380 3229 3419 sua
3251 3365 3402 3415 facta
3431 3353 3695 3419 reserari,

2052 3651 2225 3707 etiam
2260 3643 2567 3712 sacerdoti,
2592 3640 2691 3712 qui
2724 3654 2827 3711 pro
2858 3633 3087 3691 delictis
3134 3625 3539 3702 pmnitentium
3572 3636 3700 3693 pre-

2053 3746 2216 3797 cator
2253 3734 2495 3793 accedit.
2528 3710 2692 3786 Tunc
2728 3710 2887 3783 enim
2940 3722 3136 3794 plures
3178 3718 3245 3772 ad
3299 3710 3701 3787 paenitentiam

2055 3830 2330 3903 poterunt
2359 3819 2679 3895 provocari,
2712 3816 2761 3872 si
2794 3812 2992 3887 populi
3023 3808 3265 3866 auribus
3296 3820 3411 3860 non
3440 3797 3705 3875 publice-

2053 3925 2153 3975 tur
2182 3911 2539 3973 conscientia
2571 3925 2673 3964 con
2685 3904 2921 3961 ﬁtentis.

2058 4012 2191 4065 CAP.
2228 4006 2350 4061 168.
2383 4034 2447 4044 —
2476 4003 2551 4057 De
2614 3992 2950 4052 abstinentia
3005 3988 3285 4065 carnisnet
3314 3980 3615 4065 {agiminis
3646 3978 3707 4065 ijrf

2127 4046 2445 4147 arubicript'is
3027 4056 3271 4115 Concilio
3310 4046 3704 4120 Salegu-nstadt

2135 4144 2349 4215 habito,
2376 4163 2498 4217 cup.
2534 4144 2583 4196 1.

2134 4240 2208 4296 Ut
2236 4208 2678 4309 quatuordecim
2702 4226 2826 4281 dies
2858 4238 3062 4278 omnes
3095 4212 3409 4274 Christiani
3430 4212 3565 4267 ante
3597 4208 3706 4263 fes-

2062 4296 2347 4384 tivitatem
2381 4319 2571 4377 sancti
2616 4314 2859 4372 Joannis
2908 4309 3183 4381 Baptista
3233 4304 3293 4358 in
3352 4296 3709 4357 abstinentia

2068 4415 2258 4473 carnis
2306 4413 2426 4467 sint
2481 4412 2539 4463 et
2587 4402 2914 4475 sanguinis,
2970 4396 3083 4452 nisi
3142 4390 3484 4449 inﬁrmitate
3522 4387 3707 4455 impe-

2069 4506 2282 4569 diente,
2316 4505 2419 4555 aut
2448 4472 2723 4566 alicujus‘
2746 4488 2876 4546 festi
2919 4484 3309 4551 solemnitate,
3343 4495 3465 4549 quae
3523 4475 3583 4529 in
3612 4472 3713 4528 illo

2069 4591 2363 4668 episcopio
2395 4585 2637 4644 celebris
2668 4582 2938 4643 habetur,
2986 4573 3406 4630 intercedente.
3464 4570 3533 4620 Et
3582 4568 3717 4619 ante

2071 4653 2324 4741 natalem
2359 4675 2585 4732 Domini
2616 4670 2909 4733 similiter,
2944 4671 3001 4721 et
3030 4665 3087 4717 in
3128 4658 3325 4733 vigilia
3353 4653 3714 4729 Epiphaniae,

2072 4782 2129 4831 et
2149 4775 2206 4827 in
2237 4767 2501 4827 omnium
2526 4761 2741 4835 vigiliis
2765 4754 3184 4828 apostolorum,
3217 4755 3274 4806 et
3296 4742 3581 4817 in,vigilia
3606 4744 3715 4797 As-

2073 4857 2431 4932 sumptionis
2463 4856 2675 4909 sanctas
2712 4846 2925 4909 Mariae,
2955 4848 3011 4899 et
3039 4843 3099 4898 in
3131 4838 3330 4913 vigilia
3350 4833 3537 4893 sancti
3572 4837 3714 4886 Lau-

2076 4950 2284 5018 rentii;
2317 4961 2542 5003 necnon
2595 4940 2768 4997 etiam
2798 4936 2859 4991 in
2891 4933 3088 5004 vigilia
3146 4927 3425 4985 Omnium
3472 4925 3720 4979 Sancto-

2076 5059 2230 5107 rum,
2263 5035 2608 5110 adjicientes
2638 5025 2931 5101 praedictis
2951 5021 3168 5096 vigiliis
3190 5032 3368 5074 unam
3403 5015 3604 5069 horam
3626 5025 3722 5064 re-

2079 5126 2369 5195 fectionis,
2400 5123 2638 5193 excepta
2662 5113 3028 5181 infirmitate,
3051 5115 3107 5166 et
3137 5107 3249 5163 nisi
3282 5102 3493 5174 aliquis
3524 5097 3724 5170 sitqui

2078 5219 2312 5294 prOprio
2340 5219 2471 5270 voto
2504 5206 2711 5279 majori
2739 5201 3097 5260 abstinentia
3127 5196 3211 5252 uti
3241 5194 3401 5250 velit.

2080 5281 2215 5367 .CAP:
2246 5307 2368 5360 169.
2399 5333 2467 5344 —-
2499 5298 2701 5370 Quibus
2732 5290 3067 5370 temporibus
3101 5288 3276 5370 etia'm
3308 5281 3561 5370 legitima
3589 5292 3721 5333 con-

2139 5352 2299 5453 jugia
2322 5352 2642 5433 contra7iere
2670 5382 2779 5422 non
2813 5352 2990 5418 liceat.
3019 5362 3101 5415 Ex
3130 5358 3334 5423 eodem,
3362 5352 3487 5424 cap.
3522 5352 3575 5404 3.

2150 5438 2231 5526 '1);
2260 5462 2536 5539 legitimis
2559 5463 2755 5516 autem
2786 5451 3080 5524 oonjugiis
3108 5450 3191 5505 ita
3217 5445 3409 5502 visum
3440 5445 3549 5508 est,
3566 5438 3722 5513 quod

2081 5558 2280 5618 nullus
2291 5532 2659 5615 Christianus
2672 5558 2907 5603 uxorem
2925 5541 3137 5598 ducere
3149 5535 3356 5594 debeat
3374 5532 3447 5591 ab
3461 5532 3723 5588 Adventu
