3948 6072
311 236 418 292 895

1400 236 1468 286 D.
1509 232 1750 287 IVONIS
1784 231 2284 288 CARNOTENSIS
2319 236 2639 291 BPISCOPI

3631 233 3767 287 896

311 360 546 418 Domini
580 374 767 432 usque
797 357 857 412 in
889 358 1121 412 octavas
1159 355 1521 427 Epiphania,
1564 358 1622 410 et
1651 371 1685 410 a
1712 355 1959 425 Septua-
1989 355 2044 420 Α
2073 355 2240 412 diant
2272 358 2506 426 missas,
2550 359 2636 415 vel
2678 376 2781 432 pro
2830 359 3021 414 salute
3039 359 3327 426 vivorum,
3359 362 3462 414 aut
3493 375 3604 430 pro
3639 360 3766 414 de-

311 451 540 524 gesima
571 465 759 520 usque
790 447 848 501 in
882 452 1115 501 octavas
1141 445 1396 512 Paschze,
1429 460 1533 498 nec
1564 445 1620 498 in
1655 459 1834 514 supra
1861 460 1963 498 no-

311 542 451 597 tatis
492 542 554 595 1-1
587 539 796 593 diebus
828 540 960 591 ante
987 535 1355 590 festivitatem
1392 534 1836 589 sanctiloannis
1859 537 1966 587 Ba-

312 631 526 704 ptistae,
553 644 741 698 neque
773 628 829 681 in
855 625 1147 696 praedictis
1171 623 1532 693 jejuniorum
1586 623 1815 689 diebus,
1848 621 1968 675 sive

313 719 373 774 in
408 717 674 773 omnium
709 714 1060 770 solemnium
1095 713 1324 767 dierum
1360 711 1824 784 praecedentibus
1863 727 1964 764 no-

315 809 533 863 ctibus.

310 897 449 952 CAP.
487 897 608 948 170.
641 923 709 932 —
745 893 806 948 Ut
833 891 1114 961 presbyter
1162 890 1259 961 qui
1284 893 1403 960 post
1431 890 1572 961 galli
1611 897 1837 961 cantum
1881 887 1966 961 bi-

388 968 482 1033 bit,
515 964 630 1020 nisi
659 958 951 1018 necessitas
980 958 1153 1032 cogat,
1171 958 1424 1032 sequenti
1435 958 1544 1015 'die
1569 960 1797 1015 missam
1821 958 1966 1013 cete-

386 1039 544 1093 brare
573 1052 683 1091 non
713 1036 938 1089 audeat.
973 1036 1057 1089 Ea:
1087 1033 1273 1089 eodem
1301 1049 1474 1101 conc.,
1506 1050 1627 1104 cap.
1661 1034 1713 1086 4.

381 1127 686 1180 Decretum
719 1129 809 1178 est
835 1123 1011 1178 etiam
1046 1123 1102 1176 in
1154 1123 1354 1177 eodem
1408 1121 1654 1177 concilio
1706 1125 1770 1175 ut
1800 1135 1962 1192 pres-

307 1216 472 1287 byter
501 1213 717 1284 aliquis
740 1218 870 1284 post
899 1211 1039 1284 galli
1077 1218 1317 1266 cantum
1336 1211 1551 1266 astivis
1584 1210 1858 1265 noctibus
1883 1209 1967 1264 bi-

304 1305 474 1374 hens,
509 1302 770 1374 proximo
803 1303 898 1357 die
930 1302 1176 1356 missam
1211 1318 1325 1356 non
1358 1300 1608 1356 celebret
1637 1321 1649 1366 ;
1690 1298 1965 1354 hiemali-

309 1393 420 1448 bus
451 1391 747 1457 similiter,
782 1390 896 1446 nisi
929 1391 1249 1446 necessitas
1272 1394 1460 1458 cogat.

307 1488 442 1543 CAP.
479 1489 689 1541 171.——
751 1487 811 1542 Ut
857 1487 1138 1556 presbyter
1175 1504 1289 1539 non
1341 1486 1589 1556 amplius
1635 1501 1799 1556 quam
1854 1489 1964 1539 tres

378 1561 578 1614 missas
608 1561 666 1613 in
687 1557 777 1612 die
805 1559 1052 1613 celebret.
1088 1563 1170 1612 Erc
1190 1558 1369 1611 eodem
1398 1559 1648 1627 concilio,
1681 1573 1800 1626 cap.
1833 1558 1884 1610 5.

379 1650 522 1703 Item
559 1648 858 1702 decretum
893 1653 981 1702 est
1013 1651 1077 1702 ut
1111 1649 1520 1716 unusquisque
1568 1646 1872 1717 presbyter
1903 1645 1960 1699 in

312 1737 406 1791 die
438 1753 551 1791 non
585 1735 842 1808 amplius
864 1753 1041 1807 quam
1078 1740 1195 1790 tres
1227 1705 1442 1789 missas
1482 1705 1774 1790 celebrare
1817 1750 1962 1805 prze-
1996 1722 2043 1788 Β
2073 1705 2114 1761 C

315 1831 532 1880 sumat.

305 1913 443 1970 CAP.
478 1915 600 1967 172.
634 1946 701 1952 —
736 1913 796 1969 Ut
849 1929 1004 1968 nemo
1053 1913 1338 1981 corporale
1386 1913 1460 1968 ad
1507 1913 1964 1983 exstinguendum

375 1986 702 2110 incengium
733 1987 792 2039 in
826 1987 1005 2055 ignem
1034 1984 1317 2056 projiciat.
1377 1986 1458 2039 Ex
1487 1985 1672 2040 eodem
1709 1984 1962 2052 concilio,

375 2073 501 2110 can.
577 2095 590 2109 .

374 2073 501 2126 cap.
535 2073 590 2110 ο.

380 2145 776 2215 Conquestum
811 2148 901 2198 est
929 2145 1105 2198 etiam
1132 2144 1188 2198 in
1221 2147 1422 2199 sancto
1450 2144 1716 2211 concilio,
1751 2143 1965 2216 dequi-

309 2233 561 2289 busdam
593 2233 967 2289 stultissimis
1002 2233 1378 2305 presbyteris,
1410 2237 1476 2288 ut
1498 2235 1733 2304 quando
1765 2233 1966 2288 incen-

309 2323 469 2377 dium
502 2322 760 2391 videant,
795 2321 1095 2394 corporale
1148 2323 1453 2378 Dominico
1489 2337 1729 2395 corpore
1769 2338 1970 2378 conse-

307 2418 534 2468 cratum
594 2413 665 2467 ad
717 2412 1208 2484 exstinguendum
1259 2412 1597 2467 incendium
1656 2411 1968 2467 temeraria

310 2501 770 2572 praesumptione
800 2501 857 2555 in
903 2501 1098 2572 ignem
1133 2501 1461 2567 projiciant.
1501 2501 1750 2571 Ideoque
1771 2501 1964 2556 decre-

309 2595 435 2645 tum
469 2595 578 2657 est,
611 2590 721 2646 sub
771 2589 1168 2645 anathematis
1220 2588 1647 2659 interdictione,
1700 2607 1772 2645 ne
1818 2588 1965 2644 ulte-

306 2678 436 2734 rius
461 2680 582 2733 fiat.

313 2766 447 2822 CAP.
486 2767 606 2820 173.
636 2797 699 2808 -—
732 2767 803 2822 De
835 2765 958 2830 hoc,
989 2767 1161 2820 siduo
1193 2767 1465 2836 inculpati
1483 2769 1694 2836 [uerint
1727 2767 1786 2820 in
1802 2766 1954 2821 adul-

378 2839 515 2892 terio
545 2841 595 2910 et
630 2854 776 2892 unus
832 2847 1016 2905 negat,
1078 2837 1226 2892 alter
1279 2840 1592 2908 proﬁtetur,
1653 2838 1786 2910 quid
1836 2838 1967 2894 inde

377 2909 655 2977 agendum
687 2910 783 2965 sit.
826 2911 908 2964 Ex
935 2910 1148 2974 eodem,
1175 2926 1299 2980 cap.
1331 2911 1385 2964 7.

381 2999 830 3068 Interrogatum,
865 2998 912 3052 si
945 3000 1060 3053 duo
1103 2999 1160 3052 in
1196 2997 1483 3054 adulterio
1528 2998 1809 3070 inculpati
1863 3000 1962 3054 fie-

2077 447 2317 501 functis.

2077 534 2206 590 CAP.
2247 537 2369 590 177.
2403 569 2472 576 —-
2500 537 2575 592 De
2605 539 3010 608 computatione
3051 537 3582 606 consanguinitatis.
3659 538 3765 590 Ea:

2658 609 2864 664 eodem.
2899 627 3018 679 cap.
3057 612 3141 663 11.

2148 696 2387 760 Quidam
2421 697 2595 752 etiam
2629 699 3064 770 generationem
3096 697 3635 766 consanguinitatis
3660 697 3761 751 ita

2077 784 2278 838 volunt
2312 803 2645 853 numerare,
2669 791 2733 840 ut
2765 788 2940 840 frater
2970 791 3026 841 et
3055 803 3221 840 soror
3247 786 3415 856 primi
3441 787 3586 840 sint.
3618 789 3756 841 Hoc

2079 878 2272 927 autem
2307 876 2517 929 statuit
2539 883 2742 930 sancta
2772 876 3054 947 synodus,
3087 876 3241 929 sicut
3270 876 3443 929 etiam
3468 876 3543 930 ab
3576 875 3756 929 anti-

2076 961 2207 1032 quis
2241 962 2509 1019 Patribus
2541 965 2838 1019 decretum
2889 969 2996 1031 est,
3033 968 3096 1018 ut
3124 963 3206 1018 ita
3256 980 3370 1019 non
3402 968 3580 1029 esset,
3633 964 3754 1018 sed

2076 1057 2135 1105 ut
2172 1068 2352 1122 nepos
2374 1058 2430 1106 et
2462 1053 2677 1124 neptis,
2707 1054 2765 1107 id
2797 1058 2905 1121 est,
2940 1053 3094 1108 filius
3142 1053 3341 1108 fratris
3373 1069 3441 1109 ac
3481 1053 3605 1107 ﬁlia
3642 1069 3753 1108 so-

2074 1151 2244 1222 roris,
2279 1151 2451 1224 primi
2485 1153 2832 1208 habeantur.

2073 1257 2204 1312 CAP.
2247 1259 2363 1312 178.
2393 1291 2460 1299 —
2496 1261 2560 1317 Ut
2587 1261 2834 1330 aediﬁcia
2881 1261 3156 1315 laicorum
3203 1261 3267 1313 in
3310 1260 3460 1316 atrio
3487 1261 3747 1316 ecclesiae

2357 1347 2470 1386 non
2497 1343 2803 1404 ponantur.
2840 1333 2922 1386 Ex
2948 1332 3153 1397 eodem,
3178 1349 3297 1402 cap.
3336 1334 3419 1386 12.

2144 1419 2433 1475 Statutum
2469 1427 2558 1476 est
2610 1423 2787 1477 etiam
2822 1427 2887 1476 ut
2945 1421 3190 1476 aedificia
3239 1421 3546 1486 laicorum,
3600 1438 3743 1492 qua

2073 1509 2334 1565 ecclesiis
2366 1511 2644 1581 adjuncta
2700 1516 2860 1578 sunt,
2921 1512 3282 1578 auferantur,
3308 1515 3365 1565 et
3422 1510 3608 1580 nulla,
3679 1511 3742 1563 in

2073 1599 2220 1653 atrio
2233 1599 2487 1654 ecclesiae
2503 1607 2818 1672 ponantur.
2845 1601 2955 1655 nisi
2979 1606 3206 1656 tantum
3229 1601 3642 1672 presbyteroru
3657 1617 3714 1654 [ι]
3727 1643 3741 1654 .

2116 1723 2207 1778 AP.
2241 1707 2360 1760 179.
2390 1739 2457 1746 —
2489 1707 2553 1762 Ut
2579 1707 2768 1762 nullus
2819 1707 2998 1762 laicus
3031 1707 3333 1764 Ecclesiam
3383 1724 3546 1760 suam
3598 1723 3740 1778 pre-

2143 1777 2360 1850 sbytero
2385 1779 2727 1834 commendet
2757 1778 2878 1835 sine
2937 1779 3164 1834 licentia
3211 1779 3467 1850 episc0pi.
3521 1777 3610 1834 Ex
3643 1794 3745 1833 eo-

2144 1849 2269 1904 dem
2297 1850 2494 1906 concil.
2525 1869 2646 1923 cap.
2681 1852 2768 1906 13.

2145 1940 2289 1993 Item
2322 1941 2617 1995 decretum
2638 1944 2728 1995 est
2759 1945 2824 1994 ut
2848 1938 3047 1994 nullus
3077 1938 3359 1994 laicorum
3381 1938 3569 2008 falicui
3593 1955 3738 2010 pre-

2074 2027 2306 2100 sbytero
2337 2046 2508 2085 suam
2540 2031 2912 2085 commendet
2959 2029 3296 2098 Ecclesium,
3348 2035 3555 2100 praeter
3585 2046 3739 2084 con-

2076 2132 2317 2172 sensum
2369 2118 2648 2189 episcopi,
2682 2119 2782 2173 sed
2834 2135 2965 2174 eum
3011 2118 3172 2189 prius
3224 2118 3420 2172 mittat
3452 2121 3741 2190 episcopo

2077 2221 2205 2272 suo,
2237 2204 2320 2260 vel
2353 2207 2482 2276 ejus
2513 2206 2750 2274 vicario,
2786 2211 2847 2260 ut
2871 2205 3220 2278 probetur_si
3247 2205 3509 2271 scientia,
3537 2209 3747 2271 aetate,

2076 2297 2132 2349 et
2165 2293 2425 2348 moribus
2447 2293 2579 2350 talis
2601 2295 2678 2350 sit
2700 2300 2763 2349 ut
2793 2295 2904 2350 sibi
2938 2293 3195 2366 populus
3228 2294 3323 2350 Dei
3351 2295 3744 2349 commende-

2081 2387 2198 2437 tur.

2073 2474 2206 2527 CAP.
2245 2471 2365 2525 180.
2399 2502 2467 2511 —
2497 2471 2560 2524 Si
2608 2470 2713 2526 duo
2762 2470 2826 2526 de
2874 2469 3154 2525 adulterio
3211 2469 3450 2525 accusati
3492 2472 3745 2538 fuerint,

2215 2541 2348 2613 quid
2378 2541 2504 2596 inde
2523 2542 2839 2611 faciendum
2863 2544 2959 2596 sit.
2985 2543 3068 2596 Ea:
3099 2543 3312 2607 eodem,
3341 2559 3466 2614 cap.
3495 2543 3579 2597 14.

2145 2630 2364 2686 Statuit
2390 2647 2624 2701 quoque
2655 2637 2858 2685 sancta
2890 2632 3174 2702 synodus,
3209 2631 3257 2684 si
3309 2631 3423 2685 duo
3459 2632 3529 2684 de
3558 2631 3743 2684 adul-

2074 2721 2220 2774 terio
2251 2719 2506 2774 accusati
2532 2719 2770 2784 fuerint,
2799 2724 2856 2774 et
2872 2721 3047 2774 ambo
3082 2719 3443 2792 negaverint,
3477 2724 3534 2773 et
3554 2723 3743 2774 orant

2072 2809 2187 2864 sibi
2219 2810 2476 2879 concedi,
2515 2816 2579 2864 ut
2609 2809 2754 2865 alter
2782 2809 3018 2865 illorum
3049 2816 3331 2881 utrosque
3362 2809 3559 2864 divino
3591 2826 3744 2880 pur-

2073 2899 2447 2970 getjudicio;
2482 2899 2530 2954 si
2565 2917 2720 2956 unus
2752 2901 2811 2955 in
2844 2899 2952 2956 hoc
3003 2899 3306 2970 deciderit,
3341 2904 3405 2955 ut
3435 2901 3608 2955 ambo
3643 2899 3742 2954 rei

2071 2988 2417 3043 habeantur.

307 3090 440 3140 rent
463 3086 749 3156 [fuerint],
782 3091 838 3140 et
869 3103 1022 3142 unus
1075 3086 1467 3157 profiteretur,
1517 3093 1573 3143 et
1603 3088 1748 3142 alter
1789 3105 1954 3156 nega-

2140 3094 2203 3132 .P.
2383 3107 2450 3159 τ·
2483 3079 2548 3159 Ut
2581 3077 2874 3159 bannitum
2923 3079 3197 3159 jejunium
3244 3078 3312 3133 ab
3341 3077 3593 3159 omnibus
3632 3077 3738 3132 di-

305 3179 414 3238 ret,
448 3174 589 3244 quid
623 3174 758 3229 inde
784 3175 1079 3244 agendum
1115 3181 1290 3230 esset.
1323 3177 1632 3230 Decretum
1665 3182 1756 3230 est
1781 3175 1958 3231 etiam

305 3281 340 3318 a
370 3268 574 3317 sancto
606 3262 852 3318 concilio
884 3266 948 3317 ut
979 3261 1096 3332 ille,
1147 3265 1247 3334 qui
1303 3265 1620 3336 negaverit,
1670 3265 1958 3335 probabili

300 3350 528 3422 judicio
550 3368 612 3406 se
642 3356 944 3424 expurget.
977 3352 1045 3406 Et
1075 3351 1176 3423 qui
1209 3353 1512 3424 professus
1555 3353 1750 3420 fuerit,
1783 3353 1959 3425 digne

309 3440 716 3511 pcenitantiam
749 3445 898 3509 agat.

310 3528 444 3584 CAP.
480 3530 602 3586 174.
635 3562 704 3570 -
739 3530 802 3586 Ut
831 3545 993 3584 nemo
1023 3528 1085 3602 in
1113 3530 1396 3585 ecclesiam
1440 3531 1701 3601 gladium
1746 3539 1956 3602 portet.

838 3602 948 3669 [8.1:
973 3601 1180 3669 eodem,
1213 3619 1332 3673 cap.
1362 3603 1442 3673 8.]

383 3687 692 3742 Decretum
728 3688 982 3743 etiamin
1005 3691 1208 3744 eodem
1262 3690 1508 3746 concilio
1539 3695 1604 3745 ut
1635 3708 1804 3748 nemo
1831 3691 1958 3764 gla-

309 3776 475 3832 dium
509 3777 566 3830 in
600 3776 906 3832 ecclesiam
935 3782 1141 3849 portet,
1193 3779 1373 3851 regali
1422 3783 1654 3835 tantum
1699 3786 1956 3852 excepto.

307 3885 439 3937 CAP.
475 3883 596 3936 175.
638 3913 708 3923 -
734 3888 814 3939 Ne
853 3882 1011 3938 mala
1056 3885 1334 3954 colloquia
1366 3886 1425 3938 in
1471 3885 1725 3953 ecclesia,
1773 3891 1868 3942 aut
1897 3888 1958 3943 in

523 3956 688 4025 atrio,
719 3955 960 4011 ecclesia
989 3956 1144 4027 ﬁant.
1179 3961 1262 4012 Ea:
1288 3955 1495 4024 eodem,
1526 3973 1645 4028 cap.
1679 3960 1732 4012 9.

381 4045 596 4099 Statuit
623 4045 798 4100 etiam
831 4051 1032 4101 sancta
1079 4047 1361 4116 synodus,
1395 4050 1459 4100 ut
1518 4047 1668 4102 mala
1708 4065 1958 4104 consue-

306 4133 469 4202 tudo,
497 4150 624 4205 quas
667 4136 819 4207 apud
847 4151 1052 4190 omnes
1086 4151 1232 4207 pene
1257 4135 1380 4206 jam
1429 4135 1685 4206 inolevit,
1717 4139 1958 4193 omnino

307 4222 723 4294 prohibeatur:
761 4224 867 4280 hoc
897 4229 1005 4291 est,
1041 4225 1194 4296 quod
1245 4224 1538 4296 colloquia
1584 4242 1691 4280 sua
1720 4225 1781 4281 in
1811 4227 1958 4284 atrio

305 4310 560 4380 alicujus
593 4313 854 4368 ecclesiae
885 4313 1254 4368 constituunt
1285 4313 1576 4380 habenda,
1621 4321 1678 4370 et
1721 4320 1861 4371 tunc
1891 4333 1959 4372 ea

2236 3149 2602 3218 ligentissime
2630 3150 2960 3205 observetur.
2989 3151 3073 3204 Es:
3101 3149 3306 3218 eodem,
3332 3166 3451 3221 cap.
3476 3149 3559 3204 15.

2147 3237 2447 3291 Decretum
2482 3242 2568 3292 est
2629 3237 2833 3302 etiam,
2867 3241 2932 3292 ut
2979 3254 3185 3292 omnes
3216 3237 3523 3292 bannitum
3573 3237 3744 3306 jeju-

2069 3324 2255 3389 nium,
2290 3325 2346 3379 in
2368 3342 2718 3398 quocunque
2757 3326 3053 3398 episc0pio
3094 3327 3442 3393 celebratur,
3475 3324 3739 3397 diligen-

2069 3416 2300 3471 tissime
2331 3416 2661 3471 observent.
2695 3417 2766 3472 Et
2795 3417 2844 3472 si
2867 3417 3000 3488 quis
3020 3416 3256 3472 illarum
3280 3421 3410 3472 octo
3447 3415 3737 3472 interdic-

2067 3508 2260 3559 tarum
2282 3522 2476 3560 rerum
2502 3505 2760 3578 aliquam
2785 3505 3072 3562 redimere
3093 3505 3358 3577 voluerit,
3375 3521 3556 3560 unum
3579 3521 3737 3577 pau-

2069 3609 2288 3664 perem,
2316 3600 2490 3666 prout
2520 3612 2628 3650 sua
2660 3594 2904 3650 facultas
2937 3596 3065 3662 erit,
3098 3596 3301 3651 eadem
3349 3595 3441 3651 die
3475 3595 3730 3650 reficiat.

2070 3704 2196 3757 CAP.
2237 3703 2354 3758 182.
2391 3733 2456 3742 —
2487 3703 2561 3758 De
2594 3702 2710 3756 illis
2747 3705 2845 3775 qui
2899 3705 3121 3758 Romam
3150 3704 3428 3773 proﬁcisci
3468 3702 3728 3775 cupiunt.

2594 3775 2676 3828 Ea:
2703 3774 2910 3844 eodem,
2940 3791 3060 3846 cap.
3105 3775 3191 3829 17.

2143 3860 2398 3916 Decrevit
2431 3877 2664 3932 quoque
2695 3868 2900 3919 sancta
2931 3865 3211 3936 synodus,
3242 3869 3306 3919 ut
3332 3867 3572 3918 Romam
3598 3863 3733 3917 nul-

2066 3946 2159 4002 lus
2188 3953 2300 4019 eat,
2335 3949 2447 4004 nisi
2478 3965 2611 4005 cum
2647 3951 2884 4007 licentia
2905 3953 2997 4008 sui
3028 3952 3308 4026 episOOpi,
3332 3951 3419 4008 vel
3461 3953 3592 4024 ejus
3634 3952 3729 4006 vi-

2068 4054 2205 4092 carn
2218 4079 2230 4090 .

2069 4126 2203 4182 CAP.
2240 4126 2362 4182 183.
2393 4158 2462 4168 —
2505 4129 2792 4202 Uticarina
2823 4131 2976 4199 [For.
3028 4132 3252 4202 carena]
3281 4147 3390 4186 non
3443 4130 3735 4186 dividatur

2438 4201 2746 4272 paenitenti.
2781 4203 2864 4256 Ea:
2891 4201 3077 4258 eodem
3106 4220 3226 4275 cap.
3266 4205 3352 4258 17.

2139 4291 2208 4345 Et
2238 4291 2384 4346 illud
2419 4293 2530 4347 sub
2558 4294 2938 4350 anathemate
2973 4300 3328 4367 prisceptum
3349 4298 3457 4359 est,
3490 4298 3554 4350 ut
3587 4294 3728 4350 nul-

306 4399 366 4453 in
402 4399 530 4469 ipsa
561 4402 810 4456 maxime
843 4407 1113 4457 exercent
1143 4402 1530 4468 ecclesia,ubi
1564 4405 1859 4461 orationes
1900 4411 1958 4462 et
1990 4458 2025 4469 _
2067 4380 2169 4436 θυι
2232 4381 2706 4454 ΡτθδδΥίθίὍνυω
2759 4383 3034 4454 (“liquam
3099 4384 3407 4456 Ραδηίίθυίί
3456 4385 3729 4441 carinam

306 4487 506 4542 divina
538 4493 768 4545 tantum
807 4491 930 4544 fieri
963 4507 1194 4561 aequum
1227 4496 1317 4546 est
1349 4492 1561 4547 officia.

301 4587 435 4661 CAP.
473 4586 602 4661 176.
625 4616 693 4626 —-
726 4589 799 4661 De
831 4589 1116 4661 evangelio
1138 4606 1156 4643 :
1193 4589 1253 4643 In
1306 4588 1595 4661 principio
1657 4595 1780 4646 erat
1807 4591 1954 4647 Ver-

379 4658 518 4732 bum
555 4657 728 4723 (Joan.
765 4660 826 4732 ιν),
854 4665 905 4713 et
933 4657 1123 4714 missis
1146 4657 1544 4729 peculiaribus,
1586 4678 1653 4717 ne
1679 4664 1817 4732 ﬁant
1846 4666 1957 4719 nisi

378 4728 495 4782 suis
526 4731 884 4799 temporibus.
917 4733 999 4785 Ex
1027 4728 1231 4797 eodem,
1257 4749 1377 4801 cap.
1409 4733 1494 4787 10.

379 4816 626 4882 Quidam
649 4819 826 4873 etiam
853 4819 1161 4884 laicorum,
1185 4821 1508 4876 etmaxime
1532 4826 1833 4887 matronae,
1861 4823 1958 4878 ha-

306 4904 448 4960 bent
481 4905 536 4960 in
581 4909 1010 4962 consuetudine
1035 4914 1098 4962 ut
1138 4925 1237 4977 per
1267 4910 1532 4979 singulos
1563 4911 1686 4966 dies
1717 4913 1960 4967 audiant

311 4995 689 5066 Evangelium
720 5015 732 5052 :
769 4999 829 5052 In
871 4997 1150 5068 principio
1182 5007 1300 5052 erat
1352 5000 1612 5070 Verbum,
1645 5007 1702 5055 et
1744 5003 1958 5058 missas

307 5083 659 5156 peculiares,
687 5087 790 5141 hoc
812 5094 918 5154 est,
952 5086 1021 5140 de
1045 5090 1248 5141 sancta
1269 5086 1574 5155 Trinitate,
1607 5094 1710 5143 aut
1731 5091 1799 5146 de
1821 5109 1956 5148 san-

309 5178 398 5229 cto
425 5173 706 5230 Michaele
739 5180 794 5230 et
825 5175 952 5230 ideo
985 5175 1276 5231 sancitum
1322 5181 1411 5229 est
1435 5175 1492 5230 in
1523 5178 1725 5233 eodem
1759 5181 1957 5236 conci-

307 5261 387 5318 lio
422 5267 485 5318 ut
515 5263 623 5319 hoc
679 5264 927 5321 ulterius
983 5281 1097 5319 non
1134 5265 1252 5331 fiat,
1286 5263 1399 5318 nisi
1430 5281 1535 5320 suo
1586 5270 1866 5338 tempore,
1899 5275 1957 5326 et

308 5351 424 5406 nisi
456 5353 670 5425 aliquis
694 5355 955 5410 fidelium
971 5354 1172 5410 audire
1194 5353 1329 5408 velit
1351 5370 1454 5424 pro
1476 5357 1796 5412 reverentia
1817 5375 1956 5414 sano

309 5447 409 5495 etas
442 5441 776 5512 Trinitatis,
803 5461 914 5500 non
939 5460 1042 5516 pro
1063 5441 1262 5514 aliqua
1283 5441 1658 5500 divinatione.
1684 5445 1752 5500 Et
1780 5446 1831 5503 si
1857 5463 1954 5504 vo-

308 5525 530 5582 luerint
563 5536 624 5584 ut
651 5533 762 5587 sibi
797 5533 989 5589 missis
1020 5535 1349 5600 cantentur,
1384 5531 1454 5587 de
1483 5532 1686 5589 eodem
1722 5533 1814 5591 die
1845 5553 1952 5592 au-

1984 4458 2032 4522 D
2066 4471 2320 4526 dividere
2354 4478 2689 4543 praesumat,
2722 4473 2771 4529 si
2803 4475 3116 4530 infirmitas
3171 4493 3284 4531 non
3320 4477 3725 4531 intervenerit.

2063 4579 2201 4634 CAP.
2247 4579 2368 4654 181.
2393 4581 2553 4635 —De
2585 4581 2704 4654 illis
2722 4582 2821 4652 qui
2847 4583 3236 4654 paenitentiam
3267 4601 3299 4638 a
3347 4584 3729 4639 sacerdotibus

2239 4653 2483 4722 accipere
2509 4653 2720 4708 uolunt.
2742 4655 2825 4708 Ex
2852 4654 3036 4710 eodem
3068 4656 3288 4721 concil.,
3307 4671 3428 4726 cap.
3453 4657 3535 4712 18.

2136 4737 2279 4803 Quia
2311 4739 2480 4794 multi
2510 4745 2672 4796 tanta
2701 4744 2914 4798 mentis
2945 4760 3058 4798 sua:
3111 4744 3280 4799 fallur
3301 4749 3397 4799 tnr
3445 4744 3725 4814 stultitia,

2065 4831 2130 4880 ut
2160 4827 2219 4881 in
2249 4826 2443 4897 aliquo
2475 4829 2708 4900 capitali
2740 4831 2985 4887 crimine
3007 4831 3291 4904 inculpati
3318 4834 3726 4905 pmnitentiam

2067 4933 2099 4969 a
2131 4917 2535 4974 sacerdotibus
2567 4920 2691 4974 suis
2712 4921 2972 4992 accipere
3005 4921 3214 4990 nolint,
3246 4922 3306 4977 in
3340 4922 3448 4978 hoc
3471 4925 3732 4980 maxime

2067 5005 2296 5071 confisi,
2335 5010 2396 5060 ut
2422 5006 2667 5062 Romam
2701 5009 2979 5064 euntibus
2998 5010 3356 5081 apostolicus
3389 5013 3588 5067 omnia
3611 5014 3728 5068 sibi

2067 5092 2329 5148 dimittat
2363 5101 2635 5164 peccata;
2663 5102 2864 5153 sancto
2896 5097 3087 5152 visum
3122 5103 3212 5153 est
3261 5100 3509 5154 concilio
3544 5107 3609 5155 ut
3639 5106 3730 5157 ta-
3769 5113 3784 5120 ‘

2069 5180 2142 5236 lis
2174 5181 2676 5254 indulgentiaillis
2708 5203 2822 5241 non
2850 5187 3056 5259 prosit,
3091 5188 3189 5242 sed
3219 5190 3570 5259 priusjuxta
3603 5207 3731 5246 mo-

2067 5271 2208 5326 dum
2240 5271 2435 5326 delicti
2472 5273 2877 5344 pcsnitentiam
2929 5275 3042 5331 sibi
3073 5275 3269 5331 datam
3302 5294 3336 5330 κ
3380 5277 3503 5333 suis
3535 5296 3730 5336 sacer-

2066 5359 2305 5415 dotibus
2337 5361 2723 5434 adimpleant,
2756 5369 2812 5419 et
2842 5370 2981 5420 tunc
3014 5364 3260 5420 Romam
3297 5365 3397 5433 ire,
3443 5367 3492 5422 si
3515 5368 3723 5436 velint,

2065 5450 2139 5505 ab
2166 5449 2438 5522 episcopo
2471 5453 2704 5525 proprio
2731 5453 3028 5510 licentiam
3061 5453 3357 5512 etlitteras
3377 5456 3448 5511 ad
3481 5465 3724 5529 aposto-

2063 5535 2243 5594 licum
2276 5555 2343 5595 ex
2373 5539 2582 5598 iisdem
2618 5543 2792 5600 rebus
2817 5542 3159 5600 deferendas
3189 5542 3496 5616 accipiant.
