3948 6072
192 312 302 367 897

1074 313 1386 367 DECRETI
1426 314 1611 366 PARS
1647 313 1768 365 XV.
1800 338 1868 349 —-
1908 312 2004 364 DE
2040 311 2522 377 PCENITENTIA,
2562 310 2718 363 ETC.

3494 316 3599 371 898

189 437 323 492 CAP.
362 436 482 490 185.
516 466 583 475 -
619 436 681 509 Ut
704 434 1168 509 omnispcenilens
1212 435 1343 490 dum
1392 437 1643 509 carinam
1681 451 1841 509 suam
1870 441 1924 508 Α
1957 434 2129 500 riam,
2162 438 2383 490 sextam
2434 434 2633 489 feriam
2667 434 2724 488 in
2758 450 2907 505 pane
2954 437 3010 488 et
3058 451 3211 506 aqua
3249 438 3499 509 jejunet.
3532 442 3604 496 Et

260 509 499 633 ieiuniis,
540 509 607 562 de
653 508 766 561 loco
817 507 885 561 ad
937 508 1115 561 locum
1150 523 1257 562 non
1289 509 1507 577 migret.
1540 508 1624 562 Ex
1653 506 1841 562 eodem

261 597 383 633 can.
494 618 506 631 .

261 597 383 650 cap.
421 597 506 633 1s.

261 669 568 724 Decretum
602 672 691 721 est
723 667 921 731 etiam,
943 674 1007 721 ut
1036 667 1228 722 omnis
1260 668 1548 738 paenitens
1580 668 1719 721 dum
1753 684 1843 722 ca-

188 759 381 813 rinam
415 774 584 811 suam
609 757 861 827 jejunat,
882 756 951 810 de
973 754 1096 811 loco
1129 758 1197 811 ad
1234 756 1427 811 locum
1461 774 1575 811 non
1608 755 1839 827 migret,

188 848 289 902 sed
317 846 394 900 ibi
419 852 774 917 permaneat,
803 845 900 899 ubi
924 862 1090 899 suam
1111 845 1837 916 acceperitpmnitentiam,

189 940 256 991 ut
285 936 555 1007 proprius
588 935 861 989 sacerdos
895 934 1007 989 sibi
1042 934 1296 1005 praebeat
1326 936 1752 990 testimonium.
1780 935 1839 989 Si

188 1031 387 1080 autem
410 1024 489 1078 ibi
516 1028 750 1095 propter
771 1023 1011 1078 hostiles
1034 1024 1281 1077 insidias
1313 1024 1607 1095 [injurias,
1627 1024 1730 1093 or.]
1747 1024 1841 1092 je-

180 1114 397 1183 junare
429 1130 544 1167 non
578 1114 806 1183 poterit,
841 1129 986 1166 suus
1019 1114 1289 1167 sacerdos
1312 1130 1444 1166 eum
1477 1115 1839 1167 confratrum

189 1218 431 1257 suorum
456 1201 653 1269 alicui,
680 1201 778 1255 ubi
807 1202 1041 1272 pacifica
1068 1201 1557 1272 possitjejunare,
1586 1201 1839 1273 diligen-

186 1292 421 1345 tissime
453 1290 844 1346 commendet.

185 1401 320 1453 CAP.
360 1398 477 1451 186.
509 1428 580 1438 -
614 1399 677 1454 Ut
719 1397 908 1469 nullus
960 1398 1244 1469 presbyter
1289 1414 1615 1469 quemquam
1660 1396 1838 1466 pient-

258 1476 458 1524 tentem
488 1471 547 1523 in
577 1468 861 1525 ecclesiam
892 1470 1225 1524 introducat.
1257 1471 1339 1523 Ex
1378 1468 1491 1525 eod.
1526 1486 1645 1540 cap.
1674 1470 1764 1522 20.

262 1562 323 1614 In
358 1559 559 1613 eodem
594 1575 822 1629 quoque
848 1558 1092 1612 concilio
1126 1559 1426 1613 decretum
1447 1562 1615 1613 estut
1640 1556 1838 1612 nullus

187 1648 666 1720 presbyterorum
700 1663 1055 1718 quemquam
1108 1647 1219 1702 nisi
1263 1648 1438 1716 jussu
1487 1646 1744 1719 episcopi
1778 1646 1835 1699 in

184 1736 496 1793 ecclesiam
531 1737 899 1791 introducere
922 1741 1259 1808 praesumat,
1279 1737 1371 1791 cui
1394 1754 1498 1808 pro
1522 1735 1719 1807 aliquo
1744 1736 1839 1790 de-

182 1826 325 1882 licto
358 1825 518 1880 illam
553 1825 782 1897 ingredi
813 1842 926 1880 non
960 1825 1152 1880 liceat.

184 1936 319 1991 CAP.
346 1935 469 1988 187.
493 1966 561 1972 -
594 1934 809 2001 Quanto
840 1941 1086 2000 tempore
1112 1934 1375 2003 paenitere
1395 1932 1583 1987 debeat
1613 1932 1709 2002 qui
1738 1932 1834 1987 hoc

342 2007 427 2060 vel
456 2006 596 2059 illud
625 2005 840 2074 fecerit.
877 2006 958 2059 Ex
988 2005 1355 2074 peenilenliali
1384 2004 1673 2059 (uicorum.

257 2095 313 2149 Si
338 2095 472 2166 quis
494 2093 787 2148 hominem
819 2094 1097 2149 occiderit
1125 2098 1350 2163 sponte,
1374 2094 1405 2144 7
1436 2110 1620 2148 annos
1653 2092 1833 2164 poeni-

180 2189 336 2250 teat;
372 2183 419 2237 si
454 2182 835 2249 immeritum,
874 2183 936 2237 10
981 2199 1165 2237 annos
1215 2181 1514 2253 pmniteat.
1548 2182 1607 2236 Si
1640 2181 1833 2236 diaco-

185 2290 352 2339 num,
378 2274 439 2327 14
461 2289 646 2326 annos
678 2271 975 2343 poeniteat.
1002 2272 1060 2326 Si
1095 2272 1520 2343 presbyterum,
1545 2272 1607 2324 21
1646 2288 1831 2325 annos

184 2363 486 2434 poeniteat.
512 2362 570 2415 Si
596 2360 727 2432 quis
762 2362 1060 2415 hominem
1096 2378 1208 2414 non
1246 2366 1451 2432 sponte
1482 2360 1833 2424 occiderit,3

184 2469 371 2506 annos
406 2451 698 2521 poeniteat.
733 2451 790 2504 Si
826 2450 881 2504 in
918 2448 1148 2520 publico
1178 2449 1348 2518 bello,
1384 2466 1602 2503 annum
1646 2466 1831 2504 unum

183 2541 480 2612 pmniteat.
507 2538 564 2593 Si
597 2539 728 2609 quis
756 2538 1055 2592 hominem
1089 2538 1499 2606 debilitaverit,
1521 2539 1554 2591 3
1580 2539 1829 2607 quadra-

180 2628 439 2700 gesimas
476 2627 855 2698 1118011881.δί
905 2627 1233 2680 membrum
1286 2626 1603 2697 principale
1652 2626 1827 2681 alicui

180 2716 401 2783 tulerit,
435 2718 467 2770 3
500 2733 683 2770 annos
715 2721 771 2770 et.
801 2714 1111 2769 dimidium
1146 2715 1441 2787 pceniteat.
1471 2715 1525 2768 Si
1560 2716 1691 2786 quis
1720 2716 1828 2770 So-

181 2806 481 2872 domitice,
509 2805 590 2859 vel
612 2821 744 2859 cum
779 2806 998 2875 pecude
1030 2804 1209 2858 semel
1240 2805 1581 2875 peccaverit,
1604 2805 1637 2855 7
1670 2805 1830 2876 [duo-

180 2897 394 2964 decim]
428 2912 611 2949 annos
647 2895 939 2965 poeniteat.
967 2895 1020 2946 Si
1045 2895 1365 2960 consuevit,
1403 2894 1461 2948 14
1493 2910 1679 2948 annos
1710 2911 1830 2966 pos-

184 2985 387 3040 niteat.
408 2985 465 3038 Si
501 2983 819 3037 fornicatur
851 2983 1002 3037 inter
1035 2983 1253 3037 femora
1284 2982 1489 3050 semel,
1518 2985 1545 3036 4
1574 2984 1828 3054 quadra-

180 3074 437 3145 gesimas
462 3072 759 3143 pmniteat.
784 3070 839 3125 Si
863 3072 1229 3137 eonsuevit,3
1248 3088 1429 3127 annos
1450 3074 1743 3143 pmniteat.
1770 3072 1828 3128 Si

180 3164 461 3234 parvulus
493 3178 810 3233 oppressus
840 3161 947 3215 hoc
981 3161 1357 3232 patitur,una
1380 3162 1831 3233 quadragesima
1861 3188 1903 3254 ρ

180 3251 475 3323 pmniteat.
513 3250 569 3305 Si
603 3267 704 3321 per
735 3251 1140 3320 semetipsum,
1175 3249 1403 3304 duabus
1449 3251 1827 3323 quadragesi-

181 3340 294 3395 mis
328 3341 623 3411 pmniteat.
658 3339 716 3394 Si
747 3341 1065 3403 consuevit,
1092 3356 1209 3393 uno
1243 3356 1393 3394 anno
1428 3339 1721 3410 poeniteat.

248 3430 305 3483 Si
340 3429 473 3501 quis
506 3428 795 3483 adulterat
823 3430 1074 3494 semel,5
1097 3445 1281 3483 annos
1306 3430 1619 3499 poeniteat;
1655 3430 1699 3483 si
1723 3430 1828 3483 du-

177 3517 429 3588 pliciter,
466 3517 529 3570 10
559 3533 746 3571 annos
782 3516 1077 3585 poeniteat.
1104 3516 1163 3569 Si
1191 3516 1321 3584 quis
1347 3520 1581 3585 raptum
1608 3517 1824 3586 fecerit,

177 3608 210 3659 3
243 3622 450 3667 annos,
482 3620 598 3659 uno
644 3606 714 3657 de
762 3604 851 3657 his
902 3604 1042 3656 foris
1091 3603 1395 3658 ecclesiam
1440 3605 1735 3674 pmniteat.
1770 3608 1827 3660 Si

182 3694 315 3765 quis
346 3709 600 3747 nonnam
633 3692 976 3763 corruperit,
1001 3692 1035 3741 7
1058 3708 1242 3745 annos
1269 3692 1577 3762 pmnitcat;
1615 3694 1662 3747 si
1696 3695 1830 3763 quis

182 3783 703 3853 consanguineam,
734 3781 769 3834 5
798 3798 982 3835 annos
1014 3781 1312 3851 pmniteat.
1348 3781 1407 3836 Si
1439 3781 1571 3851 quis
1603 3782 1831 3837 divinos

182 3871 461 3940 consulit,
490 3871 523 3925 3
552 3887 737 3925 annos
772 3869 1066 3941 pceniteat.
1101 3870 1159 3925 Si
1211 3870 1345 3940 quis
1394 3870 1713 3941 sacrilegus
1742 3871 1830 3925 vel

182 3962 456 4032 perjurus
487 3959 790 4025 exstiterit,
812 3964 1029 4030 septem
1064 3975 1249 4013 annos
1283 3958 1577 4029 poeniteat.
1604 3960 1662 4014 Si
1697 3960 1830 4030 quis

173 4051 335 4120 jurat
383 4053 583 4103 contra
634 4064 857 4118 pacem,
891 4065 1005 4102 uno
1055 4064 1209 4102 anno
1260 4048 1555 4119 pceniteat,
1588 4054 1644 4103 et
1694 4066 1828 4103 cum

179 4137 563 4209 eleemosynis
594 4136 857 4192 redimat.
894 4136 951 4191 Si
985 4137 1117 4207 quis
1150 4138 1527 4207 pertinaciter
1555 4139 1699 4208 odit,
1731 4156 1827 4194 ex-

180 4227 664 4281 communicatur.

449 4318 579 4370 CAP.
616 4316 737 4369 188.
770 4344 838 4354 -
868 4316 1205 4369 Pcenitentia
1235 4314 1558 4370 mulierum.

247 4404 306 4459 Si
340 4422 456 4475 qua
487 4405 699 4458 mulier
722 4404 954 4458 duobus
979 4404 1253 4459 fratribus
1276 4406 1562 4474 nupserit,
1581 4407 1616 4459 5
1641 4423 1826 4461 annos

178 4494 478 4565 poeniteat.
500 4494 558 4548 Si
591 4511 706 4564 qua
739 4498 970 4563 partum
1004 4498 1190 4559 necat,
1213 4498 1312 4548 aut
1344 4494 1562 4548 excutit
1595 4501 1823 4565 sponte;

1866 1820 1914 1886 B

1950 529 2069 579 tres
2084 524 2292 593 dies,id
2307 523 2655 589 est,tertiam
2678 523 2901 591 feriam,
2919 523 3186 594 quintam
3209 530 3261 581 et
3286 528 3597 586 sabbatum

1952 631 1984 668 a
2005 615 2433 681 vino,medone,
2446 612 2598 667 melli
2612 613 3018 679 tajcerevisia,a
3032 630 3205 669 carne
3218 621 3273 670 et
3288 618 3596 688 sagimine,

1952 708 2007 757 et
2039 720 2072 757 a
2102 719 2269 757 caseo
2302 706 2357 757 et
2390 702 2533 771 ovis,
2556 703 2703 756 etab
2736 701 2890 755 omni
2926 703 3126 775 pingui
3160 703 3317 775 pisce
3342 723 3402 760 se
3425 707 3601 761 absti-

1951 796 2104 846 neat.
2126 792 2435 846 Manducet
2453 797 2649 845 autem
2669 790 2927 845 minutos
2956 792 3291 862 pisciculos,
3315 794 3363 848 si
3390 796 3602 850 habere

1950 885 2160 951 potest.
2183 882 2240 936 Si
2275 881 2489 935 habere
2518 898 2631 935 non
2664 884 2874 951 potest,
2897 884 3124 934 tantum
3161 882 3337 937 unius
3370 885 3601 954 generis

1950 971 2193 1041 piscem,
2219 975 2276 1025 et
2311 970 2630 1041 legumina,
2656 974 2709 1023 et
2742 968 2919 1037 olera,
2945 977 2998 1023 et
3027 987 3220 1040 poma,
3247 973 3294 1025 si
3328 974 3473 1037 vult,
3506 990 3600 1028 co-

1952 1060 2168 1125 medat,
2194 1066 2250 1113 et
2272 1058 2604 1113 cerevisiam
2633 1059 2811 1113 bibat.
2840 1059 2908 1112 Et
2938 1058 2995 1112 in
3030 1058 3236 1115 diebus
3263 1061 3600 1129 Dominicis,

1948 1147 2007 1202 in
2040 1148 2229 1202 Natali
2260 1148 2494 1203 Domini
2520 1147 2648 1202 illos
2673 1152 2923 1217 quatuor
2944 1147 3091 1214 dies,
3116 1154 3172 1202 et
3194 1148 3249 1202 in
3276 1150 3603 1220 Epiphania

1953 1237 2181 1291 Domini
2211 1254 2393 1291 unum
2420 1238 2595 1291 diem.
2616 1237 2682 1289 Et
2703 1236 2761 1289 in
2785 1236 3010 1290 Pascha
3031 1254 3213 1308 usque
3237 1238 3293 1291 in
3329 1244 3598 1293 octavum

1948 1326 2124 1394 diem,
2149 1330 2204 1380 et
2229 1326 2282 1379 in
2307 1326 2663 1380 Ascensione
2685 1325 2939 1388 Domini,
2960 1331 3017 1379 et
3040 1326 3377 1382 Pentecoste
3402 1328 3431 1381 4
3454 1328 3601 1397 dies,

1947 1420 2004 1471 et
2034 1416 2092 1469 in
2127 1415 2310 1469 missa
2341 1415 2529 1469 sancti
2561 1414 2808 1469 Joannis
2843 1415 3134 1485 Baptistae,
3156 1419 3212 1468 et
3243 1421 3458 1470 sanctae
3480 1417 3600 1471 Ma-

1948 1503 2065 1570 riae,
2090 1508 2147 1558 et
2176 1503 2237 1556 12
2261 1503 2682 1574 apostolorum,
2702 1506 2758 1557 et
2779 1504 2967 1557 sancti
2992 1503 3309 1571 Michaelis,
3335 1509 3391 1558 et
3414 1505 3602 1558 sancti

1948 1592 2219 1664 Remigii,
2240 1598 2296 1648 et
2325 1592 2601 1648 Omnium
2637 1592 3088 1657 Sanctorum,et
3118 1593 3305 1647 sancti
3341 1592 3597 1660 Martini,

1948 1686 2005 1735 et
2036 1682 2091 1734 in
2126 1681 2285 1736 illius
2331 1682 2515 1737 sancti
2566 1680 2877 1735 festivitate
2908 1681 3009 1751 qui
3039 1680 3099 1734 in
3130 1680 3227 1736 illo
3259 1684 3601 1753 episcopatu

1948 1768 2193 1825 celebris
2225 1770 2494 1825 habetur.
2533 1770 2595 1823 In
2632 1768 2723 1824 his
2763 1770 3120 1840 supradictis
3172 1770 3377 1825 diebus
3430 1770 3603 1825 faciat

1946 1858 2289 1913 charitatem
2330 1876 2462 1912 cum
2512 1859 2736 1912 caeteris
2787 1857 3165 1923 Christianis,
3194 1858 3250 1913 id
3285 1869 3364 1914 est
3401 1864 3602 1913 utatur

1944 1948 2148 2003 eodem
2183 1948 2309 2002 cibo
2342 1952 2397 2001 et
2428 1952 2567 2018 potu
2601 1963 2715 2017 quo
2749 1946 2867 2001 alii.
2892 1947 3001 2001 Sed
3027 1952 3223 2002 tamen
3258 1948 3600 2003 ebrietatem

1944 2043 1999 2092 et
2029 2036 2245 2091 ventris
2278 2036 2696 2090 distentionem
2730 2051 2962 2106 semper
2992 2036 3048 2089 in
3083 2036 3359 2091 omnibus
3378 2044 3598 2093 caveat.

2060 2144 2192 2199 CAP.
2230 2145 2349 2198 190.
2383 2175 2447 2183 -—
2475 2143 2657 2197 Modus
2686 2144 3035 2213 pcenilentiae
3064 2144 3291 2198 secundi
3318 2146 3476 2198 anni.

2016 2252 2126 2306 Iste
2158 2267 2350 2305 annus
2382 2252 2680 2305 secundus
2711 2254 2801 2305 est
2833 2250 2902 2304 ab
2935 2249 3035 2304 illo
3068 2267 3221 2304 anno
3255 2249 3431 2320 quiin
3450 2266 3602 2321 pane

1943 2344 1999 2396 et
2028 2357 2180 2411 aqua
2210 2341 2611 2394 observandus
2641 2349 2744 2403 est,
2770 2344 2827 2393 et
2856 2343 2988 2409 post
3020 2338 3183 2393 illum
3209 2339 3598 2409 jejunundus,

1942 2430 2044 2500 qui
2094 2429 2269 2483 etiam
2320 2430 2551 2484 dandus
2581 2432 2671 2483 est
2697 2427 2814 2482 illis
2847 2428 2946 2498 qui
2981 2428 3137 2482 viros
3168 2428 3599 2484 ecclesiasticos

1941 2523 2145 2587 sponte
2159 2516 2589 2585 oceidunt,etin
2604 2516 3031 2571 consuetudine
3047 2514 3263 2569 habent
3278 2516 3594 2570 Sodomiti-

1936 2622 2004 2659 eu
2018 2622 2069 2661 m
2088 2607 2276 2658 scelus
2289 2603 2434 2670 ,etin
2450 2603 2874 2657 consuetudine
2891 2602 3318 2657 habentcontra
3335 2608 3597 2657 naturam

1940 2698 2269 2765 peccare,et
2288 2692 2345 2747 in
2360 2692 2626 2747 ecclesiis
2639 2691 2954 2746 homicidia
2970 2696 3176 2763 sponte
3190 2691 3594 2759 committunt,

1938 2787 1993 2838 et
2005 2781 2283 2838 ecclesias
2296 2781 2616 2836 incendunt
2629 2780 2754 2835 etin
2768 2780 3026 2835 ecclesiis
3041 2780 3109 2834 ad
3122 2779 3329 2835 ulteria
3342 2781 3599 2835 commit-

1938 2876 2091 2937 tunt,
2125 2878 2182 2927 et
2212 2872 2312 2942 qui
2346 2870 2462 2925 alia
2499 2870 2844 2940 hujusmodi
2894 2870 3370 2940 perpetraverint.
3405 2870 3593 2923 Poeni-

1938 2962 2120 3017 tentia
2152 2960 2311 3015 illius
2341 2959 2482 3014 anni
2512 2960 2647 3013 talis
2679 2975 2809 3013 esse
2836 2959 3028 3027 debet,
3055 2962 3118 3012 ut
3149 2959 3296 3013 duos
3334 2958 3482 3028 dies,
3536 2958 3593 3012 id

1938 3055 2047 3120 est,
2069 3052 2101 3101 2
2125 3055 2181 3104 et
2205 3050 2235 3102 4
2260 3048 2459 3103 feriam
2486 3049 2543 3102 in
2571 3063 2925 3118 unaquaque
2950 3047 3320 3101 hebdomade
3338 3048 3591 3117 jejunet,

1940 3155 2130 3210 usque
2156 3139 2227 3193 ad
2251 3154 2572 3209 vesperam,
2598 3141 2655 3191 et
2684 3142 2823 3191 tunc
2857 3135 3150 3191 reﬁcietur
3173 3136 3243 3190 de
3266 3136 3419 3191 sicco
3440 3137 3592 3205 cibo,

1938 3229 1995 3283 id
2031 3235 2140 3295 est,
2174 3244 2322 3298 pane
2367 3232 2423 3282 et
2465 3226 2866 3298 leguminibus
2898 3224 3091 3291 siccis,
3127 3225 3229 3279 sed
3261 3224 3463 3290 coctis,
3492 3230 3595 3281 aut

1940 3318 2150 3389 pomis,
2181 3322 2281 3371 aut
2313 3316 2569 3372 oleribus
2601 3315 2820 3382 crudis,
2857 3331 3037 3369 unum
3068 3314 3242 3383 eligat
3273 3331 3341 3368 ex
3371 3314 3465 3369 his
3487 3315 3594 3369 tri-

1940 3407 2072 3471 bus,
2096 3410 2153 3459 et
2195 3410 2428 3473 utatur;
2457 3410 2515 3458 et
2541 3404 2882 3458 cerevisiam
2916 3403 3097 3469 bibat,
3133 3403 3233 3456 sed
3268 3402 3460 3457 sobrie
3488 3423 3501 3469 ;
3538 3408 3595 3457 et

1939 3494 2176 3548 tertium
2211 3494 2387 3561 diem,
2412 3492 2467 3546 id
2494 3500 2575 3547 est
2602 3497 2824 3546 sextam
2858 3491 3083 3557 feriam,
3110 3490 3168 3543 in
3193 3508 3341 3562 pane
3363 3495 3419 3545 et
3440 3508 3594 3561 aqua

1939 3584 2292 3650 observet,et
2321 3587 2438 3635 tres
2471 3580 2959 3653 quadragesimas
2982 3580 3429 3651 jejunet,unam
3459 3585 3592 3636 ante

1940 3670 2203 3725 Natalem
2245 3670 2493 3736 Domini,
2530 3671 2844 3724 secundam
2897 3674 3029 3723 ante
3076 3668 3321 3736 Pascha,
3353 3670 3591 3725 tertiam

1941 3767 2072 3813 ante
2098 3759 2341 3813 missam
2360 3758 2541 3813 sancti
2570 3757 2837 3812 Joannis.
2869 3758 2940 3811 Et
2971 3756 3019 3811 si
3053 3761 3235 3811 totam
3270 3758 3591 3830 quadrage-

1940 3849 2153 3902 simam
2188 3852 2321 3902 ante
2355 3847 2597 3902 missam
2649 3846 2834 3900 sancti
2893 3845 3139 3901 Joannis
3196 3845 3443 3916 implere
3475 3864 3588 3901 non

1852 3957 1863 3967 ~
1940 3939 2145 4008 possit,
2181 3942 2314 4007 post
2344 3937 2588 3991 missam
2622 3934 2886 4007 impleat.
2912 3936 2982 3990 Et
3012 3936 3072 3990 in
3108 3935 3197 3990 his
3229 3935 3422 3991 tribus
3453 3953 3591 4007 qua-

1940 4026 2535 4098 dragesimisjejunet
2557 4028 2706 4081 duos
2737 4028 2860 4081 dies
2889 4026 2947 4079 in
2981 4025 3353 4079 hebdomade.
3383 4029 3451 4080 ad
3486 4042 3590 4080 no-

1939 4133 2094 4182 nam,
2130 4121 2186 4171 et
2217 4117 2284 4171 de
2312 4117 2465 4172 sicco
2499 4115 2626 4170 cibo
2660 4116 2945 4181 comedat,
2984 4119 3048 4168 ut
3097 4130 3273 4184 supra
3322 4118 3590 4169 notatum

1939 4212 2049 4275 est,
2070 4211 2126 4260 et
2147 4211 2309 4261 sexta
2332 4204 2713 4275 feriajejunel
2746 4205 2803 4258 in
2833 4219 2982 4275 pane
3009 4208 3064 4258 et
3092 4220 3263 4272 aqua,
3291 4207 3348 4256 et
3376 4202 3434 4256 in
3469 4202 3591 4257 die-

1940 4297 2050 4350 bus
2086 4296 2423 4359 Dominicis,
2450 4301 2507 4350 et
2539 4297 2595 4348 in
2629 4294 2817 4348 Natali
2864 4292 3092 4347 Domini
3127 4292 3257 4347 illos
3291 4292 3321 4346 4
3352 4292 3501 4363 (1188,
3534 4298 3592 4348 et

1939 4386 1996 4440 in
2032 4386 2357 4456 Epiphania
2387 4384 2617 4439 Domini
2650 4399 2831 4437 unum
2869 4382 3045 4448 diem,
3066 4386 3123 4437 et
3152 4381 3211 4435 in
3244 4381 3469 4437 Pascha
3493 4399 3589 4438 us-

1939 4492 2049 4544 que
2080 4476 2135 4527 in
2172 4483 2435 4529 octavum
2469 4472 2646 4537 diem,
2679 4477 2736 4525 et
2767 4472 2824 4526 in
2860 4471 3215 4526 Ascensione
3246 4471 3505 4537 Domini,
3537 4474 3594 4526 et

177 4548 226 4637 si
250 4583 374 4652 jam
409 4582 562 4648 vivit,
600 4548 664 4635 12
696 4548 879 4635 annos
913 4548 1223 4653 pmniteat;
1272 4583 1319 4636 si
1365 4600 1479 4637 non
1533 4548 1693 4647 vivit,
1728 4548 1825 4638 se;
1861 4548 1903 4611 D
1936 4564 2274 4618 Pentecoste
2305 4566 2558 4633 quatuor
2587 4560 2805 4625 dies,et
2827 4560 2885 4614 in
2910 4560 3093 4615 missa
3123 4561 3310 4615 sancti
3343 4561 3589 4616 Joannis

177 4686 363 4725 annos
397 4672 689 4741 poeniteat,
723 4675 780 4724 et
804 4686 1038 4740 semper
1086 4675 1249 4724 sexta
1300 4671 1441 4723 feria
1484 4672 1732 4741 jejunet.
1769 4673 1825 4727 Si

177 4763 361 4814 mater
391 4759 688 4813 dormiens
721 4758 908 4811 filium
932 4759 1017 4811 vel
1047 4758 1225 4811 tiliam
1252 4760 1610 4828 oppresserit
1640 4760 1827 4816 tribus

175 4848 345 4903 annis
369 4847 663 4919 pmniteat.
690 4847 745 4901 Si
773 4846 965 4900 infans
990 4845 1199 4899 alicubi
1225 4846 1499 4900 ceciderit
1521 4848 1823 4918 etobierit,

175 4953 386 5008 parens
421 4952 605 4991 unum
653 4952 871 4990 annum
910 4935 1208 5006 poeniteat.
1236 4934 1293 4988 Si
1327 4935 1521 4990 infans
1552 4942 1822 4992 mortuus

171 5026 347 5081 fuerit
379 5042 479 5093 per
512 5024 924 5095 negligentiam
948 5024 1073 5078 sine
1094 5024 1410 5095 baptismo,
1434 5024 1623 5079 tribus
1653 5026 1822 5080 annis

171 5115 595 5186 pceniteat,uno
618 5129 684 5167 ex
709 5112 801 5166 his
828 5110 968 5168 foris
990 5112 1383 5181 ecclesiam,et
1406 5128 1638 5184 semper
1661 5120 1822 5168 sexta

172 5203 315 5259 feria
339 5202 588 5271 jejunet.

170 5294 301 5347 CAP.
341 5290 459 5342 180.
496 5319 560 5327 -
593 5289 925 5343 Pmizilentia
956 5289 1112 5343 illius
1140 5290 1302 5351 anni,
1334 5290 1431 5361 qui
1472 5292 1532 5344 in
1579 5306 1721 5360 pane
1770 5295 1821 5345 et

239 5378 385 5433 aqua
407 5360 746 5431 jejunamlus
776 5370 874 5425 est,
904 5364 1004 5415 isto
1039 5361 1228 5417 ordine
1260 5360 1541 5416 observari
1569 5362 1745 5417 debet.

242 5449 586 5507 Pcenitentia
619 5450 790 5503 unius
825 5451 1102 5521 anni,qui
1132 5452 1186 5504 iu
1226 5469 1367 5520 pane
1399 5457 1454 5507 et
1485 5469 1638 5522 aqua
1659 5453 1817 5522 jeju-

170 5543 399 5597 nandus
431 5544 541 5610 est,
572 5539 708 5595 talis
740 5556 869 5595 esse
902 5540 1093 5595 debet.
1120 5546 1176 5594 In
1214 5556 1568 5611 unaquaque
1600 5541 1819 5599 hebdo-

169 5633 360 5699 made,
391 5632 424 5687 3
454 5631 598 5697 dies,
624 5629 682 5685 id
715 5634 823 5701 est,
846 5632 1164 5687 secundam
1197 5630 1421 5699 feriam,
1448 5638 1715 5701 quartam
1742 5635 1816 5688 le-

1936 4654 2231 4723 Baptistae,
2272 4657 2329 4706 et
2375 4658 2595 4705 sancta:
2647 4649 2861 4711 Mariae,
2895 4654 2952 4703 et
2986 4650 3050 4703 12
3081 4649 3502 4721 apostolorum,
3534 4655 3590 4704 et

1934 4742 2119 4796 sancti
2144 4740 2461 4803 Michaelis,
2485 4745 2540 4793 et
2562 4738 2749 4794 sancti
2776 4737 3045 4809 Remigii,
3068 4744 3122 4793 et
3145 4739 3420 4794 Omnium
3446 4740 3587 4795 San-

1934 4835 2183 4897 ctorum,
2217 4835 2273 4884 et
2305 4829 2488 4883 sancti
2522 4827 2777 4895 Martini,
2811 4834 2867 4883 et
2898 4827 2955 4882 in
2988 4827 3148 4883 illius
3194 4830 3377 4884 sancti
3428 4830 3584 4883 festi-

1934 4917 2251 4987 vitate,qui
2307 4918 2363 4971 in
2414 4917 2513 4971 illo
2564 4918 2903 4989 episcopatu
2938 4917 3185 4972 celebris
3217 4918 3486 4973 habetur.
3524 4918 3583 4971 In

1933 5006 2024 5060 his
2046 5006 2401 5077 supradictis
2434 5006 2639 5060 diebus
2671 5006 2844 5060 faciat
2876 5006 3222 5061 charitatem
3256 5024 3387 5061 cum
3420 5010 3583 5061 caete-

1935 5095 2014 5149 ris
2036 5094 2404 5150 Christianis.
2424 5098 2527 5148 Sed
2557 5100 2749 5148 tamen
2775 5094 3203 5157 ebrietatem,et
3229 5095 3454 5151 ventris
3476 5095 3585 5148 dis-

1932 5184 2249 5238 tentionem
2284 5200 2516 5255 semper
2547 5184 2605 5238 in
2638 5184 2912 5239 omnibus
2945 5188 3161 5236 caveat.

1932 5290 2059 5345 CAP.
2099 5289 2219 5343 101.
2256 5322 2322 5329 -
2356 5296 2432 5343 De
2465 5291 2579 5344 illis
2627 5293 2723 5361 qui
2760 5291 3020 5359 jejunare
3050 5292 3277 5352 possunt
3307 5297 3357 5341 et
3388 5289 3579 5343 adim-

2122 5362 2271 5432 plere
2302 5363 2439 5433 quod
2472 5365 2525 5416 in
2561 5361 2943 5417 Pizznitenliali
2971 5361 3240 5429 scriptum
3271 5368 3373 5414 est.

1999 5451 2101 5514 Qui
2134 5452 2392 5519 ieiunare
2437 5458 2629 5523 potest
2660 5460 2711 5506 et
2740 5448 2978 5519 implere
3014 5449 3168 5517 quod
3198 5448 3256 5501 in
3288 5447 3579 5504 Paeniten-

1929 5539 2051 5594 tiali
2077 5540 2360 5611 scriptum
2386 5547 2496 5605 est,
2524 5541 2738 5595 bonum
2767 5544 2872 5603 est,
2898 5542 2955 5590 et
2979 5542 3089 5591 Deo
3108 5537 3326 5607 gratias
3346 5538 3576 5595 referat.

1928 5630 2033 5695 Qui
2057 5634 2250 5685 autem
2288 5648 2402 5685 non
2434 5634 2643 5701 potest,
2668 5646 2765 5700 per
2786 5626 3247 5682 misericordiam
3279 5627 3372 5683 Dei
3393 5629 3580 5683 consi-
