3948 6072
366 286 471 340 899
1123 329 1127 332 ς
1444 287 1512 338 D.
1554 285 1796 339 IVONIS
1831 285 2324 344 CABNOTENSIS
2359 294 2683 350 EPISCOPI

362 409 510 465 lium
541 409 754 465 damus
782 407 918 479 tale,
942 411 1007 464 ut
1029 425 1134 464 nec
1155 407 1288 478 sibi,
1314 423 1420 463 nec
1450 406 1626 463 alicui
1652 423 1888 465 necesse
1913 408 2007 479 sit,
2037 421 2094 488 Α

367 513 472 554 nec
503 499 832 570 desperare,
866 513 972 553 nec
1003 497 1211 569 perire.

366 605 499 661 CAP.
533 604 654 660 192.
685 634 754 644 -—
798 604 874 657 De
922 601 1288 671 redemptione
1336 601 1495 656 illius
1541 601 1700 672 anni,

743 692 889 746 pane
917 679 969 729 et
997 691 1142 744 aqua
1163 674 1424 744 jejunare
1453 673 1628 728 debet.

3679 305 3787 361 900

2194 430 2354 500 quem
2383 419 2445 543 zt‘n
2465 435 2615 489 pane
2655 429 2707 477 et
2753 439 2894 495 aqua
2934 424 3197 496 jejunare
3242 427 3456 498 debent,
3507 432 3791 488 redimere

2199 502 2384 543 possm
2415 531 2428 543 .

2196 502 2428 556 possint.

2197 584 2304 648 Qui
2333 604 2463 644 vero
2497 589 2759 661 psalmos
2791 609 2906 650 non
2954 594 3116 651 novit
3146 599 3204 651 et
3224 597 3498 668 jejunare
3530 617 3651 657 non
3687 619 3792 673 po-

2124 677 2262 738 test,
2290 693 2396 746 pro
2421 695 2535 734 uno
2569 696 2744 750 anno,
2770 699 2942 754 quem
2977 685 3035 740 in
3069 703 3218 756 pane
3249 691 3305 742 et
3334 705 3492 760 aqua
3512 691 3794 761 jejunare

2125 763 2315 832 debet,
2349 767 2449 821 det
2497 771 2860 841 pauperibus
2893 773 2949 827 in
2983 775 3412 848 eleemosynam
3442 779 3511 833 22
3543 780 3790 850 solidos,

2121 861 2174 906 et
2206 870 2410 910 omnes
2441 864 2636 913 sextas
2669 859 2843 915 ferias
2873 862 3106 932 jejunet
3131 863 3188 918 in
3223 882 3371 936 pane
3416 874 3476 922 et
3519 885 3705 940 aqua,
3740 876 3793 925 et

2120 946 2240 996 tres
2275 945 2784 1018 quadragesimae,
2812 949 2866 1002 id
2889 957 2978 1005 est
3006 952 3075 1004 40
3107 952 3254 1018 dies,
3280 959 3413 1010 ante
3447 955 3700 1024 Pascha,
3735 965 3790 1015 et

2120 1031 2186 1083 40
2217 1031 2340 1086 dies
2367 1040 2500 1088 ante
2531 1035 2909 1094 festivitatem
2942 1041 3129 1095 sancti
3177 1041 3426 1099 Joannis
3477 1045 3787 1119 Baptistae,

2117 1123 2174 1173 et
2193 1119 2241 1173 si
2265 1126 2398 1177 ante
2423 1124 2797 1182 festivitatem
2821 1127 3041 1199 aliquid
3070 1132 3785 1205 remanserit,postadim-

2115 1207 2380 1278 pleat,'let
2408 1212 2477 1266 40
2509 1213 2632 1269 dies
2665 1221 2796 1271 ante
2831 1217 3095 1272 Natalem
3124 1219 3375 1278 Domini.
3408 1227 3472 1277 In
3505 1223 3648 1280 istis
3683 1228 3783 1280 tri-

634 1298 771 1354 CAP.
807 1298 927 1352 193.
959 1327 1026 1337 —-
1062 1297 1181 1351 Alio
1210 1295 1368 1351 modo
1399 1311 1469 1352 ex
1497 1297 1714 1351 eodem.
2115 1295 2223 1351 bus
2249 1300 2721 1373 quadragesimis
2743 1305 3032 1376 quidquid
3064 1324 3172 1363 suo
3206 1309 3291 1363 ori
3324 1318 3704 1383 praeparatur
3725 1316 3780 1370 in

418 1391 475 1445 Si
507 1393 700 1445 autem
744 1387 879 1442 talis
927 1392 1037 1455 est,
1071 1386 1227 1457 quod
1257 1391 1375 1440 tam
1409 1387 1510 1439 diu
1541 1385 1600 1439 in
1630 1384 1880 1456 genibus
1905 1386 1999 1456 ja-
2111 1384 2239 1440 cibo
2271 1387 2360 1442 vel
2396 1395 2559 1460 potu,
2609 1393 2699 1447 vel
2750 1395 3157 1468 cujuscunque
3205 1399 3436 1469 generis
3489 1401 3593 1471 sit,
3629 1403 3779 1459 iuud

343 1495 473 1535 cere
505 1495 620 1534 non
654 1477 860 1549 possit,
899 1475 1071 1531 faciat
1099 1479 1296 1529 autem
1329 1474 1447 1530 sic:
1500 1474 1654 1528 infra
1683 1473 1996 1530 ecclesiam
2107 1475 2356 1530 aestimet
2379 1480 2582 1548 quanti
2607 1482 2777 1551 pretii
2801 1483 2877 1537 sit
2899 1483 2985 1539 vel
3013 1501 3142 1540 esse
3167 1488 3370 1558 possit,
3396 1495 3456 1544 et,
3482 1491 3778 1547 mediam-

341 1568 391 1624 si
411 1568 532 1622 ﬁeri
561 1570 774 1637 potest,
799 1564 889 1620 sin
913 1571 1130 1630 autem,
1150 1564 1204 1616 in
1231 1561 1486 1618 unoloco
1509 1563 1718 1617 stando
1745 1561 1994 1634 intente,
2105 1564 2224 1652 tem
2259 1563 2418 1620 illius
2451 1569 2619 1637 pretii
2655 1570 3048 1627 distribuatin
3073 1573 3507 1645 eleemosynam
3547 1596 3772 1652 paupe-

334 1658 408 1711 70
435 1655 695 1728 psalmos
727 1670 830 1726 per
853 1652 1117 1708 ordinem
1152 1651 1517 1716 decantet,et
1537 1666 1992 1741 pauperempa-
2102 1651 2267 1707 ribus
2297 1663 2350 1708 el
2381 1657 2618 1712 assidue
2645 1664 2790 1727 oret,
2814 1665 2872 1715 et
2902 1667 3065 1732 roget
3109 1667 3291 1719 Deum
3326 1670 3389 1720 ut
3414 1668 3605 1723 oratio
3640 1651 3769 1741 ejus

332 1750 480 1813 scat,
511 1749 570 1800 et
593 1760 660 1800 eo
690 1743 805 1807 die,
837 1745 1074 1812 excepto
1105 1740 1260 1807 vino,
1293 1744 1350 1794 et
1381 1755 1554 1795 carne
1586 1742 1645 1794 et
1674 1738 1986 1810 sagimine,
2017 1787 2065 1853 B
2100 1745 2156 1795 et
2186 1741 2566 1817 eleemosynaa
2598 1749 2752 1819 apud
2785 1749 3104 1807 Dominum
3138 1755 3529 1826 acceptabiles
3563 1738 3710 1815 sint.

369 1852 372 1853 ,
412 1851 456 1853 η-
483 1839 524 1853 ,1
568 1831 842 1853 _,-,:_I___2_I
876 1830 1018 1853 __-I:L

225 1912 229 1916 ἠ
333 1839 534 1892 sumat
559 1831 846 1906 quidquid
876 1830 1039 1886 velit.

696 1939 828 1994 CAP.
865 1938 986 1992 194.
1019 1966 1088 1978 -
1117 1937 1251 1992 Item
1280 1935 1399 1992 alio
1434 1934 1612 1991 modo.

401 2030 509 2098 Qui
541 2030 599 2085 in
632 2029 877 2086 ecclesia
907 2043 1098 2099 genua
1143 2025 1366 2081 ﬂexerit
1412 2025 1652 2092 centies,
1687 2025 1744 2080 id
1789 2028 1898 2118 est,
1926 2025 1981 2118 si
2162 2025 2703 2118 :‘fezaffj'm____u
2731 2113 2839 2118 ___
3112 2104 3148 2118 ί.
3214 2102 3229 2118 ν
3649 2108 3664 2118 ‘
3694 2107 3708 2118 θ

327 2093 546 2176 centies
575 2119 802 2174 veniam
834 2093 1158 2189 petierit,si
1182 2115 1306 2171 fieri
1327 2118 1516 2185 potest
1547 2118 1610 2168 ut
1639 2113 1698 2168 in
1729 2112 1978 2170 ecclesia
2088 2182 2122 2189 _
2159 2093 2306 2189 Ῑίεῖἷη
2326 2093 2708 2189 (ἶιιξίςῖ-θᾶυηξιτθ
2731 2113 2846 2152 Ποη
2869 2101 3156 2189 Ροῑξεεδίνθί
3178 2102 3486 2160 Observare
3507 2108 3666 2177 (ἰυοά
3693 2107 3750 2163 in

324 2212 451 2278 ﬁat,
473 2209 583 2265 hoc
604 2181 1008 2280 justissimum
1035 2181 1145 2260 est.
1178 2205 1234 2259 Si
1280 2181 1472 2260 autem
1525 2203 1634 2258 hoc
1687 2202 1810 2258 fieri
1861 2219 1977 2258 non
2088 2181 2476 2280 Ρξῗηίξθηῖίδιί
2507 2183 2936 2280 δοτίρίιξω-θδίυ
2966 2187 3142 2244 radat
3171 2192 3324 2262 qu°d
3359 2200 3607 2251 sanctus
3639 2197 3748 2252 Βο-

323 2268 535 2371 potest,
567 2268 791 2352 secreto
822 2295 882 2350 in
909 2295 1032 2350 loco
1057 2291 1421 2348 convenienti
1453 2291 1653 2346 eadem
1688 2289 1881 2346 faciat.
1915 2290 1947 2346 S

2158 2269 2336 2326 facins
2369 2289 2520 2343 papa
2546 2276 2873 2333 constituit.
2897 2281 3006 2332 Pro
3032 2296 3146 2335 uno
3175 2281 3268 2337 die
3290 2300 3467 2353 quem
3500 2285 3561 2340 in
3599 2304 3747 2358 pane

321 2361 407 2443 sic
437 2361 655 2454 fecerit,
689 2401 756 2441 eo
789 2385 902 2453 die,
927 2388 1163 2452 excepto
1184 2382 1338 2450 vino,
1363 2396 1538 2437 carne
1566 2385 1624 2436 et
1657 2380 1946 2452 sagimine

2169 2375 2322 2430 aqua
2346 2361 2617 2431 jejunare
2647 2364 2838 2432 debet,
2873 2373 3034 2437 roget
3063 2370 3473 2443 presbyterum
3511 2379 3577 2429 ut
3608 2378 3745 2432 mis-

317 2481 516 2533 sumat
547 2473 834 2548 quidquid
868 2471 1115 2544 placeat.
2078 2463 2216 2548 sum.
2239 2454 2686 2548 cantet-preco,
2714 2454 2829 2548 nisi
2862 2455 2984 2548 sint
3007 2457 3258 2514 crimina
3289 2461 3587 2532 capitalia,
3611 2482 3741 2535 quae

681 2538 816 2620 C'Ap.
854 2538 974 2616 1'95,
1007 2593 1076 2601 _
1105 2563 1244 2616 Item
1272 2561 1383 2615 αιίο
1414 2559 1592 2616 ,ηοάα
2076 2538 2345 2593 confessa
2377 2539 2539 2612 prius
2570 2540 2750 2597 lavari
2782 2561 2913 2599 cum
2949 2545 3221 2619 lacrymis
3253 2550 3490 2618 debent,
3516 2559 3575 2607 et
3594 2560 3738 2610 tunc

386 2653 493 2722 Qui
525 2653 785 2726 psalmos
810 2669 923 2707 non
949 2651 1128 2708 novit.
1149 2665 1332 2704 unum
1359 2649 1512 2703 diem
1537 2664 1710 2719 quem
1736 2647 1792 2701 in
1819 2664 1964 2716 pane
2073 2625 2199 2697 ipse
2230 2628 2386 2726 adsit
2414 2634 2470 2684 et
2494 2630 2694 2726 audiat
2728 2635 2992 2699 missam,
3023 2641 3081 2691 et
3109 2637 3310 2693 devote
3349 2639 3474 2711 ipse
3526 2643 3734 2699 offerat

310 2749 367 2802 et
409 2720 570 2814 aqua
619 2740 898 2813 paenitere
947 2740 1138 2804 debet,
1172 2739 1333 2794 dives
1371 2738 1562 2792 tribus
1595 2737 1874 2806 denariis,
1906 2742 1963 2792 et
2072 2720 2326 2814 ξ”ίῇρνίίεξ
2355 2720 2630 2814 {Nimbus
2662 2729 2969 2814 P309115“
2998 2725 3198 2780 Vinum
3231 2729 3508 2786 manibus
3541 2748 3732 2787 sacer-

1748 619 1906 673 quem
1956 606 2019 660 in

434 767 542 821 Pro
573 781 688 820 uno
720 764 812 818 die
839 780 1012 835 quem
1035 763 1094 817 in
1120 779 1266 834 pane
1289 768 1346 817 et
1363 764 1796 834 aquajejunare
1817 765 2010 833 debet,

362 853 795 928 quinquaginta
825 852 1085 925 psalmos
1117 852 1367 924 genibus
1398 852 1560 906 ﬂexis
1592 851 1650 905 in
1683 851 2012 920 ecclesia,si

360 945 486 1000 fieri
519 948 729 1015 potest,
753 943 1040 998 decantet.
1067 941 1168 997 Sin
1201 947 1424 1009 autem,
1447 940 1505 995 in
1527 940 1652 995 loco
1670 941 2015 997 convenien-

357 1035 399 1089 ti
419 1035 620 1090 eadem
644 1032 838 1096 faciat,
857 1035 913 1087 et
931 1048 1114 1085 unum
1142 1047 1455 1102 pauperem
1482 1042 1700 1101 pascat,
1722 1036 1778 1085 et
1801 1032 2006 1086 eodem

354 1125 467 1190 die,
487 1126 724 1195 excepto
742 1123 1075 1188 vino,carne
1096 1125 1154 1175 et
1175 1119 1486 1191 sagimine,
1503 1125 1702 1175 sumat
1717 1118 2004 1192 quidquid

356 1213 512 1269 velit.

2094 1861 2227 1914 CAP.
2259 1861 2487 1943 201._—
2543 1867 2681 1943 Item
2726 1865 3050 1943 redemptio,
3083 1868 3244 1925 illius
3287 1872 3452 1936 anni,
3486 1889 3650 1943 quem
3701 1878 3759 1932 in

2160 1936 2593 2058 pqnedetnqua
2660 1936 2920 2006 ieiunare
2964 1939 3175 1998 debent.
3225 1943 3310 1997 E1:
3365 1936 3760 2002 Pcenitentiali

2201 2043 2213 2056 .
2237 2018 2302 2057 eo
2340 2020 2444 2060 οη.

232 2853 237 2858 -
310 2849 534 2907 pauper
565 2847 678 2886 uno
697 2829 934 2884 denario
953 2829 1224 2894 redimat,
1245 2832 1300 2881 et
1321 2843 1387 2882 eo
1409 2827 1521 2891 die,
1545 2831 1782 2897 excepto
1802 2826 1957 2893 vino,

313 2937 488 2978 carne
516 2925 574 2976 et
602 2917 914 2990 sagimine,
946 2922 1143 2972 sumat
1171 2915 1460 2987 quidquid
1489 2914 1646 2971 velit.

684 3028 818 3082 CAP.
853 3025 974 3080 196.
1005 3055 1073 3065 —
1103 3026 1235 3080 Item
1263 3025 1375 3078 alio
1405 3023 1580 3079 modo.

383 3117 491 3172 Pro
523 3132 639 3171 uno
656 3116 749 3170 die
770 3130 945 3185 quem
969 3113 1028 3168 in
1056 3129 1201 3183 pane
1223 3117 1280 3168 et
1299 3129 1449 3181 aqua
1472 3111 1746 3182 poenitere
1763 3111 1953 3180 debet,

305 3209 427 3262 tres
460 3219 745 3277 pauperes
777 3206 1000 3274 pascat,
1020 3206 1076 3255 et
1096 3217 1162 3256 eo
1193 3201 1309 3263 die,
1331 3205 1568 3272 excepto
1601 3199 1754 3268 vino,
1779 3216 1952 3255 carne

302 3299 362 3352 et
392 3294 702 3368 sagimine,
735 3295 929 3348 sumat
957 3291 1111 3363 quod
1148 3288 1354 3361 placet.

668 3400 803 3456 CAP.
841 3399 961 3454 197.
997 3427 1064 3438 -—
1095 3400 1226 3453 Item
1256 3398 1374 3452 alio
1403 3395 1580 3453 modo.

369 3491 618 3556 Quidam
641 3490 847 3546 dicunt
873 3489 943 3543 20
975 3487 1261 3558 palmatae
1291 3486 1483 3542 valere
1515 3502 1615 3557 pro
1649 3503 1762 3541 uno
1793 3485 1905 3542 die.

296 3602 429 3656 CAP.
465 3598 584 3652 198.
615 3627 682 3638 —
716 3601 797 3652 De
825 3595 1199 3663 redemptione
1227 3594 1392 3648 unius
1440 3592 1812 3658 hebdomadas,
1837 3609 1946 3664 qua

458 3671 517 3724 in
547 3684 693 3736 pane
720 3677 775 3724 et
805 3685 949 3738 aqua
972 3667 1230 3738 jejunare
1259 3665 1430 3721 debet.
1465 3669 1548 3720 Ex
1577 3665 1782 3719 eodem.

367 3758 475 3814 Pro
506 3775 626 3813 una
654 3757 1024 3812 hebdomade
1054 3772 1230 3826 quam
1265 3754 1323 3808 in
1353 3770 1500 3824 pane
1533 3758 1588 3808 et
1617 3755 1941 3825 aquajeju-

295 3862 431 3902 nare
462 3847 656 3918 debet,
677 3850 967 3901 trecentos
999 3843 1260 3914 psalmos
1290 3841 1538 3913 genibus
1568 3842 1732 3897 ﬂexis
1764 3843 1821 3896 in
1855 3860 1941 3897 ec-

289 3934 469 3990 clesia
512 3937 800 3990 decantet.
834 3932 894 3989 Si
925 3938 1120 3987 autem
1169 3932 1280 3987 hoc
1330 3931 1516 3986 facere
1565 3947 1678 3985 non
1726 3935 1937 4002 potest,

285 4023 400 4078 tria
431 4022 706 4095 psalteria
726 4023 784 4077 in
808 4020 1072 4088 ecclesia,
1097 4019 1184 4074 vel
1216 4019 1272 4073 in
1303 4018 1428 4074 loco
1449 4018 1814 4073 convenienti
1847 4019 1936 4074 in-

283 4117 442 4169 tente
468 4112 844 4168 decantet.Et
875 4115 1186 4181 postquam
1222 4107 1744 4180 psallerit,excepto
1775 4107 1933 4178 vino,

281 4216 456 4257 carne
487 4207 543 4256 et
573 4201 874 4274 sagimine,
908 4203 1106 4254 sumat
1135 4197 1415 4268 quidquid
1455 4196 1608 4251 velit.

283 4307 418 4363 CAP.
457 4308 576 4362 199.
609 4338 677 4348 —
704 4309 778 4362 De
807 4307 1179 4374 redemptione
1221 4306 1388 4372 unius
1429 4305 1650 4371 mensis,
1685 4320 1842 4375 quem
1870 4304 1929 4361 in

673 4393 814 4446 pane
844 4381 895 4432 et
924 4394 1065 4447 aqua
1077 4377 1339 4448 jejunare
1365 4375 1536 4430 debet.

2069 2803 2246 2871 dotis,
2279 2809 2334 2859 et
2366 2807 2582 2863 intente
2616 2812 2985 2881 respondeat,
3021 2820 3308 2885 quantum
3334 2818 3510 2890 sapit,
3531 2821 3602 2875 ad
3629 2839 3724 2877 sa-

2067 2890 2403 2961 lutationes,
2427 2900 2482 2951 et
2503 2898 2574 2951 ad
2607 2898 3041 2957 exhortationes
3064 2906 3403 2973 sacerdotis,
3428 2913 3485 2963 et
3515 2909 3717 2965 humi-

2063 2979 2407 3052 literiﬁeum
2442 2985 2804 3056 deprecetur,
2833 2994 2893 3043 ut
2922 2989 3134 3047 oblatio
3167 3010 3344 3064 quam
3368 2997 3492 3068 ipse
3513 3003 3572 3054 et
3594 3018 3722 3071 pre-

2065 3069 2266 3142 sbyter
2295 3089 2397 3142 pro
2429 3091 2492 3129 se
2521 3080 2578 3129 et
2610 3093 2710 3146 pro
2743 3078 2996 3148 peccatis
3028 3081 3153 3136 suis
3202 3083 3317 3138 Deo
3365 3069 3717 3157 obtulerint,

1986 3160 2029 3228 ο
2067 3157 2222 3214 Deus
2252 3161 2622 3234 omnipotens
2645 3165 3101 3224 misericorditer
3117 3187 3218 3242 per
3235 3174 3508 3245 angelum
3537 3194 3720 3233 suum

2064 3248 2362 3320 suscipere
2392 3251 2683 3322 dignetur.
2706 3255 2772 3310 Et
2792 3271 2858 3311 eo
2879 3257 2991 3324 die,
3017 3263 3256 3331 excepto
3285 3262 3439 3330 vino,
3463 3269 3521 3319 et
3543 3282 3724 3323 carne

2062 3341 2120 3390 et
2149 3339 2456 3407 sagimine,
2484 3343 2751 3399 comedat
2783 3345 3068 3417 quidquid
3100 3347 3242 3417 vult,
3271 3354 3329 3406 et
3358 3351 3441 3408 sic
3464 3354 3723 3411 redimat

2061 3426 2318 3499 reliquos
2347 3430 2486 3484 anni
2519 3431 2664 3488 dies.

2058 3542 2183 3598 CAP.
2219 3545 2342 3600 202.
2377 3577 2444 3628 —_
2483 3548 2555 3628 pe
2610 3548 2753 3628 illis_
2784 3553 2880 3620 qui
2894 3553 3188 3628 _jeiunare
3239 3571 3346 3628 non
3378 3569 3636 3628 possunt,
3669 3567 3719 3617 et

2415 3617 2614 3676 habent
2639 3617 3079 3680 unde‘redz'mere
3116 3626 3349 3697 possint.

2126 3725 2182 3778 Si
2217 3724 2350 3795 quis
2381 3725 2524 3780 forte
2556 3744 2670 3782 non
2704 3730 2962 3800 potuerit
2999 3733 3291 3801 jejunare,
3323 3740 3380 3789 et
3434 3735 3716 3795 habuerit

2053 3813 2207 3867 unde
2231 3815 2416 3884 possit
2438 3815 2753 3885 redimere;
2790 3819 2838 3873 si
2870 3819 3031 3875 dives
3060 3821 3252 3889 fuerit,
3286 3841 3387 3895 pro
3418 3825 3452 3876 7
3483 3825 3712 3884 hebdo-

2051 3902 2345 3967 madibus,
2369 3903 2465 3957 det
2487 3905 2706 3961 solidos
2737 3907 2979 3978 viginti;
3014 3911 3061 3963 si
3097 3927 3208 3966 non
3243 3910 3514 3969 habuerit
3551 3919 3713 3972 unde

2043 3993 2274 4045 tantum
2306 3992 2493 4062 possit
2521 3993 2681 4061 dare,
2715 3996 2810 4050 det
2848 3997 3067 4054 solidos
3099 4000 3295 4056 decem
3326 4021 3340 4069 ;
3395 4002 3444 4056 si
3498 4011 3708 4062 autem

2048 4079 2302 4134 multum
2337 4097 2557 4152 pauper
2583 4083 2774 4152 fuerit,
2808 4086 2904 4140 det
2947 4087 3168 4143 solidos
3218 4096 3355 4145 tres.
3389 4091 3709 4151 Neminem

2043 4183 2178 4222 vero
2211 4169 2538 4235 conturbet,
2567 4174 2705 4242 quia
2727 4173 3023 4244 jussimus
3053 4177 3193 4233 dare
3223 4177 3442 4235 solidos
3472 4182 3568 4249 20,
3605 4191 3712 4239 aut

2043 4256 2262 4322 minus,
2287 4257 2425 4328 quia
2454 4259 2504 4313 si
2531 4261 2693 4315 dives
2727 4262 2920 4331 fuerit,
2940 4265 3170 4320 facilius
3202 4272 3290 4321 est
3321 4267 3403 4322 illi
3439 4270 3582 4326 dare
3608 4290 3710 4328 su-

2040 4345 2191 4401 lidos
2219 4348 2308 4413 20,
2335 4364 2513 4418 quam
2540 4352 2780 4419 pauperi
2806 4357 2946 4407 tres.
2966 4354 3074 4408 Sed
3101 4358 3710 4432 attendatunusquis-

352 4466 458 4521 Pro
491 4483 607 4521 uno
639 4435 858 4532 mense,
900 4435 1164 4537 quIem‘in
1199 4479 1348 4536 pane
1379 4469 1436 4518 et
1467 4481 1615 4536 aqua
1657 4467 1932 4536 jejunare
1971 4529 2011 4548 ῃ
2039 4435 2850 4548 gficlﬁn‘iafﬂdflf'it:fi?
3011 4444 3409 4548 Γθάξδωβξίίξοθ
3440 4449 3708 4548 εἴδω-λῖθ’

278 4556 472 4619 debet,
499 4554 760 4625 psalmos
786 4529 944 4610 mille
963 4529 1250 4610 ducentes
1269 4553 1430 4610 ﬂexis
1447 4529 1697 4624 genibus
1720 4529 1932 4610 decan-
1969 4529 2013 4593 D
2045 4539 2202 4592 rum’
2227 4529 2348 4625 δίΧθ
2371 4541 2549 4625 ευρθν
2571 4533 2837 4625 Fundam
2862 4530 3061 4596 31'3",
3087 4533 3208 4586 δίνθ
3229 4535 3325 4589 Dei
3348 4537 3555 4606 εϐτνίε,
3581 4539 3708 4596 sive

227 4663 232 4668 ·
280 4648 386 4708 tet,
414 4643 474 4698 Si
507 4647 702 4699 autem
746 4643 854 4699 hoc
904 4645 1089 4698 facere
1136 4660 1252 4697 non
1305 4649 1496 4715 potest
1532 4645 1660 4698 sine
1691 4644 1935 4699 flexione

281 4749 458 4806 genu,
502 4733 782 4802 sedendo,
823 4737 926 4788 aut
956 4732 1186 4796 stando,
1211 4731 1268 4786 in
1308 4731 1572 4798 ecclesia,
1599 4731 1647 4787 si
1679 4732 1801 4787 fieri
1836 4749 1933 4802 po-

277 4826 416 4890 test,
443 4820 534 4877 sin
570 4825 787 4886 autem,
813 4821 871 4874 in
908 4837 1022 4875 uno
1054 4821 1179 4875 loco
1230 4821 1368 4874 1680
1417 4821 1679 4892 psalmos
1723 4822 1932 4876 decan-

275 4915 379 4966 tet.
424 4910 488 4965 Et
536 4907 697 4966 omni
730 4909 842 4976 die,
864 4908 913 4963 si
944 4907 1102 4976 velit,
1128 4912 1186 4964 et
1215 4925 1278 4964 se
1309 4909 1606 4965 abstinere
1637 4927 1750 4965 non
1785 4910 1928 4980 vult,

275 4999 502 5055 reﬁciat
527 5015 590 5054 se
622 4999 694 5053 ad
727 5003 972 5063 sextam,
1006 4997 1118 5051 nisi
1153 5002 1422 5067 quartam
1457 4999 1659 5053 feriam
1706 5005 1763 5055 et
1803 5018 1931 5056 sex-

275 5092 396 5144 tam
424 5089 657 5159 jejunet
681 5088 753 5142 ad
780 5102 1014 5142 nonam.
1038 5085 1105 5139 Et
1127 5101 1159 5140 a
1181 5101 1374 5153 carne,
1400 5092 1456 5141 et
1487 5087 1795 5159 sagimine,
1821 5095 1878 5144 et
1897 5107 1930 5144 a

273 5178 409 5234 vino
442 5183 632 5233 totum
668 5193 928 5233 mensem
963 5192 1024 5231 se
1055 5175 1376 5243 abstineat;
1407 5175 1584 5232 alium
1621 5182 1813 5234 autem
1847 5181 1929 5235 ci-

274 5270 415 5328 bum
449 5276 763 5344 postquam
816 5269 1076 5342 psalmos
1117 5267 1482 5340 suprudictos
1511 5271 1926 5342 decantaverit,

275 5366 493 5417 sumat.
534 5364 651 5418 Isto
700 5359 904 5416 ordine
953 5364 1111 5415 totus
1162 5356 1259 5414 ille
1307 5374 1499 5414 annus
1549 5358 1927 5419 redimendus

276 5453 386 5504 est.
416 5483 418 5485 ›

272 5535 409 5591 CAP.
438 5537 564 5611 200.
598 5567 665 5580 -
712 5538 786 5593 De
834 5537 948 5592 illis
992 5535 1088 5609 qui
1130 5537 1393 5611 jejunare
1439 5554 1552 5595 non
1595 5545 1843 5611 possunt,
1877 5545 1927 5597 et

342 5607 579 5678 psalmos
608 5611 879 5679 nesciunt,
910 5607 1172 5680 quomodo
1190 5607 1575 5682 paenitentiam
1595 5607 1770 5669 unius
1789 5607 1928 5669 anni

2046 4614 2409 4684 pauperibus
2444 4616 2498 4669 in
2533 4616 2988 4690 eleemosynam.

2045 4731 2177 4782 CAP.
2209 4729 2333 4782 203.
2371 4761 2435 4771 —
2461 4732 2566 4814 [lie
2601 4733 2750 4814 millie-
2793 4737 2893 4814 qui
2940 4753 3054 4814 non
3106 4744 3332 4814 possunt
3387 4741 3706 4814 adimplere

2329 4802 2471 4872 quod
2504 4805 2559 4856 in
2588 4802 2976 4861 Paznitenliali
3015 4802 3277 4880 scriptum
3309 4820 3406 4866 est.

2115 4904 2219 4967 Qui
2265 4923 2378 4961 non
2432 4913 2626 4980 potest
2658 4911 2743 4966 sic
2775 4929 2944 4984 agere
2975 4917 3400 4986 paenitentiam,
3429 4925 3496 4974 ut
3529 4939 3705 4992 supe-

2042 4993 2167 5049 rius
2199 4995 2480 5066 diximus,
2513 4997 2686 5054 faciat
2713 5000 2832 5056 sic:
2885 5002 2931 5057 si
2979 5010 3098 5058 tres
3148 5023 3333 5062 annos
3381 5011 3700 5070 continuos

2031 5082 2305 5153 jejunare
2335 5086 2528 5155 debet,
2552 5089 2896 5159 etjejunare
2923 5109 3036 5147 non
3072 5099 3281 5164 potest,
3306 5097 3390 5151 sic
3408 5099 3698 5157 redimere

2039 5175 2318 5242 potest.In
2344 5176 2531 5246 primo
2551 5195 2704 5234 anno
2722 5185 2921 5252 eroget
2941 5181 2999 5235 in
3023 5181 3453 5254 eleemosynam
3478 5189 3697 5246 solidos

2035 5262 2126 5315 26.
2161 5263 2221 5316 In
2275 5266 2533 5320 secundo
2565 5256 2723 5323 anno
2755 5275 2953 5341 eroget
2984 5271 3040 5325 in
3074 5271 3510 5347 eleemosynam
3562 5280 3698 5334 soli-

2040 5351 2145 5404 dos
2169 5351 2259 5404 20.
2287 5353 2348 5405 In
2383 5354 2550 5409 tertio
2589 5374 2763 5425 anno,
2790 5359 3009 5415 solidos
3041 5360 3129 5430 18,
3154 5361 3212 5416 hi
3242 5371 3375 5418 sunt
3408 5364 3582 5422 solidi
3607 5371 3694 5424 64.

2038 5437 2311 5495 Potentes
2344 5441 2501 5496 enim
2534 5442 2806 5502 homines
2838 5447 2972 5517 plus
2998 5449 3136 5504 dare
3167 5451 3402 5522 debent,
3431 5457 3576 5525 quia
3606 5457 3697 5512 cui

2041 5525 2173 5598 plus
2206 5530 2618 5601 committitur,
2653 5533 2786 5605 plus
2816 5537 2890 5592 ab
2919 5553 2986 5592 eo
3009 5538 3262 5610 exigitur
3289 5541 3443 5612 (Luc.
3471 5547 3598 5612 xu).
3634 5545 3697 5600 Et

2042 5615 2141 5687 qui
2178 5615 2378 5676 illicita
2409 5622 2807 5696 committunt,
2827 5626 3003 5682 etiam
3037 5645 3069 5683 a
3098 5627 3275 5686 licitis
3305 5647 3366 5687 se
3396 5631 3692 5690 abstinere
