4000 6060
174 278 277 333 901

1130 284 1442 341 DECRETI
1482 289 1669 342 PARS
1705 287 1857 342 XVI.
1894 315 1961 327 —
1996 288 2092 342 DE
2126 288 2425 347 OFFICIIS
2463 292 2649 346 LAIC.

3489 302 3599 359 902

181 402 397 457 debent
426 405 483 457 et
514 417 730 473 corpus
757 401 970 457 debent
999 401 1260 476 afﬂigere
1283 407 1553 477 jejuniis,
1589 416 1644 466 et
1682 409 1833 482 vigi-
1865 414 1919 480 Α
1947 410 2080 468 CAP.
2109 412 2236 470 205.
2267 444 2336 455 —-
2369 416 2439 471 De
2468 414 2843 487 redemptione
2870 418 2939 471 77
2977 435 3274 479 annorum.
3304 424 3391 479 Ex
3412 428 3600 483 Paeni-

178 490 283 547 liis
313 495 370 546 et
399 491 619 546 crebris
653 491 1041 548 orationibus.
1074 496 1217 549 Caro
1260 496 1418 552 enim
1478 498 1608 555 laata
1653 500 1837 555 trahit

180 581 251 637 ad
286 580 545 652 culpam,
578 581 795 637 afﬂicta
820 588 1017 637 autem
1054 584 1282 640 reducit
1304 587 1375 641 ad
1410 589 1662 644 veniam.

173 673 308 729 CAP.
342 673 482 748 2911.
504 703 575 712 —-
598 675 674 727 De
703 672 826 748 illis
864 675 988 748 Δ(ιιιὶ
1035 676 1292 744 ieiunare
1345 693 1457 733 non
1501 684 1752 748 possunt,
1782 685 1835 735 et

243 759 359 870 ἓοὲ
384 745 587 800 habent
618 745 761 800 unde
780 745 1056 801 redimere
1088 750 1318 817 possint.
1344 751 1425 803 Ex
1444 745 1835 807 Paznitentiali

292 832 321 870 e
360 830 433 870 ιε.

292 830 433 872 eaze.

244 904 651 975 Quijejunare
681 921 797 960 non
843 908 1057 977 potest,
1101 924 1216 963 non
1267 908 1446 965 habet
1478 912 1635 967 unde
1678 913 1833 981 redi-

174 999 313 1059 mat,
345 999 403 1050 et
435 993 693 1066 psalmos
724 995 902 1065 novit,
927 1013 1030 1067 pro
1056 1014 1171 1052 uno
1217 998 1309 1053 die
1330 1016 1503 1071 quem
1524 1002 1579 1055 in
1603 1019 1752 1072 pane
1779 1007 1835 1058 et

171 1100 330 1155 aqua
353 1084 638 1153 jcjunare
671 1084 841 1138 debet
873 1086 1061 1139 tribus
1110 1086 1336 1142 vicibus
1363 1090 1520 1144 Beati
1551 1092 1834 1147 immacu-

170 1173 278 1227 lati
308 1174 368 1227 in
395 1175 507 1236 via,
542 1189 737 1243 usque
768 1174 864 1239 ad,
898 1174 975 1229 Ad
1026 1176 1318 1231 Dominum
1355 1194 1478 1233 cum
1510 1180 1830 1247 Iributarer,

178 1262 471 1329 decantet;
496 1267 552 1317 et
582 1263 789 1329 sexies,
810 1263 1066 1319 Miserere
1085 1268 1196 1321 mei
1214 1267 1375 1321 Deus.
1402 1271 1467 1322 Et
1499 1270 1832 1340 septuagies

177 1357 513 1422 prosternat
544 1368 606 1407 se
638 1354 694 1405 in
728 1356 971 1417 terram,
1003 1358 1062 1408 et
1109 1370 1209 1423 pcr
1261 1355 1527 1427 singulas
1577 1359 1831 1430 genuﬂe-

169 1439 397 1509 xiones,
430 1442 599 1495 Pater
627 1444 813 1495 noster
845 1442 1134 1497 decantet.
1173 1444 1280 1508 Qui
1323 1451 1518 1500 autem
1570 1446 1831 1517 psalmos

172 1528 359 1583 nescit
392 1545 493 1600 pro
527 1546 645 1584 uno
679 1529 773 1584 die
806 1546 979 1601 quem
1013 1531 1071 1585 in
1104 1547 1255 1603 pane
1283 1536 1341 1588 et
1372 1550 1523 1606 aqua
1545 1535 1834 1606 jejunare

173 1617 349 1673 debet
379 1618 599 1674 centies
632 1623 964 1690 prosternat
996 1636 1057 1676 se
1088 1619 1148 1675 in
1185 1626 1418 1690 terram,
1454 1628 1511 1679 et
1558 1641 1662 1696 per
1709 1625 1831 1681 sin-

172 1705 343 1779 gulas
374 1707 828 1779 genuﬂexiones,
862 1710 1027 1765 Pater
1056 1712 1261 1783 noster,
1295 1712 1474 1768 dicat.

200 1898 3156 1927 Μ

2505 488 2730 543 tentiati
2770 490 3031 546 Romano.

2018 627 2163 682 Item
2197 626 2311 683 alio
2343 628 2515 683 modo
2548 630 2612 682 12
2640 628 2925 686 triduana:
2981 632 3226 706 singulae
3269 652 3403 693 cum
3437 640 3593 699 Psal.

1943 716 2106 770 teriis
2138 717 2172 770 3
2203 716 2482 788 impletis,
2517 724 2574 773 et
2603 735 2736 774 cum
2772 720 3048 790 palmatis
3080 724 3204 794 300,
3230 741 3333 796 per
3362 728 3599 800 singula

1945 804 2247 875 Psalteria,
2282 812 2566 862 excusant
2596 808 2773 863 unius
2802 810 2939 864 anni
2974 813 3403 882 pmnitentiam.
3453 818 3520 874 Et
3566 820 3603 873 2

1944 894 2215 948 biduanin
2247 894 2517 951 similiter
2542 912 2681 951 cum
2716 898 2750 951 3
2782 898 3101 970 psalteriis,
3126 906 3179 956 et
3200 918 3332 958 cum
3354 906 3457 960 300
3484 908 3605 979 pal-

1944 984 2117 1038 matis
2150 1000 2249 1054 per
2280 984 2542 1055 singulas
2575 985 2873 1055 psalteria,
2899 1000 3182 1045 excusant
3211 992 3360 1049 duos
3391 1012 3597 1066 annos,

1942 1072 2014 1125 75
2047 1072 2258 1142 psalmi
2292 1090 2423 1128 cum
2460 1075 2703 1129 totidem
2736 1077 2920 1132 veniis
2952 1095 3053 1148 per
3083 1088 3335 1151 noctem,
3368 1088 3423 1139 et
3461 1101 3596 1143 cum

1946 1160 2226 1232 palmatis
2274 1164 2551 1217 trecentis
2594 1170 2879 1220 excusant
2936 1167 3289 1227 biduanam.
3353 1174 3601 1231 Centum

1943 1249 2157 1321 psalmi
2190 1266 2324 1305 cum
2357 1252 2542 1307 veniis
2571 1269 2673 1323 per
2709 1260 2935 1308 noctem
2970 1272 3103 1311 cum
3150 1259 3457 1328 psalmatis
3486 1264 3593 1317 300

1943 1345 2226 1394 excusant
2257 1342 2617 1396 triduanam.
2650 1346 2892 1398 Centum
2946 1346 3153 1416 viginti
3204 1350 3398 1405 missas
3453 1367 3590 1423 spe-

1941 1427 2122 1484 ciales
2154 1428 2399 1501 singulas
2432 1447 2565 1485 cum
2596 1430 2630 1484 3
2674 1432 2992 1505 psalteriis,
3025 1440 3080 1491 et
3130 1453 3264 1491 cum
3314 1441 3593 1497 trecentis

1943 1517 2222 1589 palmatis
2255 1526 2536 1574 excusant
2585 1537 2829 1578 annum.
2863 1524 3112 1581 Centum
3146 1526 3317 1582 solidi
3369 1528 3489 1583 dati
3538 1530 3597 1585 in

1944 1605 2373 1681 eleemosynam
2406 1626 2629 1666 annum
2661 1616 2961 1667 excusant.

910 2078 1440 2174 DECRETI
1512 2081 1821 2177 PARS
1894 2084 2374 2182 DECIMA
2446 2088 2867 2185 SEXTA.

1119 2312 1207 2371 De
1253 2310 1476 2371 officiis
1526 2310 1832 2373 laicorum
1882 2320 1944 2376 et
1990 2317 2193 2378 causis
2241 2318 2633 2381 eorumdem.

1676 2508 2069 2526 ᾗ

169 2687 306 2742 CAP.
336 2688 383 2741 1.
417 2718 485 2726 —
522 2688 755 2757 Trapica
778 2688 965 2756 disput

274 2758 357 2813 vel
387 2758 578 2828 qualia
604 2760 804 2814 mundi
833 2760 1159 2816 discrimina
1186 2761 1443 2831 patiatur
1466 2758 1722 2817 Ecclesia.

241 2866 331 2920 Ait
362 2865 567 2921 beatus
594 2864 863 2921 Clemens
916 2866 1066 2922 Petri
1111 2884 1419 2923 successor
1466 2868 1713 2939 apostoli
1766 2869 1825 2925 in

166 2952 417 3024 epistola
444 2955 633 3025 prima
664 2955 734 3009 ad
764 2955 1049 3011 Jacobum
1074 2956 1310 3011 fratrem
1343 2956 1590 3026 Domini,
1624 2957 1825 3013 Hiero-

178 3041 599 3114 solymitanum
616 3042 888 3099 videlicet
919 3043 1285 3116 episcopum:
1316 3049 1504 3099 «Mare
1532 3045 1625 3100 hic
1651 3062 1826 3101 mun-

167 3132 280 3186 dus
313 3131 618 3189 habeatur.
644 3136 965 3188 Ventorum
996 3149 1130 3188 vero
1164 3133 1489 3199 varietates,
1516 3134 1824 3191 turbinum

166 3220 416 3276 diversis
450 3221 872 3276 tentationibus
898 3222 1306 3293 ,conferantur.
1360 3224 1825 3295 Persecutiones,

168 3309 599 3378 tribulationes,
663 3314 721 3366 et
767 3310 1027 3382 pericula
1085 3310 1363 3367 ﬂuctibus
1422 3318 1823 3384 exaequentur.

170 3398 409 3454 Terreni
442 3415 573 3454 vero
603 3399 850 3470 spiritus
881 3399 979 3471 qui
1006 3399 1091 3455 vel
1124 3401 1193 3455 de
1220 3402 1600 3472 torrentibus,
1632 3402 1719 3458 vel
1754 3404 1824 3458 de

170 3486 420 3543 vallibus
452 3487 701 3559 spirant,
750 3488 1401 3560 pseudoprOphetarum
1450 3494 1506 3545 et
1548 3491 1822 3547 seducto-

170 3594 325 3643 rum,
359 3593 459 3632 seu
483 3593 668 3649 pravas
690 3576 968 3633 doctrinae
991 3578 1165 3633 verba
1209 3578 1502 3636 dicantur.
1550 3579 1823 3635 Promon-

169 3666 321 3721 toria
378 3681 513 3720 vero
542 3671 597 3721 et
630 3666 756 3721 loca
801 3666 1165 3737 confragosa,
1202 3666 1262 3721 hi
1297 3666 1395 3737 qui
1419 3666 1480 3720 in
1516 3669 1819 3738 potestati-

171 3755 281 3810 bus
311 3752 507 3809 saaculi
539 3759 679 3809 sunt
722 3754 978 3825 judices,
1035 3758 1092 3809 et
1123 3754 1384 3826 pericula
1433 3756 1733 3810 minantur
1763 3760 1821 3812 et

171 3847 408 3898 mortes.
443 3842 773 3899 Bithalassa
802 3861 933 3899 vero
968 3843 1116 3915 loca,
1150 3860 1280 3915 qum
1305 3843 1642 3916 duplicibus
1665 3847 1820 3902 unde

170 3931 389 3987 fallacis
418 3932 659 3988 estibus
692 3933 1091 3999 verberantur,
1143 3934 1343 3988 dubiis
1396 3938 1607 4001 mente,
1663 3940 1717 3989 et
1750 3936 1821 3990 de

170 4019 631 4091 promissionum
674 4022 903 4076 Ieritate
936 4023 1280 4077 nutantibus
1303 4023 1679 4079 conferantur
1714 4026 1820 4097 [at-

968 2689 1585 2781 qtio-beati
1601 2700 1826 2781 Aquanta
1854 2705 1902 2771 B
1934 2693 2067 2752 CAP.
2101 2698 2155 2752 3.
2190 2728 2269 2781 —_-‘
2291 2699 2365 2753 De
2387 2699 2515 2781 illis
2530 2700 3295 2781 gurinepiscopiispraedam
3311 2703 3568 2772 fecerint.

2227 2770 2308 2825 Ex
2338 2772 2573 2826 concilio
2606 2770 3058 2842 Carthaginensi,
3088 2789 3208 2843 cap.
3242 2774 3295 2830 8.

2011 2874 2079 2930 Ut
2108 2875 2157 2930 si
2189 2877 2322 2947 quis
2344 2876 2668 2948 quemlibet
2698 2878 3126 2949 exspoliaverit,
3150 2883 3206 2933 et
3236 2879 3591 2936 admonente

1935 2963 2207 3037 episcopo
2240 2981 2355 3020 non
2386 2966 2726 3036 reddiderit,
2758 2966 3320 3023 excommunicetur.

1935 3093 2068 3144 CAP.
2104 3092 2155 3144 4.
2192 3122 2256 3131 -—
2293 3093 2355 3149 Ut
2384 3094 2625 3173 episcopi
2640 3097 2936 3173 potestates
2958 3094 3310 3173 admoneant,
3335 3101 3404 3173 ut
3451 3110 3596 3173 pau_-

2003 3178 2319 3289 peresénon
2369 3164 2709 3237 opprimant.
2772 3164 2855 3219 Ex
2882 3164 3122 3221 concilio
3178 3165 3593 3225 Aurelz’anensi.

2006 3249 2128 3289 can.
2204 3276 2219 3289 .

2006 3249 2128 3302 cap.
2164 3249 2219 3290 τι.

2007 3348 2335 3420 Utjudices
2392 3354 2494 3405 aut
2526 3352 2842 3421 potestates
2886 3350 3199 3421 [potentes,
3260 3351 3431 3424 orig.]
3484 3354 3588 3425 qui

1933 3454 2222 3510 pauperes
2254 3440 2619 3509 opprimunt,
2653 3438 2702 3493 si
2737 3438 3079 3494 commoniti
3116 3456 3150 3494 a
3180 3440 3455 3511 pontifice
3480 3460 3590 3499 suo

1936 3545 2049 3584 non
2084 3527 2547 3596 emendaverint,
2575 3527 3175 3584 excommunicentur.

1930 3653 2064 3708 CAP.
2095 3653 2149 3707 5.
2182 3684 2249 3693 —
2282 3653 2355 3708 De
2382 3652 2591 3727 eademA
2630 3668 2712 3707 re.
2732 3654 2828 3727 Ea:
2878 3652 3077 3727 concit.
3128 3653 3509 3727 Maguntiensi
3546 3672 3589 3724 ι,

2413 3740 2535 3795 cap.
2565 3724 2599 3777 8
2630 3724 2753 3793 (sub
2783 3725 2957 3779 Leone
2989 3725 3106 3796 III).

2002 3841 2076 3897 Ut
2104 3839 2365 3913 episcopi
2398 3843 2749 3913 potestatem
2781 3839 3035 3895 habeant
3082 3856 3175 3896 res
3233 3840 3590 3899 ecclesiasti-

1930 3949 2027 3988 cas
2061 3930 2394 4003 praevidere,
2428 3945 2647 4002 regere,
2681 3934 2739 3985 et
2768 3930 3120 4001 gubernare,
3147 3933 3325 4001 atque
3347 3931 3589 4002 dispen-

1932 4038 2081 4091 sare,
2116 4022 2445 4077 secundum
2478 4036 2770 4076 canonum
2826 4018 3256 4083 auctoritatem,
3311 4018 3587 4076 volumus

171 4126 282 4182 que
314 4109 407 4164 his
447 4110 547 4181 qui
602 4109 990 4165 irrationabili
1045 4112 1221 4166 tidem
1256 4114 1539 4181 :nostram
1593 4083 1819 4169 ratibne
1851 4083 1893 4151 (ἶ
1934 4117 1997 4167 ut
2024 4111 2158 4167 laici
2189 4112 2249 4166 in
2280 4127 2482 4166 eorum
2515 4108 2840 4165 ministerio
2865 4107 3142 4163 obediant
3170 4105 3483 4177 episc0pis,
3512 4109 3585 4163 ad

168 4200 511 4269 discutiunt,
544 4198 818 4254 inseritur
848 4199 909 4253 in
931 4204 1075 4266 or.].
1111 4200 1434 4271 Hypocritee
1465 4218 1598 4257 vero
1630 4208 1688 4258 et
1718 4203 1821 4257 do-

168 4286 300 4353 losi,
335 4287 538 4359 piratis
570 4287 795 4343 similes
825 4288 1178 4344 habeantur.
1211 4289 1341 4344 Jam
1394 4306 1528 4345 vero
1577 4290 1819 4362 rapidus

165 4380 367 4431 vortex
397 4381 454 4431 et
482 4380 737 4431 tartarea
765 4376 1102 4447 charybdis,
1154 4383 1211 4433 et
1255 4380 1413 4433 saxis
1474 4378 1627 4435 illisa
1676 4369 1817 4435 naui-

169 4464 371 4535 fragia,
408 4481 472 4520 ac
502 4464 821 4521 mortiferae
852 4466 1316 4530 submersiones,
1350 4466 1489 4538 quid
1523 4468 1678 4523 aliud
1712 4485 1818 4525 ass-

166 4552 432 4609 timanda
462 4560 604 4610 sunt
633 4572 812 4626 quam
848 4562 1083 4626 peccata
1104 4556 1130 4610 ?
1156 4556 1356 4611 Restat
1387 4556 1571 4629 igitur
1601 4563 1666 4613 ut
1695 4558 1819 4614 haec

166 4642 329 4697 navis
356 4660 528 4698 cursu
556 4659 834 4716 prospero
857 4648 983 4699 tuta
1005 4646 1191 4717 possit
1219 4650 1451 4716 portum
1477 4647 1819 4703 desiderate;

166 4732 334 4787 urbis
363 4732 605 4801 intrare,
637 4737 694 4789 et
724 4735 805 4787 ita
856 4738 966 4789 Deo
1000 4750 1230 4805 precem
1278 4736 1545 4805 fundere,
1573 4742 1639 4791 ut
1672 4754 1821 4792 nau—

166 4822 463 4894 fragantes
496 4828 837 4878 mereantur
867 4822 1077 4877 audiri.
1118 4847 1144 4873 ››

166 4934 297 4986 CAP.
328 4932 382 4983 2.
415 4962 483 4971 —
517 4931 580 4988 Ut
608 4932 858 5002 episeopo
889 4930 1208 5002 impositam
1229 4948 1262 4985 a
1294 4936 1403 4988 Deo
1424 4931 1535 4987 sibi
1553 4949 1747 4987 curam
1770 4935 1829 4989 in

231 5004 453 5074 populis
481 5002 830 5074 protegendis
857 5020 972 5059 non
1000 5004 1309 5075 ambigant.
1332 5006 1414 5058 Ea:
1436 5006 1631 5059 concit.
1679 5006 1830 5061 Tole-

246 5079 381 5129 tano
412 5090 488 5142 1v,
521 5091 641 5146 cap.
671 5077 762 5130 31.

234 5177 505 5249 Episcopi
531 5179 589 5233 in
623 5180 999 5251 protegendis
1034 5179 1268 5253 pOpulis
1325 5196 1389 5235 ac
1417 5180 1823 5236 defendendis.

163 5265 497 5337 impositam
532 5284 563 5321 a
597 5272 707 5324 Deo
740 5268 847 5323 sibi
868 5286 1068 5323 curam
1089 5285 1203 5323 non
1230 5268 1547 5340 ambigant.
1578 5269 1831 5340 Ideoque

164 5356 307 5411 dum
340 5355 955 5428 conspiciuntjudices
988 5374 1053 5413 ac
1072 5362 1337 5428 potentes
1370 5373 1693 5429 pauperum
1728 5372 1828 5427 op-

162 5458 467 5515 pressores
500 5444 766 5516 existere,
800 5447 967 5517 prius
1016 5462 1118 5501 eos
1175 5445 1521 5500 sacerdotali
1554 5444 1827 5502 admoni-

163 5532 324 5590 tione
354 5532 732 5606 redarguant,
780 5540 838 5592 et
887 5536 935 5593 si
988 5534 1449 5606 contempserint
1498 5538 1830 5601 emendare,

170 5620 772 5681 anathematizentur.

1927 4202 2212 4273 regendas
2240 4199 2523 4256 Ecclesiae
2554 4198 2676 4265 Dei,
2713 4199 2917 4252 viduas
2946 4202 3004 4252 et
3034 4195 3331 4267 orphanos
3386 4196 3585 4251 defen-

1928 4292 2174 4356 dendos,
2206 4294 2264 4345 et
2294 4294 2358 4344 ut
2387 4288 2727 4345 obedientes
2759 4287 2880 4342 sint
2915 4286 3000 4342 eis
3052 4286 3123 4341 ad
3156 4301 3358 4341 eorum
3390 4285 3586 4342 Chris-

1930 4380 2256 4436 tianitatem
2305 4378 2649 4434 servandam
2678 4393 2689 4430 :
2718 4381 2773 4433 et
2833 4376 3091 4448 episcopi
3151 4375 3587 4432 consentientes

1929 4469 2243 4526 comitibus
2265 4472 2323 4523 et
2345 4467 2655 4539 judicibus
2677 4467 2751 4521 ad
2776 4466 3046 4537 justitias
3080 4464 3418 4521 faciendas:
3454 4470 3512 4519 et
3529 4470 3593 4521 ut

1930 4558 2265 4614 nullatenus
2298 4574 2400 4628 per
2448 4556 2783 4629 aliquorum
2819 4555 3217 4622 mendacium,
3251 4553 3337 4610 vel
3371 4554 3587 4611 falsum

1931 4636 2335 4705 testimonium
2370 4662 2556 4717 neque
2607 4662 2709 4717 per
2734 4645 3082 4717 perjurium,
3138 4649 3241 4700 aut
3301 4662 3404 4717 per
3432 4662 3585 4717 pras-

1934 4740 2117 4794 mium
2149 4737 2417 4808 lexjusta
2449 4734 2508 4789 in
2541 4734 2737 4806 aliquo
2767 4735 3135 4805 depravatur.

1938 4883 2073 4937 CAP.
2104 4882 2160 4937 6.
2194 4911 2253 4919 —
2283 4881 2355 4934 De
2382 4877 2737 4933 swcularibus
2766 4878 3064 4933 Ecclesium
3100 4879 3182 4934 vel
3202 4877 3470 4933 clericum
3501 4878 3591 4932 in-

2009 4954 2235 5077 injusztge‘)
2268 4949 2773 5005 calumniantibus.
2837 4954 2919 5006 Bx
2978 4951 3210 5006 concilio
3267 4949 3591 5019 Agathensi,

2009 5040 2131 5077 can.
2206 5062 2255 5077 ν.

2009 5040 2131 5095 cap.
2164 5040 2255 5077 .53.

2013 5142 2067 5207 (5
2120 5157 2172 5210 q.
2204 5140 2259 5208 6,
2292 5155 2338 5192 c.
2373 5138 2434 5193 Si
2466 5136 2590 5209 quis
2628 5152 2753 5192 vero
2793 5136 3204 5207 saecularium.)
3237 5135 3297 5191 Si
3328 5136 3464 5205 quis
3496 5151 3595 5190 sae-

1940 5229 2227 5285 cularium
2289 5244 2389 5298 pro
2438 5225 2735 5281 calumnia
2777 5224 3095 5280 Ecclesiam
3148 5228 3250 5279 aut
3312 5222 3591 5278 clericum

1940 5320 2183 5391 fatigare
2211 5316 2540 5381 tentaverit,
2574 5319 2630 5369 et
2673 5316 2895 5370 evictus
2950 5313 3147 5379 fuerit,
3210 5312 3284 5366 ab
3329 5310 3589 5366 ecclesia

1939 5408 2247 5465 liminibus
2278 5410 2333 5461 et
2363 5403 2789 5461 catholicorum
2818 5401 3233 5459 communione
3257 5400 3391 5472 (nisi
3415 5400 3596 5473 digne

1861 5499 1908 5565 D
1940 5497 2295 5573 pmnituerit)
2327 5498 2618 5551 arceatur.

1941 5621 2072 5673 CAP.
2102 5616 2155 5671 7.
2191 5644 2255 5655 -—
2290 5614 2351 5669 Ut
2381 5611 2771 5681 contemptores
2792 5622 3062 5663 canonum
3108 5606 3595 5665 excommunicen-
