3948 6072
411 327 521 383 903

1502 323 1570 373 Ι).
1609 320 1852 374 IVONIS
1889 315 2384 372 PABNOTENSIS
2419 317 2743 371 EPISCOPI

3753 314 3856 368 904

484 461 596 508 tur.
629 453 709 505 Ex
723 449 923 506 concil.
954 465 970 502 ι
999 443 1455 515 Carthaginensi,
1487 459 1607 516 cap.
1627 443 1712 498 15.
1730 439 1850 514 (sub
1881 440 1992 497 Jul.
2019 443 2067 510 1,
2099 440 2152 507 Α
2184 438 2328 516 ΟΛΡ.
2357 440 2443 516 16.
2476 471 2544 480 —
2580 440 2734 508 Quod
2754 437 3138 516 admonendus
3157 440 3229 516 sit
3251 439 3580 516 imperator,
3617 442 3690 516 ut
3735 455 3856 495 cnn-
3918 399 3919 424 1

488 541 535 578 c.
573 524 684 592 14.)

483 612 556 667 Ut
587 611 721 666 laici
752 610 1205 678 comtemptores
1235 620 1528 660 canonum
1561 601 2068 658 excommunicen-

412 706 530 770 tur,
562 699 756 756 clerici
790 699 1006 752 honore
1041 695 1356 766 priventur.

413 795 545 846 CAP.
579 792 631 845 8.
664 820 731 828 —
767 789 835 842 De
855 783 1383 856 praevaricatoribus
1404 782 1724 856 diuinarum
1751 782 1955 856 legum.
1986 780 2069 833 Ea:

591 859 792 915 concit.
820 853 963 928 apud
993 856 1355 921 Lauriacum,
1386 871 1506 926 cap.
1543 856 1608 908 10
1629 854 1768 924 (cap.
1802 853 1876 921 l).

485 950 541 1006 Si
579 950 710 1021 quis
743 948 1014 1020 publicus
1045 946 1252 1000 divina
1308 944 1456 1014 legis
1507 943 1936 1015 praevaricator,
1976 939 2065 996 vel

413 1056 518 1113 pro
537 1038 866 1094 manifestis
885 1035 1599 1104 criminibus,sanctorum
1625 1047 1912 1086 canonum
1934 1047 2064 1085 con-

418 1133 671 1199 temptor
728 1131 994 1196 repertus
1055 1123 1246 1190 fuerit,
1309 1139 1374 1177 ac
1432 1127 1768 1176 sanctorum
1824 1123 2062 1173 Patrum

415 1213 936 1271 constitutionibus
951 1209 1384 1282 episcopalibus
1397 1210 1801 1278 obtemperare
1815 1205 2064 1262 distule-

412 1304 566 1368 lerit,
598 1301 1142 1358 anathematizetur.

413 1415 541 1468 CAP.
575 1416 627 1466 9.
659 1442 728 1452 —
747 1409 898 1478 Quod
926 1424 1035 1462 non
1059 1409 1216 1462 liceat
1249 1405 1672 1478 imperatoribus
1690 1405 1774 1459 vel
1803 1403 2063 1478 cuiquam

479 1477 775 1554 potentum,
800 1479 1019 1554 aliquid
1044 1494 1203 1554 agere
1226 1486 1416 1532 contra
1447 1477 2061 1554 diivinumpmamtatum.

487 1546 566 1608 Ea:
595 1556 788 1608 consil.
826 1546 1058 1606 Adriani
1080 1546 1280 1619 papae,
1312 1565 1431 1618 cap.
1465 1549 1529 1602 16
1577 1550 1716 1619 (post
1764 1546 2063 1601 concilium

484 1626 767 1680 Niccenum
794 1641 830 1677 ιι
862 1640 931 1678 ex
959 1621 1190 1677 diuersis
1222 1620 1454 1691 collem).

482 1713 608 1769 Non
635 1713 768 1769 licet
799 1727 936 1781 ergo
978 1709 1315 1781 imperatori
1363 1707 1448 1763 vel
1476 1707 1748 1775 cuiquam
1783 1707 2058 1777 pietatem

2252 513 2467 566 stitutis
2515 515 2841 582 apostolica!
2888 512 3034 566 sedis
3078 512 3425 581 obtemperet.
3473 516 3559 566 Ea:
3607 511 3858 567 decretis

2249 585 2532 639 Anastasii
2555 601 2722 656 papa:
2756 588 2964 655 (Anast.
3000 584 3067 655 II,
3091 583 3162 638 ad
3199 585 3562 640 Anastasium
3589 586 3856 655 August”
3918 629 3919 656 ξ

2248 671 2367 710 can.
2392 657 2442 710 6.

2249 671 2311 708 ca
2333 672 2367 710 2.
2392 657 2442 710 6.

2249 672 2395 798 [illud
2423 657 2555 801 viaro
2589 745 2946 817 peculiarius
2999 762 3102 817 pro
3142 759 3340 800 amore
3374 745 3609 815 imperii
3657 747 3856 811 vestri,

2177 836 2233 886 et
2263 832 2622 888 beatitudine
2655 852 2782 906 quis
2819 836 2976 905 [qua]
3009 834 3288 904 consequi
3322 835 3540 904 poterit
3572 850 3851 906 regnum,
3918 832 3919 852 ‘

2177 939 2280 993 pro
2313 923 2634 992 apostolico
2665 923 2855 979 ofﬁcio
2890 923 3300 994 praedicamus,
3334 927 3397 977 ut
3437 922 3626 993 (sicut
3660 924 3851 986 decet,

2175 1017 2232 1066 et
2262 1011 2516 1081 Spiritus
2538 1017 2781 1067 sanctus
2801 1011 3026 1080 dictat.)
3057 1009 3294 1064 monitis
3325 1010 3546 1065 nostris
3572 1011 3856 1065 obedien-

2174 1101 2256 1154 tia
2282 1101 2709 1171 praebeatur,ut
2732 1103 2882 1157 bona
2905 1099 3103 1155 omnia
3125 1103 3319 1154 vestra
3342 1100 3692 1170 respublica
3716 1117 3850 1156 con-

2173 1195 2472 1259 sequatur,
2505 1189 2658 1245 sicut
2687 1190 2746 1245 in
2780 1191 2972 1245 Exodo
3004 1189 3340 1259 promittur:
3373 1188 3719 1244 Siaudicris
3767 1207 3846 1245 ro-

2173 1294 2289 1331 cem
2320 1280 2540 1333 Domini
2559 1280 2656 1334 Dei
2683 1282 2786 1344 tui,
2819 1288 2870 1333 et
2897 1293 3021 1349 quae
3041 1279 3263 1349 placent
3291 1280 3492 1348 [eceris
3522 1295 3731 1335 coram
3769 1296 3845 1340 eo.

2172 1376 2225 1422 et
2252 1368 2525 1424 obedieris
2548 1370 2846 1440 praeceptis
2873 1369 3011 1440 ejus,
3043 1376 3095 1422 et
3121 1369 3450 1423 custodieris
3476 1384 3707 1424 omnem
3723 1370 3844 1439 jus-

2173 1457 2356 1511 titiam
2395 1460 2531 1529 ejus,
2592 1474 2808 1514 omnem
2855 1458 3263 1526 inﬁrmitatem,
3322 1474 3489 1528 quam
3543 1458 3842 1529 importari

2171 1548 2469 1617 zEgyptiis,
2501 1563 2610 1602 non
2645 1548 2947 1619 importabo
2980 1548 3039 1602 in
3060 1553 3130 1602 te.
3163 1551 3270 1616 Ego
3299 1549 3446 1600 enim
3489 1563 3618 1600 sum
3673 1549 3840 1602 Domi-

2171 1651 2277 1690 nus
2307 1638 2406 1704 gui
2428 1637 2640 1692 salvum
2662 1639 2810 1708 facio
2845 1647 2897 1692 te
2924 1639 3098 1694 Exod.
3133 1638 3174 1709 ι)
3203 1637 3272 1691 Et
3303 1634 3421 1690 illic
3449 1635 3672 1689 iterum
3715 1637 3842 1687 tuba

2174 1724 2586 1792 potentissima
2616 1726 2866 1780 canitur:
2894 1727 2954 1780 Et
2977 1744 3149 1795 nunc,
3178 1723 3376 1792 Israel,
3408 1723 3546 1794 quid
3578 1724 3841 1778 Dominus

411 1800 760 1856 ουεῐοάίθηῐῖ
794 1798 1013 1889 aliquid
1046 1802 1249 1850 contra
1280 1794 1900 1889 φαηάδῖθχίξίγίηίιδξίε
1918 1812 2062 1889 ᾨΓξθ·
2105 1812 2154 1877 Β
2183 1814 2323 1868 Deus
2352 1819 2478 1868 tuus
2497 1817 2737 1885 postulat
2762 1833 2794 1870 a
2825 1820 2873 1870 te
2901 1817 3078 1881 aliud,
3113 1794 3276 1889 quam
3315 1819 3373 1869 ut
3421 1817 3625 1870 timeas
3664 1816 3839 1870 Domi-

410 1904 664 1956 sumere,
697 1903 802 1942 nec
826 1886 1142 1956 quidquam
1169 1885 1322 1954 quod
1346 1882 1696 1956 evangelicis
1719 1883 2067 1954 proheticis-

412 1994 526 2048 que
558 1993 659 2030 seu
687 1973 1024 2045 apostolicis
1046 1971 1263 2044 regulis
1297 1973 1509 2039 obviet,
1542 1988 1732 2043 agere.
1771 1973 2062 2042 Injustum

409 2064 566 2119 enim
591 2063 884 2133 judicium
916 2068 974 2117 et
1004 2062 1269 2116 deﬁnitio
1305 2061 1544 2132 injusta,
1597 2060 1750 2132 regio
1781 2067 1941 2117 metu
1971 2064 2060 2118 vel

400 2152 958 2225 jussuajudicibus
990 2150 1257 2205 ordinata
1316 2166 1430 2204 non
1464 2148 1672 2204 valeat.
1725 2150 1840 2204 Nec
1888 2152 2059 2220 quid-

408 2259 584 2313 quam
617 2241 772 2310 quod
827 2244 1029 2293 contra
1077 2238 1494 2310 evangelicum,
1529 2245 1582 2291 et
1631 2239 2056 2309 propheticum,

407 2338 507 2388 aut
539 2330 917 2403 apostolicam
937 2331 1285 2397 doctrinam,
1311 2329 1912 2402 constitutionemque
1961 2349 2056 2387 eo-

409 2437 539 2476 rum
575 2420 694 2474 sive
725 2425 1066 2474 sanctorum
1101 2419 1337 2472 Patrum
1372 2424 1565 2472 actum
1624 2419 1819 2487 fuerit,
1853 2421 2054 2476 stabit.

407 2509 478 2563 Et
508 2509 661 2579 quod
688 2508 760 2562 ab
785 2507 1124 2562 inlidelibus
1155 2513 1256 2562 aut
1283 2507 1569 2561 haereticis
1608 2507 1827 2562 factum
1860 2509 2056 2579 fuerit,

407 2599 646 2654 omnino
678 2597 1032 2652 cassabitur.

405 2688 537 2743 CAP.
577 2687 661 2741 10.
693 2716 762 2726 —
797 2687 859 2741 Ut
882 2701 1040 2739 nemo
1067 2690 1256 2740 contra
1287 2701 1519 2740 canones
1567 2701 1677 2740 esse
1721 2696 2054 2757 praesumat.

476 2761 558 2812 Ea:
577 2758 772 2812 concit.
801 2758 1164 2824 Triburiensi,
1186 2773 1305 2826 cap.
1341 2758 1400 2810 10
1422 2758 1516 2828 (ea:
1544 2757 1808 2828 capitulis
1825 2759 2059 2815 Adriani

480 2830 689 2900 papa?)-

477 2918 636 2988 (Dist.
704 2919 780 2970 lO.
835 2933 882 2969 c.
945 2916 1416 2987 Constitutiones.)
1479 2916 1550 2971 Ut
1608 2918 2058 2975 constitutiones

403 3010 609 3060 contra
640 3022 894 3060 canones
915 3010 971 3060 et
1001 3005 1232 3060 decreta
1264 3005 1580 3076 prazsulum
1635 3006 2055 3078 Romanorum,

405 3091 494 3147 vel
529 3093 714 3148 bonos
746 3109 959 3158 mores,
994 3093 1216 3147 nullius
1249 3094 1369 3147 sint
1401 3095 1700 3148 momenti.

403 3183 533 3238 CAP.
573 3184 656 3236 11.
689 3194 759 3222 ο-λ
818 3183 891 3235 De
945 3183 1302 3253 imperatoria
1361 3183 1495 3252 lege.
1528 3184 1612 3236 Ea:
1680 3184 1911 3242 decretis

1032 3269 1205 3325 paper,
1236 3269 1354 3323 cap.
1389 3255 1439 3307 3.

470 3343 553 3414 (C.
586 3344 721 3413 Lege
768 3343 1210 3412 imperatorum.)
1242 3342 1353 3396 Lex
1379 3341 1800 3413 imperatorum
1825 3362 1940 3400 non
1973 3352 2062 3402 est

407 3449 588 3504 supra
619 3432 805 3503 legem
833 3431 953 3497 Dei,
988 3432 1086 3486 sed
1123 3433 1356 3486 subtus.

398 3525 532 3575 CAP.
574 3522 656 3574 12.
690 3550 758 3561 ——-
791 3521 1026 3587 Quando
1055 3520 1323 3575 canonica
1370 3519 1738 3585 ventilentur,
1797 3523 1908 3577 nisi
1947 3523 2058 3578 sint

470 3591 888 3716 religgisiJa-ici
908 3594 1308 3658 noaintersint.
1327 3592 1407 3645 Ea:
1427 3593 1656 3647 concilio
1679 3595 2054 3652 Cabitonensi.

474 3679 594 3716 can.

474 3679 594 3731 cap.

467 3752 710 3816 Quando
743 3767 809 3805 ea
839 3768 966 3822 qua:
1023 3752 1301 3806 canonica
1335 3756 1476 3806 sunt
1524 3752 1906 3822 ventilentur,
1961 3754 2052 3810 vel

399 3840 636 3909 quando
672 3839 962 3909 regularis
989 3841 1420 3904 examinantur,
1455 3856 1646 3911 neque
1678 3841 1908 3912 aliquos
1946 3842 2051 3896 lai-

395 3946 494 3984 cos
553 3929 862 3994 interesse,
923 3930 1034 3984 nisi
1116 3929 1444 4000 religiosos,
1503 3936 1749 4001 Oportet,
1811 3937 1866 3986 et
1938 3934 2049 3988 nisi

394 4017 502 4073 hos
533 4019 965 4086 tantummodo,
1000 4018 1099 4089 qui
1134 4019 1190 4072 in
1236 4018 1470 4090 propria
1519 4019 1892 4090 appellantur
1926 4039 2048 4093 per-

394 4124 559 4163 80118.

394 4198 524 4252 CAP.
573 4198 655 4252 13.
701 4225 756 4238 ν-
817 4198 877 4253 Ut
919 4196 1053 4251 laici
1088 4195 1314 4268 synodo,
1361 4197 1476 4250 nisi
1539 4197 1758 4252 clericis
1797 4198 2044 4267 jubenti-

466 4271 582 4336 bus,
615 4268 807 4394 d908cere
854 4284 962 4324 non
993 4269 1250 4324 audeant.
1304 4270 1386 4324 Ea
1414 4284 1562 4323 conc.
1610 4268 1929 4339 Carthagin.
1968 4289 2043 4338 ιν,

467 4356 595 4407 cap.
706 4380 719 4393 .

465 4428 619 4483 Laici
651 4429 708 4482 in
743 4429 985 4500 synodo,
1024 4429 1409 4499 prazsentibus
1465 4429 1712 4498 clericis,
1747 4430 1860 4485 nisi
1901 4431 2045 4502 ipsis

388 4517 765 4588 jubentibus,
789 4518 996 4573 docere
1027 4535 1137 4573 non
1172 4519 1448 4574 audeant.

391 4622 526 4697 Car.
560 4623 645 4678 14.
680 4624 933 4697 -ᾉριιοιί
952 4626 1188 4697 populus
1237 4624 1507 4680 docendus
1535 4627 1626 4691 sit,
1661 4642 1770 4680 non
1823 4643 2048 4697 sequen-

418 4746 426 4757 ,
461 4694 588 4752 dus.
625 4697 713 4768 Ea:
742 4694 972 4753 decretis
1006 4694 1282 4753 Ctelestini
1305 4711 1484 4768 papae,
1518 4713 1636 4768 cap.
1664 4697 1733 4750 22
1765 4694 2044 4768 (epist.m,

465 4782 588 4836 cap.
615 4767 688 4837 3).

464 4857 629 4922 (Dist,
659 4857 749 4912 6‘2.
783 4872 810 4911 c
841 4856 1154 4911 Docendus.)
1180 4856 1486 4911 Docendus
1508 4860 1597 4911 est
1630 4856 1905 4928 populus,
1931 4875 2044 4913 nun

393 4945 752 5014 sequendus,
785 4961 1002 5014 eosque
1033 4944 1082 4999 si
1117 4945 1387 4999 nesciunt
1417 4945 1558 5016 quid
1590 4946 1780 5012 liceat,
1835 4948 2047 5018 quidve

395 5047 511 5084 non
547 5031 716 5084 liceat
747 5047 1140 5097 commonere,
1187 5049 1301 5086 non
1355 5032 1444 5086 his
1496 5049 1849 5089 consensum
1902 5053 2046 5107 prae-

394 5119 530 5173 bere
573 5119 875 5174 debemus.
911 5119 1189 5191 Quisquis
1238 5138 1369 5176 vero
1403 5127 1647 5176 conatus
1708 5124 1879 5180 fuerit
1919 5130 2043 5180 ten-

391 5209 517 5262 tare
549 5206 863 5277 prohibita,
924 5211 1140 5264 sentiet
1188 5224 1500 5263 censuram
1556 5212 1898 5268 canonicam
1932 5214 2044 5268 mi-

396 5293 556 5349 nime
587 5295 944 5352 defuturam.

393 5385 526 5438 CAP.
566 5384 652 5438 15.
689 5414 756 5425 —-
783 5386 858 5440 De
887 5384 998 5441 illo
1028 5384 1656 5460 quiﬁcontrardecretum
1685 5389 1924 5460 episcopi
1955 5406 2044 5446 ve-

917 5461 1085 5512 nerit.
1120 5459 1272 5529 Greg.
1306 5457 1531 5512 dictum.

467 5541 527 5594 Si
557 5545 688 5614 quis
715 5545 940 5602 venerit
970 5552 1172 5604 contra
1201 5549 1499 5603 decretum
1531 5546 1808 5620 episcopi,
1844 5549 1914 5608 ab
1938 5555 2044 5608 Ec-

399 5627 579 5685 clesia
610 5633 936 5702 abjiciatur.

2173 1923 2309 1959 num
2340 1907 2508 1959 Deum
2539 1913 2715 1969 tuum,
2747 1913 2797 1958 et
2826 1905 3077 1959 ambules
3108 1908 3169 1959 in
3199 1904 3454 1960 omnibus
3484 1905 3593 1958 viis
3617 1909 3763 1974 ejus,
3792 1914 3839 1957 et

2172 1994 2374 2064 diligas
2395 2011 2580 2063 enum,
2612 2000 2669 2048 et
2698 1996 2903 2049 servias
2927 1994 3158 2050 Domino
3180 1995 3283 2048 Deo
3310 1997 3399 2047 tuo
3425 2009 3494 2048 ea:
3524 1997 3637 2048 toto
3665 1994 3836 2060 corde,

2172 2086 2435 2138 etextota
2464 2091 2643 2138 mente
2672 2086 2767 2137 tua
2816 2083 3096 2139 f’Custod-i
3151 2086 3426 2155 praecepta
3475 2081 3711 2136 Domini
3751 2084 3839 2137 Dei

2169 2175 2274 2237 tui,
2301 2178 2351 2226 et
2371 2172 2624 2243 justitias
2649 2189 2781 2242 quas
2803 2187 2903 2240 ego
2951 2172 3150 2226 mando
3215 2172 3326 2226 tibi
3355 2172 3540 2242 (Deut.
3596 2172 3682 2241 x.)
3717 2171 3833 2225 Haec

2170 2278 2263 2316 me
2295 2265 2708 2332 suggerentem
2752 2259 3120 2330 frequentius
3176 2275 3288 2312 non
3341 2263 3593 2328 spernat
3653 2261 3833 2328 pietas

2167 2356 2290 2412 tua,
2323 2355 2456 2403 ante
2479 2347 2680 2403 oculos
2707 2347 2925 2402 habens
2948 2346 3180 2402 Domini
3204 2348 3264 2400 in
3294 2346 3614 2417 Evangelio
3642 2350 3829 2400 verba:

2170 2441 2276 2508 Qui
2308 2455 2396 2493 vos
2419 2438 2605 2505 audit,
2639 2453 2727 2492 me
2756 2438 2913 2492 audit
2937 2457 2950 2505 ;
2985 2441 3037 2492 et
3067 2438 3164 2507 qui
3189 2452 3279 2491 vos
3302 2439 3541 2508 spernit,
3577 2453 3672 2490 me
3692 2454 3830 2508 sper-

2164 2532 2379 2596 nit,;et
2407 2530 2502 2600 qui
2555 2543 2643 2582 me
2697 2529 2928 2596 spernit,
2978 2528 3186 2597 spernit
3231 2541 3356 2580 eum
3409 2527 3508 2595 gui
3558 2543 3652 2580 me
3684 2528 3831 2583 misit

2167 2619 2314 2690 (Luc.
2348 2620 2424 2684 x.)
2466 2617 2609 2670 Nam
2641 2620 2699 2670 et
2734 2614 3044 2684 Apostolus
3076 2615 3392 2669 concinens
3421 2613 3715 2668 Salvatori
3740 2631 3829 2668 no-

2167 2707 2390 2763 stroita
2423 2705 2682 2776 loquitur
2707 2721 2720 2758 :
2750 2706 3091 2774 Quapropter
3115 2706 3214 2774 qui
3261 2703 3380 2759 haec
3425 2707 3669 2774 spernit,
3730 2721 3825 2757 non

2173 2796 2449 2851 hominem
2472 2795 2704 2864 spernit,
2737 2794 2829 2848 sed
2855 2795 3049 2858 Deum,
3085 2796 3182 2864 qui
3210 2791 3356 2846 dedit
3381 2791 3657 2862 Spiritum
3683 2810 3832 2848 suum

2165 2888 2416 2940 sanctum
2452 2885 2510 2938 in
2559 2882 2717 2938 nobis
2775 2883 2820 2953 (I
2851 2882 3023 2937 Thess.
3083 2883 3180 2952 iv).
3234 2881 3444 2936 Pectus
3505 2881 3829 2936 clementis:

2166 2980 2370 3028 vestra:
2402 2973 2725 3028 sacrarium
2759 2977 2848 3026 est
2869 2971 3113 3042 publica:
3150 2969 3463 3038 felicitatis,
3498 2975 3566 3024 ut
3613 2988 3723 3041 per
3753 2972 3828 3024 in-

2168 3062 2446 3120 stantiam
2479 3066 2759 3127 vestram,
2792 3077 2968 3131 quam
3000 3059 3158 3115 velut
3189 3058 3471 3114 vicarium
3510 3061 3826 3130 prmsidere

1960 3189 2055 3243 Ph.
2086 3179 2128 3245 ρ
2162 3154 2342 3245 jussit
2371 3152 2666 3245 in_terris,
2699 3151 3072 3245 evangelicis,
3095 3149 3555 3245 apostolicisque
3581 3168 3828 3245 princep-

2172 3244 2248 3297 tis
2283 3259 2394 3296 non
2425 3242 2573 3295 dura
2604 3239 2879 3311 superbia
2910 3239 3239 3307 resistatur,
3276 3239 3374 3293 sed
3412 3255 3515 3310 per
3548 3239 3828 3294 obedien-

2171 3332 2336 3396 tiam,
2361 3347 2486 3399 qua:
2519 3334 2658 3384 sunt
2688 3329 3012 3396 salutifera,
3046 3327 3472 3399 compleantur.

2170 3439 2400 3493 CAP.17.
2437 3469 2501 3477 —
2535 3435 2814 3492 Generalis
2847 3435 3153 3490 admonitio
3202 3451 3414 3501 regum.
3470 3435 3554 3488 Ex
3587 3437 3828 3505 Πίσων-ο

2239 3508 2419 3564 sancti
2451 3509 2710 3575 Gregorii
2755 3507 2824 3562 ad
2876 3507 3227 3562 Atdebertum
3259 3522 3443 3574 regem
3494 3509 3822 3576 Anglorum,

2237 3598 2356 3650 cap.
2390 3580 2644 3651 265(12'1).
2672 3582 2854 3649 regist.
2889 3596 2965 3646 1x,
2990 3582 3143 3649 epist.
3174 3579 3286 3648 60).

2239 3691 2475 3762 Propter
2509 3689 2615 3745 hoc
2649 3691 3022 3760 omnipotens
3054 3689 3209 3743 Deus
3243 3689 3425 3742 bonos
3460 3704 3737 3760 quosque
3758 3689 3817 3741 ad

2163 3780 2512 3850 populorum
2546 3777 2832 3847 regimina
2863 3777 3148 3848 perducit,
3175 3783 3238 3830 ut
3263 3793 3364 3848 per
3385 3792 3486 3830 eos
3515 3779 3818 3843 omnibus,

2160 3869 2378 3939 quibus
2393 3866 2610 3939 praelati
2643 3866 2877 3931 fuerint,
2895 3866 3046 3920 dona
3066 3883 3185 3922 suae
3209 3865 3816 3936 potestatis[pietatis)

2158 3957 2482 4027 impendat.
2519 3955 2678 4018 Quod
2714 3955 2771 4008 in
2809 3954 3128 4026 Anglorum
3153 3960 3321 4019 gente
3352 3954 3576 4008 factum
3605 3971 3818 4026 cogno-

2157 4045 2372 4109 vimus,
2399 4046 2490 4098 cui
2549 4049 2737 4098 vestra
2770 4043 2954 4114 gloria
3004 4043 3218 4098 idcirco
3268 4048 3355 4098 est
3388 4043 3714 4114 praeposita
3761 4049 3817 4096 ut

2155 4136 2307 4190 bona
2322 4151 2448 4204 quae
2472 4132 2635 4187 vobis
2657 4149 2936 4188 concessa
2961 4134 3318 4194 sunt.'etiam
3347 4133 3632 4198 subjectae
3658 4131 3819 4187 vobis

2156 4228 2312 4295 genti
2347 4239 2598 4294 superno
2633 4222 2910 4276 beneficio
2947 4226 3367 4276 restaurentur.
3403 4219 3473 4273 Et
3505 4219 3664 4288 ideo,
3701 4221 3816 4291 glo-

2156 4312 2306 4366 riose
2337 4312 2440 4378 fili,
2483 4327 2610 4365 eam
2671 4327 2848 4381 quam
2897 4308 3165 4380 accipisti
3227 4308 3513 4363 divinitus
3568 4311 3818 4378 gratiam

2153 4401 2402 4456 sollicita
2436 4406 2631 4454 mente
2655 4400 2903 4454 custodi.
2929 4398 3322 4452 Christianam
3351 4398 3524 4451 fidem
3553 4397 3611 4450 in
3644 4415 3822 4468 popu-

2156 4490 2228 4544 lis
2261 4491 2362 4544 tibi
2395 4489 2651 4544 subdilis
2684 4489 2994 4542 extendere
3018 4488 3251 4552 festina,
3285 4485 3472 4540 zelum
3511 4487 3820 4541 rectitudi-

2156 4579 2377 4634 nistuaa
2402 4578 2455 4630 in
2494 4594 2695 4631 eorum
2726 4575 3105 4631 conversione
3140 4574 3487 4643 multiplica,
3523 4574 3819 4629 idolorum

2155 4669 2350 4723 cultus
2381 4666 2697 4734 insequens
2729 4667 2997 4719 fanorum
3023 4664 3267 4717 aediﬁcia
3302 4667 3513 4718 everte.
3549 4664 3823 4718 Subdito-

2157 4773 2289 4811 rum
2311 4771 2505 4810 mores
2528 4755 2584 4809 in
2613 4771 2828 4825 magna
2841 4755 2972 4808 vitae
2997 4751 3291 4806 munditia
3307 4751 3824 4818 exhortando,ter-

2156 4845 2359 4914 rendo,
2394 4844 2736 4913 corrigendo
2787 4847 2843 4896 et
2898 4839 3031 4895 boni
3066 4839 3258 4911 operis.
3289 4839 3560 4909 exempla
3624 4857 3822 4894 mons-

2154 4935 2386 5001 trando,
2423 4932 2666 4997 aedifica,
2694 4936 2757 4985 ut
2787 4930 2956 4984 illum
2995 4929 3405 4984 retributorem
3438 4926 3724 4984 invenias
3775 4930 3824 4982 in

2131 5021 2298 5081 ,ccnlo
2322 5023 2491 5091 cujus
2524 5037 2733 5075 nomen
2770 5025 2944 5090 atque
2981 5018 3374 5090 cognitionem
3399 5016 3817 5073 dilataverisin

2152 5115 2330 5164 terra.
2359 5110 2486 5180 Ipse
2509 5109 2666 5164 enim
2690 5112 2892 5163 vestris
2915 5123 3152 5178 quoque
3179 5105 3376 5178 glorizo
3411 5122 3636 5161 nomen
3660 5106 3824 5161 etiam

2155 5199 2405 5269 posteris
2429 5197 2748 5268 gloriosius
2772 5197 2975 5251 reddet
2993 5196 3165 5263 cuius
3195 5211 3296 5248 vos
3319 5194 3610 5249 honorem
3631 5194 3825 5266 qumri.

2155 5289 2231 5342 tis
2263 5293 2319 5343 et
2360 5287 2606 5341 servatis
2637 5286 2694 5340 in
2728 5285 3026 5357 gentibus.
3087 5284 3180 5339 Sic
3209 5283 3364 5337 enim
3408 5282 3827 5338 Constantinus

2156 5377 2450 5446 quondam
2472 5375 2782 5443 piissimus
2802 5376 2876 5428 im
2892 5367 3145 5446 pcratOr,
3168 5373 3496 5427 Romanam
3515 5371 3829 5445 rempubli-

2157 5480 2286 5518 cam
2315 5481 2347 5516 a
2382 5465 2672 5534 perversis
2706 5464 2996 5519 idolorum
3023 5462 3280 5518 cultibus
3298 5478 3605 5530 revocans,
3639 5461 3824 5517 omni-

2157 5553 2382 5625 potenti
2415 5554 2526 5609 Deo
2583 5553 2831 5609 Domino
2894 5558 3094 5608 nostro
3150 5551 3292 5607 Jesu
3348 5549 3586 5606 Christo
3634 5566 3826 5607 secum

2159 5642 2449 5712 subdidit,
2487 5658 2668 5714 seque
2697 5660 2832 5698 cum
2865 5642 3145 5713 subjectis
3179 5639 3413 5713 p0pulia
3444 5643 3574 5696 tota
3600 5641 3676 5696 ad
3700 5657 3826 5698 eum
