4000 6060
239 297 348 351 905

1185 302 1501 357 DECRETI
1542 302 1723 355 PARS
1762 301 1909 354 XVI.
1944 327 2011 337 —-
2054 300 2150 352 DE
2188 300 2491 355 OFFICIIS
2527 300 2710 354 LAIC.

3543 299 3649 354 906

236 426 432 479 mente
484 424 787 479 convertit.
820 423 987 480 Unde
1030 425 1250 481 factum
1283 431 1371 481 est
1401 432 1465 481 ut
1511 427 1892 498 antiquorum
1923 427 1977 494 Α
2008 427 2107 480 sed
2144 442 2422 481 mansura
2470 425 2527 479 in
2579 427 2927 496 perpetuum
2981 425 3285 495 praesentis
3332 424 3461 480 vitae
3513 427 3648 481 ﬁnis

234 513 571 584 principum
604 529 817 570 nomen
853 515 978 570 suis
1000 515 1086 569 vir
1111 514 1208 570 ille
1239 515 1513 571 laudibus
1532 515 1806 582 vinceret,
1830 520 1887 570 et

234 607 402 658 tanto
432 603 491 656 in
524 602 798 674 opinione
820 605 1278 675 praedecessores
1299 622 1460 674 suos,
1495 609 1713 675 quanto
1745 610 1800 659 et
1827 604 1883 659 in

235 693 388 748 bono
420 708 593 764 opere
623 697 946 764 superaret.
982 694 1048 748 Et
1078 710 1235 749 nunc
1264 697 1459 765 itaque
1480 701 1671 750 vestra
1702 693 1888 764 gloria

234 782 632 854 cognitionem
665 784 841 839 unius
877 783 973 839 Dei
1008 784 1217 851 Patris,
1264 789 1321 839 et
1350 786 1497 850 Filii,
1530 790 1587 839 et
1631 784 1883 854 Spiritus

234 872 422 927 sancti
457 873 693 944 regibus
724 889 787 927 ac
822 873 1056 944 populis
1079 873 1317 929 sibimet
1347 874 1629 944 subjectis
1653 873 1887 928 festinet

231 961 567 1027 infundere,
595 966 660 1016 ut
691 967 746 1016 et
769 962 1036 1033 antiquos
1057 964 1250 1034 gentis
1276 979 1394 1018 sus:
1422 979 1587 1034 reges
1609 961 1885 1018 laudibus

236 1067 303 1106 ac
327 1051 845 1117 meritistranseat,
870 1058 926 1106 et
948 1057 1167 1123 quanto
1192 1053 1247 1106 in
1268 1052 1545 1123 subjectis
1566 1052 1687 1107 suis
1710 1052 1885 1106 etiam

236 1140 428 1195 aliena
466 1145 701 1212 peccata
732 1142 1059 1208 deterserit,
1109 1146 1273 1197 tanto
1306 1142 1481 1197 etiam
1513 1143 1584 1195 de
1631 1142 1885 1213 peccatis

233 1230 490 1301 propriis
512 1233 645 1285 ante
674 1230 1091 1301 omnipotentis
1114 1230 1215 1286 Dei
1246 1230 1505 1286 terribile
1526 1247 1767 1286 examen
1793 1248 1884 1285 se-

234 1320 430 1376 curior
458 1320 578 1374 fiat.
612 1320 787 1375 Paulo
810 1324 949 1388 post.
985 1321 1265 1376 Praeterea
1294 1320 1441 1376 scire
1470 1326 1720 1375 vestram
1756 1322 1882 1391 glo-

233 1409 383 1463 riam
415 1407 708 1474 volumus,
732 1410 870 1479 quia
895 1408 1048 1464 sicut
1072 1410 1127 1463 in
1152 1411 1457 1481 Scriptura
1480 1426 1647 1465 saera
1668 1426 1735 1464 ex
1756 1426 1883 1464 ver-

230 1497 323 1553 bis
382 1497 607 1553 Domini
654 1498 1075 1568 omnipotentis
1116 1500 1517 1569 agnoscimus,
1577 1499 1883 1569 praesentis

229 1587 439 1643 mundi
466 1588 593 1657 jam
632 1589 925 1642 terminus
958 1589 1127 1657 juxta
1158 1593 1270 1656 est,
1310 1593 1367 1641 et
1410 1592 1747 1643 sanctorum
1796 1606 1881 1643 re-

233 1691 418 1748 gnum
468 1680 778 1730 venturum
810 1683 922 1743 est,
971 1677 1126 1747 quod
1180 1676 1339 1733 nullo
1373 1694 1627 1748 unquam
1673 1678 1884 1747 poterit

234 1766 348 1819 ﬁne
392 1764 568 1819 finiri.
621 1765 1139 1863 Appropinquante
1187 1770 1383 1820 autem
1419 1766 1619 1821 eodem
1676 1766 1881 1820 mundi
1914 1799 1959 1863 Β

231 1854 508 1921 termino,
542 1852 729 1907 multa
757 1852 1088 1921 imminent,
1118 1870 1246 1924 qua:
1278 1858 1450 1910 antea
1478 1871 1589 1909 non
1621 1855 1875 1921 fuerunt,

230 1942 505 1997 videlicet
534 1941 980 1996 immutationes
1012 1942 1185 2000 aeris.
1220 1947 1591 2014 terroresque
1621 1944 1693 1997 de
1714 1942 1876 2010 cmlo,

231 2036 289 2087 et
318 2038 519 2085 contra
549 2031 978 2085 ordinationem
1027 2031 1341 2102 [ordinem]
1372 2036 1701 2102 temporum
1732 2036 1879 2086 tem-

230 2124 506 2191 pestates,
542 2118 715 2180 bella.
752 2120 956 2185 fames,
982 2120 1348 2189 pestilentiae,
1372 2124 1739 2175 terraemotus
1782 2138 1881 2191 per

226 2210 357 2265 loca
377 2210 587 2277 (Matth.
622 2226 790 2275 xxrv;
824 2214 949 2264 Luc.
981 2215 1135 2279 xxr);
1171 2227 1297 2281 quae
1325 2214 1522 2265 tamen
1547 2227 1658 2265 non
1685 2212 1882 2266 omnia

225 2300 449 2355 nostris
479 2300 689 2354 diebus
719 2304 969 2353 ventura
999 2305 1160 2366 sunt,
1196 2299 1294 2354 sed
1328 2304 1459 2370 post
1493 2306 1727 2354 nostros
1758 2301 1881 2355 dies

221 2390 687 2460 subsequentur.
723 2387 837 2441 Vos
870 2388 1069 2458 itaque
1110 2390 1159 2443 si
1196 2406 1310 2459 qua
1338 2405 1405 2443 ex
1438 2389 1529 2443 his
1563 2390 1789 2443 evenire
1822 2390 1880 2443 in

219 2484 376 2534 terra
419 2483 613 2533 vestra
664 2476 1041 2549 cognoscitis,
1074 2477 1237 2531 nullo
1260 2479 1432 2533 modo
1463 2483 1719 2531 vestrum
1754 2478 1880 2532 ani-

229 2585 393 2623 mum
444 2566 819 2639 perturbetis,
852 2567 991 2637 quia
1039 2567 1255 2621 idcirco
1290 2566 1407 2621 haec
1448 2567 1620 2637 signa
1663 2568 1734 2621 de
1768 2568 1878 2621 ﬁne

220 2657 419 2713 sreculi
465 2658 922 2728 preinittuntur,
970 2660 1033 2709 ut
1072 2656 1142 2710 de
1182 2655 1492 2709 animabus
1530 2656 1747 2711 nostris
1778 2657 1880 2709 de-

222 2748 475 2803 beamus
519 2762 647 2801 esse
679 2743 937 2811 solliciti,
973 2748 1029 2799 et
1076 2744 1147 2799 de
1190 2745 1391 2799 mortis
1424 2744 1567 2799 hora
1598 2744 1877 2815 suspecti,

225 2840 291 2891 ut
341 2840 586 2891 venturo
634 2833 829 2890 Judiei
886 2832 947 2887 in
1006 2833 1177 2889 bonis
1221 2833 1450 2889 actibus
1512 2832 1878 2888 inveniamur

230 2923 562 2996 praeparati.

224 3112 356 3165 CAP.
393 3108 479 3162 18.
516 3136 583 3148 —-
632 3105 761 3161 Alia
792 3105 1093 3160 admonitio
1140 3106 1478 3177 principum.
1512 3110 1604 3160 Ex
1634 3108 1875 3175 Registro

296 3178 571 3249 Gregorii,
631 3181 701 3232 ad
756 3180 1035 3234 Iustinum
1085 3188 1379 3248 praetorem
1416 3178 1649 3244 Siciliae,
1685 3196 1804 3249 cap.
1837 3182 1872 3233 2

295 3252 415 3322 (tib.
448 3267 466 3305 ι
500 3251 712 3321 regist.,
743 3266 829 3319 ep.
863 3250 938 3315 2).

296 3399 456 3465 Quod
482 3398 685 3470 lingua
708 3398 990 3470 loquitur,
1015 3400 1875 3472 attestaturconscientia,quia

221 3490 450 3543 dudum
474 3505 595 3554 vos,
620 3492 678 3542 et
702 3488 925 3542 nullius
947 3488 1873 3560 dignitatisoccupationibusim-

224 3577 491 3648 plicatos,
520 3577 770 3632 multum
796 3576 973 3632 dilexi
999 3577 1371 3647 multumque
1393 3587 1698 3633 veneratus
1717 3596 1873 3634 sum.

226 3673 361 3738 lpsa
399 3684 651 3737 namque
682 3668 949 3722 incessus
991 3668 1166 3721 vestri
1202 3668 1485 3721 modestia
1518 3669 1873 3739 quibusdam

225 3756 533 3812 conatibus
565 3756 832 3827 exigebat
852 3762 916 3811 ut
939 3756 1101 3827 diligi
1124 3757 1301 3811 etiam
1330 3773 1362 3811 a
1386 3755 1616 3810 nolente
1638 3756 1875 3811 debuis-

230 3850 336 3900 set.
373 3845 436 3898 Et
469 3860 601 3899 cum
628 3861 733 3899 vos
765 3847 994 3899 venisse
1017 3846 1086 3899 ad
1108 3845 1640 3899 administrandam
1664 3850 1877 3915 prretu-

231 3950 356 3988 ram
390 3933 841 4005 [praefecturamj
874 3932 1081 3987 Sicilire
1116 3934 1403 4001 audirem,
1436 3932 1603 3987 valde
1644 3933 1877 4003 gavisus

230 4038 401 4090 sum;
435 4026 490 4075 et
517 4022 653 4092 quia
684 4023 999 4093 quamdam
1028 4022 1179 4076 inter
1208 4039 1308 4076 vos
1334 4029 1509 4093 atque
1530 4020 1879 4077 ecclesiasti-

228 4127 328 4166 cos
362 4109 801 4164 simulationem
836 4110 1153 4180 subrepere
1184 4109 1461 4180 comperi,
1492 4109 1881 4163 vehementis-

234 4199 385 4254 sime
413 4198 800 4253 contristatus
831 4214 981 4253 sum.
1017 4198 1181 4251 Nunc
1226 4214 1359 4251 vero
1393 4197 1531 4269 quia
1560 4200 1616 4250 et
1646 4213 1746 4252 vos
1776 4196 1882 4250 ad-

232 4287 867 4353 ministrationiscura,
899 4292 954 4338 ot
979 4303 1069 4341 me
1086 4285 1346 4341 studium
1376 4286 1553 4357 hujus
1579 4285 1884 4356 regiminis

232 4382 501 4448 occupat,
555 4378 612 4431 in
664 4382 897 4432 tantum
948 4394 1050 4431 vos
1100 4382 1253 4432 recte
1283 4376 1527 4448 diligere
1558 4376 1887 4447 specialiter

232 4483 577 4538 possumus,
615 4467 671 4521 in
706 4471 995 4537 quantum
1028 4465 1395 4535 generalitati
1437 4465 1679 4519 minime
1713 4482 1886 4520 noce-

1994 516 2290 570 ostendat.

1993 624 2122 676 CAP.
2158 621 2245 675 19.
2298 653 2364 664 —
2395 624 2524 677 Item
2550 622 2857 676 adhortatio
2895 623 3235 691 principum.
3278 624 3372 676 Ex
3409 622 3645 691 registro

2068 692 2332 763 Gregorii,
2384 694 2452 747 ad
2501 693 2843 748 Gcnnadium
2889 693 3187 762 patricium
3225 700 3275 748 et
3321 694 3642 762 cxarchum,

2064 781 2182 835 cap.
2215 766 2289 817 72
2328 766 2447 830 (lib.
2485 783 2523 831 ι,
2555 781 2641 836 ep.
2674 766 2783 835 73).

2068 854 2174 919 (23,
2221 870 2268 924 q.
2306 854 2357 917 4,
2405 870 2450 908 c.
2485 854 2543 906 Si
2573 857 2728 922 non.)
2780 856 2835 909 Si
2890 872 3002 910 non
3034 871 3102 908 ex
3152 851 3282 907 ﬁdei
3333 854 3540 909 merito
3588 858 3645 909 et

1995 940 2341 996 Christianae
2363 942 2662 1011 religionis
2682 945 2869 1013 gratia
2888 948 3044 997 tanta
3066 942 3418 998 excellentia:
3438 948 3641 997 vestrae

1994 1030 2334 1087 bellicorum
2368 1037 2604 1086 actuum
2643 1034 2998 1103 prosperitas
3029 1031 3302 1097 eveniret,
3338 1048 3452 1086 non
3483 1050 3641 1088 sum-

1994 1136 2228 1188 mopere
2258 1121 2528 1174 miranda
2560 1121 2811 1186 fuerant,
2844 1138 2975 1176 cum
3024 1121 3281 1176 sciamus
3312 1120 3433 1175 haec
3462 1122 3639 1177 etiam

1994 1209 2254 1280 antiquis
2300 1208 2587 1263 bellorum
2640 1210 2890 1264 ducibus
2946 1210 3126 1264 fuisse
3176 1226 3475 1265 concessa.
3528 1212 3639 1266 Sed

1994 1312 2126 1351 cum
2164 1299 2411 1365 futuras,
2443 1298 2559 1352 Deo
2590 1297 2894 1369 largiente.
2944 1298 3215 1354 victorias
3264 1315 3379 1353 non
3421 1299 3641 1355 carnali

1994 1387 2375 1457 providentia,
2409 1388 2506 1442 sed
2542 1388 2728 1457 magis
2774 1387 3139 1442 orationibus
3178 1387 3529 1455 praevenitis,
3578 1390 3644 1444 fit

1994 1480 2056 1528 ut
2089 1474 2195 1530 hoc
2228 1475 2283 1528 in
2314 1479 2608 1545 stuporem
2643 1475 2856 1540 veniat,
2888 1476 3042 1546 quod
3073 1476 3258 1546 gloria
3302 1480 3495 1532 vestra
3525 1494 3639 1531 non

1993 1568 2223 1617 terreno
2246 1562 2513 1631 consilio,
2549 1563 2649 1617 sed
2677 1563 2792 1618 Deo
2818 1564 3069 1634 desuper
3090 1563 3373 1635 largiente
3395 1565 3641 1620 descen-

1991 1653 2093 1706 dat
2144 1652 2514 1723 [dispensat].
2564 1651 2669 1707 Ubi
2718 1653 2874 1706 enim
2927 1652 3265 1707 meritorum
3311 1658 3639 1710 vestrorum

1992 1739 2205 1811 loquax
2231 1741 2508 1796 discurrit
2536 1741 2755 1811 opinio,
2777 1758 2901 1811 quis
2931 1745 2987 1796 et
3008 1741 3161 1797 bella
3180 1759 3280 1797 vos
3305 1742 3642 1813 frequenter

1989 1834 2259 1899 appetere
2291 1846 2405 1884 non
2440 1828 2727 1883 desiderio
2750 1828 3030 1884 fundendi
3056 1830 3384 1901 sanguinis,
3418 1831 3519 1885 sed
3552 1831 3640 1885 di-

1993 1917 2242 1972 latandae
2274 1935 2452 1973 causa
2482 1917 2815 1988 reipublicze
2848 1918 2903 1971 in
2940 1935 3052 1988 qua
3081 1922 3258 1972 Deum
3307 1918 3417 1973 coli
3468 1936 3640 1974 cons—

1990 2007 2265 2077 picimus,
2326 2006 2604 2077 loquitur,
2667 2011 2959 2078 quatenus
3009 2006 3224 2062 Christi
3276 2024 3488 2063 nomen
3538 2025 3642 2078 per

1991 2097 2260 2151 snbditas
2302 2101 2503 2167 gentes
2554 2096 2688 2150 fidei
2739 2096 3148 2166 praedicatione
3179 2097 3642 2168 circumquaque

1992 2184 2330 2239 discurrat?
2358 2184 2519 2239 Sicut
2539 2186 2694 2239 enim
2727 2187 3013 2240 exteriora
3032 2202 3132 2241 vos
3161 2186 3441 2241 virtutum
3469 2203 3644 2256 opera

1991 2274 2316 2329 eminentes
2338 2274 2395 2329 in
2417 2276 2522 2329 hac
2544 2276 2661 2329 vita
2684 2276 3072 2340 constituunt,
3095 2276 3175 2329 ita
3197 2280 3252 2330 et
3274 2276 3641 2330 internorum

1992 2365 2245 2432 [interna
2274 2379 2526 2429 morum,
2558 2365 2720 2418 habet
2753 2364 2927 2434 Greg.]
2981 2368 3330 2419 ornamenta
3369 2381 3436 2418 ex
3469 2365 3642 2419 corde

1993 2454 2213 2507 mundo
2246 2453 2640 2523 procedentia,
2671 2452 2728 2506 in
2766 2454 2962 2507 futura
2993 2453 3109 2508 vita
3139 2452 3461 2507 rcelestium
3495 2469 3640 2523 gau-

1991 2542 2219 2597 diorum
2248 2541 2691 2612 participatione
2723 2542 3075 2612 gloriﬁcent.

1989 2650 2120 2704 CAP.
2152 2650 2242 2703 20.
2274 2681 2341 2688 —
2374 2649 2626 2715 Qualiter
2653 2649 2978 2721 studendum
3007 2652 3075 2703 sit
3118 2650 3363 2721 regibus,
3388 2649 3638 2721 sacerdo-

2062 2732 2173 2775 tum
2204 2721 2286 2775 vel
2315 2722 2512 2791 poliuti
2547 2726 2771 2789 peccata
2801 2720 3015 2774 ulcisri.
3061 2723 3141 2775 Ea:
3179 2719 3407 2791 registro
3441 2719 3635 2790 Grego-

2059 2794 2134 2846 rii
2164 2794 2231 2846 ad
2266 2792 2683 2846 Bruuichildem
2714 2796 2961 2861 reginam
2992 2798 3349 2857 Francorum,
3380 2809 3500 2862 cap.
3530 2794 3635 2862 Q72

2058 2864 2182 2934 (lib.
2216 2881 2290 2931 1x,
2324 2880 2408 2935 ep.
2441 2865 2555 2933 64).
2774 2856 2793 2861 ⁷
3340 2856 3343 2857 ν
3444 2856 3457 2862 ’
3547 2856 3568 2878 ⁸

2057 2958 2198 3007 Cum
2231 2953 2519 3023 scripturn
2553 2952 2657 3006 sit:
2691 2952 2915 3007 Iustitia
2945 2953 3117 3007 elevat
3137 2960 3372 3023 gentem,
3406 2954 3635 3009 miseros

1985 3051 2171 3096 autem
2216 3043 2357 3111 facit
2382 3042 2607 3112 papulas
2635 3052 2910 3112 peccatum
2960 3044 3143 3109 (Prov.
3190 3045 3328 3109 xxv),
3365 3046 3504 3097 tunc
3554 3058 3635 3097 re-

1904 3166 1946 3233 c
1985 3148 2167 3202 gnum
2200 3130 2449 3185 stabiliri
2499 3130 2776 3198 creditur,
2812 3148 2944 3185 cum
2979 3130 3147 3200 culpa
3178 3148 3302 3202 quae
3335 3131 3635 3202 cognosci-

1984 3229 2101 3291 tur,
2135 3222 2306 3277 citius
2329 3222 2693 3277 emendatur.
2722 3221 3039 3277 Multorum
3066 3221 3245 3293 igitur
3269 3222 3339 3276 ad
3360 3239 3466 3277 nos
3488 3222 3633 3277 rela-

1980 3312 2140 3366 tione
2185 3312 2445 3383 pervenit
2478 3312 2655 3381 (quod
2711 3312 2903 3366 dicere
2937 3312 3062 3365 sine
3095 3310 3410 3365 afﬂictione
3442 3312 3636 3368 cordis

1984 3400 2168 3454 nimia
2202 3417 2313 3453 non
2345 3399 2654 3469 valemus),
2685 3400 2765 3453 ita
2793 3401 3077 3471 quosdam
3113 3398 3443 3453 sacerdotes
3474 3400 3532 3453 in
3566 3401 3634 3453 il-

1986 3489 2057 3543 lis
2092 3488 2357 3559 partibus
2389 3488 2687 3558 impudice
2718 3504 2783 3541 ac
2815 3487 3087 3555 nequiter
3117 3488 3451 3542 conversari
3486 3492 3549 3541 ut
3578 3492 3635 3543 et

1986 3576 2187 3631 audire
2219 3576 2388 3630 nobis
2412 3576 2791 3645 opprobrium
2818 3579 2871 3629 ct
2894 3575 3270 3629 lamentabile
3301 3576 3625 3631 sitreferre.

1986 3665 2067 3719 Ne
2097 3682 2233 3732 ergo
2266 3670 2577 3734 postquam
2603 3664 2781 3732 hujus
2814 3663 3084 3734 nequitia:
3116 3663 3435 3732 hucusque
3463 3682 3524 3719 se
3546 3669 3629 3719 te-

1984 3752 2173 3807 tendit
2203 3752 2418 3820 opinio,
2438 3750 2627 3803 aliena
2659 3751 2909 3820 pravitas
2931 3755 3033 3804 aut
3056 3754 3314 3804 nostram
3342 3750 3628 3816 animam,

1987 3847 2088 3894 aut
2119 3846 2375 3894 vestrum
2410 3855 2649 3909 regnum
2688 3840 2905 3909 peccati
2939 3857 3046 3894 suo
3072 3838 3269 3910 jaculo
3319 3840 3506 3910 feriat,
3541 3859 3633 3896 ar-

1988 3933 2194 3985 denter
2223 3930 2293 3982 ad
2331 3930 2449 3983 haec
2478 3929 2759 3983 debemus
2792 3928 3126 3984 ulciscenda
3157 3946 3527 3999 consurgere,
3564 3947 3635 3986 ne

1992 4034 2311 4091 paucorum
2330 4019 2511 4071 fames
2532 4018 2847 4071 multorum
2863 4034 2991 4072 esse
3008 4018 3451 4089 possitperditio
3489 4020 3635 4073 Nam

1991 4126 2162 4163 causa
2185 4112 2323 4162 sunt
2344 4108 2525 4161 ruinae
2551 4106 2747 4177 populi
2771 4107 3101 4160 sacerdotes
3126 4106 3286 4160 mali.
3312 4107 3450 4169 Quis
3481 4109 3637 4162 enim

1993 4215 2096 4268 pro
2141 4196 2338 4268 populi
2374 4196 2621 4266 peccatis
2664 4211 2726 4248 se
2760 4194 3109 4249 intercessor
3158 4195 3419 4264 objiciet,
3468 4195 3516 4249 si
3549 4212 3642 4250 sa-

1994 4287 2199 4340 cerdos
2232 4285 2328 4355 qui
2370 4299 2606 4338 exorare
2640 4284 2942 4349 debuerat,
2978 4282 3243 4354 graviora
3276 4284 3641 4338 committat:

1995 4373 2105 4427 Sed
2142 4370 2418 4441 quoniam
2460 4387 2578 4433 eos,
2630 4386 2879 4440 quorum
2913 4376 3002 4424 est
3046 4368 3208 4425 locus
3242 4371 3359 4425 haec
3391 4371 3649 4442 insequi,

1995 4480 2103 4519 nec
2135 4461 2470 4516 sollicitudo
2499 4462 2568 4515 ad
2608 4461 3077 4532 requisitionem,
3114 4478 3216 4516 nec
3246 4461 3405 4516 zelus
3439 4463 3653 4516 excitat

247 4572 403 4610 mus.
440 4554 603 4611 Unde
636 4572 737 4626 per
780 4555 1243 4625 omnipotentem
1292 4554 1603 4609 Dominum
1640 4571 1799 4625 rogo,
1835 4555 1891 4607 in
1926 4542 1971 4605 1)
2006 4554 2074 4607 ad
2107 4552 2451 4615 vindictam,
2486 4550 2701 4621 scripta
2734 4551 2803 4604 ad
2840 4568 2945 4605 nos
2975 4556 3167 4605 vestra
3198 4551 3553 4619 discurrant,
3589 4553 3654 4604 ut

236 4646 412 4713 cujus
443 4646 748 4699 tremendo
778 4644 1002 4713 judicio
1027 4648 1358 4697 nostrorum
1383 4648 1618 4697 actuum
1646 4642 1891 4713 posituri

238 4736 524 4789 rationem
560 4750 794 4802 sumus,
831 4738 897 4787 ut
928 4734 1055 4801 ejus
1090 4735 1412 4801 respectum
1451 4747 1680 4802 semper
1712 4732 1897 4801 gloria

238 4826 435 4878 vestra
467 4826 603 4875 ante
637 4820 842 4875 oculos
894 4820 1125 4883 habeat,
1159 4824 1215 4872 et
1246 4835 1548 4889 nunquam
1578 4819 1898 4887 quodlibet,

2006 4655 2344 4713 personam,
2367 4638 2413 4691 si
2438 4639 2774 4708 praecipitis,
2801 4655 2933 4694 cum
2959 4644 3163 4694 vestra:
3185 4640 3547 4695 auctoritatis
3568 4656 3657 4693 asc

2008 4747 2185 4786 sensu
2214 4729 2717 4794 transmittamus,
2745 4747 2871 4799 quae
2895 4748 3010 4785 una
3033 4747 3164 4784 cum
3190 4731 3322 4785 aliis
3341 4732 3656 4786 sacerdoti-

2009 4822 2121 4876 bus
2155 4820 2276 4873 haec
2307 4823 2363 4873 et
2394 4819 2690 4872 subtiliter
2719 4836 2996 4890 quaerere,
3030 4826 3087 4875 et
3118 4822 3442 4875 secundum
3476 4821 3659 4875 Deum

238 4928 303 4967 ex
339 4928 456 4983 quo
490 4911 642 4965 inter
672 4928 780 4965 nos
813 4909 900 4964 vel
931 4925 1108 4980 parva
1132 4908 1424 4962 dissensio
1451 4908 1765 4976 proveniat,
1802 4908 1901 4961 ad-

242 5000 458 5055 mittat.
494 4998 671 5054 Nulla
721 5015 821 5052 vos
851 4997 1015 5053 lucra
1046 4999 1116 5051 ad
1148 4995 1503 5066 injustitiam
1541 4996 1899 5065 pertrahant.

246 5089 433 5153 Quam
469 5086 545 5142 sit
575 5088 692 5142 vita
723 5086 911 5141 brevis
934 5086 1215 5157 aspicite;
1250 5085 1320 5141 ad
1345 5100 1519 5156 quem
1549 5084 1905 5156 quandoque

242 5177 385 5230 ituri
420 5175 566 5230 estis
590 5174 880 5245 judicem,
914 5174 1011 5245 qui
1043 5174 1415 5244 judiciariam
1442 5176 1788 5244 potestatem
1806 5190 1901 5244 ge.

252 5263 405 5327 ritis,
456 5263 731 5335 cogitato.
776 5263 1032 5319 Solerter
1061 5279 1197 5333 ergo
1229 5262 1577 5316 intuendum
1632 5266 1721 5316 est
1752 5262 1906 5333 quod

252 5361 462 5407 cuncta
492 5351 657 5407 lucra
701 5352 797 5406 hic
840 5351 1250 5422 relinquimus,
1284 5356 1339 5405 et
1370 5352 1524 5406 solas
1557 5352 1910 5422 dispensati-

249 5458 455 5497 vorum
474 5439 1350 5512 [dispendiosorumllucrorum
1367 5456 1575 5494 causas
1601 5440 1907 5495 nobiseum

254 5532 327 5587 ad
354 5531 650 5601 judicium
676 5532 1077 5602 deportamus.
1100 5528 1205 5584 Illa
1229 5545 1365 5601 ergo
1392 5530 1558 5585 nobis
1587 5536 1727 5586 sunt
1750 5548 1908 5585 com-

257 5621 434 5677 moda
481 5621 814 5692 quaerenda,
856 5636 983 5692 quae.
1033 5634 1403 5691 nequaquam
1458 5635 1611 5676 mors
1662 5620 1909 5688 adimat,

2012 4911 2221 4965 debeat
2247 4909 2582 4963 emendare.
2608 4915 2722 4964 Nec
2746 4911 2898 4964 enim
2926 4913 3353 4966 dissimulanda
3378 4918 3662 4981 suntquae

2012 4999 2290 5067 dicimus,
2327 4998 2465 5067 quia
2498 4999 2598 5068 qui
2622 5001 2932 5055 emendare
2956 5005 3143 5070 potest
3174 5001 3506 5071 etnegligit,
3534 5018 3665 5072 par-

2014 5086 2253 5158 ticipem
2288 5101 2370 5156 se,
2406 5086 2609 5157 procul
2642 5087 2844 5157 dubio,
2882 5086 3074 5142 delicti
3110 5088 3429 5142 constituit.
3465 5089 3666 5143 Provi-

2016 5178 2146 5231 dete
2180 5192 2317 5246 ergo
2351 5175 2561 5230 anima:
2587 5181 2813 5243 vestrre,
2848 5177 3139 5247 providete
3166 5178 3495 5247 nepotibus,
3523 5192 3669 5246 quos

2018 5266 2231 5337 cupitis
2276 5283 2522 5337 regnare
2575 5266 2837 5333 feliciter,
2891 5266 3183 5337 providete
3234 5266 3568 5337 provinciis,
3617 5269 3674 5321 et

2020 5355 2367 5426 priusquam
2394 5358 2632 5410 Creator
2656 5362 2849 5410 noster
2882 5373 3120 5409 manum
3160 5372 3325 5409 suam
3360 5356 3427 5409 ad
3462 5354 3673 5410 ferien-

2021 5444 2158 5496 dum
2194 5444 2470 5511 excutiat,
2501 5445 2569 5497 de
2592 5444 2945 5497 correctione
2978 5443 3155 5511 hujus
3179 5442 3417 5497 sceleris
3455 5445 3682 5499 studioo

2019 5532 2254 5586 sissime
2286 5535 2561 5603 cogitate,
2596 5550 2667 5586 ne
2690 5538 2851 5585 tanto
2874 5533 3247 5603 postmodum
3283 5532 3680 5598 aeriusferiat,

2022 5625 2240 5693 quanto
2256 5622 2431 5677 modo
2452 5620 2679 5675 diutius
2696 5625 2752 5676 et
2770 5621 3089 5676 clementer
3109 5625 3430 5694 exspectat.
3462 5622 3681 5680 Scitote

582 5748 857 5808 PA'I‘BOL.
911 5746 1113 5808 CLXI.
3289 5752 3363 5808 29
