3948 6072
360 255 469 312 907

1445 251 1512 301 D.
1556 241 1798 300 IVONIS
1833 240 2334 296 CARNOTENSIS
2372 240 2695 296 EPISCOPI

3681 240 3792 296 908

361 383 561 436 autem
594 375 734 449 quia
764 389 1041 444 magnum
1066 372 1182 428 Deo
1213 374 1411 426 nostro
1433 367 1787 426 sacriﬁcium
1821 365 2010 438 placa-
2039 368 2092 433 Α
2192 364 2324 449 cilio
2341 365 2566 449 (1‘0ch
2596 379 2749 420 conc.
2782 380 2859 434 vr,
2889 379 2938 420 c.
2977 364 3064 433 12,
3093 381 3410 437 quanquam
3437 382 3552 421 non
3582 367 3794 423 iisdem

359 465 540 524 tionis
569 462 846 533 olferetis,
881 463 930 518 si
963 461 1107 517 tanti
1144 460 1334 516 labem
1375 457 1655 514 facinoris
1703 456 1776 512 de
1807 455 2015 510 vestris

363 555 540 612 citius
570 552 791 607 ﬁnibus
822 548 1167 621 amputatis.
1215 549 1356 602 Data
1385 547 1478 602 die
1511 563 1547 600 x
1577 543 1701 600 Kal.
1734 542 1899 609 Julii,
1933 541 2018 596 in-

363 643 622 699 dictione
653 658 728 696 IV.

361 768 498 838 CAP.
553 767 645 820 21.
704 794 774 806 -—
827 763 974 820 Unde
1014 778 1221 838 supra.
1296 761 1379 816 Ea:
1427 760 1676 838 regis!_r_q_
1715 757 2019 838 αφ.Τὴεο-

433 837 682 978 derigit)":
736 851 916 906 regem
973 831 1337 901 Frahcornm,
1397 847 1518 902 cap.
1579 831 1685 884 274
1741 831 1864 898 (lib.
1938 845 2015 896 ιιι,

433 927 520 978 cp.
651 951 664 964 .

433 927 520 982 cp.
548 927 664 978 ea).

435 1003 798 1061 Excellentiaa
827 1006 1031 1059 vestra;
1064 1002 1235 1057 index
1279 1001 1476 1056 cordis
1527 998 1776 1071 epistola
1805 1001 2023 1068 quanta

364 1095 424 1150 in
457 1093 622 1149 vobis
654 1091 876 1163 fulgeat
905 1107 1040 1146 cum
1073 1090 1234 1162 regia
1257 1092 1545 1160 potestate
1577 1086 1908 1159 prudentia,
1941 1084 2023 1140 ita

364 1180 647 1237 luculenti
680 1179 850 1251 copia
899 1178 1191 1234 sermonis
1238 1177 1473 1232 edocuit
1503 1181 1568 1230 ut
1614 1175 1861 1230 dubium
1893 1189 2024 1228 esse

367 1285 486 1326 non
516 1266 706 1323 valeat
733 1265 1020 1337 quidquid
1051 1263 1344 1320 laudabile
1370 1264 1438 1318 de
1459 1263 1618 1318 vobis
1647 1263 1800 1318 fama
1823 1277 2028 1326 narra;

366 1357 536 1414 verit.
567 1357 637 1411 Et
667 1355 943 1426 quoniam
975 1353 1442 1408 exhortationem
1471 1357 1730 1407 nostram
1759 1350 1900 1404 adeo
1933 1363 2022 1403 re-

371 1445 486 1518 giis
517 1443 732 1500 animis
763 1459 866 1514 per
897 1441 1090 1496 laudis
1122 1441 1576 1512 praedicamenta
1619 1437 1910 1509 placuisse
1943 1436 2022 1490 si-

373 1533 625 1607 gnastis,
659 1537 726 1588 ut
756 1530 1045 1603 quidquid
1075 1547 1108 1584 a
1140 1529 1240 1584 Dei
1273 1528 1458 1584 nostri
1481 1524 2023 1597 cultum,quidquid

374 1625 445 1679 ad
470 1622 853 1678 ecclesiarum
888 1617 1603 1688 reverentiam,quidquid
1640 1617 1710 1672 ad
1743 1616 2024 1670 honorem

2195 436 2420 507 verbis).

2197 541 2376 597 Nobis
2395 541 2573 613 igitur
2591 542 2737 597 ratio
2758 542 3056 614 persuasit
3075 542 3433 615 synodaliter
3447 544 3796 612 decernere,

2127 636 2192 688 ut
2222 632 2559 704 quicunque
2590 631 2873 688 laicorum
2901 634 3253 690 adversitate
3277 635 3531 707 propriae
3567 636 3796 708 gentis,

2127 726 2230 777 aut
2263 722 2482 792 patriis,
2514 721 2603 776 vel
2626 724 2797 793 regiae
2849 723 3153 794 potestatis
3200 724 3270 779 ad
3324 730 3557 780 exteras
3591 733 3796 796 partes

2126 827 2189 868 se
2219 811 2566 867 conferendo
2598 811 2809 866 noxius
2842 811 3038 880 fuerit,
3073 811 3228 866 ultra
3273 818 3541 884 repertus
3576 831 3789 886 perpe-

2126 906 2230 957 tua
2285 901 2363 956 sit
2427 901 3035 956 excommunicatione
3095 903 3454 973 damnatus,
3517 909 3576 960 et
3637 922 3794 960 nun-

2129 1007 2308 1063 quam
2338 990 2421 1045 illi
2454 996 2660 1061 praeter
2690 991 2749 1045 in
2783 990 2985 1046 ultimo
3018 991 3225 1047 mortis
3268 1009 3412 1060 suae,
3443 993 3795 1050 communio

2129 1079 2446 1135 tribuatur.

2130 1195 2388 1267 01313.26.
2420 1225 2489 1235 —
2523 1196 2584 1251 Ut
2640 1193 2838 1250 nullus
2867 1203 3197 1261 praesumat,
3235 1195 3496 1267 principe
3552 1196 3797 1266 vivente,

2199 1266 2380 1322 alium
2407 1266 2609 1335 eligere
2637 1283 2838 1338 regem.
2872 1268 2956 1321 Ex
2985 1267 3175 1323 eodem
3203 1266 3354 1323 conc.
3389 1273 3532 1340 (cap.
3566 1269 3686 1340 17).

2205 1366 2554 1434 Quanquam
2612 1364 2673 1419 in
2731 1364 2983 1420 concilio
3053 1365 3331 1422 anteriori
3396 1367 3467 1436 (c.
3531 1366 3590 1433 4,
3639 1382 3793 1421 conc.

2134 1455 2293 1510 Tolet.
2327 1454 2403 1526 v),
2433 1455 2589 1525 quod
2624 1471 2780 1510 anno
2824 1455 3014 1526 primo
3051 1453 3464 1527 gloriosissimi
3498 1456 3795 1527 principis

2133 1544 2320 1600 nostri
2344 1545 2612 1600 habitum
2637 1549 2747 1612 est,
2774 1546 2845 1600 de
2866 1545 3208 1615 hujusmodi
3234 1561 3294 1600 re
3318 1546 3494 1601 fuerit
3525 1545 3796 1616 promul-

2133 1638 2269 1705 gata
2293 1634 2608 1700 sententia,
2660 1638 2857 1689 tamen
2912 1633 3100 1706 placet
3147 1635 3378 1700 iterata,
3419 1635 3596 1705 juxta
3637 1635 3792 1705 quod

371 1712 664 1784 pertinere
688 1708 1046 1782 cognoscitis
1070 1708 1463 1804 sacerdotum,
1485 1706 1746 1760 studiose
1769 1704 1946 1758 statui
1968 1707 2026 1758 et
2057 1739 2104 1804 Β
2134 1704 2424 1788 “manu,
2458 1722 2774 1778 custodire.
2827 1704 3032 1794 Itaque
3090 1722 3245 1794 regis
3300 1704 3432 1777 vim
3459 1704 3794 1786 οοηειέηιθ,

369 1799 566 1857 velitis
591 1800 650 1854 in
675 1798 953 1853 omnibus
971 1794 1503 1864 custodire,itcrata
1524 1810 1628 1848 vos
1653 1810 1753 1882 per
1775 1798 2026 1882 vestram
2059 1794 2100 1804 ”
2137 1809 2340 1866 nullus
2369 1810 2481 1865 sibi
2513 1811 2713 1882 aliqua
2744 1827 2935 1882 opere,
2958 1811 3047 1866 vel
3076 1811 3518 1878 deliberatione,
3554 1827 3665 1866 seu
3701 1828 3796 1865 ου.

375 1888 707 1943 mercedem
739 1887 869 1958 [pro
915 1890 1109 1939 vestra
1159 1900 1372 1955 magna
1423 1881 1708 1952 mercede]
1755 1881 2026 1936 adhorta-

375 1979 537 2034 tione
561 1977 887 2049 pulsamus,
911 1979 977 2030 ut
997 1974 1338 2046 congregari
1364 1974 1651 2046 synodum
1671 1970 2026 2043 jubeatis.Et

379 2065 535 2122 sicut
564 2065 789 2119 dudum
821 2062 1172 2134 scripsimus
1191 2061 1515 2134 corporalia
1536 2062 1595 2116 in
1626 2059 2028 2117 sacerdotibus

377 2155 541 2222 vitia,
571 2163 626 2211 et
673 2154 1010 2210 simoniacaa
1068 2153 1306 2208 haeresis
1361 2152 1707 2224 pravitatem
1757 2152 2024 2207 omnium

375 2247 785 2318 episcoporum
817 2244 1158 2300 definitione
1179 2245 1466 2314 damnari,
1493 2250 1669 2316 atque
1690 2261 1722 2298 a
1743 2245 1906 2316 regni
1931 2261 2022 2300 ve-

370 2336 479 2392 stri
508 2335 803 2407 amputari
838 2335 1055 2390 ﬁnibus
1106 2333 1356 2399 faciatis,
1392 2349 1497 2388 nec
1542 2333 1676 2404 plus
1706 2331 1826 2388 illic
1855 2333 2020 2405 [illis]

366 2441 474 2498 per
503 2425 812 2496 pecuniam
844 2423 1107 2480 obtinere
1154 2439 1330 2494 quam
1380 2428 1668 2495 praecepta
1715 2423 2021 2480 Dominica

2126 1901 2466 1972 juscunque
2488 1900 2794 1971 dignitatis
2817 1899 3024 1970 laicus,
3052 1918 3152 1957 seu
3177 1903 3364 1974 gradu
3390 1902 3795 1974 episcopatus,

2134 1990 2509 2061 presbyterii,
2559 1999 2656 2046 aut
2705 1990 2957 2046 diacouii
3011 1996 3410 2060 consecratus,
3445 1991 3796 2062 caeterisque

2133 2077 2444 2133 clericatus
2466 2078 2677 2134 officiis
2699 2079 2954 2147 deditus,
2978 2080 3242 2134 futurum
3266 2095 3463 2152 regem
3489 2081 3796 2151 provideat

2131 2171 2336 2223 contra
2365 2167 2615 2223 viventis
2641 2168 2796 2240 regis
2817 2168 3134 2224 utilitatem
3166 2174 3225 2224 et
3246 2168 3446 2240 procul
3479 2169 3666 2224 dubio
3695 2186 3788 2223 νου

2131 2253 2441 2320 luntatem,
2473 2255 2878 2312 blandimento
2925 2257 3013 2312 vel
3042 2258 3319 2314 suasione
3372 2273 3473 2330 per
3515 2258 3785 2313 eamdem

2131 2361 2319 2416 spem,
2355 2351 2456 2400 aut
2503 2345 2650 2402 alios
2697 2345 2757 2401 in
2815 2363 2878 2402 se
2907 2346 3124 2415 trahat,
3175 2353 3279 2403 aut
3334 2347 3463 2419 ipse
3507 2347 3569 2401 in
3603 2347 3787 2402 alium

2131 2433 2486 2505 acquiescat.
2537 2435 2810 2506 Iniquum
2857 2435 3012 2491 enim
3061 2441 3120 2491 et
3148 2435 3315 2492 valde
3361 2436 3730 2492 exsecrabile
3759 2453 3791 2491 a

362 2513 714 2587 praecipiunt
742 2513 1117 2585 permittatis.
1161 2512 1306 2568 Nam
1357 2514 1501 2568 dum
1532 2512 1726 2569 omnis
1774 2514 1997 2568 avaritii

2196 2523 2478 2580 tristianis
2521 2525 2696 2580 debet
2743 2524 2947 2581 haberi
2997 2525 3175 2580 futuri
3229 2526 3508 2597 temporis
3564 2524 3790 2580 illicitis

362 2601 653 2658 idolorum
687 2601 766 2657 sit
812 2601 1066 2658 servitus
1125 2600 1262 2668 (Col.
1295 2601 1402 2672 ιιι),
1448 2601 1720 2672 quisquis
1774 2600 1925 2657 hanc
1957 2601 1997 2656 ii

2196 2613 2483 2684 ospicere,
2516 2618 2573 2668 et
2600 2614 2727 2669 vitae
2759 2631 2881 2669 suae
2913 2614 3149 2686 ignaros
3169 2620 3417 2668 ventura
3447 2614 3786 2686 disponere.

365 2693 580 2749 dandis
612 2692 932 2748 honoribus
953 2695 1010 2746 et
1033 2691 1285 2746 maxime
1306 2689 1741 2760 ecclesiasticis,
1772 2691 2017 2762 vigilan-
2128 2702 2291 2768 Quod
2329 2703 2377 2757 si
2411 2703 2729 2774 quisquam
2769 2703 2896 2773 jam
2942 2703 3082 2759 talia
3131 2702 3334 2775 iniqua
3367 2703 3793 2759 deliberatione

362 2785 470 2847 ter.
487 2797 603 2836 non
631 2785 932 2852 pracavet,
955 2777 1313 2834 inﬁdelitatis
1337 2779 1648 2850 perditioni
1680 2779 1997 2850 subjicitur

2196 2808 2262 2845 ,ω
2290 2808 2648 2863 quocunque
2668 2797 2757 2847 est
2778 2792 3124 2860 meditatus,
3147 2792 3256 2848 hoc
3278 2792 3390 2847 sibi
3413 2792 3646 2848 noverit
3668 2808 3792 2847 esse

367 2868 600 2924 θῐίεωεί
632 2873 829 2922 tenere
863 2868 1036 2922 ﬁdem
1069 2883 1245 2938 quam
1276 2865 1522 2937 neglig"-
1540 2866 1832 2922 νίάθειῖυτ·
1857 2867 2022 2922 Sicut
2129 2878 2479 2934 sacerdotali
2503 2879 2903 2935 moderamine
2926 2897 3296 2946 concessum,
3323 2885 3388 2934 ut
3410 2879 3458 2934 si
3483 2879 3793 2935 venialiter

369 2971 507 3029 ergo
540 2961 742 3012 contra
773 2956 1088 3012 exteriores
1137 2954 1359 3021 hostes,
1408 2954 1491 3010 ita
1537 2972 1773 3028 quoque
1821 2963 1997 3011 contra

2196 2967 2339 3034 ιιιεὶι,
2372 2968 2482 3024 hoc
2516 2967 2643 3023 sine
2674 2984 2838 3023 mora
2886 2968 3192 3039 praesentis
3223 2967 3508 3041 principis
3539 2966 3789 3024 auribus

362 3043 675 3100 interiores
699 3044 1031 3100 animarum
1061 3043 1427 3098 adversarios
1451 3045 1685 3099 studete
1705 3061 1832 3099 esse
1855 3044 2018 3099 solli-

2130 3058 2364 3112 studeat
2395 3057 2712 3128 publicare.
2736 3056 2792 3111 Si
2815 3061 3008 3112 autem
3033 3057 3301 3123 obticeat,
3324 3063 3381 3112 et
3409 3056 3790 3112 deliberatio-

364 3133 488 3200 oiti,
525 3137 589 3188 ut
613 3149 713 3204 per
733 3132 842 3187 hoc
864 3133 1020 3204 quod
1044 3131 1144 3186 Dei
1171 3131 1352 3187 nostri
1378 3131 1635 3187 inimicis
1660 3132 1910 3188 fideliter
1929 3149 1997 3187 rei

2196 3105 2363 3112 ---η
2395 3105 2712 3128 ,__--__--.
2737 3105 2792 3111 -_
2816 3105 3008 3112 __--_-
3036 3105 3301 3123 --νη-η
3327 3105 3381 3112 --
3413 3105 3755 3112 _-_-_-__-_-

2196 3163 2222 3200 s
2245 3163 2364 3202 suis
2389 3145 2867 3202 machinamenta
2888 3145 3143 3203 noluerit
3163 3145 3648 3218 dicere,pessimo
3670 3145 3789 3218 ple-

367 3226 754 3295 pugnatur,et
773 3221 868 3276 hic
888 3219 1138 3276 ﬁdeliter
1155 3219 1338 3288 ipsius
1362 3222 1718 3290 protectione
1739 3222 2014 3293 regnetis,

365 3316 424 3370 et
453 3311 526 3367 ad
557 3315 774 3367 eterna
802 3310 1172 3382 postmodum
1204 3308 1440 3380 gaudia,
1475 3309 1606 3380 ejus
1628 3309 1773 3366 duce
1803 3311 2013 3382 gratia.

362 3401 643 3460 veniatis.

360 3507 492 3565 CAP.
525 3508 619 3563 22.
650 3538 719 3548 —
751 3505 898 3574 Quod
936 3506 1239 3560 multorum
1273 3506 1516 3561 solamen
1549 3508 1640 3571 sit,
1673 3505 1723 3562 si
1764 3507 2010 3576 pruden-

429 3585 510 3635 tes
538 3579 650 3634 viri
680 3579 895 3650 regibus
925 3577 1264 3634 adhaereant.
1308 3579 1405 3650 Ex‘
1441 3581 1681 3646 registro
1731 3578 2009 3650 Gregorii,

429 3652 501 3722 ad
526 3647 961 3722 Asclepiodotum
1013 3650 1314 3722 patricium
1371 3647 1674 3720 Gallorum,
1726 3647 1858 3720 cap:
1903 3653 2007 3706 271

433 3720 555 3793 (lib.
582 3737 684 3788 xu,
715 3738 802 3792 ep.
839 3721 950 3790 17).

437 3819 764 3875 Prudentes
793 3819 950 3874 viros
999 3817 1178 3888 (sicut
1221 3819 1384 3888 estis)
1432 3818 1669 3889 regibus
1715 3819 2013 3877 adhaerere

364 3909 689 3966 multorum
722 3907 980 3964 solamen
1014 3913 1122 3962 est.
1148 3907 1289 3962 Nam
1321 3909 1461 3962 dum
1492 3909 1752 3977 praestari
1785 3911 1894 3965 sibi
1929 3911 2011 3967 lo-

361 4015 494 4054 cum
516 3999 587 4054 ad
609 3997 819 4054 animm
839 3998 1043 4051 datum
1078 3995 1391 4051 utilitatem
1417 3996 2006 4066 intelligunt,certum

357 4093 447 4144 est
477 4088 617 4159 quia
649 4085 938 4144 mercedis
969 4101 1177 4142 causas
1201 4085 1368 4154 alias,
1404 4085 1505 4140 ubi
1527 4085 1857 4153 inveniunt,
1893 4105 2007 4144 non

357 4182 729 4250 praeponunt.

353 4304 484 4357 CAP.
515 4301 605 4355 23.
639 4330 708 4340 —-
741 4301 803 4372 Ut
840 4315 1031 4372 regum
1077 4297 1391 4354 adversarii
1436 4299 2002 4360 cxcommuniccntur.

430 4375 512 4427 Ba:
539 4371 780 4427 concilio
811 4371 960 4442 apud
989 4372 1350 4435 Lauriacum,
1380 4385 1503 4441 cap.
1551 4371 1613 4424 14
1643 4373 1781 4442 (cap.
1818 4374 1894 4444 3).

2125 3239 2321 3291 otatur
2351 3236 2750 3290 anathemate.

2125 3347 2260 3404 CAP.
2293 3350 2384 3404 27.
2414 3381 2481 3390 —
2509 3321 2573 3407 Ut
2603 3366 2760 3406 nemo
2794 3350 3048 3406 intendat
3078 3353 3138 3404 in
3170 3351 3466 3406 interitum
3498 3354 3672 3422 regis.
3709 3353 3792 3406 Ex

2193 3423 2380 3476 eodem
2406 3421 2600 3560 (Soncil.
2660 3439 2738 3485 vx,
2795 3438 2914 3494 cap.
2944 3424 3040 3497 κ
3092 3422 3236 3495 (cap.
3299 3423 3417 3478 2e!
3475 3423 3510 3477 3
3544 3421 3788 3479 Toletan.

2194 3509 2342 3548 conc.
2383 3509 2418 3548 v
2450 3534 2462 3548 .

2192 3593 2322 3648 Jam
2356 3593 2593 3664 quidem
2617 3592 2675 3646 in
2698 3591 3077 3648 antecedente
3107 3590 3426 3646 universali
3453 3592 3685 3664 synodo
3707 3609 3788 3647 sa-

2123 3681 2230 3738 luti
2259 3687 2591 3737 nostrorum
2623 3681 2958 3753 principum
2989 3685 3222 3736 constat
3253 3697 3380 3736 esse
3415 3681 3788 3749 consultum,

2122 3771 2222 3825 sed
2256 3769 2397 3824 libet
2429 3769 2638 3825 iterare
2673 3769 2815 3824 bene
2847 3769 3095 3835 sancita,
3129 3774 3186 3826 et
3223 3770 3403 3842 digna
3435 3770 3792 3825 auctoritate

2122 3859 2353 3913 munire
2384 3857 2700 3913 salubriter
2745 3858 3036 3913 ordinata.
3082 3859 3332 3930 Ideoque
3377 3864 3787 3914 contestamur

2120 3964 2315 4002 coram
2349 3947 2487 4013 Deo,
2519 3951 2576 4002 et
2604 3945 2765 4001 omni
2792 3947 2996 4003 ordine
3027 3947 3393 4018 angelorum,
3416 3963 3617 4003 coram
3657 3965 3791 4020 pro-

2119 4037 2426 4106 phetarum
2443 4040 2619 4108 atque
2637 4036 3153 4108 apostolorum,vel
3170 4037 3434 4092 omnium
3453 4041 3780 4110 martyrum

2119 4127 2316 4193 choro,
2342 4141 2537 4181 coram
2563 4125 2722 4181 omni
2751 4123 3005 4182 Ecclesia
3027 4125 3316 4181 catholica
3337 4129 3395 4182 et
3413 4125 3782 4182 Christiano-

2117 4232 2247 4270 rum
2281 4218 2452 4280 coetu,
2486 4221 2547 4268 ut
2580 4230 2750 4269 nemo
2784 4213 3128 4269 intendatin
3152 4214 3459 4270 interitum
3485 4215 3776 4286 regis,ne-

2116 4321 2210 4360 mo
2243 4303 2421 4359 vitam
2451 4303 2732 4375 principis
2764 4319 2902 4358 nece
2925 4307 3212 4370 attrectet,
3241 4320 3412 4359 nemo
3445 4303 3615 4376 regni
3656 4319 3790 4359 eum

2113 4391 2529 4464 gubernaculis
2552 4392 2757 4463 privet,
2782 4407 2953 4447 nemo
2981 4393 3283 4465 tyrannica
3314 4392 3782 4465 praeumptione

428 4467 484 4522 Si
518 4467 651 4538 quis
681 4467 952 4538 potestati
985 4468 1156 4538 regiae
1190 4468 1340 4539 (quae
1373 4484 1483 4521 non
1518 4475 1626 4532 est,
1655 4471 1823 4538 juxta
1855 4474 1997 4542 Apo-

2196 4483 2338 4538 icem
2373 4483 2535 4554 regni
2559 4483 2670 4538 sibi
2693 4488 2958 4553 usurpet,
2986 4500 3159 4540 nemo
3183 4484 3446 4556 quolibet
3469 4483 3789 4538 machina-

365 4554 610 4624 gtolum,
645 4554 761 4610 nisi
793 4572 826 4612 a
856 4555 973 4610 Deo
1001 4555 1176 4627 [Rom.
1210 4556 1336 4626 xui]
1366 4559 1698 4612 contumaci
1730 4564 1786 4613 et
1816 4559 2018 4615 inﬂato

367 4643 585 4714 spiritu
618 4643 1017 4698 contradicere
1049 4642 1136 4699 vel
1167 4643 1438 4698 resistere
1472 4648 1930 4717 praesumpserit,
1963 4654 2020 4703 et

363 4732 494 4801 ejus
546 4731 728 4802 justis
785 4735 845 4786 et
911 4730 1298 4787 rationalibus
1366 4732 1630 4802 imperiis
1688 4737 2016 4792 secundum

363 4821 547 4877 Deum
578 4825 634 4876 et
665 4820 1077 4875 auctoritatem
1109 4819 1568 4877 ecclesiasticam
1611 4823 2017 4897 obtemperare

364 4911 638 4982 noluerit,
669 4908 1214 4966 anathematizetur.

361 5042 495 5096 CAP.
528 5069 597 5081 —-
624 5039 716 5095 24.
748 5067 817 5078 -
845 5038 920 5093 De
951 5035 1069 5091 illi:
1099 5038 1195 5106 qui
1223 5038 1476 5108 principi
1500 5055 1611 5095 non
1642 5040 2018 5100 obediunt.Ex

916 5109 1152 5165 concilio
1185 5109 1456 5164 Toletano.

428 5211 491 5266 In
523 5207 672 5266 libro
705 5209 930 5282 Regum
953 5206 1206 5279 legitur:
1237 5205 1344 5272 Qui
1388 5222 1503 5261 non
1544 5207 1827 5266 obedierit
1854 5215 2013 5284 prin-

356 5299 493 5372 cipi,
529 5303 717 5354 morte
748 5297 1033 5354 moriatur
1061 5296 1106 5369 (Ι
1139 5297 1261 5367 Reg.
1307 5296 1482 5365 XXVI).
1517 5298 1578 5350 In
1629 5299 1874 5356 concilio
1907 5320 2015 5359 au-

359 5393 476 5445 tem
510 5389 828 5460 Agathensi
863 5387 1205 5460 prmcipitur
1235 5392 1299 5441 ut
1329 5386 1882 5446 anathematizetur.

361 5496 499 5552 CAP.
527 5498 618 5552 25.
649 5528 720 5571 -—_
755 5498 822 5551 De
852 5494 1089 5571 illis_q_ui
1119 5495 1181 5571 in
1201 5493 1534 5571 adversi/ate
1546 5498 1796 5571 Βνορνίξε
1809 5504 2012 5571 gentis,

436 5571 532 5622 aut
559 5567 761 5638 patrie
787 5565 1092 5640 culpabiles
1124 5565 1504 5624 inveniuntur.
1538 5567 1622 5622 Ea:
1652 5565 1847 5625 eodem
1876 5565 2015 5630 con;

2129 4583 2325 4628 mento
2383 4572 2442 4626 in
2502 4573 2632 4640 ejus
2689 4572 3100 4628 ndversitatem
3159 4573 3273 4628 sibi
3341 4573 3794 4643 conjuratorum

2128 4677 2369 4716 manum
2403 4661 2674 4718 associet.
2708 4663 2868 4726 Quod
2919 4663 2967 4718 si
3003 4663 3062 4716 in
3095 4664 3322 4734 copiam
3379 4663 3592 4718 horum
3627 4661 3797 4734 quis-

2127 4765 2302 4822 quam
2363 4757 2700 4807 nostrorum
2778 4752 3089 4807 temerario
3170 4769 3319 4808 ausu
3397 4756 3798 4823 praesumptor

2126 4840 2438 4910 exstiterit,
2497 4840 2868 4895 anathemate
2917 4840 3114 4895 divino
3171 4857 3515 4912 percussus,
3568 4841 3796 4911 absque

2128 4929 2249 4986 ullo
2282 4929 2527 4986 remedii
2583 4929 2708 4986 loco
2758 4929 3049 4985 habeatur
3105 4931 3537 4987 condemnatus
3569 4935 3792 4986 eterna

2118 5019 2371 5092 judicio.

2127 5134 2270 5190 CAP.
2304 5135 2394 5191 28.
2427 5165 2494 5175 —
2526 5135 2600 5190 De
2631 5134 2881 5203 ﬁdelibus
2902 5151 3118 5262 regam.
3142 5137 3238 5192 Ea:
3255 5134 3452 5193 eodem
3481 5136 3691 5193 concil.
3715 5153 3790 5205 vx,

2833 5223 2953 5262 can.
3063 5249 3075 5262 .

2833 5223 2953 5278 cap.
2989 5223 3075 5262 14.

2194 5304 2445 5360 Proinde
2460 5307 2688 5360 utanno
2703 5304 2893 5377 primo
2908 5305 3279 5362 serenissimi
3301 5304 3595 5378 principis
3607 5304 3793 5362 nostri

2123 5393 2376 5448 decrevit
2402 5393 2718 5448 concilium
2752 5399 3026 5451 sanctum
3059 5397 3200 5466 (cap.
3232 5396 3288 5461 5,
3319 5410 3471 5452 conc.
3509 5396 3680 5452 Tolct.
3712 5397 3794 5465 v),

2124 5499 2329 5538 omnes
2361 5483 2459 5554 qui
2493 5500 2594 5554 pro
2630 5483 2786 5539 ﬁdeli
2831 5485 3138 5557 obsequio,
3187 5489 3246 5541 et
3283 5484 3518 5541 sincero
3548 5485 3791 5542 servitio

2122 5571 2527 5631 voluntatibus
2555 5572 2642 5629 vel
2662 5573 2847 5644 jussis
2869 5575 3171 5648 paruerint
3199 5573 3510 5648 principis,
3541 5579 3795 5648 totaque
