  <div class='ocr_page' id='page_1' title='image "/cluster/home/n/w/nwhite01/storage/ocr_20150623/161/hvd.32044054760194/500.png"; bbox 0 0 4000 6060; ppageno 0'>
   <div class='ocr_carea' id='block_1_1' title="bbox 140 293 249 349">
    <p class='ocr_par' dir='ltr' id='par_1_1' title="bbox 140 293 249 349">
     <span class='ocr_line' id='line_1_1' title="bbox 140 293 249 349; baseline 0 -1"><span class='ocrx_word' id='word_1_1' title='bbox 140 293 249 349; x_wconf 91' lang='grc'>909</span> 
     </span>
    </p>
   </div>
   <div class='ocr_carea' id='block_1_2' title="bbox 1094 295 2607 351">
    <p class='ocr_par' dir='ltr' id='par_1_2' title="bbox 1094 295 2607 351">
     <span class='ocr_line' id='line_1_2' title="bbox 1094 295 2607 351; baseline 0.001 -3"><span class='ocrx_word' id='word_1_2' title='bbox 1094 296 1405 350; x_wconf 79' lang='lat' dir='ltr'>DECRETI</span> <span class='ocrx_word' id='word_1_3' title='bbox 1447 295 1631 349; x_wconf 84' lang='lat' dir='ltr'>PARS</span> <span class='ocrx_word' id='word_1_4' title='bbox 1666 295 1816 348; x_wconf 83' lang='lat' dir='ltr'>XVI.</span> <span class='ocrx_word' id='word_1_5' title='bbox 1851 322 1917 333; x_wconf 86' lang='lat'>—-</span> <span class='ocrx_word' id='word_1_6' title='bbox 1948 295 2041 347; x_wconf 85' lang='lat' dir='ltr'><strong>DE</strong></span> <span class='ocrx_word' id='word_1_7' title='bbox 2083 295 2388 351; x_wconf 83' lang='lat' dir='ltr'>OFFICIIS</span> <span class='ocrx_word' id='word_1_8' title='bbox 2428 297 2607 350; x_wconf 75' lang='lat' dir='ltr'>LAIC.</span> 
     </span>
    </p>
   </div>
   <div class='ocr_carea' id='block_1_3' title="bbox 3449 293 3559 349">
    <p class='ocr_par' dir='ltr' id='par_1_3' title="bbox 3449 293 3559 349">
     <span class='ocr_line' id='line_1_3' title="bbox 3449 293 3559 349; baseline 0 -1"><span class='ocrx_word' id='word_1_9' title='bbox 3449 293 3559 349; x_wconf 90' lang='grc'>910</span> 
     </span>
    </p>
   </div>
   <div class='ocr_carea' id='block_1_4' title="bbox 143 421 3558 497">
    <p class='ocr_par' dir='ltr' id='par_1_4' title="bbox 143 421 3558 497">
     <span class='ocr_line' id='line_1_4' title="bbox 143 421 3558 497; baseline 0 -16"><span class='ocrx_word' id='word_1_10' title='bbox 143 423 469 481; x_wconf 81' lang='lat' dir='ltr'>intentione</span> <span class='ocrx_word' id='word_1_11' title='bbox 499 423 708 480; x_wconf 88' lang='lat' dir='ltr'>salutis</span> <span class='ocrx_word' id='word_1_12' title='bbox 748 424 896 495; x_wconf 86' lang='lat' dir='ltr'>ejus,</span> <span class='ocrx_word' id='word_1_13' title='bbox 929 422 1254 479; x_wconf 83' lang='lat' dir='ltr'>custodiam</span> <span class='ocrx_word' id='word_1_14' title='bbox 1292 422 1379 479; x_wconf 85' lang='lat' dir='ltr'>vel</span> <span class='ocrx_word' id='word_1_15' title='bbox 1434 421 1795 493; x_wconf 79' lang='lat' dir='ltr'>vigilantiam</span> <span class='ocrx_word' id='word_1_16' title='bbox 1828 424 1879 490; x_wconf 81' lang='grc' dir='ltr'><strong>Α</strong></span> <span class='ocrx_word' id='word_1_17' title='bbox 1914 422 2074 478; x_wconf 90' lang='lat' dir='ltr'>furor</span> <span class='ocrx_word' id='word_1_18' title='bbox 2104 424 2213 479; x_wconf 84' lang='lat' dir='ltr'>sibi</span> <span class='ocrx_word' id='word_1_19' title='bbox 2250 423 2329 479; x_wconf 90' lang='lat' dir='ltr'>nil</span> <span class='ocrx_word' id='word_1_20' title='bbox 2362 424 2637 481; x_wconf 85' lang='lat' dir='ltr'>vindicat.</span> <span class='ocrx_word' id='word_1_21' title='bbox 2671 424 3096 497; x_wconf 80' lang='lat' dir='ltr'>Restringenda</span> <span class='ocrx_word' id='word_1_22' title='bbox 3143 439 3282 497; x_wconf 87' lang='lat' dir='ltr'>ergo</span> <span class='ocrx_word' id='word_1_23' title='bbox 3326 426 3435 482; x_wconf 92' lang='lat' dir='ltr'>sub</span> <span class='ocrx_word' id='word_1_24' title='bbox 3467 443 3558 482; x_wconf 87' lang='lat' dir='ltr'>ra-</span> 
     </span>
    </p>
   </div>
   <div class='ocr_carea' id='block_1_5' title="bbox 147 512 1796 584">
    <p class='ocr_par' dir='ltr' id='par_1_5' title="bbox 147 512 1796 584">
     <span class='ocr_line' id='line_1_5' title="bbox 147 512 1796 584; baseline -0.001 -15"><span class='ocrx_word' id='word_1_25' title='bbox 147 514 459 569; x_wconf 88' lang='lat' dir='ltr'>habuerint</span> <span class='ocrx_word' id='word_1_26' title='bbox 490 513 675 584; x_wconf 85' lang='lat' dir='ltr'>regni,</span> <span class='ocrx_word' id='word_1_27' title='bbox 704 531 736 568; x_wconf 88' lang='lat' dir='ltr'>a</span> <span class='ocrx_word' id='word_1_28' title='bbox 767 512 1209 569; x_wconf 89' lang='lat' dir='ltr'>successoribus</span> <span class='ocrx_word' id='word_1_29' title='bbox 1263 529 1365 567; x_wconf 91' lang='lat' dir='ltr'>nec</span> <span class='ocrx_word' id='word_1_30' title='bbox 1395 529 1428 567; x_wconf 89' lang='lat' dir='ltr'>a</span> <span class='ocrx_word' id='word_1_31' title='bbox 1487 512 1796 584; x_wconf 79' lang='lat' dir='ltr'>dignitate,</span> 
     </span>
    </p>
   </div>
   <div class='ocr_carea' id='block_1_6' title="bbox 146 600 1797 673">
    <p class='ocr_par' dir='ltr' id='par_1_6' title="bbox 146 600 1797 673">
     <span class='ocr_line' id='line_1_6' title="bbox 146 600 1797 673; baseline -0.001 -16"><span class='ocrx_word' id='word_1_32' title='bbox 146 619 250 658; x_wconf 89' lang='lat' dir='ltr'>nec</span> <span class='ocrx_word' id='word_1_33' title='bbox 281 620 313 657; x_wconf 89' lang='lat' dir='ltr'>a</span> <span class='ocrx_word' id='word_1_34' title='bbox 344 603 517 658; x_wconf 82' lang='lat' dir='ltr'>rebus</span> <span class='ocrx_word' id='word_1_35' title='bbox 551 601 814 673; x_wconf 85' lang='lat' dir='ltr'>pristinis</span> <span class='ocrx_word' id='word_1_36' title='bbox 833 618 1011 656; x_wconf 86' lang='lat' dir='ltr'>causa</span> <span class='ocrx_word' id='word_1_37' title='bbox 1034 600 1395 672; x_wconf 89' lang='lat' dir='ltr'>repellantur</span> <span class='ocrx_word' id='word_1_38' title='bbox 1425 601 1669 670; x_wconf 79' lang='lat' dir='ltr'>injuste,</span> <span class='ocrx_word' id='word_1_39' title='bbox 1697 602 1797 656; x_wconf 90' lang='lat' dir='ltr'>sed</span> 
     </span>
    </p>
   </div>
   <div class='ocr_carea' id='block_1_7' title="bbox 148 689 1799 762">
    <p class='ocr_par' dir='ltr' id='par_1_7' title="bbox 148 689 1799 762">
     <span class='ocr_line' id='line_1_7' title="bbox 148 689 1799 762; baseline -0.001 -15"><span class='ocrx_word' id='word_1_40' title='bbox 148 696 205 747; x_wconf 89' lang='lat' dir='ltr'>et</span> <span class='ocrx_word' id='word_1_41' title='bbox 234 707 390 746; x_wconf 90' lang='lat' dir='ltr'>nunc</span> <span class='ocrx_word' id='word_1_42' title='bbox 422 690 503 745; x_wconf 90' lang='lat' dir='ltr'>ita</span> <span class='ocrx_word' id='word_1_43' title='bbox 536 707 637 760; x_wconf 91' lang='lat' dir='ltr'>pro</span> <span class='ocrx_word' id='word_1_44' title='bbox 686 690 1152 762; x_wconf 88' lang='lat' dir='ltr'>uniuscujusque</span> <span class='ocrx_word' id='word_1_45' title='bbox 1214 689 1466 745; x_wconf 81' lang='lat' dir='ltr'>utilitate</span> <span class='ocrx_word' id='word_1_46' title='bbox 1514 690 1799 761; x_wconf 86' lang='lat' dir='ltr'>principis</span> 
     </span>
    </p>
   </div>
   <div class='ocr_carea' id='block_1_8' title="bbox 150 780 1801 851">
    <p class='ocr_par' dir='ltr' id='par_1_8' title="bbox 150 780 1801 851">
     <span class='ocr_line' id='line_1_8' title="bbox 150 780 1801 851; baseline -0.001 -15"><span class='ocrx_word' id='word_1_47' title='bbox 150 780 910 848; x_wconf 89' lang='lat' dir='ltr'>moderenturdiscretione,</span> <span class='ocrx_word' id='word_1_48' title='bbox 935 780 1087 835; x_wconf 86' lang='lat' dir='ltr'>sicut</span> <span class='ocrx_word' id='word_1_49' title='bbox 1102 796 1201 835; x_wconf 92' lang='lat' dir='ltr'>eos</span> <span class='ocrx_word' id='word_1_50' title='bbox 1224 780 1585 851; x_wconf 83' lang='lat' dir='ltr'>prospexerit</span> <span class='ocrx_word' id='word_1_51' title='bbox 1608 796 1801 834; x_wconf 89' lang='lat' dir='ltr'>neces-</span> 
     </span>
    </p>
   </div>
   <div class='ocr_carea' id='block_1_9' title="bbox 148 867 1801 940">
    <p class='ocr_par' dir='ltr' id='par_1_9' title="bbox 148 867 1801 940">
     <span class='ocr_line' id='line_1_9' title="bbox 148 867 1801 940; baseline -0.001 -15"><span class='ocrx_word' id='word_1_52' title='bbox 148 871 337 925; x_wconf 88' lang='lat' dir='ltr'>sarios</span> <span class='ocrx_word' id='word_1_53' title='bbox 359 885 488 924; x_wconf 89' lang='lat' dir='ltr'>esse</span> <span class='ocrx_word' id='word_1_54' title='bbox 509 869 733 940; x_wconf 61' lang='lat' dir='ltr'>patrie,</span> <span class='ocrx_word' id='word_1_55' title='bbox 753 872 808 924; x_wconf 91' lang='lat' dir='ltr'>et</span> <span class='ocrx_word' id='word_1_56' title='bbox 829 869 912 923; x_wconf 92' lang='lat' dir='ltr'>sic</span> <span class='ocrx_word' id='word_1_57' title='bbox 934 868 1052 923; x_wconf 89' lang='lat' dir='ltr'>illis</span> <span class='ocrx_word' id='word_1_58' title='bbox 1076 867 1444 939; x_wconf 90' lang='lat' dir='ltr'>impertiatur</span> <span class='ocrx_word' id='word_1_59' title='bbox 1467 868 1801 936; x_wconf 70' lang='lat' dir='ltr'>benignitas</span> 
     </span>
    </p>
   </div>
   <div class='ocr_carea' id='block_1_10' title="bbox 150 956 1801 1029">
    <p class='ocr_par' dir='ltr' id='par_1_10' title="bbox 150 956 1801 1029">
     <span class='ocr_line' id='line_1_10' title="bbox 150 956 1801 1029; baseline 0.001 -18"><span class='ocrx_word' id='word_1_60' title='bbox 150 961 214 1012; x_wconf 91' lang='lat' dir='ltr'>ut</span> <span class='ocrx_word' id='word_1_61' title='bbox 232 958 290 1012; x_wconf 91' lang='lat' dir='ltr'>in</span> <span class='ocrx_word' id='word_1_62' title='bbox 314 956 537 1013; x_wconf 69' lang='lat' dir='ltr'>caeteris</span> <span class='ocrx_word' id='word_1_63' title='bbox 562 961 796 1012; x_wconf 88' lang='lat' dir='ltr'>maneat</span> <span class='ocrx_word' id='word_1_64' title='bbox 828 958 1015 1029; x_wconf 89' lang='lat' dir='ltr'>gratia</span> <span class='ocrx_word' id='word_1_65' title='bbox 1029 962 1083 1012; x_wconf 91' lang='lat' dir='ltr'>et</span> <span class='ocrx_word' id='word_1_66' title='bbox 1109 961 1387 1028; x_wconf 75' lang='lat' dir='ltr'>potestas,</span> <span class='ocrx_word' id='word_1_67' title='bbox 1404 960 1697 1027; x_wconf 89' lang='lat' dir='ltr'>quatenus</span> <span class='ocrx_word' id='word_1_68' title='bbox 1723 956 1801 1012; x_wconf 86' lang='lat' dir='ltr'>ita</span> 
     </span>
    </p>
   </div>
   <div class='ocr_carea' id='block_1_11' title="bbox 150 1045 1799 1117">
    <p class='ocr_par' dir='ltr' id='par_1_11' title="bbox 150 1045 1799 1117">
     <span class='ocr_line' id='line_1_11' title="bbox 150 1045 1799 1117; baseline -0.001 -16"><span class='ocrx_word' id='word_1_69' title='bbox 150 1046 349 1101; x_wconf 84' lang='lat' dir='ltr'>omnia</span> <span class='ocrx_word' id='word_1_70' title='bbox 366 1046 425 1100; x_wconf 93' lang='lat' dir='ltr'>in</span> <span class='ocrx_word' id='word_1_71' title='bbox 451 1046 803 1116; x_wconf 90' lang='lat' dir='ltr'>rebusjuste</span> <span class='ocrx_word' id='word_1_72' title='bbox 825 1045 1154 1117; x_wconf 90' lang='lat' dir='ltr'>conquisita</span> <span class='ocrx_word' id='word_1_73' title='bbox 1176 1046 1496 1111; x_wconf 90' lang='lat' dir='ltr'>lucrentur,</span> <span class='ocrx_word' id='word_1_74' title='bbox 1518 1051 1582 1099; x_wconf 90' lang='lat' dir='ltr'>ut</span> <span class='ocrx_word' id='word_1_75' title='bbox 1606 1051 1799 1117; x_wconf 85' lang='lat' dir='ltr'>poste—</span> 
     </span>
    </p>
   </div>
   <div class='ocr_carea' id='block_1_12' title="bbox 151 1133 1803 1205">
    <p class='ocr_par' dir='ltr' id='par_1_12' title="bbox 151 1133 1803 1205">
     <span class='ocr_line' id='line_1_12' title="bbox 151 1133 1803 1205; baseline 0.001 -17"><span class='ocrx_word' id='word_1_76' title='bbox 151 1134 232 1190; x_wconf 86' lang='lat' dir='ltr'>ris</span> <span class='ocrx_word' id='word_1_77' title='bbox 264 1133 659 1204; x_wconf 88' lang='lat' dir='ltr'>relinquendi,</span> <span class='ocrx_word' id='word_1_78' title='bbox 681 1133 766 1188; x_wconf 92' lang='lat' dir='ltr'>vel</span> <span class='ocrx_word' id='word_1_79' title='bbox 791 1134 1005 1205; x_wconf 89' lang='lat' dir='ltr'>quibus</span> <span class='ocrx_word' id='word_1_80' title='bbox 1022 1134 1291 1189; x_wconf 87' lang='lat' dir='ltr'>voluntas</span> <span class='ocrx_word' id='word_1_81' title='bbox 1313 1151 1510 1189; x_wconf 90' lang='lat' dir='ltr'>eorum</span> <span class='ocrx_word' id='word_1_82' title='bbox 1550 1134 1803 1189; x_wconf 82' lang='lat' dir='ltr'>decrevit</span> 
     </span>
    </p>
   </div>
   <div class='ocr_carea' id='block_1_13' title="bbox 151 1222 1799 1293">
    <p class='ocr_par' dir='ltr' id='par_1_13' title="bbox 151 1222 1799 1293">
     <span class='ocr_line' id='line_1_13' title="bbox 151 1222 1799 1293; baseline -0.002 -14"><span class='ocrx_word' id='word_1_83' title='bbox 151 1222 509 1289; x_wconf 87' lang='lat' dir='ltr'>conferendi,</span> <span class='ocrx_word' id='word_1_84' title='bbox 542 1225 868 1293; x_wconf 90' lang='lat' dir='ltr'>spontaneo</span> <span class='ocrx_word' id='word_1_85' title='bbox 900 1224 1173 1278; x_wconf 87' lang='lat' dir='ltr'>fruantur</span> <span class='ocrx_word' id='word_1_86' title='bbox 1207 1223 1467 1277; x_wconf 87' lang='lat' dir='ltr'>arbitrio.</span> <span class='ocrx_word' id='word_1_87' title='bbox 1516 1223 1799 1278; x_wconf 68' lang='lat' dir='ltr'>Caeterum</span> 
     </span>
    </p>
   </div>
   <div class='ocr_carea' id='block_1_14' title="bbox 154 1311 1801 1383">
    <p class='ocr_par' dir='ltr' id='par_1_14' title="bbox 154 1311 1801 1383">
     <span class='ocr_line' id='line_1_14' title="bbox 154 1311 1801 1383; baseline -0.001 -16"><span class='ocrx_word' id='word_1_88' title='bbox 154 1312 204 1367; x_wconf 90' lang='lat' dir='ltr'>si</span> <span class='ocrx_word' id='word_1_89' title='bbox 235 1311 492 1366; x_wconf 90' lang='lat' dir='ltr'>inﬁdelis</span> <span class='ocrx_word' id='word_1_90' title='bbox 524 1312 836 1382; x_wconf 87' lang='lat' dir='ltr'>quisquam</span> <span class='ocrx_word' id='word_1_91' title='bbox 873 1312 929 1365; x_wconf 91' lang='lat' dir='ltr'>in</span> <span class='ocrx_word' id='word_1_92' title='bbox 952 1312 1140 1383; x_wconf 85' lang='lat' dir='ltr'>capite</span> <span class='ocrx_word' id='word_1_93' title='bbox 1159 1312 1336 1383; x_wconf 85' lang='lat' dir='ltr'>regio,</span> <span class='ocrx_word' id='word_1_94' title='bbox 1364 1316 1464 1367; x_wconf 89' lang='lat' dir='ltr'>aut</span> <span class='ocrx_word' id='word_1_95' title='bbox 1484 1311 1713 1367; x_wconf 78' lang='lat' dir='ltr'>inutilis</span> <span class='ocrx_word' id='word_1_96' title='bbox 1741 1312 1801 1365; x_wconf 91' lang='lat' dir='ltr'>in</span> 
     </span>
    </p>
   </div>
   <div class='ocr_carea' id='block_1_15' title="bbox 153 1400 1847 1470">
    <p class='ocr_par' dir='ltr' id='par_1_15' title="bbox 153 1400 1847 1470">
     <span class='ocr_line' id='line_1_15' title="bbox 153 1400 1847 1470; baseline -0.002 -14"><span class='ocrx_word' id='word_1_97' title='bbox 153 1401 330 1456; x_wconf 88' lang='lat' dir='ltr'>rebus</span> <span class='ocrx_word' id='word_1_98' title='bbox 345 1400 682 1455; x_wconf 87' lang='lat' dir='ltr'>commissis</span> <span class='ocrx_word' id='word_1_99' title='bbox 701 1400 1005 1467; x_wconf 83' lang='lat' dir='ltr'>exstiterit,</span> <span class='ocrx_word' id='word_1_100' title='bbox 1030 1400 1086 1455; x_wconf 93' lang='lat' dir='ltr'>in</span> <span class='ocrx_word' id='word_1_101' title='bbox 1107 1401 1426 1455; x_wconf 70' lang='lat' dir='ltr'>clementiae</span> <span class='ocrx_word' id='word_1_102' title='bbox 1450 1402 1577 1470; x_wconf 83' lang='lat' dir='ltr'>ejus</span> <span class='ocrx_word' id='word_1_103' title='bbox 1601 1417 1800 1465; x_wconf 91' lang='lat' dir='ltr'>manu,</span> <span class='ocrx_word' id='word_1_104' title='bbox 1836 1418 1847 1428; x_wconf 65' lang='grc'><em>”</em></span> 
     </span>
    </p>
   </div>
   <div class='ocr_carea' id='block_1_16' title="bbox 153 1489 1802 1562">
    <p class='ocr_par' dir='ltr' id='par_1_16' title="bbox 153 1489 1802 1562">
     <span class='ocr_line' id='line_1_16' title="bbox 153 1489 1802 1562; baseline 0 -17"><span class='ocrx_word' id='word_1_105' title='bbox 153 1489 512 1562; x_wconf 87' lang='lat' dir='ltr'>posteritatis</span> <span class='ocrx_word' id='word_1_106' title='bbox 569 1493 714 1543; x_wconf 92' lang='lat' dir='ltr'>nutu</span> <span class='ocrx_word' id='word_1_107' title='bbox 775 1494 1004 1544; x_wconf 86' lang='lat' dir='ltr'>constet</span> <span class='ocrx_word' id='word_1_108' title='bbox 1052 1489 1391 1559; x_wconf 85' lang='lat' dir='ltr'>hujusmodi</span> <span class='ocrx_word' id='word_1_109' title='bbox 1462 1490 1802 1546; x_wconf 89' lang='lat' dir='ltr'>moderatio.</span> 
     </span>
    </p>
   </div>
   <div class='ocr_carea' id='block_1_17' title="bbox 154 1577 1803 1648">
    <p class='ocr_par' dir='ltr' id='par_1_17' title="bbox 154 1577 1803 1648">
     <span class='ocr_line' id='line_1_17' title="bbox 154 1577 1803 1648; baseline -0.001 -13"><span class='ocrx_word' id='word_1_110' title='bbox 154 1578 329 1635; x_wconf 81' lang='lat' dir='ltr'>Nefas</span> <span class='ocrx_word' id='word_1_111' title='bbox 362 1581 451 1633; x_wconf 88' lang='lat' dir='ltr'>est</span> <span class='ocrx_word' id='word_1_112' title='bbox 480 1578 635 1632; x_wconf 89' lang='lat' dir='ltr'>enim</span> <span class='ocrx_word' id='word_1_113' title='bbox 668 1577 726 1631; x_wconf 90' lang='lat' dir='ltr'>in</span> <span class='ocrx_word' id='word_1_114' title='bbox 760 1577 1005 1632; x_wconf 89' lang='lat' dir='ltr'>dubium</span> <span class='ocrx_word' id='word_1_115' title='bbox 1040 1578 1325 1633; x_wconf 87' lang='lat' dir='ltr'>deducere</span> <span class='ocrx_word' id='word_1_116' title='bbox 1356 1581 1446 1647; x_wconf 85' lang='lat' dir='ltr'>jus</span> <span class='ocrx_word' id='word_1_117' title='bbox 1478 1580 1803 1648; x_wconf 87' lang='lat' dir='ltr'>potestatis,</span> 
     </span>
    </p>
   </div>
   <div class='ocr_carea' id='block_1_18' title="bbox 155 1666 1807 1738">
    <p class='ocr_par' dir='ltr' id='par_1_18' title="bbox 155 1666 1807 1738">
     <span class='ocr_line' id='line_1_18' title="bbox 155 1666 1807 1738; baseline 0 -16"><span class='ocrx_word' id='word_1_118' title='bbox 155 1668 248 1722; x_wconf 88' lang='lat' dir='ltr'>cui</span> <span class='ocrx_word' id='word_1_119' title='bbox 264 1666 531 1723; x_wconf 88' lang='lat' dir='ltr'>omnium</span> <span class='ocrx_word' id='word_1_120' title='bbox 550 1666 896 1736; x_wconf 80' lang='lat' dir='ltr'>gubernatio</span> <span class='ocrx_word' id='word_1_121' title='bbox 914 1683 1167 1737; x_wconf 90' lang='lat' dir='ltr'>superno</span> <span class='ocrx_word' id='word_1_122' title='bbox 1182 1671 1408 1721; x_wconf 88' lang='lat' dir='ltr'>constat</span> <span class='ocrx_word' id='word_1_123' title='bbox 1426 1666 1691 1738; x_wconf 84' lang='lat' dir='ltr'>delegata</span> <span class='ocrx_word' id='word_1_124' title='bbox 1705 1670 1807 1738; x_wconf 89' lang='lat' dir='ltr'>ju-</span> 
     </span>
    </p>
   </div>
   <div class='ocr_carea' id='block_1_19' title="bbox 156 1756 1809 1828">
    <p class='ocr_par' dir='ltr' id='par_1_19' title="bbox 156 1756 1809 1828">
     <span class='ocr_line' id='line_1_19' title="bbox 156 1756 1809 1828; baseline -0.001 -16"><span class='ocrx_word' id='word_1_125' title='bbox 156 1758 331 1812; x_wconf 89' lang='lat' dir='ltr'>dicio.</span> <span class='ocrx_word' id='word_1_126' title='bbox 363 1758 524 1821; x_wconf 84' lang='lat' dir='ltr'>Quod</span> <span class='ocrx_word' id='word_1_127' title='bbox 559 1758 607 1812; x_wconf 89' lang='lat' dir='ltr'>si</span> <span class='ocrx_word' id='word_1_128' title='bbox 640 1760 771 1827; x_wconf 91' lang='lat' dir='ltr'>post</span> <span class='ocrx_word' id='word_1_129' title='bbox 792 1757 921 1826; x_wconf 87' lang='lat' dir='ltr'>ejus</span> <span class='ocrx_word' id='word_1_130' title='bbox 944 1756 1274 1810; x_wconf 84' lang='lat' dir='ltr'>discessum</span> <span class='ocrx_word' id='word_1_131' title='bbox 1301 1756 1593 1827; x_wconf 85' lang='lat' dir='ltr'>quispiam</span> <span class='ocrx_word' id='word_1_132' title='bbox 1620 1774 1809 1828; x_wconf 91' lang='lat' dir='ltr'>reper-</span> 
     </span>
    </p>
   </div>
   <div class='ocr_carea' id='block_1_20' title="bbox 153 1844 1802 1917">
    <p class='ocr_par' dir='ltr' id='par_1_20' title="bbox 153 1844 1802 1917">
     <span class='ocr_line' id='line_1_20' title="bbox 153 1844 1802 1917; baseline -0.001 -16"><span class='ocrx_word' id='word_1_133' title='bbox 153 1850 250 1901; x_wconf 88' lang='lat' dir='ltr'>tus</span> <span class='ocrx_word' id='word_1_134' title='bbox 280 1845 455 1900; x_wconf 90' lang='lat' dir='ltr'>fuerit</span> <span class='ocrx_word' id='word_1_135' title='bbox 475 1846 602 1915; x_wconf 86' lang='lat' dir='ltr'>ejus</span> <span class='ocrx_word' id='word_1_136' title='bbox 633 1844 762 1899; x_wconf 66' lang='lat' dir='ltr'>vita:</span> <span class='ocrx_word' id='word_1_137' title='bbox 795 1844 976 1899; x_wconf 88' lang='lat' dir='ltr'>fuisse</span> <span class='ocrx_word' id='word_1_138' title='bbox 1008 1845 1283 1914; x_wconf 89' lang='lat' dir='ltr'>inﬁdelis,</span> <span class='ocrx_word' id='word_1_139' title='bbox 1316 1847 1601 1917; x_wconf 87' lang='lat' dir='ltr'>quidquid</span> <span class='ocrx_word' id='word_1_140' title='bbox 1630 1846 1802 1917; x_wconf 86' lang='lat' dir='ltr'>largi-</span> 
     </span>
    </p>
   </div>
   <div class='ocr_carea' id='block_1_21' title="bbox 155 1933 1801 2005">
    <p class='ocr_par' dir='ltr' id='par_1_21' title="bbox 155 1933 1801 2005">
     <span class='ocr_line' id='line_1_21' title="bbox 155 1933 1801 2005; baseline 0 -16"><span class='ocrx_word' id='word_1_141' title='bbox 155 1940 275 1989; x_wconf 86' lang='lat' dir='ltr'>tate</span> <span class='ocrx_word' id='word_1_142' title='bbox 307 1934 495 2004; x_wconf 88' lang='lat' dir='ltr'>ipsius</span> <span class='ocrx_word' id='word_1_143' title='bbox 527 1936 584 1986; x_wconf 93' lang='lat' dir='ltr'>in</span> <span class='ocrx_word' id='word_1_144' title='bbox 620 1934 794 1989; x_wconf 88' lang='lat' dir='ltr'>rebus</span> <span class='ocrx_word' id='word_1_145' title='bbox 827 1933 1035 1988; x_wconf 90' lang='lat' dir='ltr'>habuit</span> <span class='ocrx_word' id='word_1_146' title='bbox 1058 1934 1407 2005; x_wconf 87' lang='lat' dir='ltr'>conquisitis</span> <span class='ocrx_word' id='word_1_147' title='bbox 1426 1939 1638 2004; x_wconf 84' lang='lat' dir='ltr'>careat,</span> <span class='ocrx_word' id='word_1_148' title='bbox 1663 1951 1801 1989; x_wconf 91' lang='lat' dir='ltr'>con-</span> 
     </span>
    </p>
   </div>
   <div class='ocr_carea' id='block_1_22' title="bbox 156 2021 1326 2093">
    <p class='ocr_par' dir='ltr' id='par_1_22' title="bbox 156 2021 1326 2093">
     <span class='ocr_line' id='line_1_22' title="bbox 156 2021 1326 2093; baseline 0.002 -18"><span class='ocrx_word' id='word_1_149' title='bbox 156 2022 510 2088; x_wconf 87' lang='lat' dir='ltr'>ﬁscandum,</span> <span class='ocrx_word' id='word_1_150' title='bbox 543 2026 599 2076; x_wconf 89' lang='lat' dir='ltr'>et</span> <span class='ocrx_word' id='word_1_151' title='bbox 629 2021 901 2077; x_wconf 85' lang='lat' dir='ltr'>fidelibus</span> <span class='ocrx_word' id='word_1_152' title='bbox 934 2021 1326 2093; x_wconf 82' lang='lat' dir='ltr'>largiendum.</span> 
     </span>
    </p>
   </div>
   <div class='ocr_carea' id='block_1_23' title="bbox 159 2146 1805 2272">
    <p class='ocr_par' dir='ltr' id='par_1_23' title="bbox 159 2146 1805 2272">
     <span class='ocr_line' id='line_1_23' title="bbox 159 2146 1805 2272; baseline -0.001 -69"><span class='ocrx_word' id='word_1_153' title='bbox 159 2147 296 2203; x_wconf 78' lang='lat' dir='ltr'>CAP.</span> <span class='ocrx_word' id='word_1_154' title='bbox 330 2146 423 2201; x_wconf 86' lang='lat'>29.</span> <span class='ocrx_word' id='word_1_155' title='bbox 457 2176 523 2186; x_wconf 91' lang='lat'>—-</span> <span class='ocrx_word' id='word_1_156' title='bbox 553 2146 627 2202; x_wconf 89' lang='lat' dir='ltr'>De</span> <span class='ocrx_word' id='word_1_157' title='bbox 659 2162 851 2216; x_wconf 86' lang='lat' dir='ltr'>regum</span> <span class='ocrx_word' id='word_1_158' title='bbox 891 2147 1090 2272; x_wconf 51' lang='lat' dir='ltr'>soboieé</span> <span class='ocrx_word' id='word_1_159' title='bbox 1128 2149 1209 2201; x_wconf 75' lang='lat' dir='ltr'>Ea:</span> <span class='ocrx_word' id='word_1_160' title='bbox 1237 2147 1427 2203; x_wconf 84' lang='lat' dir='ltr'>eodem</span> <span class='ocrx_word' id='word_1_161' title='bbox 1468 2148 1696 2204; x_wconf 82' lang='lat' dir='ltr'>concilio</span> <span class='ocrx_word' id='word_1_162' title='bbox 1726 2164 1805 2214; x_wconf 83' lang='lat' dir='ltr'>v1,</span> 
     </span>
     <span class='ocr_line' id='line_1_24' title="bbox 858 2234 1109 2272; baseline 0 0"><span class='ocrx_word' id='word_1_163' title='bbox 858 2234 977 2272; x_wconf 80' lang='lat' dir='ltr'>can.</span> <span class='ocrx_word' id='word_1_164' title='bbox 1097 2260 1109 2272; x_wconf 95' lang='lat'>.</span> 
     </span>
    </p>
   </div>
   <div class='ocr_carea' id='block_1_24' title="bbox 858 2234 1109 2290">
    <p class='ocr_par' dir='ltr' id='par_1_24' title="bbox 858 2234 1109 2290">
     <span class='ocr_line' id='line_1_25' title="bbox 858 2234 1109 2290; baseline 0.004 -18"><span class='ocrx_word' id='word_1_165' title='bbox 858 2234 977 2290; x_wconf 87' lang='lat' dir='ltr'>cap.</span> <span class='ocrx_word' id='word_1_166' title='bbox 1026 2234 1109 2273; x_wconf 76' lang='grc' dir='ltr'>ιο.</span> 
     </span>
    </p>
   </div>
   <div class='ocr_carea' id='block_1_25' title="bbox 230 2324 1808 2397">
    <p class='ocr_par' dir='ltr' id='par_1_25' title="bbox 230 2324 1808 2397">
     <span class='ocr_line' id='line_1_26' title="bbox 230 2324 1808 2397; baseline 0 -18"><span class='ocrx_word' id='word_1_167' title='bbox 230 2325 392 2379; x_wconf 90' lang='lat' dir='ltr'>Sicut</span> <span class='ocrx_word' id='word_1_168' title='bbox 423 2324 733 2381; x_wconf 88' lang='lat' dir='ltr'>insolentia</span> <span class='ocrx_word' id='word_1_169' title='bbox 764 2325 1052 2382; x_wconf 87' lang='lat' dir='ltr'>malorum</span> <span class='ocrx_word' id='word_1_170' title='bbox 1088 2341 1287 2396; x_wconf 83' lang='lat' dir='ltr'>regum</span> <span class='ocrx_word' id='word_1_171' title='bbox 1328 2326 1531 2381; x_wconf 90' lang='lat' dir='ltr'>odiosa</span> <span class='ocrx_word' id='word_1_172' title='bbox 1577 2342 1808 2397; x_wconf 87' lang='lat' dir='ltr'>semper</span> 
     </span>
    </p>
   </div>
   <div class='ocr_carea' id='block_1_26' title="bbox 162 2414 1810 2486">
    <p class='ocr_par' dir='ltr' id='par_1_26' title="bbox 162 2414 1810 2486">
     <span class='ocr_line' id='line_1_27' title="bbox 162 2414 1810 2486; baseline -0.001 -16"><span class='ocrx_word' id='word_1_173' title='bbox 162 2419 219 2470; x_wconf 87' lang='lat' dir='ltr'>et</span> <span class='ocrx_word' id='word_1_174' title='bbox 235 2414 612 2469; x_wconf 86' lang='lat' dir='ltr'>exsecrabilis</span> <span class='ocrx_word' id='word_1_175' title='bbox 634 2414 829 2471; x_wconf 85' lang='lat' dir='ltr'>existit</span> <span class='ocrx_word' id='word_1_176' title='bbox 852 2415 1153 2484; x_wconf 89' lang='lat' dir='ltr'>subjectis,</span> <span class='ocrx_word' id='word_1_177' title='bbox 1174 2414 1253 2469; x_wconf 91' lang='lat' dir='ltr'>ita</span> <span class='ocrx_word' id='word_1_178' title='bbox 1267 2416 1550 2470; x_wconf 89' lang='lat' dir='ltr'>bonorum</span> <span class='ocrx_word' id='word_1_179' title='bbox 1572 2417 1810 2486; x_wconf 87' lang='lat' dir='ltr'>provida</span> 
     </span>
    </p>
   </div>
   <div class='ocr_carea' id='block_1_27' title="bbox 161 2502 1811 2575">
    <p class='ocr_par' dir='ltr' id='par_1_27' title="bbox 161 2502 1811 2575">
     <span class='ocr_line' id='line_1_28' title="bbox 161 2502 1811 2575; baseline 0.002 -18"><span class='ocrx_word' id='word_1_180' title='bbox 161 2503 385 2559; x_wconf 79' lang='lat' dir='ltr'>utilitas</span> <span class='ocrx_word' id='word_1_181' title='bbox 425 2502 698 2559; x_wconf 86' lang='lat' dir='ltr'>amabilis</span> <span class='ocrx_word' id='word_1_182' title='bbox 755 2503 1010 2559; x_wconf 85' lang='lat' dir='ltr'>efﬁcitur</span> <span class='ocrx_word' id='word_1_183' title='bbox 1058 2502 1308 2575; x_wconf 82' lang='lat' dir='ltr'>populis.</span> <span class='ocrx_word' id='word_1_184' title='bbox 1357 2504 1635 2567; x_wconf 90' lang='lat' dir='ltr'>Quocirca</span> <span class='ocrx_word' id='word_1_185' title='bbox 1677 2504 1811 2574; x_wconf 87' lang='lat' dir='ltr'>quis</span> 
     </span>
    </p>
   </div>
   <div class='ocr_carea' id='block_1_28' title="bbox 166 2591 1810 2664">
    <p class='ocr_par' dir='ltr' id='par_1_28' title="bbox 166 2591 1810 2664">
     <span class='ocr_line' id='line_1_29' title="bbox 166 2591 1810 2664; baseline 0.002 -18"><span class='ocrx_word' id='word_1_186' title='bbox 166 2591 336 2659; x_wconf 88' lang='lat' dir='ltr'>ferat,</span> <span class='ocrx_word' id='word_1_187' title='bbox 371 2596 472 2647; x_wconf 91' lang='lat' dir='ltr'>aut</span> <span class='ocrx_word' id='word_1_188' title='bbox 502 2593 636 2662; x_wconf 90' lang='lat' dir='ltr'>quis</span> <span class='ocrx_word' id='word_1_189' title='bbox 659 2592 835 2648; x_wconf 88' lang='lat' dir='ltr'>talem</span> <span class='ocrx_word' id='word_1_190' title='bbox 858 2597 1150 2648; x_wconf 87' lang='lat' dir='ltr'>errantem</span> <span class='ocrx_word' id='word_1_191' title='bbox 1173 2592 1573 2648; x_wconf 90' lang='lat' dir='ltr'>Christianum</span> <span class='ocrx_word' id='word_1_192' title='bbox 1595 2594 1810 2664; x_wconf 89' lang='lat' dir='ltr'>videat,</span> 
     </span>
    </p>
   </div>
   <div class='ocr_carea' id='block_1_29' title="bbox 164 2680 1815 2753">
    <p class='ocr_par' dir='ltr' id='par_1_29' title="bbox 164 2680 1815 2753">
     <span class='ocr_line' id='line_1_30' title="bbox 164 2680 1815 2753; baseline 0.001 -18"><span class='ocrx_word' id='word_1_193' title='bbox 164 2680 263 2753; x_wconf 90' lang='lat' dir='ltr'>qui</span> <span class='ocrx_word' id='word_1_194' title='bbox 319 2682 538 2752; x_wconf 84' lang='lat' dir='ltr'>regiam</span> <span class='ocrx_word' id='word_1_195' title='bbox 597 2680 883 2748; x_wconf 89' lang='lat' dir='ltr'>sobolem,</span> <span class='ocrx_word' id='word_1_196' title='bbox 946 2685 1048 2737; x_wconf 90' lang='lat' dir='ltr'>aut</span> <span class='ocrx_word' id='word_1_197' title='bbox 1114 2682 1514 2753; x_wconf 88' lang='lat' dir='ltr'>posteritatem</span> <span class='ocrx_word' id='word_1_198' title='bbox 1572 2687 1815 2737; x_wconf 89' lang='lat' dir='ltr'>conetur</span> 
     </span>
    </p>
   </div>
   <div class='ocr_carea' id='block_1_30' title="bbox 167 2769 1813 2842">
    <p class='ocr_par' dir='ltr' id='par_1_30' title="bbox 167 2769 1813 2842">
     <span class='ocr_line' id='line_1_31' title="bbox 167 2769 1813 2842; baseline 0 -16"><span class='ocrx_word' id='word_1_199' title='bbox 167 2769 493 2841; x_wconf 85' lang='lat' dir='ltr'>exspoliare</span> <span class='ocrx_word' id='word_1_200' title='bbox 525 2771 722 2835; x_wconf 87' lang='lat' dir='ltr'>rebus,</span> <span class='ocrx_word' id='word_1_201' title='bbox 756 2776 857 2825; x_wconf 90' lang='lat' dir='ltr'>aut</span> <span class='ocrx_word' id='word_1_202' title='bbox 887 2772 1117 2841; x_wconf 89' lang='lat' dir='ltr'>privare</span> <span class='ocrx_word' id='word_1_203' title='bbox 1160 2771 1550 2842; x_wconf 83' lang='lat' dir='ltr'>dignitatibus</span> <span class='ocrx_word' id='word_1_204' title='bbox 1571 2770 1598 2825; x_wconf 85' lang='lat'><strong><em>?</em></strong></span> <span class='ocrx_word' id='word_1_205' title='bbox 1653 2772 1813 2835; x_wconf 90' lang='lat' dir='ltr'>Quod</span> 
     </span>
    </p>
   </div>
   <div class='ocr_carea' id='block_1_31' title="bbox 166 2859 1816 2931">
    <p class='ocr_par' dir='ltr' id='par_1_31' title="bbox 166 2859 1816 2931">
     <span class='ocr_line' id='line_1_32' title="bbox 166 2859 1816 2931; baseline 0.001 -17"><span class='ocrx_word' id='word_1_206' title='bbox 166 2860 377 2914; x_wconf 91' lang='lat' dir='ltr'>deinde</span> <span class='ocrx_word' id='word_1_207' title='bbox 412 2876 480 2913; x_wconf 92' lang='lat' dir='ltr'>ne</span> <span class='ocrx_word' id='word_1_208' title='bbox 503 2859 623 2925; x_wconf 85' lang='lat' dir='ltr'>ﬁat,</span> <span class='ocrx_word' id='word_1_209' title='bbox 647 2859 937 2931; x_wconf 86' lang='lat' dir='ltr'>generalis</span> <span class='ocrx_word' id='word_1_210' title='bbox 958 2865 1263 2931; x_wconf 91' lang='lat' dir='ltr'>promatur</span> <span class='ocrx_word' id='word_1_211' title='bbox 1286 2861 1354 2915; x_wconf 92' lang='lat' dir='ltr'>de</span> <span class='ocrx_word' id='word_1_212' title='bbox 1379 2860 1512 2915; x_wconf 85' lang='lat' dir='ltr'>ﬁliis</span> <span class='ocrx_word' id='word_1_213' title='bbox 1536 2860 1816 2931; x_wconf 90' lang='lat' dir='ltr'>principis</span> 
     </span>
    </p>
   </div>
   <div class='ocr_carea' id='block_1_32' title="bbox 167 2948 1817 3020">
    <p class='ocr_par' dir='ltr' id='par_1_32' title="bbox 167 2948 1817 3020">
     <span class='ocr_line' id='line_1_33' title="bbox 167 2948 1817 3020; baseline -0.001 -15"><span class='ocrx_word' id='word_1_214' title='bbox 167 2949 466 3005; x_wconf 88' lang='lat' dir='ltr'>sententia</span> <span class='ocrx_word' id='word_1_215' title='bbox 482 2954 702 3012; x_wconf 90' lang='lat' dir='ltr'>nostra,</span> <span class='ocrx_word' id='word_1_216' title='bbox 723 2948 777 3003; x_wconf 91' lang='lat' dir='ltr'>id</span> <span class='ocrx_word' id='word_1_217' title='bbox 795 2954 905 3019; x_wconf 88' lang='lat' dir='ltr'>est,</span> <span class='ocrx_word' id='word_1_218' title='bbox 926 2950 995 3004; x_wconf 92' lang='lat' dir='ltr'>de</span> <span class='ocrx_word' id='word_1_219' title='bbox 1018 2950 1322 3020; x_wconf 69' lang='lat' dir='ltr'>praesentis</span> <span class='ocrx_word' id='word_1_220' title='bbox 1341 2948 1817 3005; x_wconf 81' lang='lat' dir='ltr'>excellentissimi</span> 
     </span>
    </p>
   </div>
   <div class='ocr_carea' id='block_1_33' title="bbox 166 3036 1817 3109">
    <p class='ocr_par' dir='ltr' id='par_1_33' title="bbox 166 3036 1817 3109">
     <span class='ocr_line' id='line_1_34' title="bbox 166 3036 1817 3109; baseline 0 -16"><span class='ocrx_word' id='word_1_221' title='bbox 166 3036 509 3094; x_wconf 89' lang='lat' dir='ltr'>Chintillani</span> <span class='ocrx_word' id='word_1_222' title='bbox 544 3036 697 3108; x_wconf 86' lang='lat' dir='ltr'>regis</span> <span class='ocrx_word' id='word_1_223' title='bbox 727 3038 1069 3106; x_wconf 87' lang='lat' dir='ltr'>posteritate</span> <span class='ocrx_word' id='word_1_224' title='bbox 1101 3040 1315 3092; x_wconf 88' lang='lat' dir='ltr'>dentur</span> <span class='ocrx_word' id='word_1_225' title='bbox 1343 3043 1479 3109; x_wconf 90' lang='lat' dir='ltr'>apta</span> <span class='ocrx_word' id='word_1_226' title='bbox 1520 3038 1688 3093; x_wconf 90' lang='lat' dir='ltr'>nobis</span> <span class='ocrx_word' id='word_1_227' title='bbox 1721 3039 1817 3093; x_wconf 88' lang='lat' dir='ltr'>de-</span> 
     </span>
    </p>
   </div>
   <div class='ocr_carea' id='block_1_34' title="bbox 169 3127 1818 3198">
    <p class='ocr_par' dir='ltr' id='par_1_34' title="bbox 169 3127 1818 3198">
     <span class='ocr_line' id='line_1_35' title="bbox 169 3127 1818 3198; baseline -0.002 -16"><span class='ocrx_word' id='word_1_228' title='bbox 169 3136 345 3189; x_wconf 78' lang='lat' dir='ltr'>creta,</span> <span class='ocrx_word' id='word_1_229' title='bbox 380 3132 542 3181; x_wconf 91' lang='lat' dir='ltr'>utea</span> <span class='ocrx_word' id='word_1_230' title='bbox 585 3142 715 3197; x_wconf 63' lang='lat' dir='ltr'>quae</span> <span class='ocrx_word' id='word_1_231' title='bbox 764 3127 1021 3198; x_wconf 86' lang='lat' dir='ltr'>synodus</span> <span class='ocrx_word' id='word_1_232' title='bbox 1072 3128 1213 3197; x_wconf 86' lang='lat' dir='ltr'>(cap.</span> <span class='ocrx_word' id='word_1_233' title='bbox 1260 3127 1314 3192; x_wconf 84' lang='grc'>4,</span> <span class='ocrx_word' id='word_1_234' title='bbox 1358 3142 1508 3181; x_wconf 87' lang='lat' dir='ltr'>conc.</span> <span class='ocrx_word' id='word_1_235' title='bbox 1562 3128 1735 3183; x_wconf 75' lang='lat' dir='ltr'>Tolet.</span> <span class='ocrx_word' id='word_1_236' title='bbox 1766 3128 1818 3197; x_wconf 65' lang='grc' dir='ltr'>κ’)</span> 
     </span>
    </p>
   </div>
   <div class='ocr_carea' id='block_1_35' title="bbox 169 3214 1824 3287">
    <p class='ocr_par' dir='ltr' id='par_1_35' title="bbox 169 3214 1824 3287">
     <span class='ocr_line' id='line_1_36' title="bbox 169 3214 1824 3287; baseline 0.001 -16"><span class='ocrx_word' id='word_1_237' title='bbox 169 3216 463 3287; x_wconf 75' lang='lat' dir='ltr'>praeterito</span> <span class='ocrx_word' id='word_1_238' title='bbox 488 3231 640 3269; x_wconf 90' lang='lat' dir='ltr'>anno</span> <span class='ocrx_word' id='word_1_239' title='bbox 660 3215 715 3269; x_wconf 92' lang='lat' dir='ltr'>in</span> <span class='ocrx_word' id='word_1_240' title='bbox 738 3214 846 3269; x_wconf 91' lang='lat' dir='ltr'>hac</span> <span class='ocrx_word' id='word_1_241' title='bbox 860 3215 1106 3270; x_wconf 90' lang='lat' dir='ltr'>ecclesia</span> <span class='ocrx_word' id='word_1_242' title='bbox 1122 3216 1653 3283; x_wconf 78' lang='lat' dir='ltr'>liabitaccnstituit,</span> <span class='ocrx_word' id='word_1_243' title='bbox 1670 3216 1824 3272; x_wconf 88' lang='lat' dir='ltr'>circa</span> 
     </span>
    </p>
   </div>
   <div class='ocr_carea' id='block_1_36' title="bbox 175 3302 1822 3376">
    <p class='ocr_par' dir='ltr' id='par_1_36' title="bbox 175 3302 1822 3376">
     <span class='ocr_line' id='line_1_37' title="bbox 175 3302 1822 3376; baseline -0.001 -16"><span class='ocrx_word' id='word_1_244' title='bbox 175 3320 411 3360; x_wconf 90' lang='lat' dir='ltr'>omnem</span> <span class='ocrx_word' id='word_1_245' title='bbox 444 3302 842 3374; x_wconf 86' lang='lat' dir='ltr'>posteritatem</span> <span class='ocrx_word' id='word_1_246' title='bbox 868 3305 995 3374; x_wconf 85' lang='lat' dir='ltr'>ejus</span> <span class='ocrx_word' id='word_1_247' title='bbox 1016 3304 1366 3359; x_wconf 88' lang='lat' dir='ltr'>universitas</span> <span class='ocrx_word' id='word_1_248' title='bbox 1390 3305 1551 3376; x_wconf 88' lang='lat' dir='ltr'>regni</span> <span class='ocrx_word' id='word_1_249' title='bbox 1576 3305 1666 3361; x_wconf 90' lang='lat' dir='ltr'>sui</span> <span class='ocrx_word' id='word_1_250' title='bbox 1686 3322 1822 3360; x_wconf 90' lang='lat' dir='ltr'>con-</span> 
     </span>
    </p>
   </div>
   <div class='ocr_carea' id='block_1_37' title="bbox 176 3392 1824 3464">
    <p class='ocr_par' dir='ltr' id='par_1_37' title="bbox 176 3392 1824 3464">
     <span class='ocr_line' id='line_1_38' title="bbox 176 3392 1824 3464; baseline 0.001 -16"><span class='ocrx_word' id='word_1_251' title='bbox 176 3397 386 3459; x_wconf 88' lang='lat' dir='ltr'>servet,</span> <span class='ocrx_word' id='word_1_252' title='bbox 421 3392 530 3447; x_wconf 92' lang='lat' dir='ltr'>hoc</span> <span class='ocrx_word' id='word_1_253' title='bbox 562 3396 670 3463; x_wconf 88' lang='lat' dir='ltr'>est,</span> <span class='ocrx_word' id='word_1_254' title='bbox 707 3396 770 3447; x_wconf 90' lang='lat' dir='ltr'>ut</span> <span class='ocrx_word' id='word_1_255' title='bbox 800 3394 1129 3463; x_wconf 63' lang='lat' dir='ltr'>praebeatur</span> <span class='ocrx_word' id='word_1_256' title='bbox 1176 3393 1313 3448; x_wconf 88' lang='lat' dir='ltr'>ﬁliis</span> <span class='ocrx_word' id='word_1_257' title='bbox 1360 3394 1530 3464; x_wconf 78' lang='lat' dir='ltr'>[ejus]</span> <span class='ocrx_word' id='word_1_258' title='bbox 1591 3394 1824 3449; x_wconf 87' lang='lat' dir='ltr'>dilectio</span> 
     </span>
    </p>
   </div>
   <div class='ocr_carea' id='block_1_38' title="bbox 178 3481 1828 3554">
    <p class='ocr_par' dir='ltr' id='par_1_38' title="bbox 178 3481 1828 3554">
     <span class='ocr_line' id='line_1_39' title="bbox 178 3481 1828 3554; baseline -0.001 -17"><span class='ocrx_word' id='word_1_259' title='bbox 178 3481 433 3553; x_wconf 89' lang='lat' dir='ltr'>benigna</span> <span class='ocrx_word' id='word_1_260' title='bbox 461 3486 517 3536; x_wconf 90' lang='lat' dir='ltr'>et</span> <span class='ocrx_word' id='word_1_261' title='bbox 549 3481 737 3545; x_wconf 87' lang='lat' dir='ltr'>ﬁrma,</span> <span class='ocrx_word' id='word_1_262' title='bbox 770 3487 825 3536; x_wconf 90' lang='lat' dir='ltr'>et</span> <span class='ocrx_word' id='word_1_263' title='bbox 857 3482 1194 3537; x_wconf 88' lang='lat' dir='ltr'>tribuantur</span> <span class='ocrx_word' id='word_1_264' title='bbox 1223 3482 1320 3537; x_wconf 91' lang='lat' dir='ltr'>ubi</span> <span class='ocrx_word' id='word_1_265' title='bbox 1355 3482 1461 3537; x_wconf 93' lang='lat' dir='ltr'>loci</span> <span class='ocrx_word' id='word_1_266' title='bbox 1492 3482 1828 3554; x_wconf 86' lang='lat' dir='ltr'>opportuni-</span> 
     </span>
    </p>
   </div>
   <div class='ocr_carea' id='block_1_39' title="bbox 178 3569 1828 3641">
    <p class='ocr_par' dir='ltr' id='par_1_39' title="bbox 178 3569 1828 3641">
     <span class='ocr_line' id='line_1_40' title="bbox 178 3569 1828 3641; baseline 0 -16"><span class='ocrx_word' id='word_1_267' title='bbox 178 3576 272 3625; x_wconf 89' lang='lat' dir='ltr'>tas</span> <span class='ocrx_word' id='word_1_268' title='bbox 302 3569 648 3636; x_wconf 84' lang='lat' dir='ltr'>exhibuerit,</span> <span class='ocrx_word' id='word_1_269' title='bbox 683 3570 1052 3625; x_wconf 86' lang='lat' dir='ltr'>defensiones</span> <span class='ocrx_word' id='word_1_270' title='bbox 1081 3570 1149 3624; x_wconf 91' lang='lat' dir='ltr'>ad</span> <span class='ocrx_word' id='word_1_271' title='bbox 1176 3570 1735 3641; x_wconf 87' lang='lat' dir='ltr'>adminiculajusta,</span> <span class='ocrx_word' id='word_1_272' title='bbox 1760 3587 1828 3625; x_wconf 92' lang='lat' dir='ltr'>ne</span> 
     </span>
    </p>
   </div>
   <div class='ocr_carea' id='block_1_40' title="bbox 183 3658 1830 3730">
    <p class='ocr_par' dir='ltr' id='par_1_40' title="bbox 183 3658 1830 3730">
     <span class='ocr_line' id='line_1_41' title="bbox 183 3658 1830 3730; baseline -0.001 -15"><span class='ocrx_word' id='word_1_273' title='bbox 183 3661 255 3715; x_wconf 90' lang='lat' dir='ltr'>de</span> <span class='ocrx_word' id='word_1_274' title='bbox 290 3659 464 3715; x_wconf 87' lang='lat' dir='ltr'>rebus</span> <span class='ocrx_word' id='word_1_275' title='bbox 491 3660 650 3729; x_wconf 86' lang='lat' dir='ltr'>juste</span> <span class='ocrx_word' id='word_1_276' title='bbox 682 3658 1027 3730; x_wconf 84' lang='lat' dir='ltr'>proﬂigatis,</span> <span class='ocrx_word' id='word_1_277' title='bbox 1060 3663 1161 3712; x_wconf 88' lang='lat' dir='ltr'>aut</span> <span class='ocrx_word' id='word_1_278' title='bbox 1190 3663 1498 3729; x_wconf 88' lang='lat' dir='ltr'>parentum</span> <span class='ocrx_word' id='word_1_279' title='bbox 1545 3659 1830 3729; x_wconf 85' lang='lat' dir='ltr'>dignitate</span> 
     </span>
    </p>
   </div>
   <div class='ocr_carea' id='block_1_41' title="bbox 181 3741 1829 3815">
    <p class='ocr_par' dir='ltr' id='par_1_41' title="bbox 181 3741 1829 3815">
     <span class='ocr_line' id='line_1_42' title="bbox 181 3741 1829 3815; baseline -0.001 -17"><span class='ocrx_word' id='word_1_280' title='bbox 181 3743 531 3815; x_wconf 87' lang='lat' dir='ltr'>procuratis,</span> <span class='ocrx_word' id='word_1_281' title='bbox 555 3741 640 3798; x_wconf 90' lang='lat' dir='ltr'>vel</span> <span class='ocrx_word' id='word_1_282' title='bbox 665 3742 935 3815; x_wconf 84' lang='lat' dir='ltr'>largitate</span> <span class='ocrx_word' id='word_1_283' title='bbox 957 3743 1312 3814; x_wconf 89' lang='lat' dir='ltr'>principum,</span> <span class='ocrx_word' id='word_1_284' title='bbox 1333 3749 1433 3798; x_wconf 90' lang='lat' dir='ltr'>aut</span> <span class='ocrx_word' id='word_1_285' title='bbox 1452 3742 1829 3812; x_wconf 86' lang='lat' dir='ltr'>alicujusim-</span> 
     </span>
    </p>
   </div>
   <div class='ocr_carea' id='block_1_42' title="bbox 181 3831 1834 3905">
    <p class='ocr_par' dir='ltr' id='par_1_42' title="bbox 181 3831 1834 3905">
     <span class='ocr_line' id='line_1_43' title="bbox 181 3831 1834 3905; baseline -0.001 -18"><span class='ocrx_word' id='word_1_286' title='bbox 181 3832 403 3905; x_wconf 89' lang='lat' dir='ltr'>pensis,</span> <span class='ocrx_word' id='word_1_287' title='bbox 445 3837 547 3886; x_wconf 87' lang='lat' dir='ltr'>aut</span> <span class='ocrx_word' id='word_1_288' title='bbox 597 3832 770 3887; x_wconf 89' lang='lat' dir='ltr'>etiam</span> <span class='ocrx_word' id='word_1_289' title='bbox 827 3832 1179 3902; x_wconf 89' lang='lat' dir='ltr'>proprietate</span> <span class='ocrx_word' id='word_1_290' title='bbox 1220 3831 1452 3898; x_wconf 85' lang='lat' dir='ltr'>debitis,</span> <span class='ocrx_word' id='word_1_291' title='bbox 1489 3832 1834 3887; x_wconf 84' lang='lat' dir='ltr'>fraudentur</span> 
     </span>
    </p>
   </div>
   <div class='ocr_carea' id='block_1_43' title="bbox 182 3920 1834 3993">
    <p class='ocr_par' dir='ltr' id='par_1_43' title="bbox 182 3920 1834 3993">
     <span class='ocr_line' id='line_1_44' title="bbox 182 3920 1834 3993; baseline -0.001 -17"><span class='ocrx_word' id='word_1_292' title='bbox 182 3920 448 3993; x_wconf 87' lang='lat' dir='ltr'>qualibet</span> <span class='ocrx_word' id='word_1_293' title='bbox 463 3921 675 3977; x_wconf 87' lang='lat' dir='ltr'>insidia</span> <span class='ocrx_word' id='word_1_294' title='bbox 697 3920 1057 3992; x_wconf 87' lang='lat' dir='ltr'>calliditatis,</span> <span class='ocrx_word' id='word_1_295' title='bbox 1073 3937 1258 3976; x_wconf 90' lang='lat' dir='ltr'>nevea</span> <span class='ocrx_word' id='word_1_296' title='bbox 1276 3938 1571 3992; x_wconf 87' lang='lat' dir='ltr'>quoquam</span> <span class='ocrx_word' id='word_1_297' title='bbox 1589 3921 1834 3975; x_wconf 56' lang='lat' dir='ltr'>laedendi</span> 
     </span>
    </p>
   </div>
   <div class='ocr_carea' id='block_1_44' title="bbox 182 4009 1833 4082">
    <p class='ocr_par' dir='ltr' id='par_1_44' title="bbox 182 4009 1833 4082">
     <span class='ocr_line' id='line_1_45' title="bbox 182 4009 1833 4082; baseline -0.002 -17"><span class='ocrx_word' id='word_1_298' title='bbox 182 4027 282 4067; x_wconf 89' lang='lat' dir='ltr'>eos</span> <span class='ocrx_word' id='word_1_299' title='bbox 309 4010 680 4082; x_wconf 63' lang='lat' dir='ltr'>praebeantur</span> <span class='ocrx_word' id='word_1_300' title='bbox 701 4014 1049 4081; x_wconf 90' lang='lat' dir='ltr'>argumenta</span> <span class='ocrx_word' id='word_1_301' title='bbox 1081 4010 1545 4065; x_wconf 79' lang='lat' dir='ltr'>machinationis.</span> <span class='ocrx_word' id='word_1_302' title='bbox 1571 4010 1716 4074; x_wconf 89' lang='lat' dir='ltr'>Quia</span> <span class='ocrx_word' id='word_1_303' title='bbox 1747 4009 1833 4064; x_wconf 88' lang='lat' dir='ltr'>di-</span> 
     </span>
    </p>
   </div>
   <div class='ocr_carea' id='block_1_45' title="bbox 185 4097 1835 4172">
    <p class='ocr_par' dir='ltr' id='par_1_45' title="bbox 185 4097 1835 4172">
     <span class='ocr_line' id='line_1_46' title="bbox 185 4097 1835 4172; baseline -0.002 -18"><span class='ocrx_word' id='word_1_304' title='bbox 185 4116 369 4172; x_wconf 85' lang='lat' dir='ltr'>gnum</span> <span class='ocrx_word' id='word_1_305' title='bbox 403 4104 491 4153; x_wconf 89' lang='lat' dir='ltr'>est</span> <span class='ocrx_word' id='word_1_306' title='bbox 523 4103 586 4152; x_wconf 91' lang='lat' dir='ltr'>ut</span> <span class='ocrx_word' id='word_1_307' title='bbox 616 4098 785 4167; x_wconf 87' lang='lat' dir='ltr'>cujus</span> <span class='ocrx_word' id='word_1_308' title='bbox 814 4097 1093 4167; x_wconf 87' lang='lat' dir='ltr'>regimine</span> <span class='ocrx_word' id='word_1_309' title='bbox 1123 4098 1408 4152; x_wconf 88' lang='lat' dir='ltr'>habemus</span> <span class='ocrx_word' id='word_1_310' title='bbox 1440 4100 1835 4162; x_wconf 88' lang='lat' dir='ltr'>securitatem,</span> 
     </span>
    </p>
   </div>
   <div class='ocr_carea' id='block_1_46' title="bbox 182 4184 1839 4258">
    <p class='ocr_par' dir='ltr' id='par_1_46' title="bbox 182 4184 1839 4258">
     <span class='ocr_line' id='line_1_47' title="bbox 182 4184 1839 4258; baseline -0.002 -15"><span class='ocrx_word' id='word_1_311' title='bbox 182 4188 312 4258; x_wconf 88' lang='lat' dir='ltr'>ejus</span> <span class='ocrx_word' id='word_1_312' title='bbox 344 4185 675 4257; x_wconf 88' lang='lat' dir='ltr'>posteritati</span> <span class='ocrx_word' id='word_1_313' title='bbox 708 4185 938 4240; x_wconf 89' lang='lat' dir='ltr'>decreto</span> <span class='ocrx_word' id='word_1_314' title='bbox 962 4184 1191 4240; x_wconf 89' lang='lat' dir='ltr'>concilii</span> <span class='ocrx_word' id='word_1_315' title='bbox 1235 4184 1639 4256; x_wconf 85' lang='lat' dir='ltr'>impertiamus</span> <span class='ocrx_word' id='word_1_316' title='bbox 1671 4188 1839 4257; x_wconf 89' lang='lat' dir='ltr'>quie-</span> 
     </span>
    </p>
   </div>
   <div class='ocr_carea' id='block_1_47' title="bbox 185 4280 330 4331">
    <p class='ocr_par' dir='ltr' id='par_1_47' title="bbox 185 4280 330 4331">
     <span class='ocr_line' id='line_1_48' title="bbox 185 4280 330 4331; baseline -0.014 0"><span class='ocrx_word' id='word_1_317' title='bbox 185 4280 330 4331; x_wconf 88' lang='lat' dir='ltr'>tem.</span> 
     </span>
    </p>
   </div>
   <div class='ocr_carea' id='block_1_48' title="bbox 189 4400 1838 4472">
    <p class='ocr_par' dir='ltr' id='par_1_48' title="bbox 189 4400 1838 4472">
     <span class='ocr_line' id='line_1_49' title="bbox 189 4400 1838 4472; baseline -0.001 -15"><span class='ocrx_word' id='word_1_318' title='bbox 189 4403 329 4458; x_wconf 80' lang='lat' dir='ltr'>CAP.</span> <span class='ocrx_word' id='word_1_319' title='bbox 364 4402 452 4456; x_wconf 91' lang='lat'>30.</span> <span class='ocrx_word' id='word_1_320' title='bbox 482 4431 545 4442; x_wconf 90' lang='lat'>--</span> <span class='ocrx_word' id='word_1_321' title='bbox 577 4401 736 4468; x_wconf 84' lang='lat' dir='ltr'>Quod</span> <span class='ocrx_word' id='word_1_322' title='bbox 766 4400 1033 4472; x_wconf 77' lang='lat' dir='ltr'>quidquid</span> <span class='ocrx_word' id='word_1_323' title='bbox 1049 4408 1353 4455; x_wconf 86' lang='lat' dir='ltr'>commotus</span> <span class='ocrx_word' id='word_1_324' title='bbox 1371 4402 1595 4455; x_wconf 82' lang='lat' dir='ltr'>animus</span> <span class='ocrx_word' id='word_1_325' title='bbox 1627 4401 1838 4472; x_wconf 69' lang='lat' dir='ltr'>fecerit,</span> 
     </span>
    </p>
   </div>
   <div class='ocr_carea' id='block_1_49' title="bbox 262 4472 1841 4543">
    <p class='ocr_par' dir='ltr' id='par_1_49' title="bbox 262 4472 1841 4543">
     <span class='ocr_line' id='line_1_50' title="bbox 262 4472 1841 4543; baseline 0.001 -17"><span class='ocrx_word' id='word_1_326' title='bbox 262 4475 362 4528; x_wconf 84' lang='lat' dir='ltr'>hoc</span> <span class='ocrx_word' id='word_1_327' title='bbox 381 4474 599 4543; x_wconf 84' lang='lat' dir='ltr'>justum</span> <span class='ocrx_word' id='word_1_328' title='bbox 628 4476 807 4542; x_wconf 86' lang='lat' dir='ltr'>putat.</span> <span class='ocrx_word' id='word_1_329' title='bbox 856 4474 937 4527; x_wconf 74' lang='lat' dir='ltr'>Ea:</span> <span class='ocrx_word' id='word_1_330' title='bbox 982 4475 1213 4542; x_wconf 82' lang='lat' dir='ltr'>registro</span> <span class='ocrx_word' id='word_1_331' title='bbox 1269 4472 1516 4540; x_wconf 79' lang='lat' dir='ltr'>Gregorii</span> <span class='ocrx_word' id='word_1_332' title='bbox 1565 4472 1634 4527; x_wconf 85' lang='lat' dir='ltr'>ad</span> <span class='ocrx_word' id='word_1_333' title='bbox 1692 4478 1841 4527; x_wconf 83' lang='lat' dir='ltr'>Mau-</span> 
     </span>
    </p>
   </div>
   <div class='ocr_carea' id='block_1_50' title="bbox 1910 512 3560 586">
    <p class='ocr_par' dir='ltr' id='par_1_50' title="bbox 1910 512 3560 586">
     <span class='ocr_line' id='line_1_51' title="bbox 1910 512 3560 586; baseline 0.002 -19"><span class='ocrx_word' id='word_1_334' title='bbox 1910 512 2067 567; x_wconf 90' lang='lat' dir='ltr'>tione</span> <span class='ocrx_word' id='word_1_335' title='bbox 2106 517 2366 583; x_wconf 90' lang='lat' dir='ltr'>potestas</span> <span class='ocrx_word' id='word_1_336' title='bbox 2390 518 2503 582; x_wconf 88' lang='lat' dir='ltr'>est,</span> <span class='ocrx_word' id='word_1_337' title='bbox 2536 529 2663 582; x_wconf 89' lang='lat' dir='ltr'>nec,</span> <span class='ocrx_word' id='word_1_338' title='bbox 2699 514 3021 585; x_wconf 87' lang='lat' dir='ltr'>quidquam</span> <span class='ocrx_word' id='word_1_339' title='bbox 3052 516 3344 584; x_wconf 85' lang='lat' dir='ltr'>agendum</span> <span class='ocrx_word' id='word_1_340' title='bbox 3396 516 3560 586; x_wconf 88' lang='lat' dir='ltr'>prius</span> 
     </span>
    </p>
   </div>
   <div class='ocr_carea' id='block_1_51' title="bbox 1909 602 3555 674">
    <p class='ocr_par' dir='ltr' id='par_1_51' title="bbox 1909 602 3555 674">
     <span class='ocr_line' id='line_1_52' title="bbox 1909 602 3555 674; baseline 0.001 -19"><span class='ocrx_word' id='word_1_341' title='bbox 1909 617 2083 671; x_wconf 89' lang='lat' dir='ltr'>quam</span> <span class='ocrx_word' id='word_1_342' title='bbox 2108 602 2395 657; x_wconf 91' lang='lat' dir='ltr'>concitato</span> <span class='ocrx_word' id='word_1_343' title='bbox 2411 604 2478 657; x_wconf 90' lang='lat' dir='ltr'>ad</span> <span class='ocrx_word' id='word_1_344' title='bbox 2498 603 2981 674; x_wconf 89' lang='lat' dir='ltr'>tranquillitatem</span> <span class='ocrx_word' id='word_1_345' title='bbox 2998 620 3165 659; x_wconf 88' lang='lat' dir='ltr'>mens</span> <span class='ocrx_word' id='word_1_346' title='bbox 3183 604 3397 659; x_wconf 90' lang='lat' dir='ltr'>redeat.</span> <span class='ocrx_word' id='word_1_347' title='bbox 3415 604 3555 658; x_wconf 90' lang='lat' dir='ltr'>Nam</span> 
     </span>
    </p>
   </div>
   <div class='ocr_carea' id='block_1_52' title="bbox 1908 690 3559 765">
    <p class='ocr_par' dir='ltr' id='par_1_52' title="bbox 1908 690 3559 765">
     <span class='ocr_line' id='line_1_53' title="bbox 1908 690 3559 765; baseline 0.002 -20"><span class='ocrx_word' id='word_1_348' title='bbox 1908 690 2322 746; x_wconf 89' lang='lat' dir='ltr'>commotionis</span> <span class='ocrx_word' id='word_1_349' title='bbox 2354 694 2887 762; x_wconf 89' lang='lat' dir='ltr'>tempore,justum</span> <span class='ocrx_word' id='word_1_350' title='bbox 2919 696 3088 762; x_wconf 90' lang='lat' dir='ltr'>putat</span> <span class='ocrx_word' id='word_1_351' title='bbox 3128 693 3215 749; x_wconf 90' lang='lat' dir='ltr'>ira</span> <span class='ocrx_word' id='word_1_352' title='bbox 3268 694 3420 765; x_wconf 89' lang='lat' dir='ltr'>quod</span> <span class='ocrx_word' id='word_1_353' title='bbox 3480 692 3559 748; x_wconf 85' lang='lat' dir='ltr'>fe-</span> 
     </span>
    </p>
   </div>
   <div class='ocr_carea' id='block_1_53' title="bbox 1911 779 2075 835">
    <p class='ocr_par' dir='ltr' id='par_1_53' title="bbox 1911 779 2075 835">
     <span class='ocr_line' id='line_1_54' title="bbox 1911 779 2075 835; baseline 0 0"><span class='ocrx_word' id='word_1_354' title='bbox 1911 779 2075 835; x_wconf 88' lang='lat' dir='ltr'>cerit.</span> 
     </span>
    </p>
   </div>
   <div class='ocr_carea' id='block_1_54' title="bbox 1908 894 3565 967">
    <p class='ocr_par' dir='ltr' id='par_1_54' title="bbox 1908 894 3565 967">
     <span class='ocr_line' id='line_1_55' title="bbox 1908 894 3565 967; baseline 0.001 -18"><span class='ocrx_word' id='word_1_355' title='bbox 1908 894 2045 967; x_wconf 63' lang='lat' dir='ltr'>Cap.</span> <span class='ocrx_word' id='word_1_356' title='bbox 2077 895 2166 950; x_wconf 88' lang='grc'>31.</span> <span class='ocrx_word' id='word_1_357' title='bbox 2227 926 2293 935; x_wconf 92' lang='lat'>--</span> <span class='ocrx_word' id='word_1_358' title='bbox 2356 895 2509 962; x_wconf 85' lang='lat' dir='ltr'>Quod</span> <span class='ocrx_word' id='word_1_359' title='bbox 2561 896 2695 951; x_wconf 80' lang='lat' dir='ltr'>laici</span> <span class='ocrx_word' id='word_1_360' title='bbox 2736 898 3096 966; x_wconf 74' lang='lat' dir='ltr'>presbyteros,</span> <span class='ocrx_word' id='word_1_361' title='bbox 3146 896 3246 967; x_wconf 90' lang='lat' dir='ltr'>qui</span> <span class='ocrx_word' id='word_1_362' title='bbox 3297 894 3565 951; x_wconf 77' lang='lat' dir='ltr'>ecclesias</span> 
     </span>
    </p>
   </div>
   <div class='ocr_carea' id='block_1_55' title="bbox 1980 966 3566 1039">
    <p class='ocr_par' dir='ltr' id='par_1_55' title="bbox 1980 966 3566 1039">
     <span class='ocr_line' id='line_1_56' title="bbox 1980 966 3566 1039; baseline 0.002 -19"><span class='ocrx_word' id='word_1_363' title='bbox 1980 966 2210 1021; x_wconf 87' lang='lat' dir='ltr'>illorum</span> <span class='ocrx_word' id='word_1_364' title='bbox 2240 971 2445 1032; x_wconf 78' lang='lat' dir='ltr'>tenent,</span> <span class='ocrx_word' id='word_1_365' title='bbox 2480 984 2587 1022; x_wconf 82' lang='lat' dir='ltr'>non</span> <span class='ocrx_word' id='word_1_366' title='bbox 2639 967 2796 1022; x_wconf 82' lang='lat' dir='ltr'>aliud</span> <span class='ocrx_word' id='word_1_367' title='bbox 2827 984 2991 1038; x_wconf 85' lang='lat' dir='ltr'>quam</span> <span class='ocrx_word' id='word_1_368' title='bbox 3040 966 3292 1039; x_wconf 84' lang='lat' dir='ltr'>divinum</span> <span class='ocrx_word' id='word_1_369' title='bbox 3320 969 3566 1039; x_wconf 72' lang='lat' dir='ltr'>ofﬁcium</span> 
     </span>
    </p>
   </div>
   <div class='ocr_carea' id='block_1_56' title="bbox 1978 1038 3067 1109">
    <p class='ocr_par' dir='ltr' id='par_1_56' title="bbox 1978 1038 3067 1109">
     <span class='ocr_line' id='line_1_57' title="bbox 1978 1038 3067 1109; baseline 0.001 -16"><span class='ocrx_word' id='word_1_370' title='bbox 1978 1040 2161 1108; x_wconf 81' lang='lat' dir='ltr'>facere</span> <span class='ocrx_word' id='word_1_371' title='bbox 2188 1045 2405 1109; x_wconf 77' lang='lat' dir='ltr'>cogant.</span> <span class='ocrx_word' id='word_1_372' title='bbox 2442 1040 2524 1093; x_wconf 77' lang='lat' dir='ltr'>Ea:</span> <span class='ocrx_word' id='word_1_373' title='bbox 2553 1039 2715 1094; x_wconf 83' lang='lat' dir='ltr'>dictis</span> <span class='ocrx_word' id='word_1_374' title='bbox 2746 1038 3067 1109; x_wconf 77' lang='lat' dir='ltr'>Augustini.</span> 
     </span>
    </p>
   </div>
   <div class='ocr_carea' id='block_1_57' title="bbox 1982 1135 3566 1205">
    <p class='ocr_par' dir='ltr' id='par_1_57' title="bbox 1982 1135 3566 1205">
     <span class='ocr_line' id='line_1_58' title="bbox 1982 1135 3566 1205; baseline 0.001 -17"><span class='ocrx_word' id='word_1_375' title='bbox 1982 1136 2305 1205; x_wconf 87' lang='lat' dir='ltr'>Admoneo,</span> <span class='ocrx_word' id='word_1_376' title='bbox 2338 1152 2460 1204; x_wconf 94' lang='lat' dir='ltr'>vos,</span> <span class='ocrx_word' id='word_1_377' title='bbox 2498 1135 2892 1205; x_wconf 88' lang='lat' dir='ltr'>dilectissimi,</span> <span class='ocrx_word' id='word_1_378' title='bbox 2921 1136 3106 1192; x_wconf 89' lang='lat' dir='ltr'>Deum</span> <span class='ocrx_word' id='word_1_379' title='bbox 3131 1137 3357 1205; x_wconf 90' lang='lat' dir='ltr'>timere,</span> <span class='ocrx_word' id='word_1_380' title='bbox 3380 1152 3566 1193; x_wconf 87' lang='lat' dir='ltr'>sacer-</span> 
     </span>
    </p>
   </div>
   <div class='ocr_carea' id='block_1_58' title="bbox 1912 1224 3564 1293">
    <p class='ocr_par' dir='ltr' id='par_1_58' title="bbox 1912 1224 3564 1293">
     <span class='ocr_line' id='line_1_59' title="bbox 1912 1224 3564 1293; baseline 0.001 -15"><span class='ocrx_word' id='word_1_381' title='bbox 1912 1224 2075 1279; x_wconf 89' lang='lat' dir='ltr'>dotes</span> <span class='ocrx_word' id='word_1_382' title='bbox 2108 1224 2417 1293; x_wconf 90' lang='lat' dir='ltr'>honorare,</span> <span class='ocrx_word' id='word_1_383' title='bbox 2451 1225 2761 1280; x_wconf 89' lang='lat' dir='ltr'>reddentes</span> <span class='ocrx_word' id='word_1_384' title='bbox 2790 1225 2875 1280; x_wconf 90' lang='lat' dir='ltr'>eis</span> <span class='ocrx_word' id='word_1_385' title='bbox 2917 1225 3181 1280; x_wconf 89' lang='lat' dir='ltr'>debitum</span> <span class='ocrx_word' id='word_1_386' title='bbox 3212 1225 3564 1293; x_wconf 88' lang='lat' dir='ltr'>sanctitatis,</span> 
     </span>
    </p>
   </div>
   <div class='ocr_carea' id='block_1_59' title="bbox 1912 1313 3569 1386">
    <p class='ocr_par' dir='ltr' id='par_1_59' title="bbox 1912 1313 3569 1386">
     <span class='ocr_line' id='line_1_60' title="bbox 1912 1313 3569 1386; baseline 0.001 -18"><span class='ocrx_word' id='word_1_387' title='bbox 1912 1317 1976 1368; x_wconf 90' lang='lat' dir='ltr'>ut</span> <span class='ocrx_word' id='word_1_388' title='bbox 2002 1313 2166 1368; x_wconf 87' lang='lat' dir='ltr'>vobis</span> <span class='ocrx_word' id='word_1_389' title='bbox 2192 1314 2607 1383; x_wconf 88' lang='lat' dir='ltr'>adjuvantibus</span> <span class='ocrx_word' id='word_1_390' title='bbox 2637 1313 2751 1386; x_wconf 90' lang='lat' dir='ltr'>ipsi</span> <span class='ocrx_word' id='word_1_391' title='bbox 2784 1313 3184 1369; x_wconf 90' lang='lat' dir='ltr'>inconturhati</span> <span class='ocrx_word' id='word_1_392' title='bbox 3228 1314 3460 1370; x_wconf 88' lang='lat' dir='ltr'>valeant</span> <span class='ocrx_word' id='word_1_393' title='bbox 3489 1318 3569 1370; x_wconf 87' lang='lat' dir='ltr'>at-</span> 
     </span>
    </p>
   </div>
   <div class='ocr_carea' id='block_1_60' title="bbox 1913 1402 3569 1475">
    <p class='ocr_par' dir='ltr' id='par_1_60' title="bbox 1913 1402 3569 1475">
     <span class='ocr_line' id='line_1_61' title="bbox 1913 1402 3569 1475; baseline 0.002 -20"><span class='ocrx_word' id='word_1_394' title='bbox 1913 1418 2026 1473; x_wconf 92' lang='lat' dir='ltr'>que</span> <span class='ocrx_word' id='word_1_395' title='bbox 2048 1403 2236 1456; x_wconf 86' lang='lat' dir='ltr'>securi</span> <span class='ocrx_word' id='word_1_396' title='bbox 2270 1402 2554 1457; x_wconf 88' lang='lat' dir='ltr'>salutaria</span> <span class='ocrx_word' id='word_1_397' title='bbox 2613 1403 2949 1473; x_wconf 72' lang='lat' dir='ltr'>praedicare,</span> <span class='ocrx_word' id='word_1_398' title='bbox 2973 1408 3030 1457; x_wconf 91' lang='lat' dir='ltr'>et</span> <span class='ocrx_word' id='word_1_399' title='bbox 3072 1403 3336 1475; x_wconf 86' lang='lat' dir='ltr'>regulam</span> <span class='ocrx_word' id='word_1_400' title='bbox 3395 1408 3569 1475; x_wconf 88' lang='lat' dir='ltr'>atque</span> 
     </span>
    </p>
   </div>
   <div class='ocr_carea' id='block_1_61' title="bbox 1910 1490 3568 1560">
    <p class='ocr_par' dir='ltr' id='par_1_61' title="bbox 1910 1490 3568 1560">
     <span class='ocr_line' id='line_1_62' title="bbox 1910 1490 3568 1560; baseline 0.002 -16"><span class='ocrx_word' id='word_1_401' title='bbox 1910 1492 2170 1560; x_wconf 84' lang='lat' dir='ltr'>vigorem</span> <span class='ocrx_word' id='word_1_402' title='bbox 2202 1490 2667 1547; x_wconf 89' lang='lat' dir='ltr'>ecclesiasticum</span> <span class='ocrx_word' id='word_1_403' title='bbox 2699 1508 3065 1559; x_wconf 89' lang='lat' dir='ltr'>conservare,</span> <span class='ocrx_word' id='word_1_404' title='bbox 3126 1492 3205 1547; x_wconf 88' lang='lat' dir='ltr'>ita</span> <span class='ocrx_word' id='word_1_405' title='bbox 3266 1496 3331 1547; x_wconf 93' lang='lat' dir='ltr'>ut</span> <span class='ocrx_word' id='word_1_406' title='bbox 3376 1491 3568 1547; x_wconf 84' lang='lat' dir='ltr'>clerici</span> 
     </span>
    </p>
   </div>
   <div class='ocr_carea' id='block_1_62' title="bbox 1914 1579 3572 1651">
    <p class='ocr_par' dir='ltr' id='par_1_62' title="bbox 1914 1579 3572 1651">
     <span class='ocr_line' id='line_1_63' title="bbox 1914 1579 3572 1651; baseline -0.001 -16"><span class='ocrx_word' id='word_1_407' title='bbox 1914 1596 2121 1635; x_wconf 91' lang='lat' dir='ltr'>omnes</span> <span class='ocrx_word' id='word_1_408' title='bbox 2153 1579 2275 1635; x_wconf 89' lang='lat' dir='ltr'>suis</span> <span class='ocrx_word' id='word_1_409' title='bbox 2308 1581 2651 1650; x_wconf 79' lang='lat' dir='ltr'>subiaceant</span> <span class='ocrx_word' id='word_1_410' title='bbox 2679 1580 2991 1651; x_wconf 90' lang='lat' dir='ltr'>episcopis,</span> <span class='ocrx_word' id='word_1_411' title='bbox 3014 1585 3072 1636; x_wconf 91' lang='lat' dir='ltr'>et</span> <span class='ocrx_word' id='word_1_412' title='bbox 3093 1582 3163 1636; x_wconf 88' lang='lat' dir='ltr'>ab</span> <span class='ocrx_word' id='word_1_413' title='bbox 3187 1582 3305 1636; x_wconf 87' lang='lat' dir='ltr'>illis</span> <span class='ocrx_word' id='word_1_414' title='bbox 3329 1582 3572 1636; x_wconf 59' lang='lat' dir='ltr'>docean—</span> 
     </span>
    </p>
   </div>
   <div class='ocr_carea' id='block_1_63' title="bbox 1915 1669 3570 1741">
    <p class='ocr_par' dir='ltr' id='par_1_63' title="bbox 1915 1669 3570 1741">
     <span class='ocr_line' id='line_1_64' title="bbox 1915 1669 3570 1741; baseline 0.002 -18"><span class='ocrx_word' id='word_1_415' title='bbox 1915 1672 2030 1723; x_wconf 88' lang='lat' dir='ltr'>tur.</span> <span class='ocrx_word' id='word_1_416' title='bbox 2064 1669 2421 1739; x_wconf 76' lang='lat' dir='ltr'>Praeceptum</span> <span class='ocrx_word' id='word_1_417' title='bbox 2457 1670 2671 1740; x_wconf 90' lang='lat' dir='ltr'>quippe</span> <span class='ocrx_word' id='word_1_418' title='bbox 2701 1676 2789 1724; x_wconf 90' lang='lat' dir='ltr'>est</span> <span class='ocrx_word' id='word_1_419' title='bbox 2815 1687 2848 1725; x_wconf 91' lang='lat' dir='ltr'>a</span> <span class='ocrx_word' id='word_1_420' title='bbox 2878 1669 3126 1725; x_wconf 79' lang='lat' dir='ltr'>Domino</span> <span class='ocrx_word' id='word_1_421' title='bbox 3147 1688 3159 1726; x_wconf 90' lang='lat'>:</span> <span class='ocrx_word' id='word_1_422' title='bbox 3183 1670 3401 1726; x_wconf 83' lang='lat' dir='ltr'>Reddite</span> <span class='ocrx_word' id='word_1_423' title='bbox 3445 1684 3570 1741; x_wconf 70' lang='lat' dir='ltr'>qua:</span> 
     </span>
    </p>
   </div>
   <div class='ocr_carea' id='block_1_64' title="bbox 1914 1756 3565 1829">
    <p class='ocr_par' dir='ltr' id='par_1_64' title="bbox 1914 1756 3565 1829">
     <span class='ocr_line' id='line_1_65' title="bbox 1914 1756 3565 1829; baseline 0.002 -17"><span class='ocrx_word' id='word_1_424' title='bbox 1914 1767 2047 1812; x_wconf 86' lang='lat' dir='ltr'>sunt</span> <span class='ocrx_word' id='word_1_425' title='bbox 2079 1756 2315 1813; x_wconf 64' lang='lat' dir='ltr'>Caesaris</span> <span class='ocrx_word' id='word_1_426' title='bbox 2347 1756 2564 1813; x_wconf 70' lang='lat' dir='ltr'>Caesari</span> <span class='ocrx_word' id='word_1_427' title='bbox 2592 1761 2788 1828; x_wconf 59' lang='lat' dir='ltr'>elquw</span> <span class='ocrx_word' id='word_1_428' title='bbox 2842 1764 2973 1813; x_wconf 85' lang='lat' dir='ltr'>sunt</span> <span class='ocrx_word' id='word_1_429' title='bbox 3034 1760 3133 1813; x_wconf 90' lang='lat' dir='ltr'>Dei</span> <span class='ocrx_word' id='word_1_430' title='bbox 3188 1761 3292 1815; x_wconf 87' lang='lat' dir='ltr'>Deo</span> <span class='ocrx_word' id='word_1_431' title='bbox 3340 1758 3565 1829; x_wconf 77' lang='lat' dir='ltr'>(Matth.</span> 
     </span>
    </p>
   </div>
   <div class='ocr_carea' id='block_1_65' title="bbox 1916 1846 3567 1918">
    <p class='ocr_par' dir='ltr' id='par_1_65' title="bbox 1916 1846 3567 1918">
     <span class='ocr_line' id='line_1_66' title="bbox 1916 1846 3567 1918; baseline 0.002 -19"><span class='ocrx_word' id='word_1_432' title='bbox 1916 1862 2070 1911; x_wconf 86' lang='lat' dir='ltr'>xxu;</span> <span class='ocrx_word' id='word_1_433' title='bbox 2105 1846 2262 1901; x_wconf 82' lang='lat' dir='ltr'>Marc.</span> <span class='ocrx_word' id='word_1_434' title='bbox 2300 1862 2377 1900; x_wconf 83' lang='lat' dir='ltr'>xu</span> <span class='ocrx_word' id='word_1_435' title='bbox 2406 1864 2420 1913; x_wconf 93' lang='lat'><strong>;</strong></span> <span class='ocrx_word' id='word_1_436' title='bbox 2452 1847 2579 1900; x_wconf 86' lang='lat' dir='ltr'>Luc.</span> <span class='ocrx_word' id='word_1_437' title='bbox 2614 1847 2727 1917; x_wconf 81' lang='lat' dir='ltr'>xx).</span> <span class='ocrx_word' id='word_1_438' title='bbox 2770 1846 3173 1918; x_wconf 82' lang='lat' dir='ltr'>Apostolicum</span> <span class='ocrx_word' id='word_1_439' title='bbox 3216 1853 3567 1918; x_wconf 64' lang='lat' dir='ltr'>praceptum</span> 
     </span>
    </p>
   </div>
   <div class='ocr_carea' id='block_1_66' title="bbox 1912 1934 3568 2001">
    <p class='ocr_par' dir='ltr' id='par_1_66' title="bbox 1912 1934 3568 2001">
     <span class='ocr_line' id='line_1_67' title="bbox 1912 1934 3568 2001; baseline 0.001 -12"><span class='ocrx_word' id='word_1_440' title='bbox 1912 1934 2078 1990; x_wconf 87' lang='lat' dir='ltr'>vobis</span> <span class='ocrx_word' id='word_1_441' title='bbox 2106 1935 2341 2001; x_wconf 89' lang='lat' dir='ltr'>mando,</span> <span class='ocrx_word' id='word_1_442' title='bbox 2367 1939 2432 1989; x_wconf 92' lang='lat' dir='ltr'>ut</span> <span class='ocrx_word' id='word_1_443' title='bbox 2463 1935 2661 1990; x_wconf 90' lang='lat' dir='ltr'>nullus</span> <span class='ocrx_word' id='word_1_444' title='bbox 2684 1935 2984 1991; x_wconf 72' lang='lat' dir='ltr'>saecularis</span> <span class='ocrx_word' id='word_1_445' title='bbox 3003 1936 3283 1992; x_wconf 90' lang='lat' dir='ltr'>clericum</span> <span class='ocrx_word' id='word_1_446' title='bbox 3309 1936 3369 1991; x_wconf 92' lang='lat' dir='ltr'>in</span> <span class='ocrx_word' id='word_1_447' title='bbox 3393 1953 3568 1991; x_wconf 90' lang='lat' dir='ltr'>suum</span> 
     </span>
    </p>
   </div>
   <div class='ocr_carea' id='block_1_67' title="bbox 1913 2022 3561 2097">
    <p class='ocr_par' dir='ltr' id='par_1_67' title="bbox 1913 2022 3561 2097">
     <span class='ocr_line' id='line_1_68' title="bbox 1913 2022 3561 2097; baseline 0.002 -19"><span class='ocrx_word' id='word_1_448' title='bbox 1913 2022 2124 2078; x_wconf 88' lang='lat' dir='ltr'>habeat</span> <span class='ocrx_word' id='word_1_449' title='bbox 2151 2023 2527 2095; x_wconf 89' lang='lat' dir='ltr'>obsequium,</span> <span class='ocrx_word' id='word_1_450' title='bbox 2578 2026 2680 2080; x_wconf 91' lang='lat' dir='ltr'>sed</span> <span class='ocrx_word' id='word_1_451' title='bbox 2739 2024 2822 2080; x_wconf 93' lang='lat' dir='ltr'>illi</span> <span class='ocrx_word' id='word_1_452' title='bbox 2883 2026 3053 2095; x_wconf 90' lang='lat' dir='ltr'>cujus</span> <span class='ocrx_word' id='word_1_453' title='bbox 3094 2025 3467 2097; x_wconf 84' lang='lat' dir='ltr'>signaculum</span> <span class='ocrx_word' id='word_1_454' title='bbox 3501 2024 3561 2081; x_wconf 91' lang='lat' dir='ltr'>in</span> 
     </span>
    </p>
   </div>
   <div class='ocr_carea' id='block_1_68' title="bbox 1916 2112 3564 2186">
    <p class='ocr_par' dir='ltr' id='par_1_68' title="bbox 1916 2112 3564 2186">
     <span class='ocr_line' id='line_1_69' title="bbox 1916 2112 3564 2186; baseline 0.002 -18"><span class='ocrx_word' id='word_1_455' title='bbox 1916 2113 2103 2183; x_wconf 89' lang='lat' dir='ltr'>capite</span> <span class='ocrx_word' id='word_1_456' title='bbox 2132 2112 2308 2168; x_wconf 90' lang='lat' dir='ltr'>habet</span> <span class='ocrx_word' id='word_1_457' title='bbox 2336 2115 2411 2185; x_wconf 90' lang='lat' dir='ltr'>(Il</span> <span class='ocrx_word' id='word_1_458' title='bbox 2447 2115 2589 2168; x_wconf 85' lang='lat' dir='ltr'>Tim.</span> <span class='ocrx_word' id='word_1_459' title='bbox 2624 2116 2709 2186; x_wconf 89' lang='grc' dir='ltr'>ιι),</span> <span class='ocrx_word' id='word_1_460' title='bbox 2746 2119 2938 2169; x_wconf 86' lang='lat' dir='ltr'>mente</span> <span class='ocrx_word' id='word_1_461' title='bbox 2963 2115 3255 2170; x_wconf 89' lang='lat' dir='ltr'>deserviat</span> <span class='ocrx_word' id='word_1_462' title='bbox 3283 2118 3341 2171; x_wconf 95' lang='lat' dir='ltr'>ct</span> <span class='ocrx_word' id='word_1_463' title='bbox 3371 2115 3564 2183; x_wconf 84' lang='lat' dir='ltr'>corde,</span> 
     </span>
    </p>
   </div>
   <div class='ocr_carea' id='block_1_69' title="bbox 1916 2202 3564 2274">
    <p class='ocr_par' dir='ltr' id='par_1_69' title="bbox 1916 2202 3564 2274">
     <span class='ocr_line' id='line_1_70' title="bbox 1916 2202 3564 2274; baseline 0.001 -17"><span class='ocrx_word' id='word_1_464' title='bbox 1916 2202 2200 2257; x_wconf 90' lang='lat' dir='ltr'>educatus</span> <span class='ocrx_word' id='word_1_465' title='bbox 2229 2202 2285 2256; x_wconf 94' lang='lat' dir='ltr'>in</span> <span class='ocrx_word' id='word_1_466' title='bbox 2321 2202 2414 2257; x_wconf 89' lang='lat' dir='ltr'>his</span> <span class='ocrx_word' id='word_1_467' title='bbox 2444 2219 2573 2273; x_wconf 69' lang='lat' dir='ltr'>quae</span> <span class='ocrx_word' id='word_1_468' title='bbox 2597 2219 2630 2258; x_wconf 90' lang='lat' dir='ltr'>a</span> <span class='ocrx_word' id='word_1_469' title='bbox 2661 2220 2766 2258; x_wconf 82' lang='lat' dir='ltr'>suo</span> <span class='ocrx_word' id='word_1_470' title='bbox 2795 2203 3217 2274; x_wconf 59' lang='lat' dir='ltr'>praecipiuntur</span> <span class='ocrx_word' id='word_1_471' title='bbox 3271 2203 3564 2274; x_wconf 90' lang='lat' dir='ltr'>episcopo.</span> 
     </span>
    </p>
   </div>
   <div class='ocr_carea' id='block_1_70' title="bbox 1918 2290 3568 2363">
    <p class='ocr_par' dir='ltr' id='par_1_70' title="bbox 1918 2290 3568 2363">
     <span class='ocr_line' id='line_1_71' title="bbox 1918 2290 3568 2363; baseline 0.002 -19"><span class='ocrx_word' id='word_1_472' title='bbox 1918 2290 2270 2345; x_wconf 84' lang='lat' dir='ltr'>Detestabile</span> <span class='ocrx_word' id='word_1_473' title='bbox 2301 2296 2389 2346; x_wconf 89' lang='lat' dir='ltr'>est</span> <span class='ocrx_word' id='word_1_474' title='bbox 2426 2293 2582 2347; x_wconf 89' lang='lat' dir='ltr'>enim</span> <span class='ocrx_word' id='word_1_475' title='bbox 2617 2297 2673 2347; x_wconf 89' lang='lat' dir='ltr'>et</span> <span class='ocrx_word' id='word_1_476' title='bbox 2702 2291 2974 2363; x_wconf 91' lang='lat' dir='ltr'>iniquum</span> <span class='ocrx_word' id='word_1_477' title='bbox 3023 2308 3171 2362; x_wconf 92' lang='lat' dir='ltr'>opus</span> <span class='ocrx_word' id='word_1_478' title='bbox 3200 2290 3477 2347; x_wconf 91' lang='lat' dir='ltr'>clericum</span> <span class='ocrx_word' id='word_1_479' title='bbox 3508 2292 3568 2347; x_wconf 84' lang='lat' dir='ltr'>in</span> 
     </span>
    </p>
   </div>
   <div class='ocr_carea' id='block_1_71' title="bbox 1917 2378 3573 2451">
    <p class='ocr_par' dir='ltr' id='par_1_71' title="bbox 1917 2378 3573 2451">
     <span class='ocr_line' id='line_1_72' title="bbox 1917 2378 3573 2451; baseline 0.002 -19"><span class='ocrx_word' id='word_1_480' title='bbox 1917 2378 2074 2434; x_wconf 90' lang='lat' dir='ltr'>ludis</span> <span class='ocrx_word' id='word_1_481' title='bbox 2094 2380 2361 2446; x_wconf 91' lang='lat' dir='ltr'>inveniri,</span> <span class='ocrx_word' id='word_1_482' title='bbox 2387 2383 2641 2435; x_wconf 88' lang='lat' dir='ltr'>autcum</span> <span class='ocrx_word' id='word_1_483' title='bbox 2662 2380 3042 2451; x_wconf 84' lang='lat' dir='ltr'>accipitribus</span> <span class='ocrx_word' id='word_1_484' title='bbox 3064 2380 3147 2433; x_wconf 92' lang='lat' dir='ltr'>vel</span> <span class='ocrx_word' id='word_1_485' title='bbox 3165 2380 3573 2436; x_wconf 81' lang='lat' dir='ltr'>venationibus</span> 
     </span>
    </p>
   </div>
   <div class='ocr_carea' id='block_1_72' title="bbox 1920 2467 3570 2539">
    <p class='ocr_par' dir='ltr' id='par_1_72' title="bbox 1920 2467 3570 2539">
     <span class='ocr_line' id='line_1_73' title="bbox 1920 2467 3570 2539; baseline -0.001 -17"><span class='ocrx_word' id='word_1_486' title='bbox 1920 2468 2130 2539; x_wconf 89' lang='lat' dir='ltr'>degere</span> <span class='ocrx_word' id='word_1_487' title='bbox 2148 2467 2348 2530; x_wconf 90' lang='lat' dir='ltr'>vitam,</span> <span class='ocrx_word' id='word_1_488' title='bbox 2382 2468 2684 2537; x_wconf 89' lang='lat' dir='ltr'>tantisque</span> <span class='ocrx_word' id='word_1_489' title='bbox 2715 2467 2963 2523; x_wconf 87' lang='lat' dir='ltr'>scenicis</span> <span class='ocrx_word' id='word_1_490' title='bbox 2995 2467 3191 2522; x_wconf 89' lang='lat' dir='ltr'>causis</span> <span class='ocrx_word' id='word_1_491' title='bbox 3243 2467 3570 2521; x_wconf 88' lang='lat' dir='ltr'>sauciatum</span> 
     </span>
    </p>
   </div>
   <div class='ocr_carea' id='block_1_73' title="bbox 1922 2554 3577 2626">
    <p class='ocr_par' dir='ltr' id='par_1_73' title="bbox 1922 2554 3577 2626">
     <span class='ocr_line' id='line_1_74' title="bbox 1922 2554 3577 2626; baseline -0.002 -15"><span class='ocrx_word' id='word_1_492' title='bbox 1922 2557 1991 2611; x_wconf 86' lang='lat' dir='ltr'>ad</span> <span class='ocrx_word' id='word_1_493' title='bbox 2027 2556 2429 2626; x_wconf 88' lang='lat' dir='ltr'>episcopatum</span> <span class='ocrx_word' id='word_1_494' title='bbox 2467 2561 2568 2609; x_wconf 88' lang='lat' dir='ltr'>aut</span> <span class='ocrx_word' id='word_1_495' title='bbox 2591 2556 3043 2626; x_wconf 80' lang='lat' dir='ltr'>presbyterium,</span> <span class='ocrx_word' id='word_1_496' title='bbox 3074 2555 3158 2609; x_wconf 92' lang='lat' dir='ltr'>vel</span> <span class='ocrx_word' id='word_1_497' title='bbox 3210 2554 3577 2625; x_wconf 88' lang='lat' dir='ltr'>quibuslibet</span> 
     </span>
    </p>
   </div>
   <div class='ocr_carea' id='block_1_74' title="bbox 1923 2642 3579 2709">
    <p class='ocr_par' dir='ltr' id='par_1_74' title="bbox 1923 2642 3579 2709">
     <span class='ocr_line' id='line_1_75' title="bbox 1923 2642 3579 2709; baseline 0 -12"><span class='ocrx_word' id='word_1_498' title='bbox 1923 2642 2388 2698; x_wconf 88' lang='lat' dir='ltr'>sacerdotalibus</span> <span class='ocrx_word' id='word_1_499' title='bbox 2412 2644 2620 2698; x_wconf 86' lang='lat' dir='ltr'>ofﬁciis</span> <span class='ocrx_word' id='word_1_500' title='bbox 2635 2645 2928 2709; x_wconf 91' lang='lat' dir='ltr'>accedere,</span> <span class='ocrx_word' id='word_1_501' title='bbox 2945 2660 3061 2698; x_wconf 90' lang='lat' dir='ltr'>non</span> <span class='ocrx_word' id='word_1_502' title='bbox 3082 2643 3274 2709; x_wconf 90' lang='lat' dir='ltr'>bonis,</span> <span class='ocrx_word' id='word_1_503' title='bbox 3291 2644 3390 2698; x_wconf 90' lang='lat' dir='ltr'>sed</span> <span class='ocrx_word' id='word_1_504' title='bbox 3408 2643 3579 2698; x_wconf 89' lang='lat' dir='ltr'>malis</span> 
     </span>
    </p>
   </div>
   <div class='ocr_carea' id='block_1_75' title="bbox 1922 2730 3583 2802">
    <p class='ocr_par' dir='ltr' id='par_1_75' title="bbox 1922 2730 3583 2802">
     <span class='ocr_line' id='line_1_76' title="bbox 1922 2730 3583 2802; baseline 0 -17"><span class='ocrx_word' id='word_1_505' title='bbox 1922 2731 2079 2786; x_wconf 90' lang='lat' dir='ltr'>vitiis</span> <span class='ocrx_word' id='word_1_506' title='bbox 2109 2730 2372 2802; x_wconf 91' lang='lat' dir='ltr'>plenum.</span> <span class='ocrx_word' id='word_1_507' title='bbox 2398 2731 2686 2802; x_wconf 91' lang='lat' dir='ltr'>Scriptum</span> <span class='ocrx_word' id='word_1_508' title='bbox 2720 2746 2976 2802; x_wconf 88' lang='lat' dir='ltr'>namque</span> <span class='ocrx_word' id='word_1_509' title='bbox 3018 2735 3144 2787; x_wconf 87' lang='lat' dir='ltr'>est:</span> <span class='ocrx_word' id='word_1_510' title='bbox 3198 2730 3303 2798; x_wconf 87' lang='lat' dir='ltr'>Qui</span> <span class='ocrx_word' id='word_1_511' title='bbox 3337 2730 3583 2800; x_wconf 78' lang='lat' dir='ltr'>diligitis</span> 
     </span>
    </p>
   </div>
   <div class='ocr_carea' id='block_1_76' title="bbox 1924 2819 3585 2891">
    <p class='ocr_par' dir='ltr' id='par_1_76' title="bbox 1924 2819 3585 2891">
     <span class='ocr_line' id='line_1_77' title="bbox 1924 2819 3585 2891; baseline -0.001 -15"><span class='ocrx_word' id='word_1_512' title='bbox 1924 2820 2238 2883; x_wconf 85' lang='lat' dir='ltr'>Dominum,</span> <span class='ocrx_word' id='word_1_513' title='bbox 2263 2820 2407 2876; x_wconf 83' lang='lat' dir='ltr'>adite</span> <span class='ocrx_word' id='word_1_514' title='bbox 2436 2821 2650 2875; x_wconf 87' lang='lat' dir='ltr'>malum</span> <span class='ocrx_word' id='word_1_515' title='bbox 2697 2820 2873 2891; x_wconf 79' lang='lat' dir='ltr'>(Psal.</span> <span class='ocrx_word' id='word_1_516' title='bbox 2922 2820 3095 2891; x_wconf 75' lang='lat' dir='ltr'>xcvr).</span> <span class='ocrx_word' id='word_1_517' title='bbox 3157 2820 3301 2874; x_wconf 91' lang='lat' dir='ltr'>Nam</span> <span class='ocrx_word' id='word_1_518' title='bbox 3363 2825 3420 2875; x_wconf 90' lang='lat' dir='ltr'>et</span> <span class='ocrx_word' id='word_1_519' title='bbox 3476 2819 3585 2874; x_wconf 90' lang='lat' dir='ltr'>hoc</span> 
     </span>
    </p>
   </div>
   <div class='ocr_carea' id='block_1_77' title="bbox 1927 2908 3584 2980">
    <p class='ocr_par' dir='ltr' id='par_1_77' title="bbox 1927 2908 3584 2980">
     <span class='ocr_line' id='line_1_78' title="bbox 1927 2908 3584 2980; baseline 0 -17"><span class='ocrx_word' id='word_1_520' title='bbox 1927 2909 2234 2963; x_wconf 89' lang='lat' dir='ltr'>hortamur</span> <span class='ocrx_word' id='word_1_521' title='bbox 2262 2908 2762 2965; x_wconf 88' lang='lat' dir='ltr'>Christianitatem</span> <span class='ocrx_word' id='word_1_522' title='bbox 2786 2912 3064 2976; x_wconf 89' lang='lat' dir='ltr'>vestram,</span> <span class='ocrx_word' id='word_1_523' title='bbox 3090 2910 3336 2980; x_wconf 84' lang='lat' dir='ltr'>utjuxta</span> <span class='ocrx_word' id='word_1_524' title='bbox 3360 2918 3584 2964; x_wconf 80' lang='lat' dir='ltr'>sancto-</span> 
     </span>
    </p>
   </div>
   <div class='ocr_carea' id='block_1_78' title="bbox 1926 2996 3589 3065">
    <p class='ocr_par' dir='ltr' id='par_1_78' title="bbox 1926 2996 3589 3065">
     <span class='ocr_line' id='line_1_79' title="bbox 1926 2996 3589 3065; baseline -0.001 -12"><span class='ocrx_word' id='word_1_525' title='bbox 1926 3015 2057 3053; x_wconf 91' lang='lat' dir='ltr'>rum</span> <span class='ocrx_word' id='word_1_526' title='bbox 2093 3015 2388 3053; x_wconf 88' lang='lat' dir='ltr'>canonum</span> <span class='ocrx_word' id='word_1_527' title='bbox 2422 2998 2716 3065; x_wconf 86' lang='lat' dir='ltr'>instituta,</span> <span class='ocrx_word' id='word_1_528' title='bbox 2750 3013 2855 3053; x_wconf 88' lang='lat' dir='ltr'>nec</span> <span class='ocrx_word' id='word_1_529' title='bbox 2898 2996 3163 3053; x_wconf 88' lang='lat' dir='ltr'>ecclesiis</span> <span class='ocrx_word' id='word_1_530' title='bbox 3194 3015 3228 3052; x_wconf 87' lang='lat' dir='ltr'>a</span> <span class='ocrx_word' id='word_1_531' title='bbox 3259 2997 3424 3053; x_wconf 90' lang='lat' dir='ltr'>vobis</span> <span class='ocrx_word' id='word_1_532' title='bbox 3459 2998 3589 3052; x_wconf 88' lang='lat' dir='ltr'>fun-</span> 
     </span>
    </p>
   </div>
   <div class='ocr_carea' id='block_1_79' title="bbox 1932 3085 3593 3160">
    <p class='ocr_par' dir='ltr' id='par_1_79' title="bbox 1932 3085 3593 3160">
     <span class='ocr_line' id='line_1_80' title="bbox 1932 3085 3593 3160; baseline -0.002 -17"><span class='ocrx_word' id='word_1_533' title='bbox 1932 3088 2088 3144; x_wconf 91' lang='lat' dir='ltr'>datis</span> <span class='ocrx_word' id='word_1_534' title='bbox 2119 3087 2355 3143; x_wconf 90' lang='lat' dir='ltr'>aliunde</span> <span class='ocrx_word' id='word_1_535' title='bbox 2386 3086 2625 3142; x_wconf 91' lang='lat' dir='ltr'>veniens</span> <span class='ocrx_word' id='word_1_536' title='bbox 2656 3088 2959 3160; x_wconf 82' lang='lat' dir='ltr'>presbyter</span> <span class='ocrx_word' id='word_1_537' title='bbox 2988 3086 3368 3159; x_wconf 84' lang='lat' dir='ltr'>suscipiatur,</span> <span class='ocrx_word' id='word_1_538' title='bbox 3415 3085 3529 3141; x_wconf 90' lang='lat' dir='ltr'>nisi</span> <span class='ocrx_word' id='word_1_539' title='bbox 3558 3104 3593 3140; x_wconf 93' lang='lat' dir='ltr'>a</span> 
     </span>
    </p>
   </div>
   <div class='ocr_carea' id='block_1_80' title="bbox 1854 3164 3593 3250">
    <p class='ocr_par' dir='ltr' id='par_1_80' title="bbox 1854 3164 3593 3250">
     <span class='ocr_line' id='line_1_81' title="bbox 1854 3164 3593 3250; baseline 0 -19"><span class='ocrx_word' id='word_1_540' title='bbox 1854 3164 1895 3230; x_wconf 85' lang='lat' dir='ltr'>C</span> <span class='ocrx_word' id='word_1_541' title='bbox 1934 3184 2137 3233; x_wconf 67' lang='lat' dir='ltr'>vestrae</span> <span class='ocrx_word' id='word_1_542' title='bbox 2173 3178 2438 3233; x_wconf 62' lang='lat' dir='ltr'>Ecclesia</span> <span class='ocrx_word' id='word_1_543' title='bbox 2463 3178 2636 3233; x_wconf 89' lang='lat' dir='ltr'>fuerit</span> <span class='ocrx_word' id='word_1_544' title='bbox 2665 3178 2941 3250; x_wconf 85' lang='lat' dir='ltr'>episcopo</span> <span class='ocrx_word' id='word_1_545' title='bbox 2973 3182 3373 3242; x_wconf 88' lang='lat' dir='ltr'>consecratus,</span> <span class='ocrx_word' id='word_1_546' title='bbox 3398 3181 3499 3231; x_wconf 88' lang='lat' dir='ltr'>aut</span> <span class='ocrx_word' id='word_1_547' title='bbox 3521 3177 3593 3232; x_wconf 87' lang='lat' dir='ltr'>ab</span> 
     </span>
    </p>
   </div>
   <div class='ocr_carea' id='block_1_81' title="bbox 1933 3264 3594 3339">
    <p class='ocr_par' dir='ltr' id='par_1_81' title="bbox 1933 3264 3594 3339">
     <span class='ocr_line' id='line_1_82' title="bbox 1933 3264 3594 3339; baseline -0.002 -18"><span class='ocrx_word' id='word_1_548' title='bbox 1933 3282 1999 3321; x_wconf 92' lang='lat' dir='ltr'>eo</span> <span class='ocrx_word' id='word_1_549' title='bbox 2039 3284 2140 3339; x_wconf 91' lang='lat' dir='ltr'>per</span> <span class='ocrx_word' id='word_1_550' title='bbox 2179 3266 2691 3322; x_wconf 87' lang='lat' dir='ltr'>commendatitias</span> <span class='ocrx_word' id='word_1_551' title='bbox 2732 3267 2958 3322; x_wconf 88' lang='lat' dir='ltr'>litteras</span> <span class='ocrx_word' id='word_1_552' title='bbox 2998 3267 3380 3338; x_wconf 90' lang='lat' dir='ltr'>suscipiatur.</span> <span class='ocrx_word' id='word_1_553' title='bbox 3430 3264 3594 3320; x_wconf 84' lang='lat' dir='ltr'>Multi</span> 
     </span>
    </p>
   </div>
   <div class='ocr_carea' id='block_1_82' title="bbox 1934 3354 3596 3427">
    <p class='ocr_par' dir='ltr' id='par_1_82' title="bbox 1934 3354 3596 3427">
     <span class='ocr_line' id='line_1_83' title="bbox 1934 3354 3596 3427; baseline -0.001 -17"><span class='ocrx_word' id='word_1_554' title='bbox 1934 3357 2090 3410; x_wconf 93' lang='lat' dir='ltr'>enim</span> <span class='ocrx_word' id='word_1_555' title='bbox 2115 3356 2469 3427; x_wconf 90' lang='lat' dir='ltr'>sibimetipsi</span> <span class='ocrx_word' id='word_1_556' title='bbox 2492 3356 2827 3424; x_wconf 88' lang='lat' dir='ltr'>mendaces,</span> <span class='ocrx_word' id='word_1_557' title='bbox 2864 3355 3165 3409; x_wconf 89' lang='lat' dir='ltr'>multoties</span> <span class='ocrx_word' id='word_1_558' title='bbox 3203 3354 3353 3410; x_wconf 89' lang='lat' dir='ltr'>servi</span> <span class='ocrx_word' id='word_1_559' title='bbox 3393 3356 3596 3424; x_wconf 84' lang='lat' dir='ltr'>cujus-</span> 
     </span>
    </p>
   </div>
   <div class='ocr_carea' id='block_1_83' title="bbox 1935 3441 3593 3515">
    <p class='ocr_par' dir='ltr' id='par_1_83' title="bbox 1935 3441 3593 3515">
     <span class='ocr_line' id='line_1_84' title="bbox 1935 3441 3593 3515; baseline -0.001 -18"><span class='ocrx_word' id='word_1_560' title='bbox 1935 3460 2111 3514; x_wconf 88' lang='lat' dir='ltr'>quam</span> <span class='ocrx_word' id='word_1_561' title='bbox 2135 3444 2335 3515; x_wconf 87' lang='lat' dir='ltr'>fugam</span> <span class='ocrx_word' id='word_1_562' title='bbox 2372 3444 2718 3515; x_wconf 89' lang='lat' dir='ltr'>arripientes</span> <span class='ocrx_word' id='word_1_563' title='bbox 2749 3444 3007 3498; x_wconf 87' lang='lat' dir='ltr'>dominis</span> <span class='ocrx_word' id='word_1_564' title='bbox 3061 3442 3185 3498; x_wconf 90' lang='lat' dir='ltr'>suis</span> <span class='ocrx_word' id='word_1_565' title='bbox 3236 3441 3593 3512; x_wconf 88' lang='lat' dir='ltr'>semetipsos</span> 
     </span>
    </p>
   </div>
   <div class='ocr_carea' id='block_1_84' title="bbox 1938 3532 3602 3611">
    <p class='ocr_par' dir='ltr' id='par_1_84' title="bbox 1938 3532 3602 3611">
     <span class='ocr_line' id='line_1_85' title="bbox 1938 3532 3602 3611; baseline -0.001 -24"><span class='ocrx_word' id='word_1_566' title='bbox 1938 3533 2486 3605; x_wconf 86' lang='lat' dir='ltr'>quasiconsecratos</span> <span class='ocrx_word' id='word_1_567' title='bbox 2510 3533 2879 3605; x_wconf 83' lang='lat' dir='ltr'>presbyteros</span> <span class='ocrx_word' id='word_1_568' title='bbox 2907 3532 3282 3598; x_wconf 89' lang='lat' dir='ltr'>annuntiant,</span> <span class='ocrx_word' id='word_1_569' title='bbox 3310 3532 3448 3586; x_wconf 90' lang='lat' dir='ltr'>dum</span> <span class='ocrx_word' id='word_1_570' title='bbox 3466 3547 3602 3611; x_wconf 66' lang='lat' dir='ltr'>noni</span> 
     </span>
    </p>
   </div>
   <div class='ocr_carea' id='block_1_85' title="bbox 1937 3620 3573 3691">
    <p class='ocr_par' dir='ltr' id='par_1_85' title="bbox 1937 3620 3573 3691">
     <span class='ocr_line' id='line_1_86' title="bbox 1937 3620 3573 3691; baseline -0.002 -14"><span class='ocrx_word' id='word_1_571' title='bbox 1937 3622 2077 3678; x_wconf 91' lang='lat' dir='ltr'>sint.</span> <span class='ocrx_word' id='word_1_572' title='bbox 2113 3622 2263 3676; x_wconf 91' lang='lat' dir='ltr'>Sunt</span> <span class='ocrx_word' id='word_1_573' title='bbox 2292 3626 2488 3677; x_wconf 88' lang='lat' dir='ltr'>autem</span> <span class='ocrx_word' id='word_1_574' title='bbox 2525 3621 2779 3676; x_wconf 89' lang='lat' dir='ltr'>ministri</span> <span class='ocrx_word' id='word_1_575' title='bbox 2806 3620 3047 3689; x_wconf 90' lang='lat' dir='ltr'>diaboli,</span> <span class='ocrx_word' id='word_1_576' title='bbox 3063 3626 3120 3676; x_wconf 90' lang='lat' dir='ltr'>et</span> <span class='ocrx_word' id='word_1_577' title='bbox 3139 3636 3255 3676; x_wconf 89' lang='lat' dir='ltr'>non</span> <span class='ocrx_word' id='word_1_578' title='bbox 3277 3620 3397 3685; x_wconf 90' lang='lat' dir='ltr'>Dei,</span> <span class='ocrx_word' id='word_1_579' title='bbox 3417 3624 3475 3675; x_wconf 91' lang='lat' dir='ltr'>et</span> <span class='ocrx_word' id='word_1_580' title='bbox 3493 3636 3573 3691; x_wconf 90' lang='lat' dir='ltr'>qu</span> 
     </span>
    </p>
   </div>
   <div class='ocr_carea' id='block_1_86' title="bbox 1937 3709 3590 3781">
    <p class='ocr_par' dir='ltr' id='par_1_86' title="bbox 1937 3709 3590 3781">
     <span class='ocr_line' id='line_1_87' title="bbox 1937 3709 3590 3781; baseline -0.001 -15"><span class='ocrx_word' id='word_1_581' title='bbox 1937 3727 2035 3766; x_wconf 88' lang='lat' dir='ltr'>eos</span> <span class='ocrx_word' id='word_1_582' title='bbox 2066 3710 2400 3781; x_wconf 90' lang='lat' dir='ltr'>suscipiunt</span> <span class='ocrx_word' id='word_1_583' title='bbox 2429 3710 2719 3777; x_wconf 89' lang='lat' dir='ltr'>similiter,</span> <span class='ocrx_word' id='word_1_584' title='bbox 2756 3711 2893 3781; x_wconf 92' lang='lat' dir='ltr'>quia</span> <span class='ocrx_word' id='word_1_585' title='bbox 2907 3710 3190 3781; x_wconf 90' lang='lat' dir='ltr'>scriptum</span> <span class='ocrx_word' id='word_1_586' title='bbox 3206 3714 3297 3765; x_wconf 92' lang='lat' dir='ltr'>est</span> <span class='ocrx_word' id='word_1_587' title='bbox 3325 3726 3338 3765; x_wconf 91' lang='lat'><strong>:</strong></span> <span class='ocrx_word' id='word_1_588' title='bbox 3362 3709 3590 3765; x_wconf 73' lang='lat' dir='ltr'>Videbo:</span> 
     </span>
    </p>
   </div>
   <div class='ocr_carea' id='block_1_87' title="bbox 1938 3798 3318 3871">
    <p class='ocr_par' dir='ltr' id='par_1_87' title="bbox 1938 3798 3318 3871">
     <span class='ocr_line' id='line_1_88' title="bbox 1938 3798 3318 3871; baseline -0.001 -16"><span class='ocrx_word' id='word_1_589' title='bbox 1938 3803 2143 3871; x_wconf 77' lang='lat' dir='ltr'>furem,</span> <span class='ocrx_word' id='word_1_590' title='bbox 2177 3804 2230 3854; x_wconf 85' lang='lat' dir='ltr'>et</span> <span class='ocrx_word' id='word_1_591' title='bbox 2258 3815 2383 3854; x_wconf 84' lang='lat' dir='ltr'>cum</span> <span class='ocrx_word' id='word_1_592' title='bbox 2402 3815 2461 3854; x_wconf 87' lang='lat' dir='ltr'>eo</span> <span class='ocrx_word' id='word_1_593' title='bbox 2492 3798 2753 3855; x_wconf 84' lang='lat' dir='ltr'>currebas</span> <span class='ocrx_word' id='word_1_594' title='bbox 2783 3799 2960 3871; x_wconf 84' lang='lat' dir='ltr'>(Psal.</span> <span class='ocrx_word' id='word_1_595' title='bbox 2994 3798 3174 3871; x_wconf 66' lang='grc' dir='ltr'>χιιι).</span> <span class='ocrx_word' id='word_1_596' title='bbox 3205 3801 3318 3854; x_wconf 85' lang='lat' dir='ltr'>etc.</span> 
     </span>
    </p>
   </div>
   <div class='ocr_carea' id='block_1_88' title="bbox 1941 3915 3611 3986">
    <p class='ocr_par' dir='ltr' id='par_1_88' title="bbox 1941 3915 3611 3986">
     <span class='ocr_line' id='line_1_89' title="bbox 1941 3915 3611 3986; baseline -0.002 -15"><span class='ocrx_word' id='word_1_597' title='bbox 1941 3916 2076 3971; x_wconf 81' lang='lat' dir='ltr'>CAP.</span> <span class='ocrx_word' id='word_1_598' title='bbox 2100 3915 2189 3969; x_wconf 80' lang='lat'>32.</span> <span class='ocrx_word' id='word_1_599' title='bbox 2218 3946 2285 3954; x_wconf 91' lang='lat'><strong><em>—</em></strong></span> <span class='ocrx_word' id='word_1_600' title='bbox 2322 3916 2384 3971; x_wconf 84' lang='lat' dir='ltr'>Ut</span> <span class='ocrx_word' id='word_1_601' title='bbox 2410 3915 2599 3971; x_wconf 60' lang='lat' dir='ltr'>Judwi</span> <span class='ocrx_word' id='word_1_602' title='bbox 2624 3932 2791 3986; x_wconf 87' lang='lat' dir='ltr'>super</span> <span class='ocrx_word' id='word_1_603' title='bbox 2848 3915 3198 3971; x_wconf 81' lang='lat' dir='ltr'>Christianos</span> <span class='ocrx_word' id='word_1_604' title='bbox 3227 3929 3339 3969; x_wconf 77' lang='lat' dir='ltr'>non</span> <span class='ocrx_word' id='word_1_605' title='bbox 3384 3928 3611 3985; x_wconf 80' lang='lat' dir='ltr'>ponan-</span> 
     </span>
    </p>
   </div>
   <div class='ocr_carea' id='block_1_89' title="bbox 2275 3986 3257 4058">
    <p class='ocr_par' dir='ltr' id='par_1_89' title="bbox 2275 3986 3257 4058">
     <span class='ocr_line' id='line_1_90' title="bbox 2275 3986 3257 4058; baseline -0.002 -17"><span class='ocrx_word' id='word_1_606' title='bbox 2275 3992 2386 4041; x_wconf 88' lang='lat' dir='ltr'>tur.</span> <span class='ocrx_word' id='word_1_607' title='bbox 2419 3989 2502 4041; x_wconf 76' lang='lat' dir='ltr'>Ex</span> <span class='ocrx_word' id='word_1_608' title='bbox 2530 4002 2678 4043; x_wconf 87' lang='lat' dir='ltr'>conc.</span> <span class='ocrx_word' id='word_1_609' title='bbox 2715 3987 3008 4057; x_wconf 81' lang='lat' dir='ltr'>Meldensi,</span> <span class='ocrx_word' id='word_1_610' title='bbox 3050 4003 3169 4058; x_wconf 90' lang='lat' dir='ltr'>cap.</span> <span class='ocrx_word' id='word_1_611' title='bbox 3204 3986 3257 4040; x_wconf 92' lang='lat'>3.</span> 
     </span>
    </p>
   </div>
   <div class='ocr_carea' id='block_1_90' title="bbox 2014 4078 3599 4139">
    <p class='ocr_par' dir='ltr' id='par_1_90' title="bbox 2014 4078 3599 4139">
     <span class='ocr_line' id='line_1_91' title="bbox 2014 4078 3599 4139; baseline -0.004 0"><span class='ocrx_word' id='word_1_612' title='bbox 2014 4084 2094 4139; x_wconf 88' lang='lat' dir='ltr'>Ne</span> <span class='ocrx_word' id='word_1_613' title='bbox 2113 4083 2299 4139; x_wconf 85' lang='lat' dir='ltr'>Judaei</span> <span class='ocrx_word' id='word_1_614' title='bbox 2327 4084 2831 4139; x_wconf 89' lang='lat' dir='ltr'>administratorio</span> <span class='ocrx_word' id='word_1_615' title='bbox 2863 4100 2970 4138; x_wconf 88' lang='lat' dir='ltr'>usu</span> <span class='ocrx_word' id='word_1_616' title='bbox 3006 4084 3115 4138; x_wconf 91' lang='lat' dir='ltr'>sub</span> <span class='ocrx_word' id='word_1_617' title='bbox 3140 4080 3344 4138; x_wconf 87' lang='lat' dir='ltr'>ordine</span> <span class='ocrx_word' id='word_1_618' title='bbox 3372 4078 3599 4134; x_wconf 85' lang='lat' dir='ltr'>villico-</span> 
     </span>
    </p>
   </div>
   <div class='ocr_carea' id='block_1_91' title="bbox 1944 4168 3603 4244">
    <p class='ocr_par' dir='ltr' id='par_1_91' title="bbox 1944 4168 3603 4244">
     <span class='ocr_line' id='line_1_92' title="bbox 1944 4168 3603 4244; baseline -0.004 -15"><span class='ocrx_word' id='word_1_619' title='bbox 1944 4190 2076 4229; x_wconf 90' lang='lat' dir='ltr'>rum</span> <span class='ocrx_word' id='word_1_620' title='bbox 2110 4177 2285 4244; x_wconf 91' lang='lat' dir='ltr'>atque</span> <span class='ocrx_word' id='word_1_621' title='bbox 2315 4176 2652 4228; x_wconf 81' lang='lat' dir='ltr'>exacturum</span> <span class='ocrx_word' id='word_1_622' title='bbox 2676 4172 3069 4229; x_wconf 88' lang='lat' dir='ltr'>Christianam</span> <span class='ocrx_word' id='word_1_623' title='bbox 3096 4168 3380 4226; x_wconf 90' lang='lat' dir='ltr'>familiam</span> <span class='ocrx_word' id='word_1_624' title='bbox 3404 4183 3603 4240; x_wconf 83' lang='lat' dir='ltr'>regere</span> 
     </span>
    </p>
   </div>
   <div class='ocr_carea' id='block_1_92' title="bbox 1946 4257 3600 4333">
    <p class='ocr_par' dir='ltr' id='par_1_92' title="bbox 1946 4257 3600 4333">
     <span class='ocr_line' id='line_1_93' title="bbox 1946 4257 3600 4333; baseline -0.004 -16"><span class='ocrx_word' id='word_1_625' title='bbox 1946 4263 2221 4327; x_wconf 88' lang='lat' dir='ltr'>audeant,</span> <span class='ocrx_word' id='word_1_626' title='bbox 2251 4278 2355 4317; x_wconf 89' lang='lat' dir='ltr'>nec</span> <span class='ocrx_word' id='word_1_627' title='bbox 2386 4261 2469 4317; x_wconf 91' lang='lat' dir='ltr'>eis</span> <span class='ocrx_word' id='word_1_628' title='bbox 2492 4262 2600 4315; x_wconf 93' lang='lat' dir='ltr'>hoc</span> <span class='ocrx_word' id='word_1_629' title='bbox 2636 4278 2667 4315; x_wconf 92' lang='lat' dir='ltr'>a</span> <span class='ocrx_word' id='word_1_630' title='bbox 2698 4276 2999 4333; x_wconf 90' lang='lat' dir='ltr'>quoquam</span> <span class='ocrx_word' id='word_1_631' title='bbox 3034 4259 3156 4314; x_wconf 87' lang='lat' dir='ltr'>fieri</span> <span class='ocrx_word' id='word_1_632' title='bbox 3203 4257 3600 4331; x_wconf 65' lang='lat' dir='ltr'>precipiatur.</span> 
     </span>
    </p>
   </div>
   <div class='ocr_carea' id='block_1_93' title="bbox 1946 4343 3594 4421">
    <p class='ocr_par' dir='ltr' id='par_1_93' title="bbox 1946 4343 3594 4421">
     <span class='ocr_line' id='line_1_94' title="bbox 1946 4343 3594 4421; baseline -0.004 -15"><span class='ocrx_word' id='word_1_633' title='bbox 1946 4351 2004 4406; x_wconf 93' lang='lat' dir='ltr'>Si</span> <span class='ocrx_word' id='word_1_634' title='bbox 2039 4350 2173 4421; x_wconf 90' lang='lat' dir='ltr'>quis</span> <span class='ocrx_word' id='word_1_635' title='bbox 2206 4366 2339 4405; x_wconf 90' lang='lat' dir='ltr'>vero</span> <span class='ocrx_word' id='word_1_636' title='bbox 2371 4354 2574 4405; x_wconf 88' lang='lat' dir='ltr'>contra</span> <span class='ocrx_word' id='word_1_637' title='bbox 2630 4349 2748 4404; x_wconf 69' lang='lat' dir='ltr'>haec</span> <span class='ocrx_word' id='word_1_638' title='bbox 2780 4364 2951 4419; x_wconf 86' lang='lat' dir='ltr'>agere</span> <span class='ocrx_word' id='word_1_639' title='bbox 3011 4346 3494 4420; x_wconf 66' lang='lat' dir='ltr'>praesumpserit;</span> <span class='ocrx_word' id='word_1_640' title='bbox 3546 4343 3594 4401; x_wconf 87' lang='lat' dir='ltr'>si</span> 
     </span>
    </p>
   </div>
   <div class='ocr_carea' id='block_1_94' title="bbox 1947 4433 3600 4510">
    <p class='ocr_par' dir='ltr' id='par_1_94' title="bbox 1947 4433 3600 4510">
     <span class='ocr_line' id='line_1_95' title="bbox 1947 4433 3600 4510; baseline -0.002 -17"><span class='ocrx_word' id='word_1_641' title='bbox 1947 4439 2277 4509; x_wconf 90' lang='lat' dir='ltr'>episcopus,</span> <span class='ocrx_word' id='word_1_642' title='bbox 2312 4439 2636 4510; x_wconf 83' lang='lat' dir='ltr'>presbyter,</span> <span class='ocrx_word' id='word_1_643' title='bbox 2669 4443 2768 4492; x_wconf 88' lang='lat' dir='ltr'>aut</span> <span class='ocrx_word' id='word_1_644' title='bbox 2800 4437 3081 4493; x_wconf 88' lang='lat' dir='ltr'>diaconus</span> <span class='ocrx_word' id='word_1_645' title='bbox 3115 4436 3310 4506; x_wconf 89' lang='lat' dir='ltr'>fuerit,</span> <span class='ocrx_word' id='word_1_646' title='bbox 3360 4433 3600 4507; x_wconf 88' lang='lat' dir='ltr'>proprio</span> 
     </span>
    </p>
   </div>
   <div class='ocr_carea' id='block_1_95' title="bbox 270 4524 1837 4615">
    <p class='ocr_par' dir='ltr' id='par_1_95' title="bbox 270 4524 1834 4615">
     <span class='ocr_line' id='line_1_96' title="bbox 270 4524 1834 4615; baseline 0.001 -18"><span class='ocrx_word' id='word_1_647' title='bbox 270 4524 822 4614; x_wconf 45' lang='lat' dir='ltr'>gessissem,</span> <span class='ocrx_word' id='word_1_648' title='bbox 848 4524 967 4613; x_wconf 56' lang='lat' dir='ltr'>gap.</span> <span class='ocrx_word' id='word_1_649' title='bbox 983 4524 1215 4615; x_wconf 51' lang='lat' dir='ltr'>sane.</span> <span class='ocrx_word' id='word_1_650' title='bbox 1260 4524 1324 4611; x_wconf 64' lang='lat'>1},</span> <span class='ocrx_word' id='word_1_651' title='bbox 1344 4524 1449 4615; x_wconf 58' lang='lat'>2);;</span> <span class='ocrx_word' id='word_1_652' title='bbox 1476 4524 1481 4525; x_wconf 55' lang='grc'><strong><em>⁷</em></strong></span> <span class='ocrx_word' id='word_1_653' title='bbox 1499 4524 1590 4612; x_wconf 78' lang='lat'>61,</span> <span class='ocrx_word' id='word_1_654' title='bbox 1606 4524 1629 4527; x_wconf 52' lang='grc'>⁷⁷</span> <span class='ocrx_word' id='word_1_655' title='bbox 1650 4524 1834 4599; x_wconf 42' lang='lat' dir='ltr'>seu}.</span> 
     </span>
    </p>
   </div>
   <div class='ocr_carea' id='block_1_96' title="bbox 1938 4524 3578 4615">
    <p class='ocr_par' dir='ltr' id='par_1_96' title="bbox 1951 4524 3578 4595">
     <span class='ocr_line' id='line_1_97' title="bbox 1951 4524 3578 4595; baseline -0.002 -12"><span class='ocrx_word' id='word_1_656' title='bbox 1951 4528 2371 4583; x_wconf 86' lang='lat' dir='ltr'>submoveatur</span> <span class='ocrx_word' id='word_1_657' title='bbox 2399 4529 2600 4595; x_wconf 75' lang='lat' dir='ltr'>gradu.</span> <span class='ocrx_word' id='word_1_658' title='bbox 2636 4527 2693 4582; x_wconf 92' lang='lat' dir='ltr'>Si</span> <span class='ocrx_word' id='word_1_659' title='bbox 2722 4544 2855 4581; x_wconf 89' lang='lat' dir='ltr'>vero</span> <span class='ocrx_word' id='word_1_660' title='bbox 2884 4526 3206 4581; x_wconf 89' lang='lat' dir='ltr'>monachus</span> <span class='ocrx_word' id='word_1_661' title='bbox 3231 4524 3427 4590; x_wconf 84' lang='lat' dir='ltr'>fuerit,</span> <span class='ocrx_word' id='word_1_662' title='bbox 3451 4540 3578 4579; x_wconf 89' lang='lat' dir='ltr'>com</span> 
     </span>
    </p>
   </div>
   <div class='ocr_carea' id='block_1_97' title="bbox 272 4616 415 4686">
    <p class='ocr_par' dir='ltr' id='par_1_97' title="bbox 272 4616 415 4686">
     <span class='ocr_line' id='line_1_98' title="bbox 272 4616 415 4686; baseline 0.014 -17"><span class='ocrx_word' id='word_1_663' title='bbox 272 4616 415 4686; x_wconf 77' lang='lat'>100).</span> 
     </span>
    </p>
   </div>
   <div class='ocr_carea' id='block_1_98' title="bbox 265 4721 1846 4793">
    <p class='ocr_par' dir='ltr' id='par_1_98' title="bbox 265 4721 1846 4793">
     <span class='ocr_line' id='line_1_99' title="bbox 265 4721 1846 4793; baseline -0.001 -16"><span class='ocrx_word' id='word_1_664' title='bbox 265 4722 665 4793; x_wconf 89' lang='lat' dir='ltr'>Omnipotenti</span> <span class='ocrx_word' id='word_1_665' title='bbox 695 4726 805 4775; x_wconf 93' lang='lat' dir='ltr'>Deo</span> <span class='ocrx_word' id='word_1_666' title='bbox 828 4737 962 4776; x_wconf 92' lang='lat' dir='ltr'>reus</span> <span class='ocrx_word' id='word_1_667' title='bbox 978 4725 1065 4775; x_wconf 90' lang='lat' dir='ltr'>est</span> <span class='ocrx_word' id='word_1_668' title='bbox 1078 4721 1177 4791; x_wconf 91' lang='lat' dir='ltr'>qui</span> <span class='ocrx_word' id='word_1_669' title='bbox 1194 4721 1570 4775; x_wconf 81' lang='lat' dir='ltr'>serenissima</span> <span class='ocrx_word' id='word_1_670' title='bbox 1586 4721 1846 4791; x_wconf 90' lang='lat' dir='ltr'>domino,</span> 
     </span>
    </p>
   </div>
   <div class='ocr_carea' id='block_1_99' title="bbox 192 4807 1849 4881">
    <p class='ocr_par' dir='ltr' id='par_1_99' title="bbox 192 4807 1849 4881">
     <span class='ocr_line' id='line_1_100' title="bbox 192 4807 1849 4881; baseline -0.002 -15"><span class='ocrx_word' id='word_1_671' title='bbox 192 4811 252 4866; x_wconf 90' lang='lat' dir='ltr'>in</span> <span class='ocrx_word' id='word_1_672' title='bbox 287 4827 460 4865; x_wconf 90' lang='lat' dir='ltr'>omne</span> <span class='ocrx_word' id='word_1_673' title='bbox 491 4810 642 4878; x_wconf 91' lang='lat' dir='ltr'>quod</span> <span class='ocrx_word' id='word_1_674' title='bbox 674 4808 798 4881; x_wconf 85' lang='lat' dir='ltr'>agit</span> <span class='ocrx_word' id='word_1_675' title='bbox 819 4807 1177 4879; x_wconf 89' lang='lat' dir='ltr'>etloquitur,</span> <span class='ocrx_word' id='word_1_676' title='bbox 1211 4825 1395 4879; x_wconf 89' lang='lat' dir='ltr'>purus</span> <span class='ocrx_word' id='word_1_677' title='bbox 1430 4825 1542 4862; x_wconf 91' lang='lat' dir='ltr'>non</span> <span class='ocrx_word' id='word_1_678' title='bbox 1594 4813 1697 4863; x_wconf 88' lang='lat' dir='ltr'>est.</span> <span class='ocrx_word' id='word_1_679' title='bbox 1734 4810 1849 4880; x_wconf 81' lang='lat' dir='ltr'>Ego</span> 
     </span>
    </p>
   </div>
   <div class='ocr_carea' id='block_1_100' title="bbox 202 4897 1852 4969">
    <p class='ocr_par' dir='ltr' id='par_1_100' title="bbox 202 4897 1852 4969">
     <span class='ocr_line' id='line_1_101' title="bbox 202 4897 1852 4969; baseline -0.001 -16"><span class='ocrx_word' id='word_1_680' title='bbox 202 4905 402 4954; x_wconf 88' lang='lat' dir='ltr'>autem</span> <span class='ocrx_word' id='word_1_681' title='bbox 455 4898 736 4969; x_wconf 91' lang='lat' dir='ltr'>indignus</span> <span class='ocrx_word' id='word_1_682' title='bbox 778 4897 1011 4967; x_wconf 86' lang='lat' dir='ltr'>pietatis</span> <span class='ocrx_word' id='word_1_683' title='bbox 1058 4902 1263 4952; x_wconf 82' lang='lat' dir='ltr'>vestrae</span> <span class='ocrx_word' id='word_1_684' title='bbox 1318 4897 1600 4962; x_wconf 90' lang='lat' dir='ltr'>famulus,</span> <span class='ocrx_word' id='word_1_685' title='bbox 1634 4897 1693 4952; x_wconf 91' lang='lat' dir='ltr'>in</span> <span class='ocrx_word' id='word_1_686' title='bbox 1744 4897 1852 4952; x_wconf 91' lang='lat' dir='ltr'>hac</span> 
     </span>
    </p>
   </div>
   <div class='ocr_carea' id='block_1_101' title="bbox 200 4986 1853 5060">
    <p class='ocr_par' dir='ltr' id='par_1_101' title="bbox 200 4986 1853 5060">
     <span class='ocr_line' id='line_1_102' title="bbox 200 4986 1853 5060; baseline -0.001 -18"><span class='ocrx_word' id='word_1_687' title='bbox 200 4986 585 5060; x_wconf 88' lang='lat' dir='ltr'>suggestione</span> <span class='ocrx_word' id='word_1_688' title='bbox 607 5003 758 5053; x_wconf 90' lang='lat' dir='ltr'>mea,</span> <span class='ocrx_word' id='word_1_689' title='bbox 784 5002 972 5056; x_wconf 91' lang='lat' dir='ltr'>neque</span> <span class='ocrx_word' id='word_1_690' title='bbox 998 4990 1060 5040; x_wconf 93' lang='lat' dir='ltr'>ut</span> <span class='ocrx_word' id='word_1_691' title='bbox 1080 4986 1412 5058; x_wconf 91' lang='lat' dir='ltr'>episcopus,</span> <span class='ocrx_word' id='word_1_692' title='bbox 1435 5002 1623 5056; x_wconf 90' lang='lat' dir='ltr'>neque</span> <span class='ocrx_word' id='word_1_693' title='bbox 1647 4991 1710 5040; x_wconf 92' lang='lat' dir='ltr'>ut</span> <span class='ocrx_word' id='word_1_694' title='bbox 1733 5002 1853 5041; x_wconf 86' lang='lat' dir='ltr'>ser-</span> 
     </span>
    </p>
   </div>
   <div class='ocr_carea' id='block_1_102' title="bbox 200 5074 1853 5147">
    <p class='ocr_par' dir='ltr' id='par_1_102' title="bbox 200 5074 1853 5147">
     <span class='ocr_line' id='line_1_103' title="bbox 200 5074 1853 5147; baseline -0.002 -14"><span class='ocrx_word' id='word_1_695' title='bbox 200 5094 310 5133; x_wconf 91' lang='lat' dir='ltr'>vus</span> <span class='ocrx_word' id='word_1_696' title='bbox 336 5078 472 5147; x_wconf 90' lang='lat' dir='ltr'>jure</span> <span class='ocrx_word' id='word_1_697' title='bbox 505 5075 858 5147; x_wconf 70' lang='lat' dir='ltr'>reipublicae,</span> <span class='ocrx_word' id='word_1_698' title='bbox 883 5075 983 5129; x_wconf 89' lang='lat' dir='ltr'>sed</span> <span class='ocrx_word' id='word_1_699' title='bbox 1010 5076 1139 5145; x_wconf 90' lang='lat' dir='ltr'>jure</span> <span class='ocrx_word' id='word_1_700' title='bbox 1171 5075 1394 5145; x_wconf 88' lang='lat' dir='ltr'>privato</span> <span class='ocrx_word' id='word_1_701' title='bbox 1426 5075 1652 5145; x_wconf 89' lang='lat' dir='ltr'>loquor.</span> <span class='ocrx_word' id='word_1_702' title='bbox 1687 5074 1853 5139; x_wconf 90' lang='lat' dir='ltr'>Quia,</span> 
     </span>
    </p>
   </div>
   <div class='ocr_carea' id='block_1_103' title="bbox 201 5163 1857 5245">
    <p class='ocr_par' dir='ltr' id='par_1_103' title="bbox 201 5163 1857 5245">
     <span class='ocr_line' id='line_1_104' title="bbox 201 5163 1857 5245; baseline -0.001 -24"><span class='ocrx_word' id='word_1_703' title='bbox 201 5164 583 5221; x_wconf 87' lang='lat' dir='ltr'>serenissime</span> <span class='ocrx_word' id='word_1_704' title='bbox 615 5164 873 5231; x_wconf 89' lang='lat' dir='ltr'>domine,</span> <span class='ocrx_word' id='word_1_705' title='bbox 906 5167 962 5219; x_wconf 90' lang='lat' dir='ltr'>et</span> <span class='ocrx_word' id='word_1_706' title='bbox 995 5163 1091 5245; x_wconf 74' lang='lat' dir='ltr'>illo</span> <span class='ocrx_word' id='word_1_707' title='bbox 1114 5165 1240 5233; x_wconf 88' lang='lat' dir='ltr'>jam</span> <span class='ocrx_word' id='word_1_708' title='bbox 1275 5170 1537 5236; x_wconf 86' lang='lat' dir='ltr'>tempore</span> <span class='ocrx_word' id='word_1_709' title='bbox 1582 5166 1857 5220; x_wconf 90' lang='lat' dir='ltr'>dominus</span> 
     </span>
    </p>
   </div>
   <div class='ocr_carea' id='block_1_104' title="bbox 203 5252 1857 5324">
    <p class='ocr_par' dir='ltr' id='par_1_104' title="bbox 203 5252 1857 5324">
     <span class='ocr_line' id='line_1_105' title="bbox 203 5252 1857 5324; baseline -0.001 -15"><span class='ocrx_word' id='word_1_710' title='bbox 203 5271 375 5309; x_wconf 91' lang='lat' dir='ltr'>meus</span> <span class='ocrx_word' id='word_1_711' title='bbox 409 5253 591 5321; x_wconf 85' lang='lat' dir='ltr'>fuisti,</span> <span class='ocrx_word' id='word_1_712' title='bbox 622 5255 858 5324; x_wconf 90' lang='lat' dir='ltr'>quando</span> <span class='ocrx_word' id='word_1_713' title='bbox 890 5252 1081 5308; x_wconf 85' lang='lat' dir='ltr'>adhuc</span> <span class='ocrx_word' id='word_1_714' title='bbox 1115 5254 1394 5309; x_wconf 84' lang='lat' dir='ltr'>dominus</span> <span class='ocrx_word' id='word_1_715' title='bbox 1429 5254 1688 5309; x_wconf 86' lang='lat' dir='ltr'>omnium</span> <span class='ocrx_word' id='word_1_716' title='bbox 1743 5270 1857 5307; x_wconf 90' lang='lat' dir='ltr'>non</span> 
     </span>
    </p>
   </div>
   <div class='ocr_carea' id='block_1_105' title="bbox 202 5342 1861 5414">
    <p class='ocr_par' dir='ltr' id='par_1_105' title="bbox 202 5342 1861 5414">
     <span class='ocr_line' id='line_1_106' title="bbox 202 5342 1861 5414; baseline -0.002 -14"><span class='ocrx_word' id='word_1_717' title='bbox 202 5362 353 5400; x_wconf 90' lang='lat' dir='ltr'>eras.</span> <span class='ocrx_word' id='word_1_718' title='bbox 386 5344 471 5413; x_wconf 85' lang='grc' dir='ltr'>(ι).</span> <span class='ocrx_word' id='word_1_719' title='bbox 532 5343 755 5411; x_wconf 77' lang='lat' dir='ltr'>Gregor.</span> <span class='ocrx_word' id='word_1_720' title='bbox 783 5345 820 5396; x_wconf 84' lang='grc' dir='ltr'>ι.</span> <span class='ocrx_word' id='word_1_721' title='bbox 868 5359 971 5398; x_wconf 84' lang='grc' dir='ltr'>νιιι</span> <span class='ocrx_word' id='word_1_722' title='bbox 1026 5342 1253 5412; x_wconf 81' lang='lat' dir='ltr'>Regist.,</span> <span class='ocrx_word' id='word_1_723' title='bbox 1285 5360 1367 5414; x_wconf 84' lang='lat' dir='ltr'>ep.</span> <span class='ocrx_word' id='word_1_724' title='bbox 1405 5346 1470 5398; x_wconf 84' lang='lat'>12</span> <span class='ocrx_word' id='word_1_725' title='bbox 1517 5344 1587 5398; x_wconf 85' lang='lat' dir='ltr'>ad</span> <span class='ocrx_word' id='word_1_726' title='bbox 1640 5344 1861 5401; x_wconf 81' lang='lat' dir='ltr'>Guidz’s-</span> 
     </span>
    </p>
   </div>
   <div class='ocr_carea' id='block_1_106' title="bbox 205 5432 1863 5504">
    <p class='ocr_par' dir='ltr' id='par_1_106' title="bbox 205 5432 1863 5504">
     <span class='ocr_line' id='line_1_107' title="bbox 205 5432 1863 5504; baseline -0.001 -15"><span class='ocrx_word' id='word_1_727' title='bbox 205 5434 430 5489; x_wconf 80' lang='lat' dir='ltr'>ealcum</span> <span class='ocrx_word' id='word_1_728' title='bbox 462 5433 586 5487; x_wconf 81' lang='lat' dir='ltr'>duc.</span> <span class='ocrx_word' id='word_1_729' title='bbox 625 5432 837 5503; x_wconf 85' lang='lat' dir='ltr'>Camp.,</span> <span class='ocrx_word' id='word_1_730' title='bbox 872 5438 928 5487; x_wconf 91' lang='lat' dir='ltr'>et</span> <span class='ocrx_word' id='word_1_731' title='bbox 960 5432 1119 5486; x_wconf 89' lang='lat' dir='ltr'>citat.</span> <span class='ocrx_word' id='word_1_732' title='bbox 1157 5434 1239 5499; x_wconf 89' lang='grc'>11,</span> <span class='ocrx_word' id='word_1_733' title='bbox 1277 5448 1329 5502; x_wconf 92' lang='lat' dir='ltr'>q.</span> <span class='ocrx_word' id='word_1_734' title='bbox 1367 5434 1420 5499; x_wconf 87' lang='lat'>3,</span> <span class='ocrx_word' id='word_1_735' title='bbox 1448 5450 1497 5487; x_wconf 91' lang='lat' dir='ltr'>c.</span> <span class='ocrx_word' id='word_1_736' title='bbox 1524 5434 1629 5488; x_wconf 84' lang='lat' dir='ltr'>Illa</span> <span class='ocrx_word' id='word_1_737' title='bbox 1650 5450 1863 5504; x_wconf 75' lang='lat' dir='ltr'>prpr-</span> 
     </span>
    </p>
   </div>
   <div class='ocr_carea' id='block_1_107' title="bbox 206 5520 1867 5593">
    <p class='ocr_par' dir='ltr' id='par_1_107' title="bbox 206 5520 1867 5593">
     <span class='ocr_line' id='line_1_108' title="bbox 206 5520 1867 5593; baseline -0.001 -15"><span class='ocrx_word' id='word_1_738' title='bbox 206 5522 488 5591; x_wconf 82' lang='lat' dir='ltr'>sitorum.)</span> <span class='ocrx_word' id='word_1_739' title='bbox 522 5520 624 5575; x_wconf 86' lang='lat' dir='ltr'>Illa</span> <span class='ocrx_word' id='word_1_740' title='bbox 676 5522 1090 5593; x_wconf 73' lang='lat' dir='ltr'>paepositorum</span> <span class='ocrx_word' id='word_1_741' title='bbox 1142 5521 1478 5576; x_wconf 87' lang='lat' dir='ltr'>sollicitudo</span> <span class='ocrx_word' id='word_1_742' title='bbox 1525 5523 1705 5588; x_wconf 90' lang='lat' dir='ltr'>utilis,</span> <span class='ocrx_word' id='word_1_743' title='bbox 1766 5523 1867 5578; x_wconf 89' lang='lat' dir='ltr'>illa</span> 
     </span>
    </p>
   </div>
   <div class='ocr_carea' id='block_1_108' title="bbox 209 5608 1869 5684">
    <p class='ocr_par' dir='ltr' id='par_1_108' title="bbox 209 5608 1869 5684">
     <span class='ocr_line' id='line_1_109' title="bbox 209 5608 1869 5684; baseline 0 -16"><span class='ocrx_word' id='word_1_744' title='bbox 209 5617 300 5668; x_wconf 90' lang='lat' dir='ltr'>est</span> <span class='ocrx_word' id='word_1_745' title='bbox 330 5608 560 5667; x_wconf 85' lang='lat' dir='ltr'>cautela</span> <span class='ocrx_word' id='word_1_746' title='bbox 599 5608 940 5682; x_wconf 89' lang='lat' dir='ltr'>laudabilis,</span> <span class='ocrx_word' id='word_1_747' title='bbox 976 5611 1033 5665; x_wconf 91' lang='lat' dir='ltr'>in</span> <span class='ocrx_word' id='word_1_748' title='bbox 1066 5626 1180 5681; x_wconf 90' lang='lat' dir='ltr'>qua</span> <span class='ocrx_word' id='word_1_749' title='bbox 1240 5613 1429 5665; x_wconf 90' lang='lat' dir='ltr'>totum</span> <span class='ocrx_word' id='word_1_750' title='bbox 1464 5610 1609 5667; x_wconf 83' lang='lat' dir='ltr'>ratio</span> <span class='ocrx_word' id='word_1_751' title='bbox 1640 5613 1779 5684; x_wconf 89' lang='lat' dir='ltr'>agit,</span> <span class='ocrx_word' id='word_1_752' title='bbox 1813 5615 1869 5668; x_wconf 88' lang='lat' dir='ltr'>et</span> 
     </span>
    </p>
   </div>
   <div class='ocr_carea' id='block_1_109' title="bbox 1954 4613 3614 4688">
    <p class='ocr_par' dir='ltr' id='par_1_109' title="bbox 1954 4613 3614 4688">
     <span class='ocr_line' id='line_1_110' title="bbox 1954 4613 3614 4688; baseline -0.002 -16"><span class='ocrx_word' id='word_1_753' title='bbox 1954 4618 2233 4672; x_wconf 86' lang='lat' dir='ltr'>munione</span> <span class='ocrx_word' id='word_1_754' title='bbox 2257 4615 2535 4688; x_wconf 89' lang='lat' dir='ltr'>privetur.</span> <span class='ocrx_word' id='word_1_755' title='bbox 2559 4615 2839 4670; x_wconf 89' lang='lat' dir='ltr'>Similiter</span> <span class='ocrx_word' id='word_1_756' title='bbox 2861 4620 2918 4669; x_wconf 89' lang='lat' dir='ltr'>et</span> <span class='ocrx_word' id='word_1_757' title='bbox 2944 4614 3149 4669; x_wconf 90' lang='lat' dir='ltr'>laicus.</span> <span class='ocrx_word' id='word_1_758' title='bbox 3177 4615 3244 4669; x_wconf 89' lang='lat' dir='ltr'>Et</span> <span class='ocrx_word' id='word_1_759' title='bbox 3265 4613 3313 4669; x_wconf 92' lang='lat' dir='ltr'>si</span> <span class='ocrx_word' id='word_1_760' title='bbox 3340 4629 3614 4686; x_wconf 86' lang='lat' dir='ltr'>perseve-</span> 
     </span>
    </p>
   </div>
   <div class='ocr_carea' id='block_1_110' title="bbox 1956 4703 3294 4773">
    <p class='ocr_par' dir='ltr' id='par_1_110' title="bbox 1956 4703 3294 4773">
     <span class='ocr_line' id='line_1_111' title="bbox 1956 4703 3294 4773; baseline -0.001 -14"><span class='ocrx_word' id='word_1_761' title='bbox 1956 4705 2211 4759; x_wconf 89' lang='lat' dir='ltr'>raverint</span> <span class='ocrx_word' id='word_1_762' title='bbox 2242 4704 2669 4773; x_wconf 90' lang='lat' dir='ltr'>inobedientes,</span> <span class='ocrx_word' id='word_1_763' title='bbox 2702 4703 3294 4758; x_wconf 88' lang='lat' dir='ltr'>anathematizentur.</span> 
     </span>
    </p>
   </div>
   <div class='ocr_carea' id='block_1_111' title="bbox 1963 4816 3587 4887">
    <p class='ocr_par' dir='ltr' id='par_1_111' title="bbox 1963 4816 3587 4887">
     <span class='ocr_line' id='line_1_112' title="bbox 1963 4816 3587 4887; baseline -0.003 -11"><span class='ocrx_word' id='word_1_764' title='bbox 1963 4821 2099 4876; x_wconf 78' lang='lat' dir='ltr'>CAP.</span> <span class='ocrx_word' id='word_1_765' title='bbox 2134 4821 2222 4874; x_wconf 89' lang='lat'>33.</span> <span class='ocrx_word' id='word_1_766' title='bbox 2254 4850 2322 4860; x_wconf 86' lang='lat'><strong><em>—</em></strong></span> <span class='ocrx_word' id='word_1_767' title='bbox 2355 4819 2503 4887; x_wconf 83' lang='lat' dir='ltr'>Quod</span> <span class='ocrx_word' id='word_1_768' title='bbox 2533 4823 2723 4874; x_wconf 82' lang='lat' dir='ltr'>sancta</span> <span class='ocrx_word' id='word_1_769' title='bbox 2759 4818 3001 4875; x_wconf 78' lang='lat' dir='ltr'>Ecclesia</span> <span class='ocrx_word' id='word_1_770' title='bbox 3029 4835 3204 4873; x_wconf 87' lang='lat' dir='ltr'>unum</span> <span class='ocrx_word' id='word_1_771' title='bbox 3234 4819 3459 4873; x_wconf 85' lang='lat' dir='ltr'>Patrem</span> <span class='ocrx_word' id='word_1_772' title='bbox 3516 4816 3587 4871; x_wconf 84' lang='lat' dir='ltr'>ha</span> 
     </span>
    </p>
   </div>
   <div class='ocr_carea' id='block_1_112' title="bbox 2034 4888 3549 4960">
    <p class='ocr_par' dir='ltr' id='par_1_112' title="bbox 2034 4888 3549 4960">
     <span class='ocr_line' id='line_1_113' title="bbox 2034 4888 3549 4960; baseline -0.004 -14"><span class='ocrx_word' id='word_1_773' title='bbox 2034 4894 2153 4946; x_wconf 85' lang='lat' dir='ltr'>beat</span> <span class='ocrx_word' id='word_1_774' title='bbox 2185 4894 2241 4945; x_wconf 83' lang='lat' dir='ltr'>in</span> <span class='ocrx_word' id='word_1_775' title='bbox 2267 4891 2434 4945; x_wconf 79' lang='lat' dir='ltr'>cce/is.</span> <span class='ocrx_word' id='word_1_776' title='bbox 2470 4893 2551 4945; x_wconf 80' lang='lat' dir='ltr'>Ex</span> <span class='ocrx_word' id='word_1_777' title='bbox 2577 4891 2773 4946; x_wconf 84' lang='lat' dir='ltr'>concil.</span> <span class='ocrx_word' id='word_1_778' title='bbox 2827 4908 2867 4945; x_wconf 90' lang='grc' dir='ltr'>ιι</span> <span class='ocrx_word' id='word_1_779' title='bbox 2898 4891 3267 4960; x_wconf 83' lang='lat' dir='ltr'>Cabilonensi,</span> <span class='ocrx_word' id='word_1_780' title='bbox 3301 4904 3424 4957; x_wconf 85' lang='lat' dir='ltr'>cap.</span> <span class='ocrx_word' id='word_1_781' title='bbox 3459 4888 3549 4941; x_wconf 88' lang='grc'>51.</span> 
     </span>
    </p>
   </div>
   <div class='ocr_carea' id='block_1_113' title="bbox 2036 4987 3623 5062">
    <p class='ocr_par' dir='ltr' id='par_1_113' title="bbox 2036 4987 3623 5062">
     <span class='ocr_line' id='line_1_114' title="bbox 2036 4987 3623 5062; baseline -0.002 -17"><span class='ocrx_word' id='word_1_782' title='bbox 2036 4990 2185 5054; x_wconf 89' lang='lat' dir='ltr'>Quia</span> <span class='ocrx_word' id='word_1_783' title='bbox 2216 5006 2353 5062; x_wconf 90' lang='lat' dir='ltr'>ergo</span> <span class='ocrx_word' id='word_1_784' title='bbox 2384 4995 2615 5046; x_wconf 88' lang='lat' dir='ltr'>constat</span> <span class='ocrx_word' id='word_1_785' title='bbox 2645 4992 2703 5045; x_wconf 94' lang='lat' dir='ltr'>in</span> <span class='ocrx_word' id='word_1_786' title='bbox 2736 4989 2996 5046; x_wconf 87' lang='lat' dir='ltr'>Ecclesia</span> <span class='ocrx_word' id='word_1_787' title='bbox 3031 4990 3396 5045; x_wconf 85' lang='lat' dir='ltr'>diversarum</span> <span class='ocrx_word' id='word_1_788' title='bbox 3428 4987 3623 5043; x_wconf 84' lang='lat' dir='ltr'>condi-</span> 
     </span>
    </p>
   </div>
   <div class='ocr_carea' id='block_1_114' title="bbox 1961 5075 3626 5150">
    <p class='ocr_par' dir='ltr' id='par_1_114' title="bbox 1961 5075 3626 5150">
     <span class='ocr_line' id='line_1_115' title="bbox 1961 5075 3626 5150; baseline -0.002 -15"><span class='ocrx_word' id='word_1_789' title='bbox 1961 5080 2193 5135; x_wconf 89' lang='lat' dir='ltr'>tionum</span> <span class='ocrx_word' id='word_1_790' title='bbox 2226 5079 2497 5135; x_wconf 88' lang='lat' dir='ltr'>homines</span> <span class='ocrx_word' id='word_1_791' title='bbox 2525 5096 2674 5150; x_wconf 90' lang='lat' dir='ltr'>esse,</span> <span class='ocrx_word' id='word_1_792' title='bbox 2711 5086 2775 5134; x_wconf 91' lang='lat' dir='ltr'>ut</span> <span class='ocrx_word' id='word_1_793' title='bbox 2806 5084 2945 5135; x_wconf 90' lang='lat' dir='ltr'>sunt</span> <span class='ocrx_word' id='word_1_794' title='bbox 2975 5078 3200 5134; x_wconf 90' lang='lat' dir='ltr'>nobiles</span> <span class='ocrx_word' id='word_1_795' title='bbox 3224 5083 3282 5132; x_wconf 85' lang='lat' dir='ltr'>et</span> <span class='ocrx_word' id='word_1_796' title='bbox 3312 5075 3626 5148; x_wconf 81' lang='lat' dir='ltr'>ignobiles,</span> 
     </span>
    </p>
   </div>
   <div class='ocr_carea' id='block_1_115' title="bbox 1965 5163 3629 5237">
    <p class='ocr_par' dir='ltr' id='par_1_115' title="bbox 1965 5163 3629 5237">
     <span class='ocr_line' id='line_1_116' title="bbox 1965 5163 3629 5237; baseline -0.002 -16"><span class='ocrx_word' id='word_1_797' title='bbox 1965 5166 2136 5231; x_wconf 89' lang='lat' dir='ltr'>servi,</span> <span class='ocrx_word' id='word_1_798' title='bbox 2158 5166 2369 5231; x_wconf 78' lang='lat' dir='ltr'>coloni,</span> <span class='ocrx_word' id='word_1_799' title='bbox 2388 5167 2685 5237; x_wconf 91' lang='lat' dir='ltr'>inquilini,</span> <span class='ocrx_word' id='word_1_800' title='bbox 2706 5165 3338 5235; x_wconf 84' lang='lat' dir='ltr'>etcaeterahujusmodi</span> <span class='ocrx_word' id='word_1_801' title='bbox 3366 5163 3629 5219; x_wconf 85' lang='lat' dir='ltr'>nomina.</span> 
     </span>
    </p>
   </div>
   <div class='ocr_carea' id='block_1_116' title="bbox 1971 5251 3634 5327">
    <p class='ocr_par' dir='ltr' id='par_1_116' title="bbox 1971 5251 3634 5327">
     <span class='ocr_line' id='line_1_117' title="bbox 1971 5251 3634 5327; baseline -0.003 -18"><span class='ocrx_word' id='word_1_802' title='bbox 1971 5260 2198 5325; x_wconf 88' lang='lat' dir='ltr'>oportet</span> <span class='ocrx_word' id='word_1_803' title='bbox 2225 5259 2289 5309; x_wconf 89' lang='lat' dir='ltr'>ut</span> <span class='ocrx_word' id='word_1_804' title='bbox 2319 5256 2658 5327; x_wconf 89' lang='lat' dir='ltr'>quicunque</span> <span class='ocrx_word' id='word_1_805' title='bbox 2690 5256 2773 5309; x_wconf 90' lang='lat' dir='ltr'>eis</span> <span class='ocrx_word' id='word_1_806' title='bbox 2809 5253 3032 5326; x_wconf 66' lang='lat' dir='ltr'>praelati</span> <span class='ocrx_word' id='word_1_807' title='bbox 3066 5257 3227 5318; x_wconf 89' lang='lat' dir='ltr'>sunt,</span> <span class='ocrx_word' id='word_1_808' title='bbox 3280 5251 3475 5307; x_wconf 88' lang='lat' dir='ltr'>clerici</span> <span class='ocrx_word' id='word_1_809' title='bbox 3512 5251 3634 5305; x_wconf 85' lang='lat' dir='ltr'>sive</span> 
     </span>
    </p>
   </div>
   <div class='ocr_carea' id='block_1_117' title="bbox 1971 5339 3636 5415">
    <p class='ocr_par' dir='ltr' id='par_1_117' title="bbox 1971 5339 3636 5415">
     <span class='ocr_line' id='line_1_118' title="bbox 1971 5339 3636 5415; baseline -0.002 -17"><span class='ocrx_word' id='word_1_810' title='bbox 1971 5344 2129 5407; x_wconf 90' lang='lat' dir='ltr'>laici,</span> <span class='ocrx_word' id='word_1_811' title='bbox 2150 5344 2465 5399; x_wconf 86' lang='lat' dir='ltr'>clementer</span> <span class='ocrx_word' id='word_1_812' title='bbox 2487 5362 2621 5414; x_wconf 77' lang='lat' dir='ltr'>erga</span> <span class='ocrx_word' id='word_1_813' title='bbox 2642 5361 2741 5399; x_wconf 87' lang='lat' dir='ltr'>eos</span> <span class='ocrx_word' id='word_1_814' title='bbox 2765 5348 2963 5415; x_wconf 87' lang='lat' dir='ltr'>agant,</span> <span class='ocrx_word' id='word_1_815' title='bbox 2983 5346 3041 5397; x_wconf 92' lang='lat' dir='ltr'>et</span> <span class='ocrx_word' id='word_1_816' title='bbox 3061 5339 3522 5397; x_wconf 89' lang='lat' dir='ltr'>misericorditer</span> <span class='ocrx_word' id='word_1_817' title='bbox 3537 5356 3636 5397; x_wconf 89' lang='lat' dir='ltr'>eos</span> 
     </span>
    </p>
   </div>
   <div class='ocr_carea' id='block_1_118' title="bbox 1975 5428 3635 5504">
    <p class='ocr_par' dir='ltr' id='par_1_118' title="bbox 1975 5428 3635 5504">
     <span class='ocr_line' id='line_1_119' title="bbox 1975 5428 3635 5504; baseline -0.002 -17"><span class='ocrx_word' id='word_1_818' title='bbox 1975 5437 2250 5498; x_wconf 81' lang='lat' dir='ltr'>tractent,</span> <span class='ocrx_word' id='word_1_819' title='bbox 2283 5432 2401 5487; x_wconf 87' lang='lat' dir='ltr'>sive</span> <span class='ocrx_word' id='word_1_820' title='bbox 2431 5432 2490 5488; x_wconf 89' lang='lat' dir='ltr'>in</span> <span class='ocrx_word' id='word_1_821' title='bbox 2523 5433 2824 5504; x_wconf 86' lang='lat' dir='ltr'>exigendis</span> <span class='ocrx_word' id='word_1_822' title='bbox 2856 5431 2927 5485; x_wconf 87' lang='lat' dir='ltr'>ab</span> <span class='ocrx_word' id='word_1_823' title='bbox 2955 5431 3039 5484; x_wconf 89' lang='lat' dir='ltr'>eis</span> <span class='ocrx_word' id='word_1_824' title='bbox 3074 5428 3371 5500; x_wconf 89' lang='lat' dir='ltr'>operibus,</span> <span class='ocrx_word' id='word_1_825' title='bbox 3404 5428 3529 5484; x_wconf 86' lang='lat' dir='ltr'>sive</span> <span class='ocrx_word' id='word_1_826' title='bbox 3578 5428 3635 5484; x_wconf 83' lang='lat' dir='ltr'>in</span> 
     </span>
    </p>
   </div>
   <div class='ocr_carea' id='block_1_119' title="bbox 1978 5516 3632 5591">
    <p class='ocr_par' dir='ltr' id='par_1_119' title="bbox 1978 5516 3632 5591">
     <span class='ocr_line' id='line_1_120' title="bbox 1978 5516 3632 5591; baseline -0.002 -15"><span class='ocrx_word' id='word_1_827' title='bbox 1978 5521 2346 5591; x_wconf 89' lang='lat' dir='ltr'>accipiendis</span> <span class='ocrx_word' id='word_1_828' title='bbox 2379 5522 2642 5588; x_wconf 91' lang='lat' dir='ltr'>tributis,</span> <span class='ocrx_word' id='word_1_829' title='bbox 2674 5525 2730 5576; x_wconf 89' lang='lat' dir='ltr'>et</span> <span class='ocrx_word' id='word_1_830' title='bbox 2761 5519 3115 5590; x_wconf 87' lang='lat' dir='ltr'>quibusdam</span> <span class='ocrx_word' id='word_1_831' title='bbox 3146 5516 3402 5573; x_wconf 89' lang='lat' dir='ltr'>debitis:</span> <span class='ocrx_word' id='word_1_832' title='bbox 3434 5518 3632 5576; x_wconf 74' lang='lat' dir='ltr'>sciant</span> 
     </span>
    </p>
   </div>
   <div class='ocr_carea' id='block_1_120' title="bbox 1986 5606 3643 5684">
    <p class='ocr_par' dir='ltr' id='par_1_120' title="bbox 1986 5606 3643 5684">
     <span class='ocr_line' id='line_1_121' title="bbox 1986 5606 3643 5684; baseline -0.001 -18"><span class='ocrx_word' id='word_1_833' title='bbox 1986 5627 2104 5684; x_wconf 89' lang='lat' dir='ltr'>que</span> <span class='ocrx_word' id='word_1_834' title='bbox 2135 5627 2236 5667; x_wconf 90' lang='lat' dir='ltr'>eos</span> <span class='ocrx_word' id='word_1_835' title='bbox 2269 5611 2475 5667; x_wconf 88' lang='lat' dir='ltr'>fratres</span> <span class='ocrx_word' id='word_1_836' title='bbox 2505 5627 2643 5667; x_wconf 89' lang='lat' dir='ltr'>suos</span> <span class='ocrx_word' id='word_1_837' title='bbox 2675 5625 2825 5678; x_wconf 82' lang='lat' dir='ltr'>esse,</span> <span class='ocrx_word' id='word_1_838' title='bbox 2860 5613 2921 5666; x_wconf 90' lang='lat' dir='ltr'>et</span> <span class='ocrx_word' id='word_1_839' title='bbox 2952 5624 3140 5666; x_wconf 87' lang='lat' dir='ltr'>unum</span> <span class='ocrx_word' id='word_1_840' title='bbox 3169 5606 3386 5665; x_wconf 86' lang='lat' dir='ltr'>habere</span> <span class='ocrx_word' id='word_1_841' title='bbox 3416 5607 3643 5665; x_wconf 83' lang='lat' dir='ltr'>Patrem</span> 
     </span>
    </p>
   </div>
  </div>
