3948 6072
381 323 482 378 911
1473 323 1541 373 D.
1581 320 1824 375 IVONIS
1859 312 2361 386 CARNOTENSIS
2395 318 2714 373 EPISCOPI
3706 311 3841 368 912

378 448 583 514 Deum,
611 447 708 502 cui
738 446 824 501 sic
857 446 1151 502 clamant:
1184 445 1350 499 Pater
1378 447 1586 510 noster,
1618 442 1716 515 qui
1745 459 1801 498 es
1829 441 1892 497 in
1923 457 2025 498 σαε-
2058 444 2112 510 Α
2142 441 2460 513 nullusque
2481 442 2685 511 judex,
2719 439 2918 496 nullus
2951 438 3266 495 omninoin
3293 437 3574 494 clericatu
3590 436 3686 493 vel
3715 454 3838 492 sas-

384 537 456 594 lis
485 538 693 608 (Matth.
729 537 829 608 v1),
886 552 1062 591 tinam
1095 539 1342 590 matrem
1395 539 1659 589 sanctam
1694 532 2035 599 Ecclesiam,
2147 530 2328 587 culari
2361 531 2560 586 habitu
2595 530 2977 596 constitutus,
3010 528 3360 600 legationem
3391 527 3833 597 episcopurum

380 644 508 700 qua:
539 643 637 682 eos
667 626 1015 681 intemerato
1049 623 1199 680 sacri
1222 623 1400 678 fontis
1441 628 1609 679 utero
1638 622 1845 695 gignit.
1906 621 2041 676 Dis-
2149 620 2448 691 impediat,
2482 619 2570 674 vel
2600 619 2950 674 conturbare
2983 621 3324 689 praesumat.
3351 615 3425 672 Ut
3445 621 3643 672 autem
3672 633 3837 671 una-

383 717 599 788 ciplina
631 715 811 787 igitur
839 714 922 769 eis
978 712 1556 780 misericordissima,
1591 718 1648 768 et
1692 710 2040 784 gubernatio

2152 709 2391 764 nimitas
2423 715 2479 764 et
2508 707 2818 764 concordia
2848 706 2926 762 sit
2949 707 3102 761 inter
3132 706 3437 777 episcopos
3460 711 3518 760 et
3537 706 3836 773 comites,

385 810 713 879 opportuna
733 803 1066 858 adhibenda
1097 806 1202 856 est.
1237 801 1573 873 Disciplinze
1605 799 2044 871 indisciplinate
2154 797 2374 871 placuit
2409 804 2470 852 ut
2501 799 2552 852 si
2579 797 2713 868 quis
2745 796 3056 867 episcopus
3088 792 3248 850 domi
3267 794 3528 850 residens
3559 811 3842 850 conven-

386 895 630 951 vivendo
663 896 958 947 auctorem
995 908 1170 946 suum
1204 891 1531 957 offendunt,
1585 889 2045 962 gubernationes
2154 891 2280 940 tum
2308 885 2505 958 populi
2538 902 2669 942 esse
2699 885 2966 954 voluerit,
2998 889 3055 938 et
3087 899 3282 938 comes
3333 883 3734 938 nihilominus
3769 884 3840 939 in

388 983 447 1040 in
473 980 834 1054 quotidianis
858 980 984 1036 vitae
1003 980 1430 1035 commeatibus
1455 978 1824 1052 praelatorum
1858 976 2047 1033 admi-

389 1071 586 1127 niculo
618 1069 933 1136 destitutae,
969 1069 1269 1124 fatiscunt.

392 1179 528 1235 CAP.
561 1178 651 1232 34.
687 1207 759 1218 -
789 1181 868 1232 De
897 1177 998 1231 illo
1031 1178 1126 1247 qui
1144 1192 1242 1247 pro
1271 1174 1552 1231 catholica
1581 1174 1688 1246 ﬁde
1728 1173 2052 1230 tribulatio-

536 1265 632 1305 nes
656 1250 900 1319 patitur.
932 1249 1012 1303 Ex
1039 1248 1237 1304 concil.
1262 1247 1526 1316 Carthag.
1559 1265 1634 1310 ιν,
1665 1263 1784 1318 cap.
1818 1247 1908 1301 43.

463 1347 864 1404 Christianum
891 1344 1245 1401 catholicum
1277 1345 1379 1415 qui
1411 1362 1512 1414 pro
1543 1343 1832 1400 catholica
1854 1343 2058 1408 fide,et

401 1453 505 1510 pro
536 1434 955 1492 ecclesiasticis
983 1435 1160 1490 rebus
1192 1438 1247 1489 et
1273 1433 1605 1489 Christiana
1635 1433 1916 1503 religione
1950 1432 2054 1488 tri-

399 1523 734 1582 bulationes
767 1523 1004 1596 patitur,
1039 1523 1199 1578 omni
1236 1522 1454 1578 honore
1473 1523 1927 1578 asacerdotibus
1950 1520 2055 1574 ho-

399 1615 753 1684 norandum,
773 1615 949 1670 etiam
967 1617 1024 1668 et
1045 1629 1148 1685 per
1167 1611 1486 1668 diaconum
1509 1615 1574 1666 ut
1592 1611 1780 1666 victus
1804 1611 1853 1665 ei
1880 1608 2055 1665 mini-

401 1709 641 1770 stretur,
676 1703 973 1759 decretum
1010 1703 1118 1756 est.

2157 975 2286 1046 ipsa
2316 976 2640 1046 eademque
2673 975 2765 1029 die
2801 972 3081 1044 placitum
3144 971 3486 1042 condixerit,
3545 973 3840 1028 effectum

2158 1064 2442 1134 obtineat,
2476 1065 2574 1136 qui
2601 1062 3166 1135 priorjudicaverat,
3199 1059 3362 1116 salva
3394 1065 3589 1116 tamen
3621 1061 3840 1134 digni-

2161 1157 2278 1208 tate
2300 1158 2353 1207 et
2387 1157 2674 1225 potestate
2699 1151 2979 1224 episcopi.

2163 1268 2295 1324 ΟΑΡ.
2328 1269 2418 1324 39.
2453 1299 2522 1310 —
2553 1269 2624 1323 De
2655 1268 2880 1339 regibus
2913 1268 3048 1322 bene
3105 1265 3441 1339 regentibus.
3499 1267 3584 1339 Ea:
3627 1265 3833 1322 dictis.

2389 1339 2594 1396 Isidori
2626 1337 2744 1411 (lib.
2781 1356 2844 1394 III
2873 1341 2950 1394 De
2985 1354 3198 1393 summa
3230 1338 3364 1393 bono
3401 1353 3467 1405 ,c.
3504 1337 3592 1409 48)

2239 1441 2345 1507 Qui
2371 1441 2430 1495 in
2453 1441 2561 1496 hoc
2575 1439 2787 1497 saeculo
2812 1440 2958 1495 bene
2980 1438 3383 1510 temporaliter
3401 1438 3678 1510 imperat,
3698 1438 3836 1495 sine

2165 1531 2282 1585 ﬁne
2304 1531 2362 1584 in
2389 1535 2737 1602 perpetuum
2761 1533 2990 1601 regnat,
3023 1533 3080 1584 et
3109 1529 3180 1583 de
3202 1525 3389 1598 gloria
3411 1527 3604 1584 saeculi
3637 1528 3832 1599 hujus

2165 1620 2235 1675 ad
2269 1623 2548 1674 aeternam
2579 1623 2908 1673 transmeat
2938 1617 3203 1688 gloriam.
3238 1617 3345 1680 Qui
3378 1633 3509 1673 vero
3541 1633 3726 1688 prave
3746 1634 3831 1672 re-

2165 1725 2348 1782 gnum
2383 1712 2671 1777 exercent,
2705 1711 2837 1779 post
2855 1711 3074 1762 vestem
3110 1705 3426 1778 fulgentem
3474 1711 3532 1762 et
3592 1707 3835 1762 lumina

403 1812 539 1868 CAP.
572 1811 661 1865 35.
694 1841 767 1884 -—_
800 1815 874 1865 De
918 1807 1252 1884 haeredibus,
1303 1809 1352 1862 si
1397 1808 1561 1884 jussu
1619 1808 1901 1884 testatoris
1947 1821 2056 1884 non
2086 1819 2134 1884 Β
2167 1798 2695 1870 1apillorum,nudi
2728 1802 2786 1852 et
2844 1796 3040 1852 miseri
3102 1796 3172 1851 ad
3223 1795 3454 1851 inferna
3507 1798 3839 1868 torquendi

477 1881 853 1952 impleverint,
885 1884 944 1934 ut
975 1879 1284 1949 episcopus,
1337 1878 1658 1950 adimpleat.
1713 1886 1795 1935 Ea:
1822 1878 2058 1936 concilio

480 1952 882 2023 Maguntiensi,
916 1967 1034 2021 cap.
1075 1955 1119 2003 1.

483 2041 545 2096 Si
569 2040 1011 2109 haredesjussa
1031 2040 1335 2094 testatoris
1357 2055 1469 2094 non
1494 2039 1964 2111 adimpleverint,
1991 2039 2063 2094 ab

413 2131 686 2204 episcopo
713 2129 823 2184 loci
855 2128 1015 2184 illius
1057 2128 1251 2184 omnis
1283 2145 1376 2184 res
1407 2145 1530 2200 qum
1562 2128 1658 2184 his
1719 2128 1921 2183 relicta
1975 2132 2066 2183 est

417 2219 693 2277 canonice
716 2219 1120 2286 interdicatur,
1146 2233 1279 2272 cum
1296 2218 1580 2272 fructibus
1595 2223 1652 2272 et
1667 2216 1888 2273 caeteris
1910 2233 2066 2272 emc-

415 2307 720 2374 lumentis,
753 2311 816 2362 ut
844 2311 976 2362 vota
1005 2306 1263 2362 defuncti
1295 2305 1670 2378 impleantur.

416 2415 550 2472 CAP.
579 2414 668 2468 36.
700 2441 771 2454 —-
803 2414 865 2470 Ut
896 2411 1049 2480 laici,
1081 2414 1328 2483 quamvis
1375 2412 1643 2482 religiosi,
1695 2411 2067 2468 ecclesiastica

482 2502 596 2541 non
624 2484 936 2556 disponant.
967 2486 1051 2538 Ex
1098 2484 1284 2539 eodem
1335 2486 1591 2540 concilio.
1625 2500 1754 2555 cap.
1808 2485 1844 2538 5
1895 2488 2062 2554 (conc.

484 2559 632 2614 Rom.
669 2555 730 2611 ιιι
761 2555 862 2611 sub
888 2557 1245 2628 .Symmacho,
1275 2572 1324 2610 ο.
1354 2556 1433 2626 3).

471 2655 585 2726 (16,
619 2671 674 2726 q.
701 2653 758 2708 7.
791 2670 838 2709 c.
875 2654 1104 2725 Laicis.)
1162 2653 1375 2720 Laicis,
1425 2652 1698 2724 quamvis
1757 2651 2064 2723 religiosis,

412 2743 572 2800 nullo
593 2743 764 2798 modo
785 2743 855 2798 de
877 2741 1289 2798 ecclesiasticis
1309 2741 1689 2797 facultatibus
1702 2740 1920 2813 aliquid
1947 2742 2065 2796 dis-

411 2831 665 2903 ponendi
706 2847 966 2900 unquam
1000 2830 1361 2885 attribuatur
1389 2829 1658 2885 facultas.

416 2940 551 2992 CAP-
579 2937 667 2991 37.
701 2937 858 2990 —De
877 2936 994 2990 illis
1011 2937 1109 3007 qui
1128 2952 1211 2990 res
1234 2937 1475 3008 ecclesia
1510 2953 1544 2991 a
1592 2937 1812 3006 regibus
1852 2939 2066 3008 petunt.

717 3010 810 3062 Ea:
833 3009 1067 3063 concilio
1097 3007 1478 3080 Lugdunensi,
1518 3023 1647 3076 cap.
1683 3009 1768 3063 11.

493 3104 602 3171 Qui
633 3120 726 3159 res
757 3103 1011 3160 ecclesias
1043 3110 1242 3175 petunt
1274 3121 1307 3159 a
1334 3105 1574 3176 regibus
1605 3109 1659 3160 et
1681 3104 2071 3161 horrendicu-

421 3192 1265 3266 piditatisimpulsujegentium
1289 3193 1683 3248 substantiam
1708 3194 1965 3264 rapiunt,
1987 3194 2065 3249 ir-
2100 3184 2142 3251 C

421 3282 535 3339 rita
565 3282 892 3338 habeantur
923 3298 1050 3352 quis
1109 3282 1396 3346 obtinent,
1453 3285 1510 3336 et
1567 3299 1601 3337 a
1657 3283 2072 3339 communione

422 3368 710 3437 Ecclesiae,
743 3368 909 3438 cujus
940 3366 1275 3424 facultatem
1309 3368 1538 3424 auferre
1573 3370 1842 3441 cupiunt,
1875 3370 2074 3425 exclu-

422 3459 662 3516 dantur.

420 3566 555 3620 CAP.
588 3563 678 3618 38.
710 3593 780 3604 —-
811 3564 881 3618 De
909 3579 990 3632 eo,
1021 3565 1073 3618 si
1100 3564 1379 3635 episcopus
1408 3563 1871 3628 ecclesiasticum.
1905 3574 1958 3621 et
1987 3581 2076 3620 co-

490 3651 602 3690 mes
633 3637 902 3690 saeculare
959 3636 1225 3706 placitum
1255 3653 1369 3691 una
1428 3639 1525 3692 die
1571 3638 1944 3692 eondixerint.
1999 3638 2079 3692 Ex

493 3708 725 3849 εονῗὶἰιίο
779 3707 1122 3762 Triburiensi
1149 3723 1270 3778 cap.
1301 3708 1356 3778 9,
1415 3710 1506 3763 cui
1533 3708 1794 3780 interfuit
1825 3725 1928 3764 rex
1982 3711 2079 3764 Ar-

497 3795 573 3832 nu
626 3795 710 3834 us.

499 3866 646 3921 Cum
677 3868 874 3922 autem
907 3867 1218 3938 episcopus
1253 3865 1571 3923 Ecclesiam
1604 3884 1636 3922 a
1689 3867 1933 3922 Domino
1965 3867 2080 3922 Deo
2122 3891 2128 3897 -

430 3954 544 4011 sibi
576 3953 953 4011 commissam
986 3971 1214 4027 regens,
1238 3955 1640 4027 episcopatum
1665 3956 2081 4012 circumeundo

433 4045 766 4117 porrexerit,
791 4049 847 4099 et
870 4043 1149 4115 placitum
1173 4044 1449 4100 canonice
1471 4045 1859 4100 constitutum
1887 4046 2081 4101 decre-

430 4134 596 4203 verit,
622 4132 1025 4206 populumque
1047 4133 1158 4188 sibi
1182 4133 1467 4188 creditum
1492 4133 1590 4189 illo
1621 4134 1968 4200 invitaverit,
1993 4139 2082 4190 at-

432 4239 546 4294 que
576 4239 764 4278 comes
789 4223 991 4277 eadem
1015 4222 1106 4277 die
1140 4223 1330 4278 sciens
1363 4222 1642 4294 placitum
1687 4224 1758 4278 ab
1806 4225 2082 4295 episcopo

429 4311 786 4378 condictum,
812 4309 896 4366 vel
921 4311 1184 4367 nesciens
1200 4310 1480 4383 placitum
1504 4327 1639 4366 cum
1666 4311 1880 4383 populo
1905 4329 2081 4368 suum

429 4399 772 4465 condixerit,
805 4404 862 4455 et
890 4399 1085 4454 hanno
1116 4400 1258 4454 illuc
1292 4399 1487 4455 venire
1520 4402 1878 4472 praeceperit,
1907 4400 2084 4473 placi-

427 4492 555 4542 tum
595 4487 827 4543 comitis
887 4503 1090 4544 omnes
1144 4493 1520 4560 postponant,
1573 4494 1630 4545 et
1686 4505 1882 4545 comes
1937 4491 2081 4562 ipse,

2172 1889 2557 1944 descendunt.
2605 1887 2789 1958 Reges
2847 1903 2882 1940 a
2941 1893 3084 1941 recte
3140 1885 3345 1956 agendo
3402 1887 3589 1941 vocati
3639 1891 3835 1960 sunt;

2171 1978 2414 2047 ideoque
2446 1980 2600 2030 recte
2633 1975 2895 2030 faciendo
2928 1974 3084 2044 regis
3114 1989 3326 2028 nomen
3350 1974 3670 2045 obtinetur,
3698 1991 3838 2047 pec-

2173 2067 2358 2121 cando
2377 2065 2688 2120 amittitur.
2712 2063 2858 2118 Nam
2879 2069 2936 2119 et
2957 2063 3109 2119 viros
3140 2068 3376 2119 sanctos
3399 2064 3640 2136 proinde
3663 2081 3841 2137 reges

2173 2155 2365 2210 vocari
2395 2154 2454 2208 in
2488 2152 2670 2208 sacris
2701 2151 2950 2223 eloquiis
2980 2151 3336 2221 invenimus,
3366 2166 3432 2207 eo
3471 2154 3626 2224 quod
3677 2160 3840 2209 recte

2173 2249 2373 2317 agant,
2401 2259 2734 2315 sensusque
2793 2244 3060 2313 proprios
3111 2242 3258 2297 bene
3288 2247 3512 2314 regant,
3546 2249 3604 2298 et
3633 2250 3841 2299 motus

2175 2336 2516 2392 resistentes
2547 2335 2661 2391 sibi
2694 2333 3031 2390 rationabili
3060 2334 3412 2391 discretione
3452 2341 3839 2408 componant.

2176 2427 2344 2482 Recte
2376 2426 2554 2496 igitur
2583 2424 2666 2479 illi
2701 2440 2865 2497 reges
2886 2428 3187 2491 vocantur,
3214 2424 3314 2495 qui
3339 2429 3456 2480 tam
3482 2425 3840 2496 semetipsos

2176 2532 2355 2588 quam
2388 2515 2686 2586 subjectos
2718 2515 2864 2570 bene
2894 2514 3142 2586 regendo
3166 2514 3499 2569 modiﬁcare
3522 2522 3834 2571 noverunt.

2174 2605 2422 2670 Quidam
2480 2605 2674 2676 ipsum
2709 2619 2924 2658 nomen
2955 2603 3260 2675 regiminis
3291 2604 3360 2659 ad
3390 2603 3832 2660 immanitatem

2174 2697 2581 2749 transvertunt
2615 2691 3004 2757 crudelitatis,
3036 2692 3298 2762 dumque
3329 2691 3396 2746 ad
3421 2691 3650 2747 culmen
3670 2699 3837 2765 pote-

2176 2781 2342 2837 statis
2374 2780 2658 2847 venerint,
2691 2779 2749 2834 in
2785 2780 3142 2851 apostasiam
3164 2781 3362 2835 statim
3385 2779 3688 2851 labuntur,
3714 2787 3844 2836 tan—

2180 2874 2361 2941 toque
2391 2886 2452 2925 se
2485 2875 2716 2924 tumore
2748 2869 2940 2924 cordis
2972 2868 3282 2936 extollunt,
3317 2873 3381 2924 ut
3410 2874 3655 2924 cunctos
3693 2872 3844 2925 sub-

2178 2959 2336 3014 ditos
2360 2959 2418 3013 in
2437 2959 2530 3013 sui
2552 2957 2988 3028 comparatione
3003 2957 3355 3028 despiciant,
3373 2974 3592 3029 eosque
3613 2975 3690 3028 qu
3704 2959 3846 3014 ibus

2181 3065 2429 3120 praeesse
2460 3047 2706 3118 contigit
2740 3063 2852 3101 non
2904 3051 3245 3117 agnoscant.
3297 3046 3519 3111 Quibus
3577 3063 3848 3119 congrue

2185 3153 2285 3206 per
2316 3135 2787 3191 Ecclesiasticum
2821 3135 3073 3190 dicitur:
3101 3135 3302 3190 Ducem
3325 3145 3373 3190 te
3389 3137 3846 3192 constituerunt?

2181 3227 2298 3283 noti
2326 3229 2516 3282 extolli
2562 3226 2754 3298 (Eccli.
2787 3228 2985 3293 xxxu.)
3009 3225 3158 3280 Dum
3194 3227 3399 3280 mundi
3429 3241 3594 3298 reges
3634 3243 3701 3282 se
3733 3244 3842 3281 ca:-

2179 3317 2321 3372 teris
2353 3315 2730 3371 sublimiores
2763 3315 3049 3384 sentiunt,
3083 3313 3361 3370 mortales
3394 3321 3589 3370 tamen
3617 3331 3680 3370 se
3709 3332 3846 3370 esse

2181 3409 2560 3477 cognoscant,
2595 3420 2700 3459 nec
2732 3403 2895 3476 regni
2928 3403 3199 3476 gloriam,
3235 3420 3350 3476 qua
3378 3402 3437 3458 in
3490 3403 3705 3459 sarculo
3738 3422 3846 3459 su-

2183 3494 2513 3550 blimantur
2543 3493 2853 3565 aspiciant,
2887 3494 2987 3548 sed
3021 3509 3170 3564 opus
3194 3493 3348 3564 quod
3371 3509 3573 3549 secum
3601 3494 3674 3549 ad
3701 3494 3852 3549 infe-

2184 3600 2281 3640 ros
2311 3585 2641 3656 deportant,
2674 3582 3002 3638 intendant.
3063 3582 3124 3637 Si
3155 3597 3293 3654 ergo
3324 3583 3610 3638 carebunt
3658 3582 3849 3654 hujus

2185 3672 2556 3742 temporibus
2589 3669 2796 3742 gloria,
2830 3669 2931 3725 illa
2963 3675 3138 3742 agant
3166 3687 3293 3742 qua:
3329 3675 3460 3742 post
3505 3671 3683 3725 tinem
3717 3673 3849 3726 sine

2189 3761 2304 3815 line
2337 3760 2697 3831 possideant.
2727 3759 2879 3814 Dum
2914 3759 3232 3830 Apostolus
3264 3759 3421 3815 dicat
3448 3774 3463 3819 :
3498 3759 3611 3814 Non
3643 3771 3725 3815 est
3752 3775 3853 3830 po-

2189 3857 2348 3906 testas
2378 3850 2492 3904 nisi
2520 3865 2554 3902 a
2576 3849 2684 3903 Deo
2713 3848 2889 3919 (Rom.
2934 3849 3060 3918 xu),
3109 3848 3403 3918 quomodo
3461 3863 3563 3919 per
3593 3847 3850 3920 prophe-

2189 3942 2312 3994 tam
2337 3938 2408 3992 de
2438 3936 2790 4007 quibusdam
2825 3935 3214 4004 potestatibus
3237 3935 3453 3990 dicitur
3474 3952 3488 3992 :
3508 3938 3624 4007 Ipsi
3641 3953 3853 4009 regna-

2189 4014 2511 4091 verunt,sed
2523 4041 2632 4080 non
2656 4041 2726 4079 ea:
2750 4039 2833 4079 me
2850 4029 2876 4078 .9
2900 4027 3039 4095 (Use.
3066 4033 3209 4088 xm.)
3235 4025 3412 4089 Quasi
3438 4025 3657 4079 diceret
3681 4042 3696 4080 :
3723 4025 3849 4080 Non

2193 4132 2286 4170 me
2318 4113 2589 4186 propitio,
2616 4114 2716 4168 sed
2753 4129 2844 4167 me
2873 4113 3072 4181 [etiam
3132 4130 3385 4180 summe,
3446 4114 3614 4185 orig.]
3673 4113 3848 4169 irato.

2192 4204 2355 4258 Unde
2386 4201 2630 4257 inferius
2662 4218 2763 4272 per
2781 4203 3051 4257 eumdem
3075 4203 3422 4275 prophetam
3446 4201 3589 4257 dicit
3615 4219 3628 4258 :
3663 4206 3852 4270 Dabo,

2191 4292 2404 4365 inquit,
2437 4291 2542 4346 tibi
2569 4307 2748 4362 regem
2771 4293 3039 4361 iri/urere
3069 4307 3185 4347 meo
3216 4291 3355 4365 (Ose.
3385 4292 3535 4364 xm).
3570 4292 3698 4356 Quo
3735 4309 3857 4348 ma-

2194 4383 2466 4438 nifestius
2483 4380 2690 4448 elucet,
2715 4381 2927 4436 bonam
2947 4385 3282 4453 malamque
3299 4386 3645 4454 potestatem
3667 4399 3704 4437 a
3740 4383 3856 4438 Deo

2193 4471 2601 4539 ordinari,sed
2621 4469 2833 4524 bonam
2869 4471 3142 4542 propitio,
3172 4470 3386 4525 malam
3436 4470 3608 4525 irato.
3661 4469 3856 4542 Reges

425 4575 702 4646 idemque
730 4575 985 4648 populus
1014 4555 1516 4649 post—episcopum
1553 4578 1761 4634 festiue
1812 4555 2080 4651 pergant,
2117 4555 2159 4618 D
2190 4560 2423 4651 (ἱυεξξιάο
2452 4559 2590 4651 δροξ
2620 4563 2778 4624 δυοῖν
2815 4559 3076 4651 munfrif
3107 4559 3372 4651 0886_D6i
3425 4560 3658 4651 αυτεηάο
3709 4577 3849 4651 νεὶ-το

429 4664 681 4720 scientes
705 4682 766 4721 se
791 4681 904 4720 non
934 4664 1050 4720 illic
1073 4666 1349 4722 seditiosa
1370 4667 1743 4722 contentione
1763 4667 2082 4739 decertare,

431 4753 530 4808 sed
566 4769 668 4824 pro
702 4754 813 4808 ﬁde
846 4753 1128 4808 catholica
1163 4754 1487 4826 invigilare,
1517 4771 1630 4810 non
1654 4753 1959 4810 cumulum
1986 4772 2084 4827 pe-

434 4839 789 4907 cuniarium,
813 4841 913 4895 sed
930 4840 1158 4895 lucrum
1176 4858 1530 4915 congregare
1543 4843 1895 4899 animarum.
1919 4843 2083 4899 Unde

433 4931 495 4986 in
527 4931 730 4986 eadem
761 4929 1009 5002 epistola
1032 4930 1184 4986 beati
1214 4931 1531 4988 Clementis
1557 4949 1569 4988 :
1597 4954 1624 4982 «
1651 4936 1945 5004 Vestrum,
1983 4933 2084 5005 qui

433 5019 724 5091 legatione
755 5017 979 5074 domini
1031 5018 1367 5091 fungimini,
1399 5026 1488 5076 est
1545 5021 1751 5077 docere
1793 5020 2080 5094 populos:

435 5124 638 5164 eorum
671 5125 802 5164 vero
833 5112 922 5164 est
951 5107 1113 5163 vobis
1145 5108 1399 5176 obedire,
1432 5113 1497 5164 ut
1527 5114 1664 5166 Deo.
1700 5131 1728 5160 »
1761 5111 1827 5165 Et
1859 5112 1917 5165 in
1957 5111 2084 5182 epi-

433 5199 586 5255 stola
601 5198 910 5254 Alexandri
929 5215 1088 5270 papae
1120 5197 1476 5253 successoris
1499 5199 1745 5255 Evaristi
1770 5215 1782 5253 :
1808 5223 1834 5249 ‹‹
1870 5200 1929 5256 Si
1952 5200 2083 5270 quis

431 5293 629 5345 autem
663 5288 1016 5360 legationem
1041 5291 1292 5342 vestram
1319 5286 1588 5358 impedit,
1619 5303 1731 5342 non
1756 5287 1956 5357 unius,
1981 5289 2082 5344 sed

432 5380 751 5434 multorum
787 5378 1112 5449 profectum
1145 5375 1371 5431 avertit.
1400 5377 1470 5430 Et
1490 5375 1643 5430 sicut
1664 5376 1868 5431 multis
1893 5383 2084 5445 nocet,

430 5467 510 5522 ita
543 5485 575 5522 a
601 5467 807 5522 multis
837 5472 927 5522 est
951 5466 1324 5538 arguendus;
1351 5470 1405 5520 et
1429 5465 1568 5537 quia
1590 5465 1690 5520 Dei
1715 5481 1954 5522 causam
1979 5468 2084 5522 im-

435 5557 616 5625 pedit,
648 5560 704 5610 et
736 5559 957 5611 statum
989 5555 1258 5610 Ecclesia:
1293 5555 1628 5626 conturbat,
1661 5555 1841 5610 ideoa
1863 5554 2080 5611 limini-

437 5642 550 5698 bus
596 5643 724 5712 ejus
783 5647 1067 5700 arceatur.
1099 5663 1126 5696 ι
1190 5647 1554 5718 Quapropter
1608 5644 1808 5702 nullus
1861 5659 2080 5716 comes,

2197 4646 2359 4714 mali,
2390 4646 2626 4702 sceleris
2645 4663 2770 4702 esse
2789 4646 3010 4718 populi.
3031 4647 3368 4702 Secundum
3400 4649 3670 4703 meritum
3698 4649 3858 4704 enim

2194 4736 2488 4807 plebeium
2523 4735 2858 4806 disponitur
2887 4735 3005 4790 vita
3037 4740 3355 4804 rectorum,
3407 4741 3660 4792 testante
3708 4738 3858 4794 Job:

2195 4828 2300 4895 Qui
2319 4841 2555 4896 regnare
2583 4827 2717 4895 facit
2745 4827 3092 4894 hypocritam
3121 4834 3342 4896 propter
3379 4829 3605 4897 peccata
3658 4827 3858 4897 pepuli

2192 4917 2310 4987 (Job
2337 4914 2552 4985 xxxw).
2590 4919 2878 4970 lrascente
2909 4915 3065 4969 enim
3101 4919 3212 4970 Deo
3235 4914 3410 4970 talem
3445 4920 3732 4971 rectorem
3757 4933 3852 4987 po-

2195 5004 2316 5077 puli
2349 5003 2679 5075 suscipiunt
2711 5002 2944 5074 qualem
2967 5020 3067 5075 pro
3095 5009 3330 5075 peccato
3355 5010 3682 5061 merentur.
3703 5005 3852 5060 Non-

2196 5109 2494 5164 nunquam
2532 5109 2634 5164 pro
2669 5091 2891 5147 malitia
2913 5092 3100 5164 plebis
3119 5093 3294 5148 etiam
3319 5109 3486 5165 reges
3519 5098 3853 5174 mutantur,

2193 5187 2250 5237 et
2280 5183 2378 5253 qui
2412 5186 2546 5236 ante
2576 5181 2926 5236 videbantur
2985 5197 3115 5237 esse
3155 5181 3291 5238 boni
3353 5187 3591 5254 accepto
3651 5198 3858 5254 regno,

2193 5271 2346 5326 fiunt
2369 5268 2584 5340 iniqui.

2192 5388 2328 5442 CAP.
2359 5387 2444 5440 40.
2477 5414 2546 5426 -
2578 5386 2648 5441 De
2666 5385 2860 5440 eadem
2886 5401 2966 5441 re.
3131 5385 3296 5442 dictis
3351 5385 3598 5458 ejusdem
3657 5387 3851 5457 (ibid.,

2921 5473 2968 5514 ε.
3111 5498 3123 5512 .

2921 5473 2968 5514 ε.
3008 5473 3123 5514 49).

2263 5555 2368 5619 Qui
2401 5558 2555 5610 recte
2587 5551 2775 5608 utitur
2799 5555 2964 5626 regni
2996 5558 3306 5628 potestate,
3340 5554 3425 5611 ita
3481 5573 3543 5612 se
3575 5562 3860 5629 praestare

2191 5643 2469 5702 omnibus
2497 5640 2690 5712 debet,
2711 5644 2778 5696 ut
2795 5645 3017 5714 quanta
3038 5641 3228 5716 magis
3242 5641 3485 5701 honoris
3504 5643 3862 5704 celsitudine
