4000 6060
202 209 311 265 913

1159 215 1470 269 DECRETI
1509 216 1693 269 PARS
1729 214 1880 269 XVI.
1911 242 1975 253 —
2005 215 2101 267 DE
2136 215 2441 271 OFFICIIS
2476 214 2659 269 LAIC.

3508 210 3613 265 914

202 336 405 403 claret,
442 338 608 390 tanto
659 335 718 390 in
750 336 1067 408 semetipso
1098 337 1372 393 humiliet
1412 344 1688 405 mentem,
1723 356 1857 411 pro-
1884 340 1940 407 Α
1969 340 2336 411 subvertant,
2361 340 2490 396 ideo
2514 339 2838 412 principem
2864 355 2977 394 non
3000 342 3227 410 oportet
3247 338 3607 410 delinquere,

204 441 432 496 ponens
486 424 596 479 sibi
648 425 983 497 exemplum
1016 426 1375 483 humilitatis
1418 428 1619 494 David,
1655 428 1753 499 qui
1784 429 1854 483 de

204 514 332 569 suis
366 514 593 569 meritis
625 532 738 569 non
776 516 1013 582 tumuit,
1049 517 1149 571 sed
1200 516 1505 571 humiliter
1544 534 1670 572 sese
1701 518 1851 589 deji-

204 604 392 671 ciens,
424 604 570 658 dixit
598 622 610 658 :
643 604 789 660 Vilis
817 605 1107 674 incedam,
1149 610 1206 661 et
1228 606 1358 660 vilis
1389 607 1679 678 apparebo
1720 613 1852 662 ante

206 692 520 747 Dominum
554 693 653 763 qui
686 710 780 748 me
810 693 987 764 elegit
1016 696 1084 762 (II
1126 696 1248 766 Reg.
1281 697 1382 764 VI).
1417 695 1523 761 Qui
1559 699 1710 750 recte
1734 696 1852 749 uti-

202 786 304 837 tur
332 781 495 854 regni
530 788 838 854 potestate,
872 782 1120 839 formam
1171 784 1417 854 justitie
1462 784 1631 840 factis
1662 785 1851 857 magis

202 886 382 943 quam
413 872 608 927 verbis
636 870 930 928 instituet.
993 874 1105 929 [ste
1139 872 1301 928 nulla
1333 873 1710 944 prosperitate
1739 873 1851 928 eri-

201 960 380 1033 gitur,
412 959 572 1016 nulla
598 962 951 1017 adversitate
978 963 1268 1018 turbatur.
1296 962 1850 1034 Noninnititurpro-

199 1051 348 1121 priie
378 1049 621 1117 viribus,
655 1067 759 1106 nec
792 1069 824 1106 a
855 1051 1099 1108 Domino
1134 1052 1353 1107 recedit
1374 1069 1472 1108 cor
1495 1053 1645 1122 ejus.
1668 1050 1849 1123 Regni

197 1138 434 1211 fastigio
468 1139 680 1194 humili
713 1140 988 1212 praesidet
1019 1142 1237 1196 animo.
1271 1141 1395 1196 Non
1437 1158 1569 1196 eum
1601 1140 1851 1196 delectat

196 1228 505 1300 iniquitas,
540 1247 653 1284 non
684 1229 1015 1285 inﬂammat
1035 1230 1343 1302 cupiditas.
1373 1230 1509 1285 Sine
1532 1230 1846 1285 defrauda-

196 1317 356 1373 tione
387 1318 637 1389 alicujus
666 1336 735 1375 ex
765 1335 1018 1390 paupere
1050 1318 1291 1374 divitem
1324 1336 1385 1375 se
1419 1319 1578 1387 facit,
1605 1323 1660 1374 et
1692 1317 1847 1389 quod

187 1406 361 1476 juxta
388 1412 728 1479 potestatem
754 1426 785 1463 a
807 1408 1039 1480 populis
1059 1414 1404 1480 extorquere
1427 1413 1674 1479 poterat,
1696 1424 1847 1478 sepe

196 1496 604 1552 misericordia
640 1497 949 1553 clementia
981 1499 1179 1553 donat.
1204 1498 1374 1553 Dedit
1402 1503 1550 1552 Deus
1576 1496 1845 1568 principi-

196 1585 311 1640 bus
343 1586 722 1657 presulatum
785 1604 887 1658 pro
920 1587 1205 1659 regimine
1236 1586 1610 1658 populorum,
1641 1590 1698 1641 et
1730 1585 1844 1641 illis

1964 447 2035 485 ne
2067 431 2310 486 formam
2366 429 2645 502 peccandi
2678 429 2868 495 faciat,
2906 428 3123 500 peccati
3155 429 3283 498 ejus
3313 428 3609 500 impunita

1963 520 2217 575 licentia.
2252 521 2395 574 Nam
2429 536 2526 574 rex
2557 519 2656 591 qui
2690 518 2808 573 ruit
2841 519 2899 572 in
2918 518 3077 572 vitiis
3102 518 3213 572 cito
3236 518 3388 572 viam
3411 522 3603 572 osten-

1963 610 2051 664 dit
2081 610 2317 665 erroris.
2355 608 2515 663 Sicut
2544 608 2759 679 legitur
2780 608 2850 662 de
2870 607 3202 673 Jeroboam,
3229 606 3329 678 qui
3354 606 3608 678 peccavit

1963 703 2019 753 et
2042 715 2278 769 peccare
2304 698 2437 753 fecit
2460 697 2634 753 Israel
2655 698 2756 767 (III
2782 700 2904 767 Reg.
2929 697 3047 767 xu).
3075 696 3163 751 Illi
3195 701 3388 752 autem
3423 694 3606 750 ascri-

1961 787 2121 843 bitur
2143 786 2427 858 quidquid
2448 787 2711 858 exemplo
2733 787 2861 857 ejus
2886 804 2919 840 a
2941 785 3193 841 subditis
3214 787 3603 855 perpetretur.

1961 876 2125 931 Sicut
2147 875 2412 931 nonnulli
2437 877 2722 931 bonorum
2747 874 3081 948 principum
3102 876 3211 929 Deo
3227 874 3438 944 placita
3457 874 3606 929 facta

1961 969 2313 1036 sequuntur,
2372 964 2453 1021 ita
2507 964 2673 1021 facile
2705 964 2873 1019 multi
2907 980 3081 1035 prava
3112 979 3313 1018 eorum
3344 961 3609 1032 exempla

1961 1059 2283 1110 sectantur.
2316 1054 2587 1125 Plerique
2619 1060 2815 1109 autem
2847 1054 2999 1125 apud
3034 1052 3269 1123 iniquos
3287 1051 3604 1123 principes,

1960 1144 2311 1199 necessitate
2340 1145 2531 1215 magis
2561 1160 2738 1214 quam
2770 1148 2925 1208 voto,
2979 1141 3119 1196 mali
3159 1140 3435 1206 existunt,
3469 1143 3605 1193 dum

1958 1232 2225 1303 imperiis
2282 1249 2487 1287 eorum
2546 1232 2848 1287 obediunt.
2911 1229 3191 1285 Nonnulli
3222 1233 3419 1283 autem
3452 1227 3607 1283 sicut

1956 1320 2210 1392 prompti
2243 1326 2382 1376 sunt
2412 1321 2575 1390 sequi
2608 1336 2774 1391 reges
2806 1320 2865 1374 in
2899 1318 3145 1384 malum,
3180 1318 3263 1372 sic
3295 1316 3443 1388 pigri
3467 1318 3606 1371 sunt

1958 1410 2176 1465 imitari
2206 1410 2338 1465 illos
2370 1410 2429 1464 in
2462 1410 2703 1464 bonum.
2736 1413 2896 1478 Saepe
2928 1408 3081 1463 unde
3114 1406 3250 1461 mali
3286 1422 3447 1476 reges
3469 1422 3603 1477 pec-

1956 1504 2111 1565 cant,
2172 1500 2309 1554 inde
2362 1500 2499 1555 boni
2524 1500 2944 1569 justiﬁcantur,
2972 1498 3113 1553 dum
3147 1496 3601 1569 praecedentium

1954 1589 2337 1663 cupiditatem
2392 1593 2450 1645 et
2507 1588 2793 1644 malitiam
2847 1588 3167 1660 corrigunt.
3198 1587 3343 1642 Nam
3378 1603 3438 1641 re
3467 1603 3600 1642 vera

195 1689 298 1729 eos
319 1693 563 1747 preesse
581 1677 783 1741 voluit,
808 1694 939 1731 cum
967 1677 1184 1747 quibus
1208 1693 1325 1731 una
1348 1680 1436 1731 est
1457 1676 1542 1730 eis
1563 1675 1840 1731 nascendi
1874 1711 1922 1776 B
1954 1678 2206 1749 peccatis
2237 1694 2438 1732 eorum
2471 1678 2926 1747 communicant,
2961 1677 3010 1732 si
3042 1677 3195 1747 quod
3227 1674 3312 1729 illi
3343 1675 3600 1746 diripue-

195 1765 599 1835 moriendique
630 1766 911 1821 conditio.
947 1767 1231 1822 Prodesse
1262 1782 1398 1836 ergo
1418 1766 1590 1821 debet
1612 1764 1846 1837 populis

196 1853 566 1926 principatus
597 1871 713 1911 non
771 1871 1002 1920 nocere,
1038 1870 1141 1909 nec
1171 1855 1529 1910 dominando
1564 1869 1846 1925 premere,

198 1944 301 1999 sed
335 1944 856 2000 condescendendo
888 1944 1287 2014 consulere,ut
1315 1960 1446 1999 vere
1478 1943 1554 1999 sit
1581 1943 1722 1998 utile
1740 1943 1848 1998 hoc

198 2032 509 2103 potestatis
540 2032 797 2106 insigne,
828 2038 883 2090 et
915 2035 1066 2089 dono
1090 2032 1190 2088 Dei
1214 2050 1317 2104 pro
1339 2033 1586 2089 tuitione
1606 2037 1851 2088 utantur

197 2122 601 2178 membrorum
633 2123 872 2179 Christi.
906 2124 1162 2178 Membra
1209 2123 1367 2178 enim
1400 2122 1616 2178 Christi
1648 2122 1848 2177 fideles

200 2218 345 2267 sunt
370 2212 591 2285 populi,
611 2229 760 2285 quos
782 2215 923 2268 dum
947 2230 1014 2268 ea
1036 2218 1325 2284 potestate
1339 2229 1516 2283 quam
1532 2210 1847 2284 accipiunt,

200 2300 420 2372 Optime
454 2307 683 2372 regunt,
719 2302 933 2357 bonam
968 2302 1168 2372 utique
1219 2300 1687 2357 vicissitudinem
1732 2300 1849 2355 Deo

197 2388 461 2462 largitori
486 2391 1028 2447 restituunt.Bonus
1048 2408 1145 2447 rex
1168 2390 1397 2447 facilius
1417 2392 1482 2445 ad
1501 2388 1792 2461 justitiam
1817 2406 1850 2444 a

201 2478 415 2534 delicto
454 2482 802 2552 regreditur,
845 2497 1023 2553 quam
1066 2481 1137 2535 de
1168 2480 1408 2551 justitia
1446 2480 1518 2535 ad
1568 2478 1847 2534 delictum

200 2570 575 2625 transfertur.
600 2570 668 2626 Ut
692 2569 918 2625 noveris
943 2569 1051 2625 hoc
1076 2586 1203 2625 esse
1225 2585 1449 2635 casum,
1473 2567 1616 2622 illud
1642 2584 1849 2639 propo-

201 2656 405 2713 situm.
433 2660 492 2713 In
518 2660 812 2731 proposito
834 2660 963 2731 ejus
984 2674 1113 2714 esse
1136 2659 1330 2727 debet,
1354 2673 1661 2729 nunquam
1685 2671 1846 2727 egre-

198 2746 259 2801 di
291 2764 325 2802 a
354 2747 616 2803 veritate.
651 2748 812 2813 Quod
846 2748 894 2803 si
928 2764 1068 2803 casu
1090 2747 1347 2802 titubare
1369 2745 1696 2817 contigerit,
1717 2762 1851 2800 mox

199 2850 529 2909 resurgere.

200 2979 337 3037 CAP.
398 2979 485 3036 Η.
518 3011 587 3021 —
646 2982 715 3037 De
736 2982 1013 3052 patientia
1045 2997 1254 3051 regum.
1289 2982 1371 3035 Ex
1419 2977 1579 3034 dictis
1610 2977 1850 3051 ejusdem

812 3052 997 3125 (ibid,
1030 3070 1074 3107 c.
1108 3054 1226 3121 50).

275 3167 622 3241 Plerumque
655 3168 924 3240 princeps
948 3169 1148 3240 justus
1176 3167 1351 3223 etiam
1378 3165 1667 3222 malorum
1688 3182 1846 3221 erro-

202 3272 298 3311 res
330 3256 707 3313 dissimulare
740 3256 919 3326 novit,
952 3273 1067 3311 non
1121 3257 1275 3329 quod
1314 3255 1611 3327 iniquitati
1644 3270 1846 3311 eorum

204 3345 549 3413 consentiat,
581 3347 682 3401 sed
741 3346 894 3418 quod
954 3350 1155 3417 aptum
1188 3350 1422 3416 tempus
1473 3343 1849 3400 correctionis

204 3436 764 3506 exspectet,quando
786 3451 988 3491 eorum
1020 3434 1161 3489 vitia
1188 3434 1276 3489 vel
1307 3434 1620 3489 emendare
1641 3431 1849 3497 valeat,

201 3522 292 3577 vel
326 3523 553 3593 punire.
591 3524 749 3579 Multi
782 3525 1062 3579 adversus
1095 3522 1388 3595 principes
1428 3520 1850 3590 conjurationis

204 3611 455 3668 crimine
502 3613 877 3684 detegantur,
911 3614 1011 3669 sed
1045 3613 1289 3684 probare
1323 3611 1520 3666 volens
1556 3606 1706 3665 Deus
1733 3610 1850 3664 cle-

206 3701 487 3756 mentiam
520 3703 876 3773 principum,
909 3702 1042 3757 illos
1074 3701 1226 3757 male
1257 3699 1511 3773 cogitare
1542 3697 1851 3770 permittit,

205 3789 352 3845 istos
380 3807 493 3845 non
525 3790 759 3846 deserit.
792 3791 872 3846 De
904 3790 1133 3846 illorum
1174 3788 1326 3845 malo
1352 3790 1499 3844 bene
1531 3788 1663 3843 istis
1694 3788 1852 3854 facit,

206 3878 351 3934 dum
385 3878 588 3951 culpas
623 3897 769 3950 quas
800 3878 882 3933 illi
916 3885 1118 3951 agunt,
1153 3879 1248 3935 isti
1277 3880 1425 3933 mira
1458 3876 1734 3949 patientia
1764 3878 1857 3929 in-

206 3967 474 4039 dulgent.
507 3969 765 4024 Reddere
798 3967 1015 4023 malum
1071 3985 1172 4039 pro
1204 3967 1356 4022 malo
1390 3967 1734 4022 vicissitudo
1766 3969 1856 4020 est

199 4057 467 4127 justitie.
522 4058 633 4112 Sed
694 4056 795 4129 qui
845 4057 1217 4113 clementiam
1252 4056 1415 4112 addit
1441 4055 1706 4126 justitie,
1740 4071 1855 4109 non

208 4145 432 4201 malum
465 4162 568 4218 pro
600 4145 1145 4218 oti‘ensisimpertit.

208 4288 342 4345 CAP.
399 4289 487 4345 42.
546 4318 617 4331 -·
674 4289 750 4345 De
806 4288 1280 4431 deliqlizurfgum.
1321 4286 1404 4342 Ec
1430 4286 1589 4343 dictis
1615 4286 1861 4358 ejusdem

956 4377 975 4414 ι
1016 4376 1032 4413 ι
1078 4402 1090 4415 .
1126 4400 1140 4413 .

956 4376 1090 4415 ιοια.
1106 4376 1140 4415 l.

1957 1771 2117 1833 runt,
2150 1766 2250 1821 isti
2274 1770 2586 1822 retentant.
2610 1767 2793 1836 Cujus
2817 1774 3116 1837 peccatum
3138 1764 3388 1836 quisque
3410 1763 3598 1835 sequi-

1956 1860 2073 1927 tur,
2106 1872 2345 1913 necesse
2404 1860 2493 1911 est
2544 1860 2607 1910 ut
2638 1856 2765 1925 eius
2797 1872 3021 1926 poenam
3068 1860 3369 1926 sequatur.
3400 1854 3600 1924 Neque

1957 1947 2114 2001 enim
2146 1946 2258 2001 erit
2278 1947 2470 2017 impar
2490 1944 2801 2017 supplicio,
2819 1945 2989 2016 cujus
3011 1961 3205 2000 errore
3228 1944 3477 2015 quisque
3499 1959 3604 2014 par

1957 2039 2045 2090 est
2075 2051 2139 2090 ac
2171 2034 2329 2089 vitio.

1958 2149 2093 2205 CAP.
2122 2150 2211 2204 43.
2245 2182 2314 2189 -
2344 2148 2494 2218 Quod
2551 2165 2702 2217 reges
2733 2149 2944 2217 legibus
2974 2152 3281 2204 teneantur.
3329 2148 3411 2202 Ex
3439 2147 3608 2203 dictis

2455 2222 2701 2292 ejusdem
2727 2220 2909 2292 (ibid,
2940 2237 2989 2276 c.
3020 2222 3097 2290 5).
3610 2236 3613 2237 '

2032 2311 2190 2381 (οἱδὶ.
2247 2311 2303 2378 9,
2358 2327 2406 2365 ο.
2463 2312 2680 2366 Iustum
2735 2310 3127 2380 est.)Justum
3161 2313 3250 2364 est
3279 2307 3603 2380 principem

1959 2397 2186 2470 legibus
2219 2400 2624 2470 obtemperare
2656 2399 2801 2454 suis.
2834 2399 2999 2453 Tunc
3028 2398 3183 2452 enim
3211 2399 3343 2467 jura
3373 2414 3482 2452 sua
3532 2396 3604 2451 ab

1959 2487 2235 2543 omnibus
2266 2487 2649 2543 custodienda
2670 2488 2983 2557 existimet,
3007 2488 3238 2557 quando
3260 2492 3319 2540 et
3340 2486 3466 2557 ipse
3487 2484 3605 2540 illis

1959 2576 2341 2631 reverentiam
2376 2577 2610 2648 prebet.
2644 2576 2943 2647 Principes
2974 2574 3203 2646 legibus
3242 2574 3420 2629 teneri
3454 2574 3601 2643 suis,

1958 2681 2064 2720 nec
2095 2665 2153 2719 in
2187 2682 2249 2721 se
2279 2682 2452 2737 posse
2484 2665 2919 2736 damnarejura
2940 2665 3142 2736 quein
3164 2663 3447 2734 subjectis
3473 2680 3604 2718 con—

1959 2754 2236 2810 stituunt.
2269 2756 2436 2811 Justa
2468 2760 2556 2810 est
2587 2754 2741 2809 enim
2775 2753 2933 2810 vocis
2964 2769 3165 2808 eorum
3191 2751 3529 2820 auctoritas,
3555 2751 3604 2806 si

1959 2844 2114 2915 quod
2148 2843 2381 2915 populis
2414 2843 2743 2914 prohibent,
2775 2843 2888 2898 sibi
2918 2859 3035 2899 non
3064 2842 3238 2897 licere
3281 2842 3602 2914 patiantur.

1957 2932 2076 2986 Sub
2111 2931 2411 3004 religionis
2432 2931 2748 3004 disciplina
2770 2931 2966 2987 seculi
2989 2935 3308 3002 potestates
3331 2931 3606 3000 subjectae

1961 3025 2121 3076 sunt.
2156 3022 2224 3076 Et
2248 3021 2521 3092 quamvis
2552 3020 2812 3076 culmine
2844 3019 3009 3092 regni
3056 3020 3177 3075 sint
3206 3017 3451 3088 prediti,
3478 3017 3604 3072 vin-

1961 3108 2093 3165 culo
2123 3114 2319 3165 tamen
2355 3110 2487 3164 fidei
2519 3114 2796 3165 tenentur
2825 3109 3074 3178 astricti,
3108 3111 3174 3162 ut
3194 3107 3367 3163 fidem
3391 3106 3606 3162 Christi

1957 3200 2081 3255 suis
2112 3198 2343 3272 legibus
2375 3200 2713 3272 praedicent,
2746 3203 2805 3254 et
2834 3198 3024 3270 ipsam
3074 3198 3210 3255 fidei
3239 3197 3605 3271 predicatio-

1957 3306 2093 3345 nem
2125 3290 2392 3345 moribus
2424 3290 2595 3345 bonis
2627 3294 2996 3345 conservent.

1958 3405 2093 3460 CAP.
2151 3405 2241 3459 44.
2295 3435 2364 3445 -
2417 3405 2491 3458 De
2548 3404 2846 3473 disciplina
2892 3419 3082 3473 regum
3131 3402 3190 3457 in
3219 3400 3487 3458 Ecclesia.
3522 3404 3604 3457 Ex

2446 3474 2607 3530 dictis
2636 3475 2879 3543 ejusdem
2906 3474 3109 3547 (ibid.).

2032 3565 2144 3637 (23,
2175 3581 2227 3637 q.
2259 3566 2313 3634 5,
2346 3581 2392 3620 c.
2423 3566 2710 3635 Principes
2759 3564 2992 3636 saeculi.)
3053 3562 3350 3635 Principes
3407 3561 3605 3618 seculi

1960 3669 2384 3723 nonnunquam
2402 3652 2556 3708 intra
2576 3652 2897 3708 Ecclesiam
2916 3651 3226 3723 potestatis
3242 3652 3465 3723 adeptae
3486 3649 3613 3706 cul-

1962 3742 2124 3797 mina
2145 3746 2434 3807 tenent,ut
2454 3759 2557 3814 per
2577 3743 2842 3797 eamdem
2866 3746 3215 3814 potestatem
3241 3739 3615 3813 disciplinam

1961 3831 2415 3888 ecclesiasticam
2450 3833 2742 3887 muniant.
2777 3831 3062 3887 Ceterum
3114 3834 3266 3887 intra
3295 3830 3611 3887 Ecclesiam

1962 3925 2286 3993 potestates
2318 3922 2661 3977 necessarie
2696 3938 2811 3976 non
2843 3927 3060 3991 essent,
3092 3920 3209 3975 nisi
3234 3924 3296 3975 ut
3322 3920 3473 3991 quod
3501 3936 3616 3973 non

1963 4010 2237 4081 prevalet
2266 4008 2542 4065 sacerdos
2576 4009 2807 4064 afﬁcere
2831 4025 2929 4080 per
2955 4008 3234 4064 doctrine
3259 4023 3615 4074 sermonem,

1966 4104 2225 4170 potestas
2255 4099 2363 4153 hoc
2390 4098 2638 4169 imperet
2660 4095 2945 4169 [impleat]
2966 4114 3065 4168 per
3087 4095 3411 4168 discipline
3434 4100 3618 4149 terro-

1966 4204 2113 4244 rem.
2148 4188 2311 4259 Sepe
2344 4203 2448 4259 per
2478 4202 2726 4257 regnum
2759 4190 3056 4241 terrenum
3104 4184 3339 4241 caeleste
3370 4198 3618 4255 regnum

1966 4275 2216 4347 proﬁcit,
2249 4280 2311 4330 ut
2341 4274 2444 4347 qui
2474 4275 2632 4329 intra
2665 4273 2983 4329 Ecclesiam
3018 4273 3187 4345 positi
3213 4278 3416 4329 contra
3438 4273 3615 4328 ﬁdem

1967 4370 2023 4421 et
2054 4364 2430 4436 disciplinam
2490 4361 2759 4419 Ecclesie
2818 4367 3020 4434 agunt,
3062 4364 3251 4435 rigore
3281 4362 3618 4434 principum

281 4474 529 4532 Difficile
554 4480 643 4531 est
673 4475 996 4549 principem
1029 4475 1256 4546 regredi
1284 4475 1355 4531 ad
1381 4473 1611 4543 melius,
1632 4472 1679 4527 si
1703 4473 1856 4529 vitiis
1887 4441 1933 4506 D
1966 4458 2345 4549 conteragtur
2373 4448 2823 4549 [90611661109qu
2882 4449 3193 4522 ipsamque
3223 4449 3620 4549 disciplinam.

211 4564 389 4619 fuerit
417 4564 779 4637 implicatus.
839 4563 1043 4636 Populi
1076 4564 1231 4619 enim
1265 4566 1569 4634 peccantes
1593 4561 1854 4631 judicem

211 4657 527 4719 metuunt;
561 4669 724 4724 reges
753 4656 972 4718 autem,
998 4651 1111 4707 nisi
1143 4651 1267 4707 solo
1296 4650 1398 4705 Dei
1429 4650 1636 4705 timore
1668 4654 1860 4705 metu-

210 4757 326 4813 que
384 4740 665 4813 gehenne
698 4744 1099 4808 coerceantur,
1134 4739 1316 4794 libere
1348 4737 1405 4792 in
1438 4753 1692 4809 preceps
1724 4755 1856 4810 pro-

209 4835 413 4897 ruunt,
472 4834 529 4885 et
576 4847 677 4900 per
706 4829 1025 4900 abruptum
1056 4826 1303 4883 licentiae
1336 4826 1394 4881 in
1426 4842 1598 4882 omne
1630 4826 1859 4881 facinus

209 4919 489 4973 vitiorum
550 4917 848 4973 labuntur.
911 4922 1137 4984 Quanto
1198 4915 1448 4988 quisque
1480 4914 1538 4969 in
1572 4914 1859 4986 superiori

212 5008 577 5064 constitutus
600 5013 688 5063 est
717 5007 862 5077 loco,
897 5011 1062 5063 tanto
1093 5006 1152 5061 in
1187 5005 1392 5076 majori
1421 5008 1693 5059 versatur
1715 5004 1861 5076 peri.

213 5097 344 5152 culo
371 5114 384 5164 ;
420 5102 476 5152 et
507 5102 726 5168 quanto
760 5095 1092 5168 splendoris
1117 5096 1335 5152 honore
1368 5093 1619 5165 quisque
1650 5094 1862 5148 celsior

211 5192 324 5255 est,
356 5190 541 5255 tanto,
575 5187 623 5240 si
658 5186 970 5258 delinquit,
998 5190 1229 5257 peccato
1262 5185 1447 5255 major
1468 5187 1573 5238 est.
1603 5184 1862 5237 Potentes

213 5276 373 5331 enim
430 5283 678 5345 potenter
736 5283 1007 5330 tormenta
1059 5274 1345 5345 patientur
1402 5273 1553 5344 (Sap.
1614 5272 1717 5341 v1).
1759 5270 1860 5324 Cui

213 5365 372 5421 enim
396 5365 521 5434 plus
544 5363 959 5432 committitur,
985 5362 1117 5433 plus
1137 5362 1208 5416 ab
1232 5378 1297 5416 eo
1310 5363 1721 5433 exigitur(Luc.
1739 5360 1858 5431 xu),

212 5454 392 5511 etiam
415 5471 547 5510 cum
573 5470 850 5510 mensura
876 5452 1104 5524 [usura]
1127 5467 1449 5522 poenarum.
1471 5451 1656 5521 Reges
1681 5449 1859 5504 vitam

214 5543 588 5601 subditorum
622 5540 790 5598 facile
819 5539 1103 5613 exemplis
1160 5539 1287 5594 suis
1316 5536 1403 5593 vel
1455 5539 1746 5594 aedificant
1771 5537 1858 5593 vel

1968 4559 2145 4614 quam
2204 4538 2469 4595 Ecclesie
2528 4536 2838 4593 humilitas
2883 4554 3148 4593 exercere
3179 4555 3294 4594 non
3326 4538 3623 4610 praevalet,

1968 4629 2294 4687 cervicibus
2311 4628 2696 4700 superborum
2714 4630 2975 4699 potestas
2994 4626 3337 4699 principalis
3359 4628 3625 4699 imponat

1968 4724 2023 4775 et
2054 4720 2138 4775 sic
2166 4716 2602 4774 venerationem
2626 4720 2904 4782 meretur,
2930 4720 2994 4771 ut
3014 4716 3291 4772 virtutem
3315 4717 3622 4789 potestatis

1970 4808 2362 4881 impertiat[et
2376 4811 2439 4861 ut
2452 4806 2885 4861 venerationem
2904 4806 3166 4878 accipiat,
3194 4807 3494 4876 virtutem,
3509 4811 3616 4861 etc.

1970 4898 2063 4955 Sic
2094 4894 2255 4953 hodie
2283 4898 2433 4952 Crat.
2468 4903 2518 4949 et
2547 4895 2724 4965 lsid.].
2787 4896 3157 4967 Cognoscant
3189 4896 3484 4967 principes
3515 4911 3619 4950 se-

1968 4985 2085 5043 culi
2123 4986 2233 5039 Deo
2267 4984 2475 5038 debere
2510 4982 2752 5037 reddere
2784 4999 2847 5038 se
2870 4984 3150 5039 rationem
3174 4988 3411 5056 propter
3431 4983 3621 5038 Eccle-

1970 5075 2141 5144 siam,
2210 5089 2389 5145 quam
2452 5089 2485 5127 a
2514 5071 2748 5127 Christo
2779 5073 3057 5127 tuendam
3086 5074 3439 5144 suscipiunt.
3472 5072 3620 5127 Nam

1970 5162 2092 5219 sive
2124 5167 2413 5235 augeatur
2434 5178 2547 5233 pax
2573 5167 2631 5216 et
2652 5160 2966 5232 disciplina
2991 5160 3258 5217 Ecclesiae
3292 5179 3395 5233 per
3424 5159 3624 5215 ﬁdeles

1968 5251 2287 5324 principes,
2348 5252 2465 5307 sive
2524 5249 2804 5318 solvatur,
2840 5250 2935 5306 ille
2968 5251 3041 5306 ab
3068 5251 3151 5307 eis
3184 5252 3466 5306 rationem
3501 5248 3620 5303 exi-

1969 5346 2065 5413 get
2121 5340 2222 5413 qui
2279 5357 2479 5396 eorum
2541 5342 2819 5413 potestati
2877 5357 3046 5397 suam
3114 5338 3431 5397 Ecclesiam
3491 5353 3617 5394 cre-

1971 5431 2139 5486 didit.

1972 5538 2105 5593 CAP.
2168 5538 2255 5593 45.
2304 5567 2375 5577 -
2433 5537 2541 5592 Cur
2593 5537 2731 5593 Deus
2790 5535 2939 5592 alios
2997 5535 3068 5591 ad
3126 5536 3453 5605 libertatem,
3481 5536 3621 5594 alios
