3948 6072
420 253 530 310 915

1525 269 1592 321 D.
1634 267 1878 323 IVONIS
1912 264 2411 322 CARNOTENSIS
2447 270 2770 324 EPISCOPI

3740 279 3855 337 916

481 383 669 463 autem
704 382 775 438 ad
811 383 1138 442 servitutem
1194 387 1535 446 discreverit.
1571 392 1652 447 Ea:
1706 391 1868 446 dictis
1918 391 2069 461 ejus-
2100 389 2154 454 Α
2185 391 2641 446 controversiam
2699 394 2934 463 asserit,
2993 401 3049 452 et
3075 402 3280 454 vestrae
3320 415 3448 456 eam
3481 402 3851 462 fraternitati

485 450 630 509 dem.

482 540 723 614 Propter
770 550 1076 617 peccatum
1112 547 1287 618 primi
1311 548 1568 605 hominis
1589 549 1847 606 humano
1870 549 2068 622 generi

407 647 590 710 pmna
647 632 930 689 divinitus
963 633 1125 691 illata
1174 641 1263 692 est
1293 638 1614 704 servitutis,
1648 639 1724 694 ita
1758 643 1822 694 ut.
1853 637 2068 710 quibus

412 723 628 799 aspicit
657 741 770 780 non
803 740 1126 796 congruere
1157 723 1490 782 libertatem
1524 727 1938 800 [dignitatem],
1976 727 2068 782 bis

413 811 854 872 misericordius
876 811 1093 885 irroget
1117 814 1487 872 servitutem.
1517 820 1579 870 Et
1603 816 1739 872 licet
1765 820 2068 889 peccatum

415 905 692 960 humanm
748 901 994 973 originis
1052 919 1155 974 per
1199 903 1481 976 baptismi
1513 905 1766 976 gratiam
1798 903 2071 960 fidelibus

419 990 652 1048 cunctis
682 989 1002 1045 dimissum
1034 991 1132 1056 sit,
1165 995 1361 1048 tamen
1395 1010 1599 1064 aequus
1641 999 1792 1049 Deus
1826 994 1954 1049 ideo
1981 993 2073 1048 di-

419 1078 635 1138 screvit
663 1077 1007 1134 hominibus
1038 1081 1240 1147 vitam,
1274 1081 1421 1137 alios
1452 1099 1652 1138 servos
1683 1083 2072 1148 constituens,

421 1167 571 1225 alios
630 1168 922 1235 dominos,
957 1173 1023 1224 ut
1054 1168 1290 1226 licentia
1321 1171 1472 1226 male
1503 1172 1713 1244 agendi
1747 1187 2068 1237 servorum,

419 1261 708 1330 potestate
735 1257 1169 1314 dominantium
1192 1259 1601 1332 restringatur.
1627 1259 1771 1315 Nam
1797 1261 1844 1314 si
1869 1275 2074 1314 omnes

417 1346 546 1402 sine
577 1350 735 1402 metu
764 1345 1037 1415 fuissent,
1070 1347 1204 1420 quis
1235 1354 1413 1414 esset,
1449 1350 1550 1420 qui
1583 1367 1615 1404 a
1646 1347 1817 1404 malis
1865 1365 2071 1420 quem-

417 1436 575 1508 piam
609 1434 955 1491 cohiberet?
984 1436 1127 1491 Inde
1165 1442 1222 1491 et
1255 1437 1312 1491 id
1346 1439 1621 1508 gentibus
1653 1438 1946 1510 principes
1978 1453 2071 1491 re-

417 1541 636 1598 gesque
668 1523 836 1580 electi
867 1529 1026 1596 sunt,
1085 1530 1150 1580 ut
1182 1535 1398 1582 terrore
1429 1543 1535 1581 suo
1569 1525 1813 1597 populos
1858 1543 1891 1580 a
1919 1524 2072 1579 malo

420 1618 775 1679 coercerent,
807 1618 986 1685 atque
1009 1613 1079 1669 ad
1105 1613 1832 1688 rectevivendumlegibus
1869 1613 2077 1669 subde-

426 1707 576 1759 rent.
601 1704 897 1768 Quantum
930 1701 1183 1775 pertinet
1212 1703 1285 1758 ad
1322 1704 1632 1769 rationem,
1662 1719 1772 1760 non
1794 1707 1870 1759 est
1888 1719 2076 1774 perso-

434 1809 640 1848 narum
696 1774 947 1864 acceptio,
979 1792 1133 1863 apud
1161 1793 1329 1848 Deum
1390 1793 1606 1864 (Ephes.
1663 1810 1755 1860 v1;
1812 1793 1930 1848 Col.
1963 1794 2079 1865 IlI),
2111 1774 2159 1839 B
2186 1814 2319 1871 CAP.
2350 1817 2440 1872 51.
2476 1849 2542 1858 _
2576 1820 2640 1876 υι

429 1881 532 1952 qui
586 1879 784 1934 mundi
837 1881 1005 1949 elegit
1059 1880 1356 1952 ignobilia,
1389 1887 1442 1937 et
1472 1882 1913 1954 contemptibilis
1937 1889 1986 1938 et
2013 1898 2078 1938 ea

425 1983 547 2040 qua
572 1984 683 2025 non
711 1972 862 2037 sunt,
884 1971 944 2023 ut
965 1986 1029 2025 ea
1049 1986 1169 2042 qum
1197 1979 1327 2026 sunt
1359 1970 1684 2038 destrueret,
1716 1986 1786 2027 ne
1804 1970 2080 2042 glorietur

428 2057 609 2112 omnis
665 2073 792 2114 caro
838 2059 881 2126 (ι
935 2059 1067 2114 Cor.
1128 2059 1190 2128 ι),
1252 2058 1357 2114 hoc
1389 2064 1499 2131 est,
1531 2059 1784 2115 carnalis
1821 2060 2080 2132 potentia

427 2162 626 2202 coram
685 2145 809 2201 illo.
844 2150 1010 2203 Unus
1041 2147 1195 2203 enim
1229 2147 1516 2203 Dominus
1546 2148 1853 2220 aequaliter
1883 2154 1939 2203 et
1970 2149 2076 2203 do-

428 2233 610 2290 minis
639 2234 751 2289 fert
779 2235 1113 2291 consultum
1142 2241 1200 2292 et
1231 2237 1436 2292 servis.
1473 2237 1677 2292 Melior
1705 2242 1794 2293 est
1815 2239 2082 2306 subjecta

430 2322 681 2380 servitus
713 2339 890 2395 quam
925 2323 1078 2380 elata
1108 2323 1366 2381 libertas.
1401 2325 1566 2381 Multi
1591 2326 1747 2381 enim
1773 2326 2081 2381 inveniun-

437 2415 537 2468 tur
588 2411 703 2468 Deo
753 2411 936 2468 libere
995 2414 1318 2470 servientes
1351 2414 1463 2470 sub
1493 2414 1749 2470 dominis
1781 2413 2083 2470 constituti

442 2500 768 2572 flagitiosis,
829 2502 953 2574 qui,
1011 2502 1120 2559 etsi
1178 2503 1427 2575 subjecti
1485 2509 1626 2560 sunt
1673 2503 1791 2560 illis
1823 2519 2082 2576 corpore,

436 2589 662 2662 pralati
689 2593 884 2646 tamen
918 2595 1060 2647 sunt
1087 2596 1302 2649 mente.

443 2701 580 2771 CAP.
639 2697 728 2771 {16.
778 2729 847 2739 —-
907 2700 967 2755 Ut
997 2699 1188 2771 nullus
1215 2715 1403 2755 servus
1431 2700 1738 2756 monachus
1780 2701 1878 2771 ﬁat
1908 2700 2086 2757 invi/0

502 2768 725 2844 (ξριπίηο
752 2785 870 2844 suo.
898 2773 990 2844 Ea:
1014 2770 1438 2826 Chalcedonensi
1460 2787 1631 2842 conc.,
1654 2768 1833 2844 capJIt
1856 2772 2084 2843 (action,

512 2840 598 2906 15,
633 2857 686 2911 q.
724 2842 810 2905 t6,
843 2857 888 2896 c.
923 2841 1029 2910 Qui
1050 2858 1176 2897 vere
1201 2849 1484 2914 pureque).

507 2927 748 2982 Nullum
810 2928 989 3000 recipi
1047 2929 1106 2984 in
1171 2931 1540 2986 monasteriis
1572 2946 1805 2986 servum
1839 2931 2080 2986 obtentu

433 3015 737 3082 monachi,
761 3017 1201 3086 praeterdomini
1218 3018 1748 3075 suiconscientiam
1764 3019 2080 3075 voluimus.

2179 479 2344 550 petiit
2375 483 2928 555 commendandam,
2955 485 3051 542 his
3069 503 3169 544 vos
3197 487 3506 547 hortamur
3529 494 3849 563 affatibus,

2182 573 2244 622 ut
2272 570 2460 624 eidem
2483 571 2711 626 mulieri
2732 579 2958 629 servata
2980 576 3254 647 aaquitate
3286 579 3598 638 tuitionem
3621 585 3846 641 debea-

2180 655 2252 712 tis
2285 657 2644 729 impendere,
2678 665 2736 716 et
2764 679 2797 717 a
2828 662 2989 719 nullo
3020 681 3146 720 eam
3177 673 3385 725 contra
3405 671 3661 730 rationis
3681 675 3847 730 ordi-

2181 762 2314 801 nem
2347 748 2575 819 gravari
2606 749 2803 821 aliquo
2835 753 3008 808 modo
3037 756 3413 826 permittatis.

2180 851 2329 942 CAP.
2346 853 2435 908 50.
2453 886 2520 895 -
2549 856 2730 942 De_eo_,
2762 857 2816 942 si
2843 875 3004 928 quem
3033 862 3426 942 ecclesiastica;
3443 868 3705 937 familiae
3728 871 3848 942 epi-

2251 940 2445 1007 scopus
2485 927 2748 1007 servitute
2798 927 3092 988 labaverit.
3127 937 3219 989 Ea:
3253 927 3570 1007 dgath'ensi
3598 927 3848 1000 concilio

2252 1012 2382 1066 cap.
2414 997 2448 1050 6
2479 1003 2619 1070 (cap.
2643 1000 2721 1069 7).

2257 1083 2363 1152 (l2,
2397 1101 2448 1156 q.
2499 1085 2552 1154 2,
2607 1103 2655 1141 c.
2688 1087 2751 1142 Si
2779 1105 2908 1160 quos
2938 1090 3004 1146 de
3030 1094 3248 1165 servis.)
3278 1097 3335 1150 Si
3360 1114 3506 1167 quos
3543 1101 3619 1156 de
3659 1103 3844 1159 servis

2183 1173 2452 1264 Ecclesia:
2468 1177 2612 1232 bene
2640 1179 2864 1235 meritis
2883 1182 3196 1255 episcopus
3212 1184 3485 1245 libertate
3505 1191 3842 1264 donaverit,

2184 1262 2454 1319 collatam
2488 1265 2821 1323 libertatem
2847 1287 2881 1324 a
2911 1275 3355 1331 successoribus
3385 1277 3613 1349 placuit
3644 1262 3840 1338 custos

2186 1351 2318 1417 diri,
2351 1371 2484 1408 cum
2517 1372 2582 1410 eo
2615 1357 2769 1427 quod
2793 1358 2878 1414 eis
2901 1363 3297 1420 manumissor
3321 1366 3379 1420 in
3401 1367 3685 1426 libertate
3707 1388 3840 1427 con-

2185 1441 2406 1498 tulerit.
2434 1443 2594 1507 Quod
2623 1451 2815 1502 tamen
2836 1448 3118 1518 jubemus
3137 1453 3209 1507 20
3229 1453 3555 1512 solidorum
3576 1462 3840 1529 modum,

2186 1531 2243 1584 in
2278 1532 2518 1599 terrula,
2549 1535 2795 1603 vineola,
2825 1536 2915 1594 vel
2949 1537 3266 1610 hospitiolo
3311 1549 3530 1602 tenere.
3590 1550 3766 1614 Quod
3796 1551 3839 1606 si

2187 1619 2442 1692 amplius
2473 1623 2676 1678 datum
2711 1625 2905 1698 fuerit,
2939 1632 3072 1698 post
3102 1632 3555 1692 manumissoris
3589 1645 3836 1695 mortem

2187 1708 2458 1766 Ecclesiis
2493 1717 2811 1770 revocetur.

2671 1821 2911 1892 libertos,
2938 1823 2989 1898 si
3017 1841 3148 1898 opus
3177 1829 3373 1898 fuerit,
3407 1831 3653 1890 Ecclesia
3688 1839 3836 1892 tuea-

2660 1900 2771 1962 tur,
2815 1910 2938 1964 cap.
2968 1896 3038 1950 28
3065 1896 3209 1970 (cap.
3241 1901 3350 1970 29).

2258 1976 2424 2044 (Dist.
2461 1978 2551 2046 87,
2581 1996 2629 2034 c.
2664 1982 2909 2039 Libertos
2939 1984 3227 2059 legitime.)
3258 1989 3544 2060 Libertos,
3580 1993 3838 2066 legitime

2190 2081 2223 2120 a
2279 2066 2536 2123 dominis
2592 2070 2717 2126 suis
2749 2070 2954 2142 factos,
2988 2075 3264 2145 Ecclesia,
3288 2079 3337 2133 si
3369 2096 3614 2138 necesse
3649 2085 3837 2152 fuerit,

2190 2157 2441 2245 tueatur.
2475 2156 2636 2219 Quod
2670 2160 2720 2214 si
2751 2161 2884 2232 quis
2917 2168 3054 2218 ante
3109 2165 3470 2224 audientiam
3503 2177 3612 2226 aut
3644 2189 3840 2245 perva-

2192 2243 2326 2298 dere
2353 2259 2470 2312 eos,
2496 2251 2597 2300 aut
2624 2248 2947 2317 exspoliare
2976 2250 3220 2309 voluerit
3251 2255 3336 2311 vel
3379 2243 3840 2334 praesumpserit,

2194 2331 2265 2386 ab
2300 2331 2553 2389 Ecclesia
2583 2335 2919 2408 repellatur.

2195 2442 2324 2494 CAP.
2355 2439 2446 2495 52.
2481 2471 2547 2481 —-
2579 2442 2901 2515 Exemplum
2954 2447 3122 2518 hujus
3161 2452 3261 2505 rei.
3294 2452 3378 2508 Ea:
3420 2457 3668 2513 concilio
3700 2457 3841 2514 Tole-

2620 2520 2756 2570 tano
2785 2533 2863 2583 IV,
2893 2534 2994 2590 cap
3022 2521 3093 2576 73
3123 2524 3262 2593 (cap.
3293 2524 3407 2594 7t).

2266 2599 2402 2655 Dist.
2460 2601 2550 2668 87,
2609 2618 2656 2658 e.
2691 2605 2909 2662 Liberti
2937 2610 3036 2678 qui
3064 2627 3098 2664 a
3127 2611 3598 2684 quibuscunque.)
3633 2617 3837 2673 Liberti

2197 2687 2533 2761 quicunque
2566 2695 2919 2751 manumissi
2951 2702 3108 2767 sunt,
3140 2704 3315 2771 atque
3345 2701 3619 2758 Ecclesiae
3655 2711 3840 2778 patro-

2196 2776 2348 2832 cinio
2382 2782 2772 2836 commendati
2806 2783 3085 2850 existunt,
3140 2787 3292 2844 sicut
3322 2791 3537 2862 regula:
3572 2776 3842 2866 antiquo-

2196 2873 2342 2921 rum‘
2358 2866 2592 2923 Patrum
2627 2874 3086 2939 constituerunt,
3117 2880 3465 2935 sacerdotali
3506 2883 3842 2939 defensione

2195 2972 2228 3010 a
2261 2955 2582 3024 cujuslibet
2610 2956 2924 3016 insolentia
2947 2968 3348 3036 protegantur,
3371 2968 3494 3024 sive
3516 2971 3580 3025 in
3606 2978 3766 3028 statu
3784 2973 3845 3028 li-

2196 3045 2441 3100 bertatis
2500 3062 2726 3119 eorum,
2787 3050 2907 3106 sive
2963 3051 3022 3106 in
3057 3054 3262 3125 peculo
3311 3057 3463 3128 quod
3495 3057 3723 3117 habere
3754 3079 3844 3117 no-

428 3103 978 3177 Transgredientem
1009 3123 1143 3162 vero
1174 3106 1324 3162 hanc
1355 3107 1766 3164 difﬁnitionem
1789 3113 2074 3174 nostram,
2108 3138 2150 3206 α
2190 3138 2456 3191 smmum

431 3193 1007 3248 excommunicatum
1037 3209 1164 3250 esse
1193 3195 1576 3250 decrevimus.

432 3298 566 3354 CAP.
600 3300 687 3353 47.
741 3331 808 3341 -
839 3301 910 3355 De
945 3299 1145 3373 eadem
1203 3316 1280 3355 re.
1321 3300 1565 3373 Gelasius
1625 3317 1721 3373 per
1752 3303 2079 3373 Lucaniam,

504 3373 725 3427 Brutios
752 3381 805 3427 et
831 3372 1090 3428 Siciliam
1118 3371 1385 3444 episcopis
1408 3373 1591 3445 (epist.
1625 3371 1676 3440 ﬁt,
1707 3391 1754 3430 c.
1794 3376 1902 3443 16).

504 3469 784 3540 Quisquis
837 3470 1170 3541 episcopus,
1230 3471 1533 3543 presbyter
1561 3475 1619 3526 et
1658 3472 1959 3538 diaconus,
1993 3473 2078 3528 vel

430 3573 633 3613 eorum
667 3557 767 3628 qui
800 3557 1173 3614 monasteriis
1199 3575 1447 3631 praeesse
1471 3567 1816 3629 noscuntur,
1841 3561 2081 3617 serviles

432 3651 492 3702 et
521 3646 870 3715 originarias
904 3664 1185 3719 personas
1215 3649 1370 3720 apud
1394 3665 1456 3704 se
1478 3654 1744 3706 tenentes
1767 3667 1881 3706 non
1908 3651 2080 3706 resti-

429 3736 678 3790 tuendas
732 3736 1010 3806 patronis,
1071 3739 1173 3791 aut
1229 3738 1500 3808 deinceps
1557 3738 1644 3793 vel
1675 3739 2080 3794 ecclesiasticae

427 3822 722 3888 servituti,
746 3823 832 3878 vel
859 3822 1150 3896 religiosis
1173 3825 1727 3896 congregationibus
1747 3828 2076 3898 putaverint

426 3910 830 3983 applicandae,
863 3913 978 3967 nisi
1010 3911 1310 3967 voluntate
1343 3913 1586 3968 forsitan
1619 3915 1992 3970 dominorum
2018 3921 2076 3972 et

423 4000 859 4074 subscriptione
889 4001 1024 4070 [sub
1055 4000 1358 4073 scripturas
1388 4003 1608 4058 testim.
1644 4003 1835 4074 orig.],
1867 4003 1950 4058 vel
1986 4008 2074 4060 te-

421 4090 702 4148 stimonio
756 4090 1033 4164 primitus
1094 4090 1416 4160 absolutas,
1470 4092 1560 4146 vel
1591 4091 1854 4163 legitima
1886 4099 2073 4150 trans-

425 4181 653 4237 actioue
710 4197 1045 4248 concessas,
1107 4179 1435 4252 periculum
1468 4197 1530 4236 se
1562 4180 1801 4237 honoris
1833 4181 1925 4237 sui
1959 4199 2075 4238 non

427 4271 733 4342 ambigant
761 4269 1319 4341 communionisque
1349 4270 1675 4326 subituros.

428 4374 570 4431 CAP.
605 4376 692 4431 48.
725 4406 794 4416 ——
823 4377 898 4431 Ne
927 4376 1207 4448 mancipia
1237 4377 1580 4432 manumissa
1607 4378 1856 4434 servituti
1901 4379 2079 4436 denuo

2191 3233 2322 3287 ΟΑΡ.
2525 3265 2594 3274 -
2649 3237 2724 3292 De
2756 3237 2958 3320 eadem
2985 3257 3072 3320 _re_.
3109 3242 3191 3296 Ex
3224 3245 3356 3320 (ita
3383 3244 3536 3320 beati
3577 3247 3842 3320 Gregorii,

2341 3305 2436 3360 lib.
2470 3321 2559 3375 In,
2590 3323 2710 3379 cap.
2745 3309 2815 3363 45
2846 3311 3013 3382 (auct.
3036 3314 3194 3369 Joan.
3220 3316 3368 3370 diae.
3405 3318 3464 3372 Β.
3492 3306 3694 3391 Eccl).

2263 3392 2616 3450 Libertatem
2675 3399 2965 3470 cujusque
2995 3399 3255 3458 hominis
3297 3404 3618 3477 Gregorius
3649 3415 3847 3465 contra

2183 3481 2456 3553 judicum
2515 3484 2886 3557 insolentias,
2946 3489 3146 3546 liberis
3179 3492 3574 3552 nihilominus
3607 3498 3842 3554 vocibus

2190 3571 2558 3629 defendebat.

2189 3664 2322 3716 CAP.
2356 3662 2442 3716 54.
2487 3693 2558 3704 --
2607 3665 2693 3741 De
2735 3669 2923 3741 eadem
2955 3684 3032 3723 re.
3063 3668 3356 3741 Gregorius
3385 3673 3615 3730 Leontio
3644 3693 3839 3733 excon-

2581 3736 2693 3790 suli
2731 3738 2853 3804 (lib.
2888 3739 3088 3810 Regist.
3120 3736 3244 3806 vfu,
3273 3759 3320 3797 c.
3353 3744 3444 3800 51.

2263 3818 2453 3876 Unum
2513 3821 2621 3878 hoc
2679 3824 2826 3881 bene
2884 3831 2941 3883 et
2973 3834 3310 3886 constanter
3342 3833 3498 3903 novi,
3532 3836 3682 3905 quia
3714 3841 3768 3892 et
3797 3836 3839 3892 si

2185 3925 2360 3979 quam
2418 3910 2473 3965 in
2535 3912 2710 3968 rebus
2742 3915 2993 3984 publicis
3025 3919 3292 3974 fraudem
3325 3921 3462 3976 fecit
3503 3922 3839 3992 libertinus,

2185 3999 2520 4054 substantia
2549 4002 2678 4071 ejus
2723 4005 2863 4059 cazdi
2896 4005 3116 4074 debuit,
3151 4025 3266 4063 non
3301 4008 3564 4066 libertas.
3602 4012 3753 4069 Nam
3787 4015 3836 4068 in

2185 4086 2292 4142 hoc
2326 4088 2481 4158 quod
2515 4088 2680 4144 liberi
2711 4093 3036 4164 caeduntur,
3071 4101 3135 4151 ut
3164 4101 3414 4168 taceam,
3458 4102 3616 4172 quod
3658 4104 3840 4158 omni-

2188 4179 2402 4256 potens
2425 4177 2577 4233 Deus
2607 4181 2940 4244 oli‘enditur.
2969 4192 3029 4238 ul
3058 4188 3305 4252 taceam,
3330 4189 3485 4258 quod
3508 4197 3715 4247 vestra
3733 4193 3840 4264 opi-

2188 4265 2284 4319 nio
2316 4265 2690 4323 vehementer
2718 4275 3017 4340 gravatur,
3054 4272 3308 4344 piissimi
3338 4281 3539 4332 tamen
3588 4278 3839 4351 impera-

2188 4354 2336 4409 toris
2366 4357 2548 4410 nostri
2582 4361 2844 4428 tempora
2873 4360 3112 4417 omnino
3164 4363 3492 4420 fuscautur.
3527 4367 3654 4423 Hoc
3685 4371 3834 4424 enim

497 4449 906 4527 mancipentur.
1105 4442 1340 4527 contjlio
1396 4451 1786 4527 Aurelianensi
1835 4453 2075 4519 tempore

2255 4447 2342 4497 ter
2373 4461 2539 4515 reges
2569 4448 2854 4517 gentium,
2887 4450 3372 4522 etimperatorem
3397 4470 3603 4526 regum
3631 4458 3834 4527 distat,

501 4517 838 4574 Childeberti
865 4520 1037 4587 regis,
1063 4535 1183 4591 cap.
1214 4520 1249 4572 7
1277 4521 1489 4589 (Aurel.
1515 4526 1596 4586 v.)

497 4607 867 4678 Quacunque
898 4607 1193 4679 mancipia
1223 4609 1294 4663 ab
1325 4608 1600 4680 ingenuis
1617 4610 1871 4666 dominis
1892 4613 2076 4666 servi-

425 4697 549 4749 tute
577 4693 872 4761 laxantur,
905 4694 964 4750 in
996 4711 1065 4752 ea
1093 4695 1362 4752 libertate
1387 4704 1660 4753 maneant
1681 4715 1862 4769 quam
1883 4704 2024 4756 tunc
2045 4717 2078 4756 a

423 4782 682 4838 dominis
713 4790 1115 4854 perceperunt.
1143 4784 1494 4854 Hujusmodi
1524 4787 1785 4851 libertas,
1806 4788 1851 4842 si
1878 4805 1911 4842 a
1932 4805 2075 4860 quo-

420 4887 654 4944 cunque
684 4869 920 4944 pulsata
950 4872 1143 4941 fuerit,
1171 4890 1304 4928 cum
1327 4875 1562 4945 justilia
1584 4875 1655 4930 ab
1680 4875 1952 4933 Ecclesiis
1974 4878 2073 4936 de-

419 4961 713 5031 fendatur,
742 4963 950 5032 prater
978 4976 1076 5015 eas
1120 4961 1344 5033 culpas,
1381 4980 1483 5034 pro
1516 4964 1732 5034 quibus
1759 4964 1917 5037 leges
1947 4965 2069 5022 col-

417 5048 569 5105 latas
600 5049 784 5106 servis
809 5064 1079 5105 revocare
1102 5049 1414 5118 jusserunt
1447 5050 1771 5107 libertates.

415 5162 547 5214 CAP.
583 5157 670 5213 49.
728 5186 799 5197 -
828 5154 1160 5226 Exemplum
1191 5155 1435 5228 ejusdem
1464 5157 1566 5211 rei.
1620 5158 1912 5228 Gregorius
1946 5164 2070 5216 Ma-

485 5232 652 5286 riano
673 5230 924 5300 episcopo
955 5229 1230 5284 Ravenna
1258 5229 1320 5299 (ι.
1354 5243 1434 5282 vn
1464 5230 1682 5301 regist.,
1712 5245 1801 5301 ep.
1830 5232 1942 5302 21).

484 5327 766 5397 Joannes,
801 5326 1178 5399 praesentium
1240 5325 1507 5397 portitor,
1538 5326 1806 5396 queritur
1832 5343 2069 5384 uxorem

419 5433 588 5472 suam
623 5416 926 5472 molestias
948 5415 1178 5488 Georgii
1202 5415 1511 5485 cujusdam
1532 5416 1941 5488 retugientem,
1966 5419 2067 5474 diu

419 5505 480 5560 in
510 5505 691 5575 septis
711 5504 1148 5562 venerabilibus
1162 5506 1438 5567 residere,
1462 5504 1763 5560 etnullum
1786 5504 2067 5563 hactenus

419 5591 679 5649 invenire
735 5593 1030 5651 solatium.
1089 5593 1272 5665 Cujus
1305 5594 1444 5665 quia
1473 5594 1544 5650 de
1573 5595 1906 5650 conditione
1937 5610 2066 5652 esse

2106 4510 2155 4574 D
2189 4531 2327 4604 quia
2345 4550 2509 4606 reges
2526 4537 2791 4606 gentium
2811 4540 3033 4593 domini
3059 4557 3360 4597 servorum
3389 4549 3560 4611 sunt;
3587 4546 3836 4619 impera-

2185 4625 2278 4677 tor
2303 4639 2456 4693 vero,
2482 4623 2880 4682 Romanorum
2912 4629 3188 4685 dominus
3219 4630 3563 4690 liberorum.
3598 4634 3770 4693 Unde
3788 4641 3836 4693 et

2185 4725 2289 4766 vos
2321 4712 2610 4784 quidquid
2669 4715 2866 4786 agitis,
2927 4718 3092 4788 prius
3123 4719 3360 4790 quidem
3393 4729 3630 4778 servata
3655 4727 3834 4795 justi-

2185 4798 2285 4865 tia,
2321 4800 2530 4857 deinde
2559 4804 2851 4860 custodita
2874 4821 2976 4876 per
3001 4809 3203 4863 omnia
3232 4807 3504 4866 libertate
3535 4827 3720 4884 agere
3745 4816 3834 4870 de-

2181 4888 2354 4945 beﬁs.

2183 4989 2317 5068 CAP.
2493 5020 2568 5068 _—
2625 4991 2698 5068 l_)_e_
2743 4993 3069 5068 mancipiis_
3101 4997 3379 5066 fugitivis,
3412 5012 3482 5051 ne
3512 5000 3644 5068 quis
3677 5004 3829 5057 eccle-

2226 5061 2453 5114 siastico
2472 5061 2603 5132 jure
2631 5063 2734 5117 illa
2765 5061 3016 5121 tueatur.
3048 5061 3202 5137 uem',
3236 5061 3397 5123 Petro
3424 5061 3791 5129 sulidiacono.

2251 5147 2568 5221 Plerosque
2646 5152 3026 5224 cognovimus
3083 5155 3155 5212 de
3209 5157 3450 5213 amissis
3521 5163 3832 5234 mancipiis

2180 5240 2457 5308 conqueri
2518 5239 2780 5296 dicentes
2839 5241 2997 5312 quia,
3033 5243 3078 5298 si
3110 5261 3315 5301 servus
3343 5247 3686 5319 cujuspiam
3720 5251 3828 5306 for-

2179 5331 2337 5383 tasse
2368 5327 2598 5398 fugiens
2631 5330 2939 5386 dominum
2994 5349 3188 5401 suum,
3243 5334 3399 5404 juris
3448 5335 3827 5396 ecclesiastici

2179 5432 2241 5471 se
2299 5431 2428 5470 esse
2490 5418 2790 5487 professus
2846 5427 2955 5488 est,
2986 5427 3240 5479 rectores
3271 5423 3536 5480 Ecclesia:
3565 5429 3830 5498 protinus

2177 5505 2334 5560 hunc
2368 5509 2432 5560 ut
2464 5523 2697 5564 servum
2729 5509 3112 5567 ecclesiastici
3159 5513 3316 5583 juris
3349 5513 3628 5584 habeant,
3667 5517 3826 5574 nullo

2176 5603 2412 5668 agentes
2434 5596 2682 5667 judicio,
2716 5599 2816 5654 sed
2841 5601 2987 5657 servi
3005 5617 3205 5658 vocem
3232 5603 3638 5662 defendentes.
3667 5608 3824 5674 Quod
