4000 6060
236 306 345 362 917

1195 313 1508 368 DECRETI
1547 315 1732 369 PARS
1770 316 1916 371 XVI.
1949 345 2020 359 —
2047 320 2144 372 DE
2179 320 2483 379 OFFICIIS
2520 326 2706 383 LAIC.

3549 324 3659 379 918

242 434 384 491 mihi
412 437 645 492 tantum
680 436 974 509 displicet,
1010 444 1297 511 quantum
1326 459 1357 495 a
1388 440 1893 513 veritatisjudicio
1925 445 1978 512 Α
2010 446 2300 517 positione
2352 452 2691 521 criminum,
2727 459 2899 525 atque
2957 454 3350 511 accusationis
3398 450 3654 520 exordio,

241 524 709 581 abhorret.Unde
740 526 868 582 volo
900 531 966 581 ut
994 528 1349 597 experientia
1376 534 1498 595 tua,
1531 546 1896 603 quaecunque

239 611 323 667 ita
342 613 494 668 facta
511 616 863 686 cognoverit,
890 617 1215 687 postposita
1233 617 1525 683 tarditate,
1550 620 1821 690 corrigat,
1842 624 1898 673 et

238 700 381 756 talia
431 720 677 775 quasque
729 704 1044 777 mancipia,
1078 705 1127 760 si
1180 722 1295 777 qua
1348 723 1503 761 nunc
1546 709 1680 778 jure
1716 708 1896 763 eccle-

238 791 479 846 siastico
529 792 845 862 habentur,
877 794 1032 849 sicut
1080 794 1206 849 sine
1246 795 1475 865 judicio
1510 795 1704 849 ablata
1736 800 1893 863 sunt,

240 879 324 934 ita
366 881 595 936 restitui
643 886 777 937 ante
818 883 1113 954 judicium
1157 884 1341 949 decet,
1378 889 1435 939 et
1467 884 1514 938 si
1546 886 1686 955 quid
1722 885 1781 939 in
1814 884 1897 941 eis

242 975 458 1024 sanctis
490 970 755 1025 Ecclesiae
779 970 1037 1043 legitime
1059 973 1358 1043 competit,
1381 978 1522 1027 tunc
1539 990 1740 1029 eorum
1762 991 1894 1046 pos-

241 1074 503 1114 sessores
536 1060 752 1115 debent
784 1061 1052 1117 ordinata
1083 1062 1309 1118 actione
1340 1062 1585 1133 pulsari.

240 1164 374 1240 CAP.
407 1165 495 1219 56.
531 1197 597 1240 -—_
648 1167 924 1234 Quomodo
980 1167 1270 1236 defendere
1316 1186 1373 1224 se
1416 1170 1636 1232 debeat.
1668 1172 1767 1240 qui
1818 1169 1893 1226 li-

315 1237 522 1314 bertate
550 1238 782 1314 donatus
831 1241 904 1294 ad
950 1243 1271 1314 servitutem
1319 1249 1630 1297 revocatur.
1670 1237 1894 1314 Capitu-

315 1308 522 1363 larium
554 1310 648 1365 lib.
682 1328 771 1380 ιιι,
801 1327 918 1382 cap.
955 1312 1044 1368 43.

309 1397 534 1466 Siquis
567 1414 668 1469 per
691 1398 957 1454 chartam
1013 1400 1307 1470 ingenuus
1359 1401 1644 1457 dimissus
1694 1401 1889 1469 fuerit,

238 1490 347 1540 eta
365 1486 625 1557 quolibet
648 1487 883 1543 homine
916 1489 972 1542 in
1007 1505 1241 1544 servum
1266 1489 1669 1562 interpellatus
1694 1492 1889 1561 fuerit,

240 1575 496 1646 primum
513 1575 841 1647 legitimum
860 1583 1156 1634 auctorem
1178 1597 1295 1635 sua:
1312 1579 1603 1636 libertatis
1620 1583 1889 1651 proferat,

240 1667 299 1717 et
348 1668 403 1717 in
451 1680 559 1719 sua
607 1664 873 1720 libertate
924 1673 1273 1737 perseveret.
1309 1669 1367 1723 Si
1408 1686 1540 1725 vero
1589 1670 1890 1741 legitimus

240 1756 403 1807 actor
448 1752 717 1824 defuerit,
749 1754 1084 1811 testimonio
1130 1757 1415 1812 bonorum
1450 1757 1753 1813 hominum
1788 1758 1888 1830 qui

240 1846 385 1896 tunc
415 1843 679 1907 aderant,
715 1846 951 1914 quando
983 1844 1132 1900 liber
1155 1846 1439 1902 dimissus
1467 1848 1673 1909 fuerat,
1700 1863 1761 1902 se
1791 1848 1889 1903 de-

241 1929 477 1984 fendere
526 1930 915 2001 permittatur.
948 1931 1008 1986 Si
1040 1948 1173 1987 vero
1205 1938 1386 1989 testes
1413 1934 1724 2001 defuerint,
1744 1951 1889 1990 cum

239 2018 472 2073 duabus
503 2019 635 2074 aliis
657 2019 894 2089 chartis,
916 2037 1041 2091 qua:
1063 2022 1329 2091 ejusdem
1356 2022 1684 2078 cancellarii
1711 2039 1888 2078 manu

242 2105 487 2161 firmata;
520 2106 639 2162 sint
666 2107 755 2163 vel
787 2108 1040 2179 scripta),
1061 2126 1228 2165 suam
1262 2110 1549 2181 chartam,
1569 2128 1697 2182 quae
1719 2112 1890 2167 tertia

240 2200 345 2265 est,
372 2212 567 2251 veram
585 2202 641 2252 et
659 2196 983 2269 legitimam
1003 2215 1131 2255 esse
1151 2200 1474 2255 confirmet.
1498 2201 1890 2257 Cancellarius

238 2290 420 2340 autem
434 2284 572 2341 talis
586 2302 713 2341 esse
730 2287 1029 2358 debet,qui
1048 2289 1405 2360 pagensibus
1423 2288 1528 2344 loci
1544 2289 1701 2345 illius
1716 2295 1890 2346 notus

237 2372 447 2428 fuisset
472 2380 527 2428 et
555 2380 851 2446 acceptus.
869 2376 927 2431 Si
951 2382 1145 2431 autem
1167 2378 1267 2449 qui
1286 2377 1697 2450 interpellatus
1718 2380 1892 2434 fuerit

237 2464 307 2516 ad
342 2464 668 2533 servitium,
693 2481 793 2519 nec
825 2470 1078 2520 actorem
1112 2483 1217 2521 nec
1248 2468 1588 2522 testimonia
1618 2467 1892 2523 habuerit

234 2567 425 2622 neque
456 2552 601 2607 alias
635 2554 781 2609 duas
810 2554 1044 2609 chartas
1084 2556 1155 2610 ad
1207 2572 1372 2610 suam
1426 2557 1889 2613 conﬁrmandam

234 2638 493 2696 invenire
520 2644 793 2712 potuerit,
808 2647 948 2697 tunc
981 2644 1033 2699 is
1065 2644 1162 2716 qui
1197 2661 1327 2700 eum
1362 2645 1770 2715 interpellavit,
1795 2662 1889 2701 se-

236 2730 498 2783 cundum
552 2729 738 2801 legem
790 2732 979 2803 ipsam
1031 2732 1295 2788 chartam
1327 2733 1534 2789 falsam
1577 2735 1812 2806 efficiat,
1835 2739 1893 2791 et

238 2834 475 2873 servum
507 2820 834 2891 conquirat.

238 2926 366 2980 CAP.
399 2926 488 2979 57.
524 2955 590 2965 -η
621 2927 694 2981 Ne
741 2943 893 2983 servo
936 2929 1196 2985 credatur
1242 2911 1486 3001 cuipiam
1527 2933 1736 2987 crimen
1782 2934 1890 2988 im-

507 3001 756 3067 ponenti.
791 3001 1108 3071 Capitular.
1145 3002 1237 3057 lib.
1273 3019 1350 3072 v1,
1380 3020 1500 3074 cap.
1535 3004 1623 3058 46.

2007 536 2192 592 ultore
2222 538 2416 608 gladio
2444 542 2707 598 feriatur

2007 644 2142 700 CAP.
2192 647 2281 700 62.
2332 678 2399 688 —
2456 649 2668 705 Liberti
2722 655 2989 718 patronos
3058 654 3377 706 accusantes
3428 647 3659 719 perinde

2221 719 2492 789 puniendi
2519 737 2584 776 ac
2614 724 2777 788 servi,
2809 724 2893 778 tit.
2927 740 3021 777 ιιι
3051 721 3208 793 (ibid.
3241 730 3278 778 ι.
3303 721 3443 793 xx1).

2081 805 2315 877 Liber-ti,
2368 809 2415 864 si
2475 816 2846 867 accusatores
2908 814 3433 877 manumissorum,
3480 808 3661 863 hare-

2006 896 2222 951 dumve
2238 913 2436 952 eorum
2471 900 2955 971 praesumpserint
2970 915 3120 970 esse,
3140 901 3344 956 eodem
3370 914 3486 970 quo
3508 895 3660 952 servi

2007 984 2296 1056 supplicio
2324 989 2702 1058 tenebuntur,
2723 988 2928 1044 luituri
2953 1004 3154 1060 pinnas
3186 992 3320 1043 ante
3350 984 3658 1058 prohibita

2007 1072 2318 1130 delationis
2349 1076 2671 1132 exordium.

2004 1172 2132 1229 CAP.
2164 1174 2254 1229 63.
2298 1204 2356 1214 —-
2406 1174 2686 1230 Libertum
2717 1176 2787 1230 ad
2817 1175 3283 1245 ingratitudinem
3309 1188 3439 1243 erga
3460 1182 3657 1245 patro-

2074 1261 2209 1299 num
2260 1248 2509 1301 revocari
2557 1248 2749 1303 debere
2801 1241 3255 1303 in'servitutem.
3301 1241 3658 1301 Novellarum

2072 1317 2394 1373 constitutio
2423 1319 2513 1383 69,
2544 1336 2663 1390 cap.
2691 1320 2744 1374 2.

2075 1405 2131 1459 Si
2156 1405 2399 1461 libertus
2418 1412 2622 1462 contra
2641 1412 2954 1478 patronum
2975 1424 3148 1462 suum
3169 1407 3437 1479 ingratus
3458 1403 3654 1476 fuerit,

2004 1493 2257 1548 rescindi
2291 1494 2461 1549 debet
2492 1494 2772 1563 libertas;
2829 1512 3026 1551 cavere
3075 1501 3271 1551 autem
3314 1497 3543 1567 oportet
3571 1493 3659 1548 in-

2003 1582 2415 1653 gratitudines,
2450 1600 2580 1654 quas
2626 1584 2857 1656 legibus
2907 1586 3150 1658 cognitas
3198 1587 3360 1648 sunt,
3393 1581 3570 1639 veluti
3602 1580 3653 1636 si

2003 1672 2247 1728 libertus
2278 1689 2489 1728 manus
2520 1690 2660 1729 suas
2691 1678 2894 1729 contra
2925 1679 3238 1746 patronum
3284 1676 3533 1740 moveat,
3562 1669 3651 1726 vel

2001 1762 2048 1817 si
2082 1760 2471 1819 contumelias
2501 1768 2724 1819 atroces
2756 1764 2807 1819 ei
2841 1763 3060 1830 fecerit,
3081 1762 3166 1818 vel
3201 1762 3249 1817 si
3283 1776 3565 1834 magnum
3591 1762 3650 1815 et

2000 1850 2364 1906 intolerabile
2414 1851 2699 1906 damnum
2754 1852 2805 1906 ei
2850 1851 3094 1917 dederit,
3129 1850 3188 1905 id
3218 1855 3328 1918 est,
3361 1849 3410 1905 si
3443 1850 3511 1905 ad
3548 1848 3649 1903 de-

2000 1942 2178 1996 decus
2209 1941 2336 2010 ejus
2370 1941 2731 2011 pertinentes
2779 1940 3029 2009 injurias
3077 1938 3369 1995 effuderit.
3398 1937 3456 1994 Si
3489 1936 3648 1992 enim

1999 2029 2207 2085 horum
2240 2031 2461 2101 aliquid
2495 2035 2778 2101 patronus
2794 2030 2877 2085 vel
2898 2029 3064 2085 liberi
3093 2031 3221 2100 ejus
3252 2026 3649 2099 probaverint,

2000 2120 2070 2175 ad
2106 2119 2419 2190 pristinum
2455 2125 2675 2175 statum
2710 2119 3015 2175 convictus
3039 2123 3363 2175 revertatur
3378 2116 3647 2172 libertus.

1997 2227 2131 2282 CAP.
2166 2226 2256 2279 64.
2284 2255 2351 2267 -
2386 2226 2519 2294 Quae
2565 2242 2809 2297 personae
2830 2243 2866 2281 a
2895 2226 3125 2295 publica
3172 2222 3525 2279 accusatione
3552 2237 3651 2277 ar-

2095 2308 2345 2352 ceantur.
2382 2300 2460 2352 Ex
2489 2298 2727 2352 concilio
2762 2297 3191 2368 Carthaginensi
3216 2312 3315 2362 vn,
3340 2311 3465 2366 cap.
3495 2297 3551 2348 2.

2070 2388 2148 2454 (4,
2181 2403 2237 2456 q.
2275 2388 2327 2454 1,
2360 2403 2410 2441 c.
2460 2386 2783 2457 Difﬁnimus
2839 2403 2986 2451 cum,
3037 2394 3089 2441 et
3137 2386 3168 2440 4
3217 2402 3268 2457 q.
3316 2385 3373 2450 6,
3419 2400 3469 2440 c.
3522 2382 3655 2439 0m-

1998 2476 2161 2530 nibus
2209 2476 2448 2546 quibus.)
2503 2478 2719 2532 Omnes
2750 2475 2924 2544 servi,
2956 2475 3043 2530 vel
3096 2473 3318 2545 proprii
3350 2472 3544 2528 liberti
3576 2470 3648 2527 ad

1999 2564 2434 2621 accusationem
2501 2565 2733 2636 publice
2792 2582 2906 2620 non
2967 2563 3379 2631 admittantur,
3438 2575 3646 2616 omnes

1999 2654 2174 2709 etiam
2223 2652 2479 2709 infamiae
2529 2653 2773 2709 maculis
2824 2652 3067 2723 aspersi,
3102 2651 3158 2705 id
3186 2655 3276 2706 est
3305 2648 3647 2716 histriones,

2001 2742 2871 2813 autturpitudinibussubjectzs
2890 2757 3173 2808 personae;
3192 2736 3447 2793 haaretici
3464 2736 3652 2803 etiam,

2000 2833 2121 2887 sive
2153 2832 2387 2904 pagani,
2407 2848 2510 2887 seu
2533 2832 2740 2887 Judaei.
2761 2832 2869 2887 Sed
2902 2837 3099 2886 tamen
3132 2828 3409 2884 omnibus
3437 2826 3656 2897 quibus

2002 2921 2296 2975 accusatio
2344 2920 2688 2991 denegatur,
2719 2920 2779 2975 in
2822 2919 3018 2975 causis
3050 2916 3304 2990 propriis
3335 2911 3655 2971 accusandi

2002 3009 2238 3064 licentia
2270 3026 2385 3065 non
2418 3010 2685 3078 neganda
2716 3013 2824 3064 est.

311 3084 389 3156 (2’
425 3102 475 3182 qf
506 3086 542 3137 7
585 3090 634 3182 ei
680 3088 735 3142 8'
756 3088 839 3182 Pe
869 3099 1126 3182 fimum"
1154 3108 1206 3182 vi
1238 3108 1361 3146 “1"”
1393 3094 1447 3147 δέ
1491 3096 1671 3158 test“,
1703 3097 1754 3147 θί
1793 3110 1894 3164 Per
1933 3175 1964 3182 _
2004 3117 2138 3172 CAP.
2170 3117 2257 3171 65.
2286 3147 2352 3156 —
2385 3116 2458 3170 Ne
2490 3116 2716 3170 libertus
2766 3115 3061 3171 Ecclesium
3090 3114 3248 3182 cuius
3275 3119 3437 3167 antea
3466 3124 3658 3165 servus

238 3178 407 3229 lotam
440 3176 491 3240 4,
524 3192 575 3246 q.
607 3178 643 3229 2
672 3186 722 3231 et
751 3178 832 3246 3.)
863 3178 1039 3234 Servo
1071 3179 1306 3252 penitus
1358 3197 1472 3237 non
1517 3183 1807 3250 credatur,
1842 3185 1893 3238 si
1924 3175 1966 3242 C

237 3280 415 3334 super
467 3263 721 3336 aliquem
772 3268 989 3323 crimen
1030 3269 1329 3339 objecerit,
1365 3275 1466 3325 aut
1493 3270 1543 3325 si
1574 3271 1748 3327 etiam
1783 3272 1889 3327 do-

237 3352 464 3407 minum
501 3372 674 3410 suum
710 3355 953 3412 crimine
986 3357 1325 3430 impetierit.
1359 3363 1503 3414 Nam
1549 3360 1779 3416 etiamsi
1830 3362 1887 3416 in

234 3442 543 3498 tormentis
560 3444 791 3515 positus
810 3452 1060 3518 exponat
1084 3449 1235 3519 quod
1261 3448 1495 3519 objecit,
1513 3449 1668 3505 credi
1693 3455 1888 3506 tamen

238 3529 319 3584 illi
354 3548 471 3586 non
507 3536 754 3603 oportet.

237 3626 371 3683 CAP.
425 3628 513 3683 58.
566 3660 634 3704 ἢ
681 3631 835 3697 Item,
884 3647 954 3687 ne
999 3634 1219 3688 servilis
1264 3634 1595 3690 conditionis
1640 3652 1888 3704 personas

308 3702 796 3826 econtraisgliquem
849 3706 1149 3770 testantur,
1227 3704 1343 3759 nisi
1396 3702 1648 3777 ingenui)
1680 3706 1883 3763 desint.

353 3787 443 3826 an.
592 3815 603 3825 .

353 3787 443 3840 ap.
484 3787 603 3826 ιῡυ.

310 3858 577 3917 Libertus
595 3862 681 3916 vel
704 3860 918 3918 liberta
934 3863 993 3917 in
1014 3863 1191 3918 nullis
1208 3864 1453 3936 negotiis
1471 3871 1671 3920 contra
1689 3882 1889 3937 quem-

237 3963 413 4018 quam
446 3949 852 4006 testimonium
884 3952 1073 4007 dicere
1100 3953 1509 4017 admittantur,
1540 3960 1777 4027 excepto
1825 3956 1885 4011 in

238 4035 537 4107 aliquibus
567 4038 784 4105 causis,
817 4040 911 4095 ubi
949 4041 1284 4112 ingenuitas
1332 4044 1535 4099 deesse
1584 4045 1885 4114 cognosci-

238 4129 356 4193 tur,
391 4126 543 4181 sicut
576 4128 933 4198 permissum
967 4134 1057 4185 est
1085 4135 1141 4186 et
1170 4132 1241 4185 de
1272 4132 1474 4186 servis.

235 4233 370 4287 CAP.
417 4233 506 4288 59.
558 4265 625 4273 —
675 4233 831 4289 Servi
890 4235 1203 4291 testimonio
1270 4237 1530 4294 adversus
1604 4240 1887 4296 dominum

496 4306 726 4360 minime
754 4308 1039 4362 standum.
1078 4308 1191 4363 Lib.
1222 4326 1327 4374 vn,
1350 4326 1472 4381 cap.
1499 4311 1624 4365 208.

306 4391 367 4445 Si
426 4393 573 4447 servi
637 4394 895 4451 facinora
952 4396 1324 4453 dominorum
1385 4400 1635 4454 confessi
1714 4405 1882 4469 sunt,

239 4478 401 4534 nullo
431 4482 601 4537 modo
634 4482 970 4554 audiantur,
990 4486 1100 4541 nisi
1136 4486 1281 4542 forte
1301 4503 1398 4543 eos
1422 4488 1685 4544 deferant
1704 4491 1883 4562 maje-

243 4567 401 4623 stati.

242 4666 377 4721 CAP.
408 4668 498 4723 60.
534 4699 600 4709 ν-
648 4671 722 4749 De
772 4671 971 4749 eadem
1007 4688 1085 4749 re
1135 4672 1387 4749 Codicum
1424 4674 1533 4749 (lib.
1567 4693 1624 4731 ιν
1670 4694 1787 4749 cap.
1819 4679 1891 4733 20

669 4742 831 4797 titulo
869 4760 967 4798 vm
1000 4744 1106 4815 (tit.
1139 4762 1233 4812 xx,
1267 4745 1304 4800 ι.
1339 4747 1460 4817 νιι).

313 4831 518 4884 Servos
573 4846 675 4900 pro
732 4832 1010 4900 dominis,
1048 4834 1547 4905 quemadmodum
1607 4838 1890 4894 adversus

242 4931 363 4987 eos,
396 4916 743 4991 interrogari
794 4938 908 4976 non
958 4939 1152 4994 posse,
1184 4940 1286 4993 pro
1338 4925 1489 4980 facto
1539 4932 1737 4981 autem
1783 4945 1890 4984 suo

239 5021 413 5077 posse
443 5007 791 5080 interrogari
828 5027 943 5066 non
976 5012 1317 5085 ambigitur.

232 5111 370 5167 CAP.
398 5113 489 5169 6|.
512 5143 582 5155 —
624 5117 758 5172 Item
794 5116 859 5172 de
886 5118 1098 5194 eadem
1130 5120 1354 5194 re.»Lib.
1380 5138 1457 5188 ιιι,
1481 5138 1599 5194 cap.
1628 5124 1676 5190 1,
1704 5124 1787 5177 tit.
1817 5140 1890 5178 xx

878 5192 986 5259 (tit.
1013 5208 1054 5259 ι,
1081 5192 1119 5246 ι.
1143 5192 1257 5263 xx).

306 5273 366 5327 Si
394 5273 528 5344 quis
562 5291 630 5331 ex
662 5276 1077 5349 familiaribus,
1108 5280 1197 5334 vel
1230 5296 1297 5335 ex
1335 5282 1517 5338 servis
1575 5282 1893 5354 cujuslibet

236 5361 474 5429 domus,
501 5365 910 5437 cujuscunque
933 5367 1199 5423 criminis
1217 5369 1441 5426 delator
1459 5378 1635 5443 atque
1658 5389 1893 5427 accusa-

236 5456 324 5504 tor
357 5455 688 5522 emerserit,
719 5455 848 5526 ejus
879 5455 1395 5529 existimationem,
1429 5469 1623 5532 caput,
1656 5461 1740 5517 vel
1778 5462 1892 5515 for-

232 5542 417 5595 tunas
468 5542 785 5612 periturus,
837 5544 1010 5616 cujus
1057 5544 1445 5602 familiaritati
1495 5551 1584 5605 vel
1634 5551 1894 5606 dominio

230 5626 733 5702 inhwserit,.ante
763 5634 1257 5691 examinationem
1307 5636 1519 5708 judicii
1545 5640 1601 5694 in
1636 5640 1766 5713 ipsa
1797 5656 1895 5696 ex-

2072 3190 2280 3259 fuerat,
2326 3203 2584 3242 accusare
2639 3196 2955 3259 praesumat.
3008 3189 3091 3241 Ea:
3144 3181 3303 3241 Tolet.
3346 3181 3542 3239 concil.
3576 3196 3657 3249 ιν,

2072 3277 2190 3331 cap.
2224 3260 2292 3312 69
2322 3261 2463 3330 (cap.
2497 3258 2609 3329 67).

2072 3351 2183 3421 (l2,
2215 3367 2265 3420 q.
2298 3365 2344 3402 ιτ.
2381 3350 2674 3419 Episc0pus
2705 3349 2801 3419 qui
2829 3345 3214 3417 mancipium.)
3264 3343 3495 3399 Liberto
3549 3342 3654 3397 ad-

1997 3455 2203 3492 versus
2236 3436 2753 3505 Ecclesiam,cujus
2777 3435 2933 3505 juris
2964 3434 3208 3502 exstitit,
3226 3430 3540 3488 accusandi
3563 3427 3655 3486 vel

1999 3525 2349 3582 testificandi
2400 3525 2721 3596 denegetur
2766 3523 3022 3578 licentia.
3055 3522 3218 3589 Quod
3271 3520 3319 3576 si
3370 3534 3654 3592 presum-

1999 3617 2202 3687 pserit,
2238 3614 2427 3686 placet
2469 3618 2531 3668 ut
2578 3615 2639 3667 in
2691 3614 3033 3669 servitutem
3084 3609 3334 3683 propria:
3380 3605 3651 3665 Ecclesia

1996 3711 2319 3771 revocetur,
2344 3703 2436 3758 cui
2471 3718 2680 3757 nocere
2712 3706 2981 3757 conatur.
3030 3744 3040 3755 .

1995 3815 2122 3867 CAP.
2151 3813 2240 3867 66.
2275 3841 2342 3851 —
2392 3816 2469 3865 De
2514 3809 2743 3949 eode13.(
2772 3810 2855 3864 Ea:
2896 3809 3201 3952 gfspalensi
3247 3822 3392 3863 conc.
3429 3822 3493 3874 ιι,
3524 3820 3647 3876 cap.

2746 3897 2865 3952 cap.
2961 3922 2974 3935 .

2746 3897 2865 3952 cap.
2897 3897 2974 3952 δ).

2068 3974 2179 4043 (12,
2210 3988 2267 4043 q.
2300 3974 2354 4039 2,
2384 3988 2433 4027 c.
2482 3971 2683 4027 Octava
2738 3969 3053 4041 discussio.)
3108 3969 3474 4024 Libertorum
3526 3969 3648 4021 sta-

1995 4065 2145 4126 tum,
2179 4060 2278 4131 qui
2330 4064 2533 4114 contra
2579 4058 2923 4130 episcopum
2972 4073 3172 4124 suum,
3204 4055 3291 4110 vel
3339 4058 3649 4125 patronam

1994 4150 2313 4205 Ecclesium
2349 4147 2846 4213 uituntur,decidi
2880 4146 3079 4217 potius
3108 4160 3285 4215 quam
3319 4139 3651 4198 conservari

1996 4237 2283 4306 convenit,
2306 4241 2370 4290 ut
2400 4252 2653 4307 quorum
2684 4234 2927 4290 libertas
2960 4232 3291 4305 perniciosa
3320 4234 3429 4299 est,
3454 4230 3531 4285 sit
3564 4245 3652 4285 sa-

1995 4325 2229 4381 lutifera
2261 4324 2533 4391 servitus,
2567 4328 2624 4379 et
2654 4323 2753 4394 qui
2786 4322 3095 4395 superbire
3125 4324 3410 4377 noverunt
3441 4319 3649 4389 adepta

1996 4415 2263 4469 libertate
2287 4413 2444 4479 elati,
2470 4411 2692 4484 perdita
2717 4411 2947 4467 discant
2968 4410 3200 4482 [raaditi,
3217 4405 3650 4479 discant,orig.]

1996 4503 2231 4558 obedire
2262 4502 2533 4572 subjecti.

1995 4604 2127 4658 CAP.
2161 4602 2249 4654 67.
2284 4630 2353 4639 —
2382 4601 2607 4659 Liberti.
2639 4615 2934 4670 eorumque
2981 4597 3191 4669 posteri
3236 4597 3475 4670 qualiter
3520 4610 3647 4650 cum

2066 4675 2229 4727 rebus
2270 4672 2336 4726 ab
2389 4670 2639 4726 Ecclesia
2685 4670 2794 4725 sibi
2836 4669 3141 4725 Commissis
3184 4685 3346 4739 agere
3391 4669 3642 4725 debeant.

2069 4750 2153 4801 Ea:
2181 4744 2339 4799 Tolct.
2372 4758 2522 4797 conc.
2555 4758 2705 4798 conc.
2740 4759 2816 4811 ιι,
2848 4759 2966 4813 cap.
3002 4743 3089 4797 16.

2070 4834 2314 4888 Libertis
2346 4830 2616 4886 Ecclesia
2646 4847 2967 4901 eorumque
2998 4828 3303 4902 propagini
3344 4845 3413 4883 ex
3456 4825 3645 4882 omni-

1997 4928 2106 4982 bus
2140 4942 2266 4997 quaa
2299 4925 2522 4993 dejure
2554 4921 2824 4977 Ecclesiae
2857 4929 3183 4976 noscuntur
3230 4920 3465 4987 habere,
3501 4913 3649 4971 nihil

1998 5016 2199 5072 licebit
2230 5016 2287 5070 in
2324 5020 2666 5069 extraneum
2715 5012 3042 5067 dominium
3074 5010 3474 5066 transactione
3504 5023 3650 5079 qua-

2002 5121 2236 5176 cunque
2268 5105 2572 5159 deducere.
2605 5102 2716 5157 Sed
2752 5102 2800 5157 si
2828 5118 2895 5156 ex
2940 5101 3035 5156 his
3084 5100 3357 5170 quaelibet
3404 5098 3652 5153 fortasse

1997 5194 2245 5248 vendere
2276 5192 2589 5256 voluerint,
2622 5189 2906 5245 sacerdoti
2940 5189 3204 5259 ejusdem
3230 5186 3497 5243 Ecclesiae
3521 5184 3653 5239 olfe-

2002 5287 2130 5337 rent
2160 5281 2570 5337 convenienter
2599 5280 2868 5344 emenda,
2885 5294 3205 5348 earumque
3227 5293 3419 5332 rerum
3447 5273 3651 5345 pretia,

2002 5377 2068 5427 ut
2099 5373 2181 5428 eis
2214 5371 2517 5443 placuerit,
2552 5374 2653 5425 aut
2683 5370 3046 5437 dispensent,
3081 5371 3180 5421 aut
3210 5363 3651 5420 habeant.Nam

2002 5463 2059 5515 in
2092 5461 2418 5515 dominium
2458 5460 2638 5528 partis
2670 5457 2913 5512 alterius
2944 5456 3026 5510 rei
3057 5472 3174 5510 suae
3206 5470 3447 5509 censum
3490 5451 3652 5509 nullo

2002 5551 2174 5605 modo
2221 5549 2477 5605 transire
2528 5545 2945 5619 permittimus.
2976 5544 3109 5599 Suis
3140 5547 3337 5598 autem
3369 5542 3530 5609 filiis,
3560 5541 3651 5598 vel

2004 5638 2348 5712 propinquis
2381 5637 2641 5709 ejusdem
2674 5635 2764 5690 vel
2796 5632 3029 5690 servitio
3061 5632 3149 5690 vel
3179 5631 3499 5706 patrocinio
3538 5632 3650 5687 sub
