4000 6060
252 250 357 305 921

1209 254 1519 308 DECRETI
1560 255 1744 307 PARS
1780 256 1927 307 XVI.
1961 283 2029 295 —-
2057 259 2154 309 DE
2191 259 2494 314 OFFICIIS
2530 261 2713 314 LAIC.

3558 257 3665 313 922

253 372 376 429 ﬁlio
407 374 607 427 nostro
641 370 762 426 viro
794 370 1099 441 spectabili
1128 371 1427 442 Ortbasio,
1459 374 1543 429 sic
1572 378 1661 429 est
1688 374 1759 428 ad
1782 374 1902 430 sin-
1933 378 1989 444 Α
2020 392 2157 448 quia
2186 382 2243 433 et
2275 379 2323 434 si
2347 379 2443 436 ille
2474 379 2748 436 dominus
2774 384 2883 449 est,
2907 378 3006 434 ille
3028 395 3252 449 servus,
3272 380 3445 435 ambo
3466 383 3665 436 tamen

251 462 392 534 gula
423 476 670 532 quaeque
701 460 1024 527 convictus,
1050 466 1114 516 ut
1142 462 1455 532 oszaperire
1477 479 1583 517 nos
1606 468 1825 532 posset,
1850 466 1907 517 et

247 568 383 606 vera
413 567 542 605 esse
570 566 697 619 quae
730 548 867 604 huic
923 550 1337 620 objicerentur,
1395 550 1629 622 propria
1654 568 1786 607 voce
1821 552 1905 608 fa-

248 646 491 697 teretur.
523 639 775 709 Ideoque
805 644 1035 693 tenetur
1067 640 1439 711 mancipatus
1471 640 1767 695 custodiae.

250 731 386 787 CAP.
418 730 509 783 78.
542 759 613 769 —
644 727 795 797 Quod
821 726 1111 784 homicidii
1132 746 1256 784 reus
1276 746 1383 783 non
1406 729 1501 792 sit,
1533 731 1629 798 qui
1657 730 1907 785 alienum

317 818 539 856 servum
569 802 930 855 insidiantem
964 800 1373 856 sibiocoiderit.
1407 802 1664 858 Pandect.
1700 802 1798 858 lib.
1824 820 1901 869 ιχ,

321 876 407 929 tit.
435 890 475 927 ιι
507 874 619 941 (tit,
649 889 711 936 ιι,
753 870 795 929 l.
831 873 886 942 4)

396 916 407 927 ·
435 915 475 927 η
508 915 619 941 νην
650 915 711 936 υ»
753 915 795 929 *ο

320 962 379 1018 Si
410 978 641 1018 servum
674 965 845 1015 tuum
877 960 1165 1016 latronem
1201 960 1576 1016 insidiantem
1609 961 1779 1029 mibi,
1805 978 1902 1017 oc—

247 1051 467 1121 cidero,
502 1066 743 1105 securus
777 1067 895 1106 ero.
947 1049 1092 1104 Nam
1126 1050 1405 1106 adversus
1439 1052 1763 1121 periculum
1798 1069 1904 1106 na-

244 1140 459 1196 turalia
492 1140 639 1195 ratio
663 1139 949 1211 permittit
981 1156 1042 1193 se
1073 1139 1405 1194 defendere.
1441 1140 1555 1193 Lex
1596 1140 1902 1195 duodecim

247 1230 585 1285 tabularum
609 1231 795 1283 furem
820 1235 993 1281 noctu
1023 1228 1454 1297 deprehensum
1486 1227 1748 1283 occidere
1770 1245 1906 1300 per-

247 1320 447 1387 mittit,
484 1325 548 1374 ut
578 1325 767 1373 tamen
793 1316 849 1372 id
874 1318 1069 1387 ipsum
1102 1333 1232 1371 cum
1258 1317 1512 1373 clamore
1535 1318 1899 1373 testiﬁcetur.

247 1409 507 1464 Interdiu
542 1416 740 1464 autem
792 1407 1245 1478 deprehensum,
1304 1408 1385 1461 ita
1442 1408 1723 1477 permittit
1752 1408 1903 1463 occi-

246 1497 406 1567 dere,
435 1498 485 1552 si
518 1497 567 1552 is
598 1497 713 1551 telo
763 1513 825 1552 se
855 1495 1199 1566 defenderit,
1234 1500 1297 1551 ut
1340 1511 1535 1552 tamen
1577 1512 1738 1568 teque
1770 1512 1903 1551 cum

246 1585 504 1642 clamore
534 1586 899 1641 testiﬁcetur.

244 1675 376 1731 CAP.
406 1676 495 1731 79.
528 1706 597 1715 —
620 1674 773 1755 Quod
819 1676 1112 1729 dominum
1138 1675 1435 1755 par.cul_p_a
1465 1678 1821 1755 constringat,
1855 1675 1907 1755 si

2017 465 2167 521 servi
2200 468 2371 523 alieni
2398 474 2556 540 sunt,
2592 470 2727 541 quia
2776 470 2949 525 ambo
2999 468 3214 524 Christi
3243 468 3530 541 sanguine
3581 488 3668 527 re-

2019 557 2237 625 dempti
2273 563 2449 625 sunt;
2482 564 2674 614 tamen
2704 560 2917 613 durum
2967 558 3221 624 videtur,
3249 563 3314 613 ut
3356 559 3463 615 hoc
3489 560 3666 615 etiam

2010 645 2273 714 jubeam,
2309 647 2416 701 hoc
2449 648 2806 718 praecipiam,
2833 652 2899 702 ut
2920 647 2968 703 si
3002 648 3144 702 forte
3166 646 3444 703 dominus
3470 653 3671 718 peccat

2016 733 2076 787 in
2102 750 2331 789 servum
2359 753 2529 790 suum
2555 736 3099 807 injustelitigando,
3126 736 3346 806 injuste
3369 738 3667 805 caedendo,

2015 823 2173 877 dicat
2203 822 2287 877 illi
2321 840 2334 878 :
2370 828 2612 896 Ignosce
2644 824 2809 892 mibi,
2843 826 2917 880 da
2947 824 3094 879 mihi
3123 824 3355 880 veniam
3388 827 3525 897 quia
3546 842 3665 882 non

2015 910 2189 966 debet
2221 913 2426 978 facere,
2460 914 2561 968 sed
2594 915 2666 968 de
2713 913 2812 968 ille
2840 912 3084 985 incipiat
3142 912 3466 985 superbire.
3510 916 3662 981 Quid

2015 1000 2356 1070 ergo?ante
2384 1001 2586 1056 oculos
2621 1001 2718 1057 Dei
2752 1004 3035 1071 pmniteat
3064 1018 3220 1068 eum,
3273 1008 3407 1057 ante
3465 1004 3663 1059 oculos

2019 1088 2113 1141 Dei
2151 1089 2356 1159 puniat
2387 1106 2485 1144 cor
2508 1106 2701 1146 suum.
2736 1090 2803 1143 Et
2835 1088 2883 1145 si
2916 1107 3027 1145 non
3056 1095 3243 1161 potest
3259 1106 3423 1146 servo
3448 1092 3668 1164 dicere,

2017 1178 2158 1246 quia
2183 1195 2293 1233 non
2328 1186 2591 1249 oportet:
2644 1179 2728 1233 Da
2773 1179 2917 1233 mihi
2950 1178 3202 1244 veniam,
3235 1179 3447 1236 blande
3496 1180 3664 1237 illum

2018 1264 2387 1337 alloquetur;
2424 1266 2641 1323 blanda
2669 1267 2824 1323 enim
2858 1267 3195 1340 appellatio,
3218 1269 3397 1323 veniae
3420 1275 3509 1325 est
3539 1286 3668 1341 pos-

2017 1354 2245 1411 tulatio.

2015 1444 2147 1501 CAP.
2182 1448 2270 1500 86.
2304 1477 2371 1487 --
2403 1448 2474 1502 De
2498 1463 2647 1502 servo
2677 1448 2774 1518 qui
2829 1464 2914 1501 res
2962 1447 3169 1502 detinet
3213 1447 3450 1503 alienas.
3502 1446 3663 1502 Codi-

2051 1534 2175 1572 cum
2204 1518 2345 1572 libro
2379 1535 2461 1583 ιιι,
2494 1536 2614 1590 cap.
2647 1520 2735 1588 32,
2760 1524 2986 1575 tractat.
3017 1520 3212 1589 20(tit.
3234 1536 3409 1586 χχχιι,
3445 1520 3482 1573 ι.
3512 1521 3623 1591 20).

2086 1605 2209 1661 Non
2246 1623 2502 1673 servum,
2534 1624 2709 1678 quem
2745 1625 2836 1663 res
2870 1617 2993 1663 luas
3018 1608 3276 1663 detinere
3304 1625 3666 1679 assueveras,

2017 1698 2114 1751 sed
2148 1697 2277 1767 ejus
2301 1696 2608 1751 dominum
2641 1697 2710 1751 de
2738 1698 2910 1753 rebus
2942 1697 3272 1769 repetendis
3312 1697 3665 1753 convenien-

317 1747 1905 1857 ΖῗθῖῗζῗῘθὲῗῗξῗιδῗνξὲῗῗθξίίῗῗῖῗλῗίίίζἷνέίξξζξῖἱίζἿ·
1938 1748 1985 1813 Β
2019 1786 2162 1839 dum
2194 1801 2324 1840 esse
2356 1785 2665 1857 perspicis.

314 1835 373 1890 Si
408 1852 614 1891 servus
650 1834 870 1891 sciente
902 1834 1140 1889 domino
1174 1835 1408 1902 occidit,
1441 1835 1498 1889 in
1529 1834 1782 1889 solidum
1811 1835 1908 1889 do-

248 1926 477 1980 minum
511 1924 769 1997 obligeat
796 1943 809 1993 ;
841 1924 967 1994 ipse
997 1923 1154 1979 enim
1197 1924 1429 1979 videtur
1458 1924 1733 1979 dominus
1754 1922 1905 1978 occi-

250 2014 428 2069 disse.
465 2014 521 2069 Si
559 2018 752 2069 autem
789 2013 1124 2078 inscienter,
1161 2012 1388 2068 noxalis
1432 2018 1538 2068 est.
1591 2013 1704 2067 Nec
1748 2012 1904 2067 enim

250 2102 453 2158 debuit
485 2101 772 2157 maleficio
806 2102 954 2157 servi
990 2101 1049 2156 in
1085 2101 1218 2173 plus
1267 2102 1451 2157 teneri
1484 2118 1661 2174 quam
1695 2105 1760 2156 ut
1796 2118 1904 2156 no-

244 2208 328 2246 xa
360 2208 497 2247 eum
531 2192 727 2246 dedat.

244 2280 381 2337 CAP.
412 2281 502 2335 80.
538 2311 605 2321 —
656 2280 994 2335 Paenitentia
1043 2279 1159 2349 ejus
1186 2280 1303 2350 Equi
1356 2281 1645 2350 proprium
1683 2295 1902 2334 servum

315 2356 475 2407 extra
536 2351 736 2421 iudicis
782 2353 1188 2407 conscientiam
1242 2354 1557 2422 peremerit.
1619 2352 1702 2405 Ex
1757 2353 1898 2421 Aga-

318 2424 500 2478 thensi
524 2439 698 2490 conc.,
723 2439 850 2495 cap.
882 2424 953 2477 6O
977 2424 1117 2494 (cap.
1150 2424 1266 2489 62).

315 2513 374 2568 Si
402 2513 533 2584 quis
566 2528 798 2568 servum
826 2512 1279 2583 proprium'sine
1299 2510 1660 2566 conscientia
1684 2509 1905 2581 judicis

243 2602 543 2667 occiderit,
567 2600 1174 2657 excommunicatione
1195 2599 1281 2654 vel
1305 2600 1646 2671 poenitentia
1660 2598 1903 2668 biennii,

244 2697 473 2748 reatum
506 2690 815 2763 sanguinis
845 2690 1191 2744 emundabit
1215 2688 1494 2759 [emend.,
1525 2688 1659 2759 an].

245 2782 382 2863 CAP.
414 2780 602 2863 8t.-Si_
618 2782 747 2861 quis
776 2781 1099 2863 peccaverit,
1127 2777 1201 2860 '_in
1234 2794 1301 2863 eo
1323 2794 1433 2863 non
1482 2780 1540 2863 in
1574 2778 1905 2863 'substan’t‘ia

321 2854 441 2932 ejus
467 2849 891 2907 vindicandum.
918 2850 1211 2919 Gregorius
1259 2851 1424 2905 Petro
1449 2849 1781 2906 subdiacono
1813 2850 1903 2906 Si-

317 2922 475 2980 ciliae
503 2924 623 2995 (lib.
658 2941 674 2977 1
706 2924 921 2993 regist.,
951 2924 1110 2992 epist.
1134 2922 1244 2989 42).

658 2966 1078 3083 ἱσῖηὲυἱᾈᾶέ.)
1098 2966 1495 3083 Cognovimus
1516 3012 1669 3082 quod
1694 3010 1744 3067 si
1770 3013 1903 3084 quis

242 3117 311 3158 ex
336 3102 560 3157 familia
580 3101 849 3157 Ecclesiae
882 3101 1113 3173 culpam
1139 3101 1359 3166 fecerit,
1384 3118 1499 3155 non
1526 3101 1585 3155 in
1620 3101 1763 3170 ipso,
1791 3102 1890 3155 sed
1924 3115 1967 3183 ρ

239 3190 299 3245 in
332 3192 459 3261 ejus
491 3191 825 3246 substantia
846 3190 1191 3245 vindicetur.
1252 3191 1324 3245 De
1356 3206 1475 3261 qua
1505 3204 1565 3243 re
1621 3190 1890 3260 praecipi-

245 3296 379 3335 mus
410 3285 494 3345 ut,
529 3280 736 3351 siquis
759 3280 991 3351 culpam
1025 3280 1245 3341 fecerit,
1294 3278 1353 3333 in
1387 3279 1535 3350 ipso,
1596 3278 1752 3334 sicut
1799 3279 1891 3334 di-

246 3384 427 3438 gnum
463 3374 552 3425 est
580 3369 948 3437 vindicetur;
975 3385 1007 3423 a
1037 3369 1343 3423 commodo
1375 3373 1569 3423 autem
1601 3368 1730 3438 ejus
1764 3369 1894 3423 abs-

240 3458 518 3514 tineatur.
553 3457 677 3513 Nisi
713 3458 857 3514 forte
897 3474 1105 3528 parum
1139 3455 1385 3528 aliquid,
1438 3456 1593 3526 quod
1626 3458 1682 3510 in
1718 3473 1891 3511 usum

234 3549 594 3605 exsecutoris
626 3548 722 3620 qui
756 3549 827 3603 ad
878 3564 1011 3603 eum
1066 3546 1341 3613 mittitur,
1382 3546 1663 3618 proficere
1696 3546 1894 3618 possit

235 3639 376 3709 [non
414 3642 611 3709 posset
641 3638 799 3693 habet
820 3637 974 3709 Greg.
1011 3637 1052 3708 ],

236 3725 368 3782 CAP.
403 3728 494 3781 82.
532 3759 600 3767 —-
631 3727 879 3796 Qualiter
898 3724 1244 3782 admonendi
1290 3724 1403 3780 sint
1431 3726 1597 3781 servi.
1632 3722 1793 3795 Greg.
1828 3727 1889 3782 in

384 3798 683 3869 Pastorali,
721 3800 817 3855 lib.
854 3817 910 3853 ιι.
945 3800 1125 3870 (parte
1157 3814 1239 3867 ιιι,
1272 3798 1644 3852 admonitione
1670 3798 1747 3869 6).

310 3890 464 3945 Servi
484 3890 837 3946 admonendi
863 3894 1005 3946 sunt
1036 3908 1107 3945 ne
1137 3889 1409 3944 dominos
1441 3887 1785 3960 despiciant,
1819 3904 1891 3943 ne

236 3982 415 4034 Deum
451 3979 769 4049 offendant,
804 3980 853 4035 si
885 3979 1243 4036 ordinationi
1288 3978 1451 4033 illius
1495 3976 1890 4049 euperbiendo

233 4069 662 4125 contradicant.

234 4157 365 4213 CAP.
399 4158 488 4212 83.
524 4190 591 4198 —
622 4159 753 4213 Item
783 4158 1096 4214 admonitio
1126 4173 1432 4212 servorum.
1458 4154 1774 4210 Ambrosius
1794 4172 1891 4211 su-

468 4246 573 4301 per
602 4231 900 4300 Epistolam
926 4232 1178 4302 primam
1205 4228 1275 4284 ad
1302 4228 1637 4285 Corinthios.

303 4314 363 4371 Si
394 4318 492 4387 qui
520 4319 619 4372 sub
670 4320 795 4387 iugo
823 4322 963 4373 sunt
992 4319 1157 4384 servi,
1216 4317 1467 4372 dominos
1522 4331 1645 4371 suos
1703 4314 1891 4386 dignos

227 4407 389 4461 omni
414 4407 618 4462 honore
648 4406 1004 4473 existiment,
1039 4422 1107 4461 ne
1169 4422 1362 4461 nomen
1395 4406 1493 4460 Dei
1529 4409 1579 4460 et
1639 4405 1892 4459 doctrina

234 4494 646 4567 blasphemetur
702 4497 748 4567 (I
800 4495 1036 4552 Timoth.
1094 4499 1195 4564 v1.)
1247 4498 1361 4550 llac
1420 4496 1489 4550 de
1525 4493 1643 4548 illis
1688 4488 1966 4553 ecribitD

230 4585 567 4656 Apostolus,
605 4584 705 4656 qui
756 4584 1024 4640 infideles
1074 4583 1294 4639 habent
1337 4583 1628 4651 dominos,
1686 4583 1883 4654 praeci-

231 4675 398 4745 piens
429 4675 535 4741 eis,
571 4680 634 4730 ut
663 4692 837 4730 omne
864 4674 1218 4746 obsequium
1269 4673 1396 4729 suis
1455 4672 1753 4745 praebeant
1782 4673 1884 4727 do-

230 4763 431 4828 minis,
457 4763 591 4819 licet
621 4764 742 4820 sint
771 4782 803 4819 a
836 4765 1048 4834 pietate
1079 4763 1276 4819 alieni.

226 4852 359 4909 CAP.
391 4854 480 4908 84.
514 4884 583 4894 -—
615 4859 691 4909 De
741 4853 929 4908 eadem
990 4868 1068 4908 re.
1129 4852 1404 4922 Ejusdem,
1468 4852 1527 4905 in
1566 4854 1887 4924 argumento

666 4926 922 4996 Epistolw
944 4925 1015 4980 ad
1045 4925 1446 4979 Philemonem.

301 5014 504 5070 Servos
536 5030 710 5069 omne
768 5013 979 5069 servile
1031 5014 1383 5084 obsequium
1442 5012 1569 5068 suis
1629 5011 1884 5068 dominis

231 5102 486 5175 praebere
510 5102 773 5174 praecipit
793 5101 1250 5173 Apostoluscum
1276 5100 1435 5156 omni
1459 5099 1881 5167 sollicitudine,

228 5190 350 5246 sive
380 5190 591 5262 impios
624 5190 899 5257 habeant,
935 5190 1056 5245 sive
1090 5189 1217 5261 pios
1240 5190 1532 5244 dominos.

227 5279 358 5337 CAP.
391 5280 477 5334 85.
514 5311 580 5319 —
613 5280 874 5348 Qualiter
902 5279 1162 5334 dominus
1192 5295 1407 5337 servum
1434 5277 1663 5348 placare
1690 5276 1885 5331 debeat

298 5351 518 5423 imjuste
542 5368 579 5406 a
607 5368 661 5407 se
693 5353 909 5407 laesum.
943 5350 1133 5423 Sermo
1163 5350 1883 5423 AugustiniinQuadrage—

2017 1875 2151 1927 CAP.
2182 1873 2273 1926 87.
2309 1904 2371 1913 —
2408 1873 2559 1941 Quod
2609 1872 2956 1943 mancipium
2984 1876 3187 1942 furtim
3217 1878 3271 1929 et
3319 1875 3530 1929 iniuste
3557 1874 3668 1929 dis-

2088 1944 2617 2086 (tz'actum)dominus
2648 1946 2768 2001 sine
2792 1944 2970 2016 pretio
3020 1946 3353 2014 vindicabit,
3386 1950 3543 2001 tract.
3600 1946 3671 2001 23

2140 2057 2152 2069 .
2183 2033 2324 2070 xxm
2358 2058 2369 2069 .

2084 2104 2143 2159 Si
2200 2104 2562 2176 mancipium
2610 2110 2782 2161 tuum
2846 2121 2945 2177 per
2994 2105 3108 2160 vim
3144 2109 3246 2161 aut
3293 2123 3396 2177 per
3444 2107 3664 2163 furtum

2013 2192 2276 2248 ablatum
2301 2193 2400 2249 alii
2431 2211 2499 2249 ex
2522 2194 2683 2250 nulla
2698 2196 2869 2265 juxta
2899 2211 3077 2250 causa
3106 2195 3519 2262 distraxerunt,
3542 2195 3666 2252 vin-

2012 2282 2233 2337 dicanti
2262 2282 2368 2338 tibi
2396 2284 2725 2353 dominum,
2766 2282 3025 2339 solvendi
3074 2284 3329 2355 pretium
3354 2284 3516 2339 nulla
3565 2301 3665 2340 ne-

2010 2372 2257 2428 cessitas
2288 2372 2596 2443 irrogetur.

2016 2459 2147 2514 CAP.
2180 2460 2270 2516 88.
2304 2491 2371 2500 —
2405 2466 2485 2515 De
2511 2463 2681 2515 servis
2727 2459 2933 2531 furtim
2960 2461 3184 2515 arbores
3242 2461 3665 2528 succidentibus,

2317 2548 2437 2602 cap.
2474 2532 2561 2601 41,
2596 2538 2755 2587 tract.
2788 2534 2823 2585 2
2848 2533 2960 2600 (tit.
2998 2548 3113 2600 χιι,
3148 2532 3243 2586 lib.
3277 2531 3357 2603 2).

2087 2618 2147 2675 Si
2180 2620 2328 2674 servi
2358 2620 2558 2685 vestri,
2584 2620 2971 2675 inscientibus
2995 2620 3183 2686 vobis,
3206 2624 3308 2674 aut
3336 2620 3509 2675 etiam
3535 2636 3668 2691 pro-

2015 2706 2375 2775 hibentibus,
2412 2710 2614 2764 furtim
2649 2710 2887 2764 arbores
2916 2708 3278 2775 exciderunt,
3313 2709 3532 2763 frustra
3562 2725 3661 2763 ve-

2015 2798 2245 2863 remini,
2282 2814 2352 2853 ne
2372 2814 2441 2853 ex
2472 2814 2721 2869 persona
2752 2813 2956 2853 eorum
3006 2797 3162 2852 ultra
3210 2814 3368 2854 noxae
3408 2797 3658 2854 deditio-

2016 2903 2149 2943 nem
2183 2886 2315 2942 sitis
2344 2887 2635 2951 obstricti,
2666 2903 2801 2941 cum
2852 2903 2921 2941 ex
2950 2886 3179 2942 delictis
3209 2903 3507 2943 servorum
3559 2888 3663 2942 do-

2015 2976 2159 3032 mini
2183 2977 2541 3048 ignorantes,
2575 2976 2661 3031 vel
2710 2976 3115 3048 prohibentes,
3148 2976 3233 3032 ita
3280 2975 3659 3031 condemnari

2015 3067 2285 3133 debeant,
2314 3072 2380 3121 ut
2408 3072 2512 3121 aut
2541 3082 2699 3120 noxae
2732 3066 2944 3121 dedere
2974 3081 3225 3129 servum,
3255 3069 3357 3120 aut
3384 3064 3660 3120 condem-

2007 3156 2273 3210 nationes
2295 3154 2538 3210 sufferre
2572 3155 2627 3209 in
2661 3172 2769 3210 sua
2798 3155 3055 3210 habeant
3085 3159 3390 3226 potestate.

2002 3256 2135 3306 CAP.
2167 3252 2256 3306 89.
2289 3283 2356 3293 -—-
2391 3252 2540 3319 Quod
2568 3255 2817 3323 patronis
2858 3254 2941 3308 vel
2985 3253 3227 3308 dominis
3277 3253 3658 3319 peccantibus,

2077 3324 2265 3396 liberti
2295 3325 2384 3396 vel
2405 3326 2551 3380 servi
2574 3326 2689 3379 sint
2735 3327 3082 3394 innocentes,
3113 3341 3240 3396 cap.
3276 3324 3363 3392 13,
3401 3323 3573 3379 titulo
3629 3341 3662 3380 ν

2075 3395 2190 3464 (lib.
2232 3412 2310 3463 ιν,
2342 3394 2428 3449 tit.
2462 3413 2589 3463 xm,
2616 3396 2654 3452 ι.
2685 3398 2764 3467 5).

2074 3482 2153 3536 Ex
2186 3481 2437 3553 patroni,
2470 3481 2557 3537 vel
2590 3498 2658 3537 ex
2687 3482 2910 3537 domini
2959 3486 3288 3549 contractu,
3344 3482 3536 3537 liberti
3570 3482 3657 3537 vel

2001 3572 2152 3628 servi
2183 3572 2478 3627 conveniri
2510 3589 2623 3627 non
2658 3581 2925 3644 possunt.

2001 3662 2137 3719 CAP.
2185 3662 2275 3715 90.
2334 3692 2402 3701 ——
2451 3662 2515 3716 Si
2554 3678 2741 3716 servus
2791 3670 3041 3716 mutuam
3099 3663 3310 3731 accepit
3337 3662 3652 3731 pecuniam,

2071 3732 2341 3805 quidquid
2368 3749 2438 3787 ex
2467 3749 2530 3788 ea
2562 3735 2619 3787 in
2649 3750 2809 3805 usum
2856 3734 3069 3789 domini
3088 3734 3407 3805 transierit,
3438 3735 3657 3790 domino

2070 3804 2406 3870 solvendum,
2432 3821 2553 3873 cap.
2585 3805 2677 3874 20,
2714 3804 2821 3874 (tit.
2854 3822 2869 3859 ι
2900 3805 3011 3875 (tit.
3046 3823 3178 3875 xxv,
3206 3806 3243 3861 l.
3272 3807 3344 3877 1).

2071 3894 2285 3949 Servus
2316 3898 2471 3964 tuus,
2525 3894 2831 3965 pecuniam
2888 3899 3149 3949 mutuam
3201 3894 3515 3967 accipiens,
3576 3893 3659 3949 ita

2000 3983 2239 4038 demum
2271 3986 2326 4037 te
2358 3981 2652 4037 institoria
2679 3982 2903 4039 actione
2935 3982 3231 4054 obligavit,
3266 3983 3316 4038 si
3358 3999 3490 4038 cum
3519 3998 3649 4038 eum

1998 4072 2189 4128 ofﬁcio
2222 4071 2418 4140 alicui,
2456 4072 2539 4127 vel
2574 4072 2953 4143 negotiationi
2988 4072 3321 4126 exercendae
3352 4087 3655 4143 praepone-

2000 4176 2115 4229 res,
2150 4161 2327 4217 etiam
2360 4167 2426 4215 ut
2447 4161 2681 4227 faceret,
2715 4160 2765 4215 ei
2798 4159 3155 4230 permissum
3186 4163 3321 4227 ate,
3358 4158 3652 4229 probetur.

2000 4250 2160 4314 Quod
2196 4250 2244 4305 si
2275 4266 2343 4305 ea
2372 4249 2521 4305 actio
2553 4249 2747 4303 locum
2780 4264 2894 4303 non
2928 4247 3120 4313 habet,
3157 4247 3204 4302 si
3238 4246 3378 4317 quid
3430 4245 3489 4301 in
3531 4263 3653 4303 rem

2000 4343 2165 4393 tuam
2197 4354 2428 4393 versum
2455 4337 2827 4409 probabitur,
2854 4337 3082 4392 actione
3113 4336 3172 4390 in
3205 4335 3409 4391 eadem
3431 4351 3492 4391 re
3521 4352 3655 4407 pro-

1998 4428 2185 4499 posita
2216 4427 2441 4498 cogeris
2472 4425 2786 4483 exsolvere.

2086 4528 2219 4581 CAP.
2251 4525 2343 4578 91.
2376 4554 2444 4564 -
2474 4525 2548 4579 De
2577 4523 2786 4593 eodem,
2816 4524 2980 4579 titulo
3009 4540 3070 4579 ιιι
3100 4523 3212 4595 (tit.
3244 4539 3378 4593 xxv,
3412 4522 3449 4577 l.
3483 4523 3561 4591 3).

2066 4613 2364 4669 InstitOria
2422 4614 2702 4669 adversus
2747 4629 2879 4668 eum
2922 4612 3071 4668 actio
3105 4612 3403 4684 competit,
3466 4629 3500 4667 a
3538 4629 3653 4684 quo

1993 4718 2226 4757 servum
2258 4718 2468 4756 mensa:
2525 4701 2904 4772 praepositum
2956 4700 3124 4770 dicis,
3158 4700 3207 4756 si
3256 4700 3385 4772 ejus
3435 4700 3652 4773 negotii

2000 4808 2197 4860 causa,
2223 4792 2377 4862 quod
2409 4806 2513 4861 per
2542 4805 2677 4845 cum
2709 4790 3107 4857 exercebatur,
3134 4790 3457 4861 depositam
3482 4806 3654 4862 pecu-

1998 4880 2155 4936 niam
2188 4896 2293 4935 nec
2326 4880 2637 4950 redditam,
2672 4883 2865 4951 potest
2897 4878 3150 4951 probari.

1996 4970 2128 5025 CAP.
2156 4970 2245 5024 92.
2279 4998 2346 5009 —-
2376 4969 2449 5025 De
2477 4968 2669 5024 eadem
2718 4984 2969 5111 rte,3ti‘ap,
2999 4970 3089 5025 26.
3130 4966 3215 5024 tit.
3248 4983 3313 5023 ιιι
3349 4966 3460 5037 (tit.
3518 4982 3651 5022 xxv1

2062 5129 2249 5185 Etiam
2287 5130 2335 5185 si
2376 5146 2565 5202 neque
2600 5131 2940 5195 mandante,
2974 5145 3162 5201 neque
3212 5128 3645 5197 subscribente,

1992 5235 2182 5290 neque
2215 5220 2461 5289 jubente
2508 5219 2769 5288 domino,
2806 5218 3112 5292 pecuniam
3144 5224 3408 5274 mutuam
3443 5218 3649 5273 Prisca:

1992 5308 2277 5379 dedisses,
2306 5313 2501 5365 tamen
2534 5327 2601 5365 ea
2623 5308 2923 5382 quantitas
2946 5307 2993 5363 si
3024 5308 3081 5362 in
3102 5323 3221 5362 rem
3246 5307 3494 5360 dominae
3519 5307 3649 5375 ejus

292 5395 437 5478 sima
476 5424 549 5477 De
571 5425 828 5494 fraterna
847 5421 1179 5494 concordia,
1212 5395 1309 5491 αἶ’ιὶ
1334 5425 1415 5476 sic
1471 5395 1711 5493 inZipit:
1749 5395 1883 5476 Dies

2024 5398 2165 5453 ustis
2197 5398 2631 5470 erogationibue
2662 5414 2830 5454 versa
2859 5401 2967 5467 est,
2992 5395 3148 5468 apud
3182 5410 3357 5450 suum
3382 5395 3645 5465 judicem

301 5495 397 5550 isti
430 5497 619 5551 sancti
640 5494 812 5565 (hom.
839 5494 926 5559 40,
960 5493 1057 5549 lib.
1082 5493 1393 5564 quinquag.
1418 5495 1596 5565 Hom.)

298 5582 634 5654 Aliquando
648 5583 926 5641 dominus
938 5582 1116 5640 homo
1134 5587 1335 5654 peccat
1352 5581 1411 5639 in
1430 5599 1661 5640 servum
1685 5598 1879 5652 suum,

1991 5504 2119 5545 eam
2150 5487 2415 5554 conveni,
2464 5491 2894 5544 consecuturus
2944 5484 3272 5543 secundum
3322 5482 3478 5555 juris
3528 5483 3647 5541 for-

1991 5595 2172 5649 mam,
2197 5577 2254 5635 id
2288 5578 2441 5651 quod
2476 5577 2579 5634 tibi
2612 5576 2809 5635 deberi
2841 5575 3199 5649 apparuerit.
