3948 6072
377 270 484 332 923

382 402 517 458 CAP.
544 401 633 457 93.
658 435 732 480 7-
762 404 1045 480 Nemiaem
1066 412 1261 461 contra
1288 408 1583 480 patronum
1606 420 1768 480 suum
1813 400 2033 480 publice
2061 409 2110 475 Α

446 489 602 602 prius:
620 475 888 618 ﬁamare,
911 477 1007 533 lib.
1040 493 1116 545 vx,
1152 492 1268 548 cap.
1299 476 1356 547 6,
1406 476 1573 531 titulo
1603 492 1623 530 1
1668 475 1789 546 (lib.
1821 491 1895 529 ιν.
1940 475 2026 527 tit.

448 634 665 691 Contra
695 640 1004 708 patronum
1035 640 1208 692 tuum
1232 636 1524 692 famosam
1557 634 1843 692 actionem
1867 631 2031 689 insti-

385 728 549 781 tuere
571 742 684 781 non
718 732 899 797 potes.

383 814 521 870 CAP.
553 816 643 869 94.
677 840 731 850 -
764 815 917 869 Nulli
947 814 1164 870 servilis
1207 812 1542 871 conditionis
1586 813 1761 869 inscio
1810 813 2032 868 domino

456 887 538 941 vel
564 886 740 942 invito
766 885 935 941 licere
956 886 1390 957 possessionibus
1417 886 1806 957 prziudicium
1830 886 2033 957 facere,

455 957 551 1012 lib.
586 973 802 1028 1x,cap.
840 960 923 1024 t6,
958 956 1048 1014 tit.
1082 975 1182 1013 vm
1215 956 1342 1028 (lib.
1372 956 1497 1029 vin)
1528 958 1614 1015 lit.
1647 974 1761 1025 xvr,
1797 957 1835 1011 l.
1862 956 1942 1026 8).

452 1049 675 1100 Nexum
709 1062 823 1101 non
857 1046 994 1102 facit
1025 1048 1403 1118 prediorum,
1452 1046 1565 1102 nisi
1601 1062 1851 1118 persona
1905 1060 2034 1116 qua

374 1132 511 1205 jure
542 1133 730 1205 potuit
759 1134 1017 1208 obligare
1046 1175 1060 1191 .
1113 1136 1219 1192 Per
1249 1151 1484 1192 servum
1518 1141 1736 1202 autem,
1758 1149 2036 1207 procura-

382 1228 588 1289 torem,
616 1222 913 1293 cclcnum,
940 1224 1028 1280 vel
1061 1230 1339 1293 actorem,
1367 1226 1854 1281 conductoremve
1883 1239 2035 1294 prs:-

375 1309 662 1378 judicium
697 1311 1082 1381 possessioni,
1110 1311 1290 1368 invito
1322 1312 1409 1368 vel
1434 1312 1621 1368 inscio
1648 1312 1909 1379 domino,
1930 1310 2036 1365 im-

379 1398 518 1471 poni
551 1416 664 1455 non
696 1416 890 1472 posse,
924 1401 981 1456 in
1005 1402 1143 1472 jure
1164 1407 1221 1458 et
1246 1402 1445 1475 legum
1477 1400 1817 1458 auctoribus
1843 1398 2033 1455 decla-

384 1492 569 1545 ratur.

382 1577 517 1633 CAP.
552 1577 640 1633 95.
676 1608 741 1619 -
771 1578 846 1633 De
861 1584 1032 1639 partu
1056 1580 1303 1647 ancillae,
1335 1580 1386 1635 ti
1419 1580 1595 1635 inscio
1628 1579 1710 1634 vel
1734 1580 1911 1634 invito
1946 1577 2037 1633 do-

419 1651 572 1703 mino
600 1652 877 1721 expositus
907 1650 1102 1721 fuerit,
1136 1668 1241 1723 cap
1272 1654 1326 1718 2,
1362 1652 1519 1706 titulo
1553 1650 1804 1721 1(tit.Lu,
1856 1650 1894 1704 l.
1932 1650 2001 1717 Ι.)

457 1738 513 1791 si
533 1736 713 1794 invito
735 1738 821 1794 vel
853 1740 1159 1811 ignorante
1188 1744 1265 1807 te,
1302 1748 1501 1809 partus
1533 1739 1758 1795 ancillae
1792 1744 1902 1794 tum
1934 1755 2037 1793 ex-

387 1828 618 1900 positus
649 1834 759 1898 est,
794 1835 1055 1901 repetere
1084 1847 1219 1886 eum
1254 1847 1367 1885 non
1404 1830 1759 1902 prohiberis;
1785 1830 1885 1884 sed
1911 1845 2032 1884 res-

385 1917 585 1973 titutio
616 1918 747 1988 ejus
775 1919 847 1989 (si
880 1936 999 1974 non
1030 1936 1064 1974 a
1089 1920 1214 1975 iure
1244 1918 1653 1989 vindicaveris)
1706 1918 1786 1973 ita
1816 1919 1938 1987 ﬁat,
1971 1921 2038 1973 ut

387 2005 437 2059 si
470 2020 587 2076 qua
617 2006 675 2060 in
708 2005 915 2062 alendo
946 2024 1033 2073 eo,
1064 2008 1150 2062 vel
1185 2008 1330 2063 forte
1360 2008 1431 2062 ad
1468 2007 1815 2062 discendum
1850 2006 2037 2062 artill-

389 2092 547 2148 cium
572 2095 734 2164 juste
762 2100 1113 2166 consumpta
1142 2094 1380 2163 fuerint,
1411 2096 1820 2151 restituantur.

390 2185 525 2240 CAP.
556 2183 647 2237 96.
679 2213 749 2225 —
779 2184 907 2240 item
946 2184 1012 2240 de
1063 2184 1471 2325 pariulfprvili
1529 2186 1685 2241 titulo
1735 2199 1775 2239 ιι
1804 2186 1890 2242 tit.
1942 2200 2036 2241 Lit.

458 2342 879 2416 Unusquisque
936 2345 1197 2401 sobolem
1233 2362 1403 2401 suam
1455 2345 1713 2415 nutriat;
1774 2348 1930 2417 quod
1988 2345 2038 2402 si

384 2434 786 2505 exponendam
813 2435 1125 2506 putaverit,
1158 2434 1653 2491 animadversioni
1703 2451 1829 2507 quas
1878 2452 2041 2491 cons-

383 2521 560 2577 tituta
590 2525 699 2588 est,
730 2522 1077 2592 subiacebit.
1108 2523 1218 2579 Sed
1254 2539 1359 2579 nec
1381 2523 1638 2580 dominis
1660 2523 1745 2579 vel
1776 2523 2040 2596 patronis

386 2610 687 2683 repetendi
710 2611 937 2667 aditum
972 2611 1387 2685 relinquimus,
1411 2614 1460 2668 si
1484 2613 1556 2668 ab
1579 2612 1722 2682 ipsis
1745 2614 2041 2685 expositos

388 2699 822 2769 quodammodo
853 2701 925 2756 ad
960 2705 1232 2771 mortem,
1262 2700 1535 2757 voluntas
1565 2718 1693 2773 quis
1716 2702 2042 2758 misericor-

376 2787 487 2843 dia
511 2791 603 2844 est
631 2788 841 2853 amica,
874 2805 990 2845 non
1023 2790 1344 2861 collegerit.
1382 2791 1495 2848 Nec
1543 2792 1700 2846 enim
1736 2808 1913 2847 suum
1945 2792 2036 2846 di-

386 2891 517 2931 cere
542 2877 779 2947 poterit,
809 2893 987 2949 quem
1019 2885 1364 2949 pereuntem
1397 2880 1769 2950 contempsit.

380 2972 514 3047 CAP.
544 2973 635 3029 9'7.
667 3003 737 3015 —
765 2975 843 3029 Ne
889 2977 1019 3047 quis
1070 2992 1305 3047 puerum
1346 2976 1719 3047 cujuscunque
1762 2976 2037 3033 conditio-

568 3043 1022 3179 exposlitzévsibi
1070 3043 1316 3103 uindicet
1363 3043 1426 3103 iri
1454 3043 1692 3114 servum,
1753 3049 1916 3103 titulo
1972 3065 2037 3104 ιιι

496 3132 557 3169 ι.
594 3132 711 3182 LIII,
766 3158 777 3171 .
867 3160 879 3173 .

496 3132 557 3171 it.
594 3132 711 3182 LIII,
736 3132 777 3171 l.
802 3132 879 3179 ὅ).
2066 3142 2109 3210 C

446 3202 760 3260 Sancimus
793 3204 1015 3260 nemini
1046 3204 1239 3272 licere,
1272 3206 1395 3261 sive
1420 3206 1491 3261 ah
1523 3206 1792 3279 ingenuis
1816 3208 2037 3278 genito-

374 3291 539 3349 ribus
570 3309 715 3365 puer
772 3293 1052 3365 parvulus
1102 3290 1464 3363 procreatus,
1509 3296 1628 3351 sive
1681 3312 1714 3351 a
1762 3295 2037 3352 libertina

377 3382 675 3454 progenie,
709 3383 832 3439 sive
864 3384 1062 3439 servili
1104 3384 1439 3441 conditione
1468 3384 1820 3452 maculatus,
1854 3402 2036 3457 expc-

373 3472 529 3527 situs
560 3471 660 3538 sit,
691 3487 829 3528 eum
861 3489 1110 3543 puerum
1162 3474 1222 3529 in
1259 3490 1429 3530 suum
1479 3476 1811 3531 dominium
1845 3477 2036 3532 vindi-

378 3576 529 3627 care,
563 3561 683 3616 sive
714 3562 953 3617 nomine
985 3563 1257 3629 dominii,
1307 3564 1427 3620 sive
1476 3565 1853 3637 ascripticne,
1913 3568 2037 3622 sive

376 3649 683 3705 colcnariaa
714 3650 1085 3707 conditionis.
1121 3653 1229 3708 Sed
1264 3670 1455 3724 neque
1488 3654 1578 3709 his
1635 3671 1734 3710 eos
1768 3657 2035 3711 nutrien-

379 3738 483 3792 dos
504 3736 875 3794 sustulerunt
897 3738 1193 3796 licentiam
1218 3742 1456 3797 concedi
1479 3744 1715 3813 penitus
1741 3760 1874 3799 cum
1891 3760 2034 3816 qua-

381 3826 517 3882 dam
547 3826 927 3883 distinctione
983 3829 1391 3901 [districtione]
1442 3831 1523 3886 ita
1570 3847 1669 3887 eos
1709 3831 1931 3901 tollere,
1979 3838 2038 3890 et

379 3915 787 3971 educationem
820 3932 1021 3971 eorum
1073 3933 1389 3988 procurare
1439 3918 1561 3975 sive
1614 3921 1865 3976 masculi
1915 3923 2038 3978 sint

377 4002 499 4059 sive
531 4002 781 4074 feminas,
814 4010 877 4061 ut
906 4021 1005 4062 eos
1025 4006 1113 4061 vel
1136 4004 1261 4062 loco
1287 4005 1630 4077 liberorum,
1662 4008 1750 4064 vel
1770 4008 1896 4065 loco
1913 4028 2033 4067 ser-

378 4108 606 4161 vorum,
634 4097 735 4150 aut
765 4093 1104 4151 colonorum
1136 4094 1412 4165 habeant,
1459 4097 1560 4152 sed
1606 4097 1767 4153 nullo
1826 4099 2036 4155 discri-

384 4182 542 4238 mine
573 4183 796 4254 habito,
827 4182 891 4240 hi
921 4183 1017 4256 qui
1052 4184 1124 4239 ab
1157 4185 1445 4256 ejusmodi
1502 4185 1843 4244 hominibus
1891 4189 2038 4244 edu-

384 4271 498 4327 cati
531 4276 692 4339 sunt,
724 4271 893 4328 liberi
924 4278 979 4329 et
1013 4274 1253 4347 ingenui
1291 4279 1632 4346 appareant.

381 4360 641 4433 CAP._98.
674 4389 744 4433 ἡ
770 4362 853 4417 Ex
880 4362 1061 4418 servis
1089 4363 1390 4426 damnatis.
1412 4365 1545 4433 quid
1575 4381 1761 4420 rerum
1797 4382 2038 4422 suarum

457 4430 807 4558 23:07aer
828 4438 1128 4505 pertineat,
1177 4451 1299 4507 cap.
1363 4430 1454 4507 50,
1487 4438 1557 4491 tit
1586 4455 1605 4492 ι
1653 4436 1774 4509 (lib.
1822 4456 1898 4510 Ix,
1946 4441 2035 4495 tit.

595 4540 611 4567 ,
663 4545 677 4558 .
747 4522 790 4573 ).

455 4589 766 4646 Servorum
799 4593 1006 4665 capitis
1027 4594 1377 4651 criminibus
1406 4596 1824 4653 damnatorum
1857 4615 2035 4670 pecu-

381 4676 462 4733 lia
484 4677 742 4735 dominis
773 4696 888 4736 non
920 4682 1135 4739 auferri
1169 4689 1375 4741 notum
1407 4689 1531 4755 est;
1562 4686 1665 4742 sed
1719 4687 1875 4758 quod
1908 4704 2032 4743 ser-

380 4782 519 4822 vum
548 4767 828 4825 dominus
854 4770 1135 4828 habuisse
1168 4773 1519 4845 probaverit,
1550 4774 1810 4846 recipiet.

380 4865 516 4957 CAR:
766 4866 915 4957 0294
936 4868 1201 4957 flemina:
1255 4886 1485 4957 meum
1518 4870 1808 4957 ἀείεηείξνε
1859 4875 2036 4957 Poet?

452 4940 515 5063 ﬁt
537 4940 756 5077 Jéuagcio
786 4944 1125 5012 accusatum,
1169 4957 1299 5013 cap.
1330 4944 1388 5010 2,
1419 4941 1508 5009 tit,
1568 4940 1607 5000 ιι
1656 4945 1778 5016 (lib.
1832 4940 1910 5014 1i,
1941 4948 2030 5003 tit.

452 5096 511 5152 Si
539 5096 775 5154 cuidam
820 5098 1053 5155 crimini
1104 5116 1308 5157 servus
1354 5101 1638 5159 obnoxius
1682 5104 2032 5175 postulatur,

379 5185 659 5243 dominus
690 5202 825 5245 cum
858 5189 1168 5245 defendere
1200 5194 1409 5260 potest,
1456 5190 1600 5246 etin
1637 5191 1863 5261 judicio
1917 5194 2032 5250 sis-

379 5279 501 5331 tere
531 5278 891 5333 accusatoris
920 5277 1346 5335 intentionibus
1372 5294 1817 5350 responsurum.

382 5364 517 5442 CAP_.
550 5366 672 5420 100.
705 5367 939 5442 -—:Quo_d
961 5368 1272 5424 libertatem
1300 5383 1409 5423 non
1428 5370 1667 5431 amittat,
1698 5373 1750 5425 si
1768 5372 1892 5442 quis
1920 5376 2033 5426 ter-

454 5436 602 5518 ritus
632 5439 777 5518 apud
796 5436 1042 5518 iudicem
1071 5455 1371 5518 ser-cumse
1420 5456 1533 5496 esse
1576 5436 1898 5498 mentiatur.
1934 5447 2035 5500 Ca-

448 5511 802 5577 pitularium’
830 5512 930 5568 lib.
963 5528 1064 5581 xu,
1097 5529 1217 5584 cap.
1248 5512 1374 5567 342.

455 5595 561 5662 Qui
596 5603 753 5654 metu
784 5606 839 5656 et
872 5601 1261 5675 impressione
1292 5601 1548 5675 alicujus
1581 5602 1840 5673 terroris,
1875 5604 2029 5676 apud

2070 4517 2110 4577 l)

1462 281 1530 334 D.
1573 278 1818 335 IVONIS
1855 272 2350 333 CARNOTENSIS
2385 270 2709 325 EPISCOPI

3702 263 3809 319 9‘24

2147 401 2275 453 acta
2309 395 2576 467 praesidis
2608 408 2838 449 servum
2872 409 2931 448 se
2963 407 3087 447 esse
3137 391 3418 447 mentitus
3450 394 3562 457 est,
3596 397 3807 463 postea

2142 491 2361 542 statum
2398 501 2571 541 suum
2604 481 2980 548 defendendi,
3014 498 3129 537 non
3165 480 3604 553 preajudicatur.

2140 592 2276 650 CAP.
2314 593 2433 647 tOt.
2468 622 2535 632 -
2565 592 2639 646 De
2669 606 2728 647 eo
2758 592 2907 662 quia
2935 605 3090 645 servo
3121 589 3300 662 alieno
3330 588 3549 661 aliquid
3567 604 3801 662 (compa-

2275 665 2482 719 raverit
2511 660 2787 719 nesciente
2810 663 3031 717 domino
3058 677 3179 727 suo,
3207 661 3305 716 lib.
3336 677 3392 716 v.
3425 660 3527 731 cap
3559 660 3695 715 306.

2210 753 2268 810 Si
2304 755 2438 825 quis
2469 769 2538 808 ex
2568 769 2735 808 servo
2767 750 2955 807 alieno
2988 750 3208 822 aliquid
3242 750 3677 819 comparaverit
3706 766 3805 804 ue-

2142 842 2365 897 sciente
2395 842 2633 897 dcmino
2666 858 2806 909 suo;
2841 841 2891 897 si
2942 840 3219 896 dominus
3252 839 3550 894 infirmam
3598 837 3804 893 volue-

2143 933 2219 987 rit
2249 948 2373 987 esse
2402 931 2759 1003 emptionem
2794 974 2809 995 ,
2835 930 3038 985 reddet
3095 929 3346 1001 pretium
3397 928 3683 1000 emptori,
3738 932 3800 983 ut

2143 1018 2363 1091 emptio
2397 1018 2542 1074 nihil
2572 1019 2787 1075 habeat
2818 1018 3135 1073 ﬁrmitatis.

2144 1108 2279 1164 CAP.
2316 1109 2684 1175 tO2.—Quod
2704 1111 2932 1177 uterque
2962 1106 3263 1161 anathema
3293 1107 3386 1169 sit,
3417 1113 3468 1162 et
3496 1121 3693 1161 servus
3716 1107 3807 1177 qui

2216 1180 2507 1235 dominum
2532 1195 2696 1233 suum
2746 1178 2977 1249 superbe
3005 1181 3234 1249 fugerit,
3267 1188 3317 1232 et
3351 1181 3396 1232 is
3452 1181 3553 1248 qui
3582 1194 3711 1232 eum
3743 1178 3806 1231 ad

2216 1250 2532 1317 huiusmodi
2559 1253 2750 1322 fugam
2780 1252 3112 1306 incitaverit.
3148 1249 3517 1321 Hieronymus
3544 1251 3626 1304 ad
3658 1252 3800 1303 Pas-

2214 1323 2463 1377 chasium
2501 1322 2959 1378 Alexandrinum.

2214 1410 2295 1466 De
2325 1427 2489 1466 servo
2522 1413 2620 1483 qui
2655 1413 2885 1483 fugerat
2915 1410 3221 1465 dominum
3256 1426 3432 1465 suum
3465 1409 3797 1479 interroga-

2147 1501 2274 1567 bas,
2307 1501 2355 1555 si
2387 1500 2484 1554 ille
2514 1500 2574 1554 in
2604 1500 2705 1554 illa
2735 1501 2874 1571 fuga
2907 1504 3175 1555 mortuus
3200 1500 3394 1563 fuerit,
3421 1503 3631 1553 utrum
3666 1498 3797 1552 lice-

2148 1595 2235 1645 ret
2266 1607 2368 1661 pro
2400 1608 2467 1645 eo
2498 1606 2684 1659 crare,
2718 1608 2790 1645 an
2824 1607 2960 1645 non.
2996 1590 3113 1645 Hoc
3146 1589 3204 1644 in
3236 1589 3451 1644 divinis
3485 1587 3660 1643 libris
3692 1604 3799 1643 non

2147 1680 2479 1734 invenimus
2531 1679 2932 1751 prohibitum;
2994 1680 3096 1734 sed
3139 1684 3337 1734 tamen
3387 1680 3459 1734 ab
3519 1676 3802 1749 apostolis

2069 1776 2117 1842 Β
2147 1768 2393 1824 ﬁrmiter
2422 1773 2796 1840 praeceptum,
2832 1773 2896 1823 ut
2923 1768 3071 1823 servi
3098 1768 3218 1823 sint
3245 1768 3455 1824 subditi
3476 1766 3537 1822 in
3560 1767 3800 1821 θνηπίιὶ-

2149 1874 2297 1913 more
2346 1858 2611 1923 dominis,
2662 1874 2771 1911 non
2816 1862 3032 1913 tantum
3090 1857 3247 1914 bonis
3277 1867 3331 1913 et
3384 1855 3664 1923 modestis,
3715 1854 3805 1909 sed

2143 1946 2313 2002 etiam
2341 1946 2558 2001 discetis
2588 1946 2631 2017 (1
2662 1950 2811 2001 Petr.
2844 1946 2929 2019 ιι),
2961 1951 3015 2002 et
3043 1947 3115 2019 (in
3173 1944 3497 2018 Grangensi
3548 1943 3796 2001 concilio

2147 2037 2285 2107 (cap.
2320 2036 2395 2105 3),
2431 2035 2511 2089 ita
2554 2034 2840 2107 scriptum
2895 2040 3017 2091 est:
3052 2058 3079 2086 α
3113 2035 3171 2091 Si
3193 2036 3341 2107 (quis
3390 2050 3627 2091 servum
3690 2034 3796 2088 sub

2148 2129 2426 2195 praetextu
2458 2124 2635 2179 divini
2669 2129 2864 2180 cultus
2896 2126 3101 2180 doceat
3140 2124 3438 2196 proprium
3490 2122 3797 2178 dominum

2148 2218 2621 2279 contemnere,ut
2650 2214 2734 2270 sic
2760 2214 3024 2270 discedat
3051 2214 3124 2268 ab
3154 2216 3283 2285 ejus
3315 2212 3623 2284 obsequio,
3656 2228 3798 2267 ana-

2148 2302 2348 2359 thema
2375 2302 2471 2358 sit.
2506 2324 2533 2352 »
2566 2303 2731 2358 Unde
2760 2303 2934 2357 datur
2980 2302 3228 2375 intelligi
3261 2301 3400 2373 quia
3446 2302 3496 2357 si
3523 2300 3625 2355 ille
3658 2316 3794 2356 ana-

2149 2393 2348 2447 thema
2380 2391 2593 2446 meruit
2622 2392 2721 2462 qui
2780 2392 2947 2446 docet
3004 2407 3238 2446 servum
3289 2390 3599 2462 proprium
3657 2405 3795 2443 cono

2151 2485 2411 2537 temnere
2439 2480 2768 2549 dominum,
2801 2486 2859 2535 et
2888 2482 2959 2536 ab
2981 2481 3110 2549 ejus
3140 2480 3422 2551 obsequio
3473 2478 3795 2543 discedere,

2151 2574 2371 2641 quanto
2404 2569 2593 2640 magis
2641 2569 2741 2625 ille
2769 2570 2871 2640 qui
2905 2570 3212 2625 dominum
3264 2568 3510 2640 spernit,
3568 2572 3627 2622 et
3672 2567 3796 2636 ejus

2149 2658 2387 2714 servitio
2418 2658 2593 2714 subdi
2646 2658 2935 2715 noluerit!
2969 2658 3082 2713 Sed
3132 2663 3329 2713 tamen
3379 2656 3665 2712 distantia
3715 2658 3797 2709 est

2148 2748 2301 2804 inter
2332 2748 2497 2803 illum
2521 2748 2622 2819 qui
2654 2765 2756 2820 per
2783 2748 3121 2820 superbiam
3149 2747 3369 2814 fecerit,
3401 2751 3459 2801 et
3493 2745 3659 2799 illum
3700 2745 3795 2815 qui

2147 2854 2251 2909 per
2282 2834 2693 2893 necessitatem
2721 2842 2959 2893 coactus
2991 2840 3082 2892 est
3102 2835 3403 2892 crudelate
3425 2835 3659 2890 domini
3680 2833 3794 2889 sui.

2146 2945 2282 3001 CAP.
2324 2946 2439 3001 103.
2474 2978 2540 2986 —
2574 2950 2652 3003 Ne
2678 2947 2899 3018 patroni
2947 2951 3000 3002 et
3036 2944 3226 3018 liberti
3263 2947 3451 3018 mutuo
3497 2957 3624 3018 sese
3642 2944 3797 3018 testi-

2217 3021 2401 3161 presio
2431 3014 2689 3089 impetere
2708 3026 2997 3089 cogantur.
3030 3016 3298 3073 Pandect.
3331 3016 3431 3071 lib.
3464 3030 3585 3070 XXII
3608 3014 3720 3085 (tit.
3743 3030 3796 3079 v,

2218 3179 2333 3233 Nec
2364 3178 2593 3250 patroni
2627 3184 2953 3250 patronave
2976 3179 3259 3234 adversus
3287 3175 3549 3241 libertos,
3604 3187 3797 3245 neque

2143 3264 2337 3321 liberti
2385 3268 2669 3323 adversus
2718 3273 2995 3339 patronos
3053 3270 3338 3339 cogantur
3387 3264 3796 3321 testimonium

2141 3355 2357 3410 dicere.

2141 3446 2278 3502 CAP.
2315 3445 2436 3499 104.
2466 3447 2796 3501 -—Dominos
2817 3446 3015 3501 habere
3040 3448 3365 3517 potestatem
3387 3444 3445 3517 in
3477 3457 3663 3497 ser-vos
3682 3458 3796 3497 ser-

2262 3519 2431 3571 vandi
2455 3533 2545 3573 eos
2574 3528 2739 3589 atque
2758 3516 3182 3589 perdendilib.
3219 3533 3362 3581 xuv,
3402 3516 3487 3570 lit.
3520 3530 3646 3568 vm.

2218 3608 2377 3677 Apud
2414 3623 2619 3662 omnes
2649 3623 2812 3677 aeque
2845 3612 3046 3679 gentes
3089 3605 3524 3662 animadvetere
3583 3619 3793 3673 possu-

2146 3711 2279 3750 mus
2311 3695 2567 3751 dominis
2598 3696 2658 3751 in
2690 3713 2887 3752 servos
2926 3696 3053 3750 vitae
3105 3695 3383 3766 necisque
3442 3696 3794 3764 potestatem

2144 3800 2295 3853 esse,
2328 3789 2384 3839 et
2414 3785 2808 3857 quodcunque
2839 3802 2941 3857 per
2964 3800 3193 3840 servum
3221 3781 3567 3853 acquiritur,
3601 3781 3660 3835 id
3696 3780 3794 3835 dc-

2145 3875 2307 3928 mino
2336 3874 2682 3944 acquiritur.

2142 3963 2279 4017 CAP.
2314 3963 2434 4017 105.
2466 3993 2536 4001 -
2567 3962 2717 4031 Quod
2762 3966 2976 4033 furtum
3005 3978 3118 4018 non
3164 3963 3354 4031 faciat,
3386 3962 3485 4031 qui
3528 3975 3647 4015 rem
3696 3976 3795 4033 au-

2213 4034 2648 4159 cillzzgtpmpriw,
2682 4031 2892 4106 quoquo
2909 4035 3064 4090 modo
3095 4034 3398 4089 donaverit.
3445 4033 3623 4087 lnstit.
3687 4031 3790 4087 lib.

2216 4122 2277 4171 ιι,
2335 4122 2350 4159 ι
2388 4146 2400 4158 .
2432 4123 2508 4161 vi.

2213 4195 2268 4249 Si
2306 4195 2353 4248 is
2387 4194 2458 4249 ad
2493 4210 2667 4266 quem
2695 4194 2918 4250 ancilla:
2942 4193 3186 4266 pertinet
3221 4192 3620 4261 ususfructus,
3666 4208 3797 4262 par-

2144 4287 2268 4338 tum
2302 4301 2476 4339 suum
2500 4300 2629 4339 esse
2660 4284 2923 4349 credens,
2956 4283 3285 4339 vendiderit
3332 4286 3432 4336 aut
3462 4281 3796 4346 donaverit,

2146 4372 2367 4428 furtum
2401 4388 2514 4428 non
2548 4373 2895 4440 committit;
2933 4374 3156 4427 furtum
3205 4370 3362 4426 enim
3395 4370 3523 4425 sine
3582 4370 3798 4425 aifectu

2146 4461 2379 4517 furandi
2415 4479 2529 4517 non
2562 4462 2973 4518 committitur.

2144 4550 2278 4606 CAP.
2339 4551 2461 4607 106.
2522 4552 2715 4630 —__De
2762 4552 2933 4630 seruit
2978 4549 3478 4630 malefacientibus.
3536 4548 3659 4603 Lib.
3708 4565 3792 4612 ιιι,

2571 4625 2657 4677 tit.
2682 4638 2796 4677 xxx
2827 4621 2947 4693 (lib.
2981 4638 3057 4687 1v,
3091 4620 3177 4677 tit.
3206 4620 3356 4692 vm).

2214 4710 2294 4765 Ex
2326 4709 2628 4766 maleficiis
2659 4727 2985 4777 servorum,
3018 4708 3174 4765 velut
3205 4710 3253 4765 si
3278 4710 3499 4764 furtum
3529 4709 3797 4777 fecerint,

2145 4800 2412 4856 autbona
2435 4800 2755 4871 rapuerint,
2789 4800 3188 4856 autdamnum
3214 4798 3501 4865 dederint,
3522 4799 3798 4871 autinju-

2144 4887 2287 4943 riam
2324 4887 2745 4957 commiserint,
2780 4886 3015 4944 noxales
3069 4886 3326 4943 actiones
3359 4886 3604 4959 prodita
3637 4891 3798 4955 sunt,

2144 4979 2362 5050 quibus
2381 4978 2619 5033 domino
2634 4977 3284 5048 damnatopermittitur
3301 4974 3525 5032 autlitis
3547 4976 3801 5031 aestima-

2143 5066 2363 5122 tionem
2397 5064 2664 5132 suﬂ’erre,
2706 5070 2808 5121 aut
2836 5064 3136 5121 hominem
3190 5080 3350 5119 noxae
3381 5063 3617 5119 dedere.
3640 5063 3801 5119 cha

2144 5159 2338 5211 autem
2372 5159 2461 5210 est
2490 5171 2703 5225 corpus
2734 5154 2889 5225 quod
2918 5154 3135 5223 nocuit,
3166 5151 3223 5208 id
3248 5157 3338 5209 est
3368 5168 3599 5221 servus;
3627 5152 3799 5210 noxia

2142 5245 2338 5315 ipsum
2374 5243 2754 5307 maleficium,
2784 5244 2942 5299 velut
2964 5244 3207 5308 furtum,
3232 5243 3543 5307 damnum,
3569 5246 3799 5315 rapina,

2142 5333 2378 5403 injuria.
2413 5333 2656 5387 Summa
2678 5320 2871 5389 autem
2896 5333 3119 5388 ratione
3143 5332 3497 5403 permissum
3529 5336 3621 5387 est
3640 5349 3796 5388 noxae

2141 5422 2439 5477 deditione
2497 5422 2790 5493 perfungi.
2849 5422 3115 5493 Namque
3145 5426 3271 5476 erat
3312 5421 3535 5491 iniqum
3590 5422 3795 5492 nequi-

2141 5511 2287 5567 tiam
2319 5526 2520 5565 ecrum
2546 5510 2699 5566 ultra
2728 5512 2993 5582 ipsorum
3021 5509 3531 5581 corporadominis
3554 5509 3798 5565 damnc-

2142 5616 2266 5657 sam
2300 5615 2445 5655 esse.
2477 5599 2764 5656 Dominus
2793 5598 2987 5655 noxali
3009 5598 3236 5671 judicio
3262 5599 3411 5654 servi
3434 5598 3523 5654 sui
3554 5601 3797 5657 nomine
