  <div class='ocr_page' id='page_1' title='image "/cluster/home/n/w/nwhite01/storage/ocr_20150623/161/hvd.32044054760194/508.png"; bbox 0 0 4000 6060; ppageno 0'>
   <div class='ocr_carea' id='block_1_1' title="bbox 288 196 416 254">
    <p class='ocr_par' dir='ltr' id='par_1_1' title="bbox 288 196 416 254">
     <span class='ocr_line' id='line_1_1' title="bbox 288 196 416 254; baseline 0 0"><span class='ocrx_word' id='word_1_1' title='bbox 288 196 416 254; x_wconf 82' lang='lat'>925</span> 
     </span>
    </p>
   </div>
   <div class='ocr_carea' id='block_1_2' title="bbox 1258 195 2771 254">
    <p class='ocr_par' dir='ltr' id='par_1_2' title="bbox 1258 195 2771 254">
     <span class='ocr_line' id='line_1_2' title="bbox 1258 195 2771 254; baseline -0.001 -2"><span class='ocrx_word' id='word_1_2' title='bbox 1258 197 1571 253; x_wconf 77' lang='lat' dir='ltr'>DECRETI</span> <span class='ocrx_word' id='word_1_3' title='bbox 1608 199 1794 254; x_wconf 79' lang='lat' dir='ltr'><strong>PARS</strong></span> <span class='ocrx_word' id='word_1_4' title='bbox 1828 198 1978 252; x_wconf 82' lang='lat' dir='ltr'>XVI.</span> <span class='ocrx_word' id='word_1_5' title='bbox 2009 225 2080 238; x_wconf 89' lang='lat'>—</span> <span class='ocrx_word' id='word_1_6' title='bbox 2108 199 2205 251; x_wconf 84' lang='lat' dir='ltr'><strong>DE</strong></span> <span class='ocrx_word' id='word_1_7' title='bbox 2241 195 2551 253; x_wconf 83' lang='lat' dir='ltr'>OFFICIIS</span> <span class='ocrx_word' id='word_1_8' title='bbox 2588 198 2771 252; x_wconf 80' lang='lat' dir='ltr'>LAIC.</span> 
     </span>
    </p>
   </div>
   <div class='ocr_carea' id='block_1_3' title="bbox 3609 188 3719 249">
    <p class='ocr_par' dir='ltr' id='par_1_3' title="bbox 3609 188 3719 249">
     <span class='ocr_line' id='line_1_3' title="bbox 3609 188 3719 249; baseline 0 0"><span class='ocrx_word' id='word_1_9' title='bbox 3609 188 3719 249; x_wconf 64' lang='grc' dir='ltr'>οιω</span> 
     </span>
    </p>
   </div>
   <div class='ocr_carea' id='block_1_4' title="bbox 296 318 3714 393">
    <p class='ocr_par' dir='ltr' id='par_1_4' title="bbox 296 318 3714 393">
     <span class='ocr_line' id='line_1_4' title="bbox 296 318 3714 393; baseline -0.002 -14"><span class='ocrx_word' id='word_1_10' title='bbox 296 327 654 390; x_wconf 86' lang='lat' dir='ltr'>conventus,</span> <span class='ocrx_word' id='word_1_11' title='bbox 687 339 923 379; x_wconf 89' lang='lat' dir='ltr'>servum</span> <span class='ocrx_word' id='word_1_12' title='bbox 960 322 1141 377; x_wconf 78' lang='lat' dir='ltr'>actori</span> <span class='ocrx_word' id='word_1_13' title='bbox 1190 322 1429 393; x_wconf 78' lang='lat' dir='ltr'>quidem</span> <span class='ocrx_word' id='word_1_14' title='bbox 1480 338 1636 377; x_wconf 73' lang='lat' dir='ltr'>noxae</span> <span class='ocrx_word' id='word_1_15' title='bbox 1687 322 1950 377; x_wconf 78' lang='lat' dir='ltr'>dedendo</span> <span class='ocrx_word' id='word_1_16' title='bbox 1981 324 2036 392; x_wconf 77' lang='grc' dir='ltr'><strong>Α</strong></span> <span class='ocrx_word' id='word_1_17' title='bbox 2066 323 2199 377; x_wconf 79' lang='lat' dir='ltr'>CAP.</span> <span class='ocrx_word' id='word_1_18' title='bbox 2247 320 2367 376; x_wconf 81' lang='lat' dir='ltr'>lll.</span> <span class='ocrx_word' id='word_1_19' title='bbox 2418 350 2488 360; x_wconf 91' lang='lat'>-—</span> <span class='ocrx_word' id='word_1_20' title='bbox 2537 322 2610 377; x_wconf 86' lang='lat' dir='ltr'>De</span> <span class='ocrx_word' id='word_1_21' title='bbox 2658 320 2979 377; x_wconf 79' lang='lat' dir='ltr'>hominibus</span> <span class='ocrx_word' id='word_1_22' title='bbox 3023 319 3383 393; x_wconf 78' lang='lat' dir='ltr'>ecclesiastici</span> <span class='ocrx_word' id='word_1_23' title='bbox 3412 318 3594 392; x_wconf 73' lang='lat' dir='ltr'>juris,</span> <span class='ocrx_word' id='word_1_24' title='bbox 3642 328 3714 393; x_wconf 65' lang='lat' dir='ltr'>ne</span> 
     </span>
    </p>
   </div>
   <div class='ocr_carea' id='block_1_5' title="bbox 293 410 1952 481">
    <p class='ocr_par' dir='ltr' id='par_1_5' title="bbox 293 410 1952 481">
     <span class='ocr_line' id='line_1_5' title="bbox 293 410 1952 481; baseline 0 -14"><span class='ocrx_word' id='word_1_25' title='bbox 293 412 608 481; x_wconf 84' lang='lat' dir='ltr'>liberatur,</span> <span class='ocrx_word' id='word_1_26' title='bbox 642 428 749 467; x_wconf 93' lang='lat' dir='ltr'>nec</span> <span class='ocrx_word' id='word_1_27' title='bbox 779 411 976 466; x_wconf 89' lang='lat' dir='ltr'>minus</span> <span class='ocrx_word' id='word_1_28' title='bbox 1011 416 1355 481; x_wconf 89' lang='lat' dir='ltr'>perpetuum</span> <span class='ocrx_word' id='word_1_29' title='bbox 1388 412 1515 480; x_wconf 86' lang='lat' dir='ltr'>ejus</span> <span class='ocrx_word' id='word_1_30' title='bbox 1547 410 1875 466; x_wconf 82' lang='lat' dir='ltr'>dominium</span> <span class='ocrx_word' id='word_1_31' title='bbox 1918 428 1952 467; x_wconf 88' lang='lat' dir='ltr'>a</span> 
     </span>
    </p>
   </div>
   <div class='ocr_carea' id='block_1_6' title="bbox 290 499 1950 556">
    <p class='ocr_par' dir='ltr' id='par_1_6' title="bbox 290 499 1950 556">
     <span class='ocr_line' id='line_1_6' title="bbox 290 499 1950 556; baseline -0.001 0"><span class='ocrx_word' id='word_1_32' title='bbox 290 501 536 556; x_wconf 91' lang='lat' dir='ltr'>domino</span> <span class='ocrx_word' id='word_1_33' title='bbox 568 501 941 556; x_wconf 78' lang='lat' dir='ltr'>transfertur.</span> <span class='ocrx_word' id='word_1_34' title='bbox 964 500 1024 556; x_wconf 84' lang='lat' dir='ltr'>Si</span> <span class='ocrx_word' id='word_1_35' title='bbox 1057 504 1252 555; x_wconf 87' lang='lat' dir='ltr'>autem</span> <span class='ocrx_word' id='word_1_36' title='bbox 1286 500 1571 555; x_wconf 85' lang='lat' dir='ltr'>damnum</span> <span class='ocrx_word' id='word_1_37' title='bbox 1598 500 1647 555; x_wconf 89' lang='lat' dir='ltr'>ei</span> <span class='ocrx_word' id='word_1_38' title='bbox 1671 499 1763 555; x_wconf 90' lang='lat' dir='ltr'>cui</span> <span class='ocrx_word' id='word_1_39' title='bbox 1789 500 1950 556; x_wconf 59' lang='lat' dir='ltr'>dedi-</span> 
     </span>
    </p>
   </div>
   <div class='ocr_carea' id='block_1_7' title="bbox 290 590 1951 663">
    <p class='ocr_par' dir='ltr' id='par_1_7' title="bbox 290 590 1951 663">
     <span class='ocr_line' id='line_1_7' title="bbox 290 590 1951 663; baseline 0.001 -17"><span class='ocrx_word' id='word_1_40' title='bbox 290 595 397 647; x_wconf 89' lang='lat' dir='ltr'>tus</span> <span class='ocrx_word' id='word_1_41' title='bbox 424 597 515 647; x_wconf 88' lang='lat' dir='ltr'>est</span> <span class='ocrx_word' id='word_1_42' title='bbox 537 593 887 659; x_wconf 90' lang='lat' dir='ltr'>resarcierit,</span> <span class='ocrx_word' id='word_1_43' title='bbox 911 591 1157 662; x_wconf 66' lang='lat' dir='ltr'>quaesita</span> <span class='ocrx_word' id='word_1_44' title='bbox 1180 591 1426 663; x_wconf 92' lang='lat' dir='ltr'>pecunia</span> <span class='ocrx_word' id='word_1_45' title='bbox 1448 590 1662 647; x_wconf 86' lang='lat' dir='ltr'>auxilio</span> <span class='ocrx_word' id='word_1_46' title='bbox 1685 592 1951 662; x_wconf 66' lang='lat' dir='ltr'>praetoris</span> 
     </span>
    </p>
   </div>
   <div class='ocr_carea' id='block_1_8' title="bbox 290 680 1948 752">
    <p class='ocr_par' dir='ltr' id='par_1_8' title="bbox 290 680 1948 752">
     <span class='ocr_line' id='line_1_8' title="bbox 290 680 1948 752; baseline 0.001 -18"><span class='ocrx_word' id='word_1_47' title='bbox 290 680 485 736; x_wconf 90' lang='lat' dir='ltr'>invito</span> <span class='ocrx_word' id='word_1_48' title='bbox 517 681 778 749; x_wconf 88' lang='lat' dir='ltr'>domino,</span> <span class='ocrx_word' id='word_1_49' title='bbox 815 681 1290 737; x_wconf 87' lang='lat' dir='ltr'>manumittetur.</span> <span class='ocrx_word' id='word_1_50' title='bbox 1324 681 1782 751; x_wconf 80' lang='lat' dir='ltr'>Item,aliquanlo</span> <span class='ocrx_word' id='word_1_51' title='bbox 1810 685 1948 752; x_wconf 80' lang='lat' dir='ltr'>post.</span> 
     </span>
    </p>
   </div>
   <div class='ocr_carea' id='block_1_9' title="bbox 292 768 1950 840">
    <p class='ocr_par' dir='ltr' id='par_1_9' title="bbox 292 768 1950 840">
     <span class='ocr_line' id='line_1_9' title="bbox 292 768 1950 840; baseline 0 -17"><span class='ocrx_word' id='word_1_52' title='bbox 292 768 360 823; x_wconf 82' lang='lat' dir='ltr'>8i</span> <span class='ocrx_word' id='word_1_53' title='bbox 392 769 671 826; x_wconf 89' lang='lat' dir='ltr'>dominus</span> <span class='ocrx_word' id='word_1_54' title='bbox 700 768 758 824; x_wconf 92' lang='lat' dir='ltr'>in</span> <span class='ocrx_word' id='word_1_55' title='bbox 791 786 1024 825; x_wconf 87' lang='lat' dir='ltr'>servum</span> <span class='ocrx_word' id='word_1_56' title='bbox 1076 786 1251 825; x_wconf 91' lang='lat' dir='ltr'>suum</span> <span class='ocrx_word' id='word_1_57' title='bbox 1300 768 1518 840; x_wconf 91' lang='lat' dir='ltr'>aliquid</span> <span class='ocrx_word' id='word_1_58' title='bbox 1569 768 1950 838; x_wconf 82' lang='lat' dir='ltr'>commiserit,</span> 
     </span>
    </p>
   </div>
   <div class='ocr_carea' id='block_1_10' title="bbox 289 857 1951 926">
    <p class='ocr_par' dir='ltr' id='par_1_10' title="bbox 289 857 1951 926">
     <span class='ocr_line' id='line_1_10' title="bbox 289 857 1951 926; baseline 0 -13"><span class='ocrx_word' id='word_1_59' title='bbox 289 873 405 913; x_wconf 87' lang='lat' dir='ltr'>nec</span> <span class='ocrx_word' id='word_1_60' title='bbox 420 858 469 913; x_wconf 88' lang='lat' dir='ltr'>si</span> <span class='ocrx_word' id='word_1_61' title='bbox 481 857 890 914; x_wconf 82' lang='lat' dir='ltr'>manumissus</span> <span class='ocrx_word' id='word_1_62' title='bbox 909 858 995 913; x_wconf 96' lang='lat' dir='ltr'>vel</span> <span class='ocrx_word' id='word_1_63' title='bbox 1020 858 1313 914; x_wconf 90' lang='lat' dir='ltr'>alienatus</span> <span class='ocrx_word' id='word_1_64' title='bbox 1338 858 1510 914; x_wconf 81' lang='lat' dir='ltr'>fuerit</span> <span class='ocrx_word' id='word_1_65' title='bbox 1525 875 1751 926; x_wconf 89' lang='lat' dir='ltr'>servus,</span> <span class='ocrx_word' id='word_1_66' title='bbox 1769 857 1951 913; x_wconf 83' lang='lat' dir='ltr'>ullam</span> 
     </span>
    </p>
   </div>
   <div class='ocr_carea' id='block_1_11' title="bbox 294 946 1664 1020">
    <p class='ocr_par' dir='ltr' id='par_1_11' title="bbox 294 946 1664 1020">
     <span class='ocr_line' id='line_1_11' title="bbox 294 946 1664 1020; baseline -0.001 -17"><span class='ocrx_word' id='word_1_67' title='bbox 294 946 589 1003; x_wconf 81' lang='lat' dir='ltr'>actionem</span> <span class='ocrx_word' id='word_1_68' title='bbox 622 952 826 1004; x_wconf 89' lang='lat' dir='ltr'>contra</span> <span class='ocrx_word' id='word_1_69' title='bbox 856 946 1163 1003; x_wconf 91' lang='lat' dir='ltr'>dominum</span> <span class='ocrx_word' id='word_1_70' title='bbox 1195 946 1411 1003; x_wconf 87' lang='lat' dir='ltr'>habere</span> <span class='ocrx_word' id='word_1_71' title='bbox 1453 952 1664 1020; x_wconf 79' lang='lat' dir='ltr'>potest.</span> 
     </span>
    </p>
   </div>
   <div class='ocr_carea' id='block_1_12' title="bbox 299 1054 1949 1183">
    <p class='ocr_par' dir='ltr' id='par_1_12' title="bbox 299 1054 1949 1183">
     <span class='ocr_line' id='line_1_12' title="bbox 299 1054 1949 1183; baseline 0.001 -75"><span class='ocrx_word' id='word_1_72' title='bbox 299 1056 441 1109; x_wconf 76' lang='lat' dir='ltr'>CAP.</span> <span class='ocrx_word' id='word_1_73' title='bbox 476 1055 601 1109; x_wconf 88' lang='grc'>107.</span> <span class='ocrx_word' id='word_1_74' title='bbox 624 1085 694 1095; x_wconf 94' lang='grc'><strong>-</strong></span> <span class='ocrx_word' id='word_1_75' title='bbox 714 1056 791 1110; x_wconf 81' lang='lat' dir='ltr'>De</span> <span class='ocrx_word' id='word_1_76' title='bbox 819 1054 903 1110; x_wconf 79' lang='lat' dir='ltr'>his</span> <span class='ocrx_word' id='word_1_77' title='bbox 922 1054 1174 1183; x_wconf 48' lang='lat' dir='ltr'>quis/Elii</span> <span class='ocrx_word' id='word_1_78' title='bbox 1195 1057 1465 1128; x_wconf 80' lang='lat' dir='ltr'>aquirunt</span> <span class='ocrx_word' id='word_1_79' title='bbox 1487 1060 1537 1111; x_wconf 83' lang='lat' dir='ltr'>et</span> <span class='ocrx_word' id='word_1_80' title='bbox 1556 1057 1720 1121; x_wconf 83' lang='lat' dir='ltr'>servi,</span> <span class='ocrx_word' id='word_1_81' title='bbox 1744 1055 1841 1111; x_wconf 74' lang='lat' dir='ltr'>lib.</span> <span class='ocrx_word' id='word_1_82' title='bbox 1862 1073 1949 1121; x_wconf 88' lang='grc' dir='ltr'>ιιι,</span> 
     </span>
     <span class='ocr_line' id='line_1_13' title="bbox 1016 1143 1264 1182; baseline 0.004 -2"><span class='ocrx_word' id='word_1_83' title='bbox 1016 1143 1035 1180; x_wconf 82' lang='grc' dir='ltr'>ι</span> <span class='ocrx_word' id='word_1_84' title='bbox 1065 1168 1078 1181; x_wconf 92' lang='grc'><strong>.</strong></span> <span class='ocrx_word' id='word_1_85' title='bbox 1110 1144 1264 1182; x_wconf 77' lang='grc' dir='ltr'>ιιιιχ.</span> 
     </span>
    </p>
   </div>
   <div class='ocr_carea' id='block_1_13' title="bbox 1016 1143 1264 1182">
    <p class='ocr_par' dir='ltr' id='par_1_13' title="bbox 1016 1143 1264 1182">
     <span class='ocr_line' id='line_1_14' title="bbox 1016 1143 1264 1182; baseline 0 -1"><span class='ocrx_word' id='word_1_86' title='bbox 1016 1143 1078 1182; x_wconf 83' lang='grc' dir='ltr'>ιι.</span> <span class='ocrx_word' id='word_1_87' title='bbox 1110 1144 1264 1182; x_wconf 70' lang='lat' dir='ltr'>XIIX.</span> 
     </span>
    </p>
   </div>
   <div class='ocr_carea' id='block_1_14' title="bbox 368 1216 1954 1288">
    <p class='ocr_par' dir='ltr' id='par_1_14' title="bbox 368 1216 1954 1288">
     <span class='ocr_line' id='line_1_15' title="bbox 368 1216 1954 1288; baseline 0.001 -18"><span class='ocrx_word' id='word_1_88' title='bbox 368 1216 737 1271; x_wconf 86' lang='lat' dir='ltr'>Admonendi</span> <span class='ocrx_word' id='word_1_89' title='bbox 770 1232 980 1272; x_wconf 89' lang='lat' dir='ltr'>sumus</span> <span class='ocrx_word' id='word_1_90' title='bbox 1011 1217 1238 1287; x_wconf 88' lang='lat' dir='ltr'>acquiri</span> <span class='ocrx_word' id='word_1_91' title='bbox 1271 1217 1441 1272; x_wconf 92' lang='lat' dir='ltr'>nobis</span> <span class='ocrx_word' id='word_1_92' title='bbox 1475 1234 1587 1273; x_wconf 89' lang='lat' dir='ltr'>non</span> <span class='ocrx_word' id='word_1_93' title='bbox 1620 1216 1813 1273; x_wconf 76' lang='lat' dir='ltr'>solum</span> <span class='ocrx_word' id='word_1_94' title='bbox 1851 1232 1954 1288; x_wconf 87' lang='lat' dir='ltr'>per</span> 
     </span>
    </p>
   </div>
   <div class='ocr_carea' id='block_1_15' title="bbox 295 1305 1951 1378">
    <p class='ocr_par' dir='ltr' id='par_1_15' title="bbox 295 1305 1951 1378">
     <span class='ocr_line' id='line_1_16' title="bbox 295 1305 1951 1378; baseline 0.002 -20"><span class='ocrx_word' id='word_1_95' title='bbox 295 1305 721 1376; x_wconf 87' lang='lat' dir='ltr'>nosmetipsos,</span> <span class='ocrx_word' id='word_1_96' title='bbox 738 1321 938 1361; x_wconf 89' lang='lat' dir='ltr'>verum</span> <span class='ocrx_word' id='word_1_97' title='bbox 956 1306 1132 1361; x_wconf 90' lang='lat' dir='ltr'>etiam</span> <span class='ocrx_word' id='word_1_98' title='bbox 1154 1323 1256 1377; x_wconf 92' lang='lat' dir='ltr'>per</span> <span class='ocrx_word' id='word_1_99' title='bbox 1276 1323 1371 1362; x_wconf 89' lang='lat' dir='ltr'>eas</span> <span class='ocrx_word' id='word_1_100' title='bbox 1394 1322 1626 1378; x_wconf 85' lang='lat' dir='ltr'>quoque</span> <span class='ocrx_word' id='word_1_101' title='bbox 1648 1322 1951 1377; x_wconf 88' lang='lat' dir='ltr'>personas,</span> 
     </span>
    </p>
   </div>
   <div class='ocr_carea' id='block_1_16' title="bbox 293 1394 1954 1466">
    <p class='ocr_par' dir='ltr' id='par_1_16' title="bbox 293 1394 1954 1466">
     <span class='ocr_line' id='line_1_17' title="bbox 293 1394 1954 1466; baseline 0.003 -20"><span class='ocrx_word' id='word_1_102' title='bbox 293 1409 429 1464; x_wconf 74' lang='lat' dir='ltr'>quas</span> <span class='ocrx_word' id='word_1_103' title='bbox 463 1394 520 1447; x_wconf 94' lang='lat' dir='ltr'>in</span> <span class='ocrx_word' id='word_1_104' title='bbox 557 1398 756 1449; x_wconf 90' lang='lat' dir='ltr'>nostra</span> <span class='ocrx_word' id='word_1_105' title='bbox 783 1398 1073 1465; x_wconf 86' lang='lat' dir='ltr'>potestate</span> <span class='ocrx_word' id='word_1_106' title='bbox 1104 1400 1267 1462; x_wconf 91' lang='lat' dir='ltr'>sunt,</span> <span class='ocrx_word' id='word_1_107' title='bbox 1298 1395 1476 1451; x_wconf 86' lang='lat' dir='ltr'>veluti</span> <span class='ocrx_word' id='word_1_108' title='bbox 1508 1413 1609 1466; x_wconf 91' lang='lat' dir='ltr'>per</span> <span class='ocrx_word' id='word_1_109' title='bbox 1629 1412 1829 1451; x_wconf 90' lang='lat' dir='ltr'>servos</span> <span class='ocrx_word' id='word_1_110' title='bbox 1852 1413 1954 1451; x_wconf 89' lang='lat' dir='ltr'>no-</span> 
     </span>
    </p>
   </div>
   <div class='ocr_carea' id='block_1_17' title="bbox 285 1481 1951 1555">
    <p class='ocr_par' dir='ltr' id='par_1_17' title="bbox 285 1481 1951 1555">
     <span class='ocr_line' id='line_1_18' title="bbox 285 1481 1951 1555; baseline 0.002 -20"><span class='ocrx_word' id='word_1_111' title='bbox 285 1486 471 1548; x_wconf 87' lang='lat' dir='ltr'>stros,</span> <span class='ocrx_word' id='word_1_112' title='bbox 506 1486 563 1536; x_wconf 88' lang='lat' dir='ltr'>et</span> <span class='ocrx_word' id='word_1_113' title='bbox 589 1481 773 1551; x_wconf 83' lang='lat' dir='ltr'>ﬁlios,</span> <span class='ocrx_word' id='word_1_114' title='bbox 808 1489 872 1537; x_wconf 91' lang='lat' dir='ltr'>ut</span> <span class='ocrx_word' id='word_1_115' title='bbox 901 1487 1096 1537; x_wconf 83' lang='lat' dir='ltr'>tamen</span> <span class='ocrx_word' id='word_1_116' title='bbox 1131 1485 1286 1555; x_wconf 90' lang='lat' dir='ltr'>quod</span> <span class='ocrx_word' id='word_1_117' title='bbox 1326 1502 1427 1555; x_wconf 91' lang='lat' dir='ltr'>per</span> <span class='ocrx_word' id='word_1_118' title='bbox 1465 1501 1663 1540; x_wconf 90' lang='lat' dir='ltr'>servos</span> <span class='ocrx_word' id='word_1_119' title='bbox 1713 1484 1951 1555; x_wconf 87' lang='lat' dir='ltr'>quidem</span> 
     </span>
    </p>
   </div>
   <div class='ocr_carea' id='block_1_18' title="bbox 287 1570 1949 1645">
    <p class='ocr_par' dir='ltr' id='par_1_18' title="bbox 287 1570 1949 1645">
     <span class='ocr_line' id='line_1_19' title="bbox 287 1570 1949 1645; baseline 0.003 -21"><span class='ocrx_word' id='word_1_120' title='bbox 287 1570 462 1625; x_wconf 89' lang='lat' dir='ltr'>nobis</span> <span class='ocrx_word' id='word_1_121' title='bbox 496 1570 846 1642; x_wconf 88' lang='lat' dir='ltr'>acquiritur,</span> <span class='ocrx_word' id='word_1_122' title='bbox 883 1576 1070 1627; x_wconf 90' lang='lat' dir='ltr'>totum</span> <span class='ocrx_word' id='word_1_123' title='bbox 1096 1582 1354 1629; x_wconf 87' lang='lat' dir='ltr'>nostrum</span> <span class='ocrx_word' id='word_1_124' title='bbox 1393 1574 1494 1629; x_wconf 82' lang='lat' dir='ltr'>ﬁat</span> <span class='ocrx_word' id='word_1_125' title='bbox 1519 1592 1532 1641; x_wconf 91' lang='lat'><strong>;</strong></span> <span class='ocrx_word' id='word_1_126' title='bbox 1559 1574 1712 1645; x_wconf 92' lang='lat' dir='ltr'>quod</span> <span class='ocrx_word' id='word_1_127' title='bbox 1755 1578 1949 1629; x_wconf 85' lang='lat' dir='ltr'>autem</span> 
     </span>
    </p>
   </div>
   <div class='ocr_carea' id='block_1_19' title="bbox 290 1659 2030 1758">
    <p class='ocr_par' dir='ltr' id='par_1_19' title="bbox 290 1659 2030 1758">
     <span class='ocr_line' id='line_1_20' title="bbox 290 1659 2030 1758; baseline 0.003 -45"><span class='ocrx_word' id='word_1_128' title='bbox 290 1673 400 1758; x_wconf 72' lang='lat' dir='ltr'>per</span> <span class='ocrx_word' id='word_1_129' title='bbox 421 1659 807 1758; x_wconf 76' lang='lat' dir='ltr'>liberosquos</span> <span class='ocrx_word' id='word_1_130' title='bbox 827 1661 887 1716; x_wconf 90' lang='lat' dir='ltr'>in</span> <span class='ocrx_word' id='word_1_131' title='bbox 914 1667 1137 1733; x_wconf 89' lang='lat' dir='ltr'>poteste</span> <span class='ocrx_word' id='word_1_132' title='bbox 1167 1663 1475 1729; x_wconf 90' lang='lat' dir='ltr'>habemus,</span> <span class='ocrx_word' id='word_1_133' title='bbox 1509 1680 1577 1719; x_wconf 82' lang='lat' dir='ltr'>ex</span> <span class='ocrx_word' id='word_1_134' title='bbox 1606 1663 1955 1729; x_wconf 52' lang='lat' dir='ltr'>obligatione</span> <span class='ocrx_word' id='word_1_135' title='bbox 1983 1694 2030 1758; x_wconf 75' lang='grc' dir='ltr'>Β</span> 
     </span>
    </p>
   </div>
   <div class='ocr_carea' id='block_1_20' title="bbox 284 1746 1952 1824">
    <p class='ocr_par' dir='ltr' id='par_1_20' title="bbox 284 1746 1952 1824">
     <span class='ocr_line' id='line_1_21' title="bbox 284 1746 1952 1824; baseline 0.004 -23"><span class='ocrx_word' id='word_1_136' title='bbox 284 1746 467 1803; x_wconf 89' lang='lat' dir='ltr'>fuerit</span> <span class='ocrx_word' id='word_1_137' title='bbox 496 1749 878 1819; x_wconf 86' lang='lat' dir='ltr'>acquisitum,</span> <span class='ocrx_word' id='word_1_138' title='bbox 911 1751 1020 1807; x_wconf 92' lang='lat' dir='ltr'>hoc</span> <span class='ocrx_word' id='word_1_139' title='bbox 1053 1752 1347 1807; x_wconf 87' lang='lat' dir='ltr'>dividatur</span> <span class='ocrx_word' id='word_1_140' title='bbox 1375 1753 1699 1807; x_wconf 90' lang='lat' dir='ltr'>secundum</span> <span class='ocrx_word' id='word_1_141' title='bbox 1743 1753 1952 1824; x_wconf 86' lang='lat' dir='ltr'>imagi-</span> 
     </span>
    </p>
   </div>
   <div class='ocr_carea' id='block_1_21' title="bbox 304 1840 1955 1912">
    <p class='ocr_par' dir='ltr' id='par_1_21' title="bbox 304 1840 1955 1912">
     <span class='ocr_line' id='line_1_22' title="bbox 304 1840 1955 1912; baseline 0.004 -21"><span class='ocrx_word' id='word_1_142' title='bbox 304 1852 442 1891; x_wconf 90' lang='lat' dir='ltr'>nem</span> <span class='ocrx_word' id='word_1_143' title='bbox 474 1854 669 1894; x_wconf 90' lang='lat' dir='ltr'>rerum</span> <span class='ocrx_word' id='word_1_144' title='bbox 702 1840 1072 1911; x_wconf 87' lang='lat' dir='ltr'>proprietatis</span> <span class='ocrx_word' id='word_1_145' title='bbox 1120 1840 1177 1896; x_wconf 90' lang='lat' dir='ltr'>id</span> <span class='ocrx_word' id='word_1_146' title='bbox 1226 1846 1315 1896; x_wconf 89' lang='lat' dir='ltr'>est</span> <span class='ocrx_word' id='word_1_147' title='bbox 1364 1843 1738 1898; x_wconf 85' lang='lat' dir='ltr'>ususfructus</span> <span class='ocrx_word' id='word_1_148' title='bbox 1780 1859 1955 1912; x_wconf 86' lang='lat' dir='ltr'>quem</span> 
     </span>
    </p>
   </div>
   <div class='ocr_carea' id='block_1_22' title="bbox 2131 391 3712 474">
    <p class='ocr_par' dir='ltr' id='par_1_22' title="bbox 2131 391 3712 474">
     <span class='ocr_line' id='line_1_23' title="bbox 2131 391 3712 474; baseline -0.001 -28"><span class='ocrx_word' id='word_1_149' title='bbox 2131 394 2455 474; x_wconf 68' lang='lat' dir='ltr'>testamenti</span> <span class='ocrx_word' id='word_1_150' title='bbox 2482 394 2591 450; x_wconf 85' lang='lat' dir='ltr'>sibi</span> <span class='ocrx_word' id='word_1_151' title='bbox 2610 396 2880 465; x_wconf 81' lang='lat' dir='ltr'>paginam</span> <span class='ocrx_word' id='word_1_152' title='bbox 2908 393 3143 464; x_wconf 76' lang='lat' dir='ltr'>faciant.</span> <span class='ocrx_word' id='word_1_153' title='bbox 3176 391 3429 448; x_wconf 81' lang='lat' dir='ltr'>Gelasius</span> <span class='ocrx_word' id='word_1_154' title='bbox 3472 391 3712 447; x_wconf 74' lang='lat' dir='ltr'>Honorio</span> 
     </span>
    </p>
   </div>
   <div class='ocr_carea' id='block_1_23' title="bbox 2136 479 2404 536">
    <p class='ocr_par' dir='ltr' id='par_1_23' title="bbox 2136 479 2404 536">
     <span class='ocr_line' id='line_1_24' title="bbox 2136 479 2404 536; baseline -0.011 -15"><span class='ocrx_word' id='word_1_155' title='bbox 2136 479 2404 536; x_wconf 74' lang='lat' dir='ltr'>episcOpo.</span> 
     </span>
    </p>
   </div>
   <div class='ocr_carea' id='block_1_24' title="bbox 2140 568 3713 642">
    <p class='ocr_par' dir='ltr' id='par_1_24' title="bbox 2140 568 3713 642">
     <span class='ocr_line' id='line_1_25' title="bbox 2140 568 3713 642; baseline -0.001 -17"><span class='ocrx_word' id='word_1_156' title='bbox 2140 571 2251 641; x_wconf 85' lang='grc'>(13,</span> <span class='ocrx_word' id='word_1_157' title='bbox 2284 588 2339 642; x_wconf 92' lang='lat' dir='ltr'>q.</span> <span class='ocrx_word' id='word_1_158' title='bbox 2371 573 2424 641; x_wconf 89' lang='lat'>2,</span> <span class='ocrx_word' id='word_1_159' title='bbox 2457 587 2506 627; x_wconf 93' lang='lat' dir='ltr'>c.</span> <span class='ocrx_word' id='word_1_160' title='bbox 2539 570 2685 627; x_wconf 87' lang='lat' dir='ltr'>Illud</span> <span class='ocrx_word' id='word_1_161' title='bbox 2714 572 2928 638; x_wconf 81' lang='lat' dir='ltr'>etiam).</span> <span class='ocrx_word' id='word_1_162' title='bbox 2980 568 3129 625; x_wconf 87' lang='lat' dir='ltr'>Illud</span> <span class='ocrx_word' id='word_1_163' title='bbox 3180 570 3358 625; x_wconf 87' lang='lat' dir='ltr'>etiam</span> <span class='ocrx_word' id='word_1_164' title='bbox 3408 568 3713 624; x_wconf 87' lang='lat' dir='ltr'>sincerita-</span> 
     </span>
    </p>
   </div>
   <div class='ocr_carea' id='block_1_25' title="bbox 2063 657 3713 729">
    <p class='ocr_par' dir='ltr' id='par_1_25' title="bbox 2063 657 3713 729">
     <span class='ocr_line' id='line_1_26' title="bbox 2063 657 3713 729; baseline -0.001 -15"><span class='ocrx_word' id='word_1_165' title='bbox 2063 662 2182 715; x_wconf 87' lang='lat' dir='ltr'>tem</span> <span class='ocrx_word' id='word_1_166' title='bbox 2215 665 2377 715; x_wconf 91' lang='lat' dir='ltr'>tuam</span> <span class='ocrx_word' id='word_1_167' title='bbox 2407 677 2521 715; x_wconf 89' lang='lat' dir='ltr'>non</span> <span class='ocrx_word' id='word_1_168' title='bbox 2553 660 2731 716; x_wconf 90' lang='lat' dir='ltr'>latere</span> <span class='ocrx_word' id='word_1_169' title='bbox 2759 659 3057 725; x_wconf 90' lang='lat' dir='ltr'>volumus,</span> <span class='ocrx_word' id='word_1_170' title='bbox 3091 660 3163 715; x_wconf 91' lang='lat' dir='ltr'>ad</span> <span class='ocrx_word' id='word_1_171' title='bbox 3188 676 3296 714; x_wconf 90' lang='lat' dir='ltr'>nos</span> <span class='ocrx_word' id='word_1_172' title='bbox 3315 657 3499 713; x_wconf 81' lang='lat' dir='ltr'>fuisse</span> <span class='ocrx_word' id='word_1_173' title='bbox 3523 657 3713 729; x_wconf 88' lang='lat' dir='ltr'>perla-</span> 
     </span>
    </p>
   </div>
   <div class='ocr_carea' id='block_1_26' title="bbox 2063 745 3711 819">
    <p class='ocr_par' dir='ltr' id='par_1_26' title="bbox 2063 745 3711 819">
     <span class='ocr_line' id='line_1_27' title="bbox 2063 745 3711 819; baseline -0.002 -15"><span class='ocrx_word' id='word_1_174' title='bbox 2063 753 2214 818; x_wconf 90' lang='lat' dir='ltr'>tum,</span> <span class='ocrx_word' id='word_1_175' title='bbox 2246 750 2402 819; x_wconf 92' lang='lat' dir='ltr'>quod</span> <span class='ocrx_word' id='word_1_176' title='bbox 2435 749 2752 819; x_wconf 86' lang='lat' dir='ltr'>ampliatus</span> <span class='ocrx_word' id='word_1_177' title='bbox 2784 749 3127 813; x_wconf 85' lang='lat' dir='ltr'>conductor,</span> <span class='ocrx_word' id='word_1_178' title='bbox 3161 763 3337 819; x_wconf 86' lang='lat' dir='ltr'>quem</span> <span class='ocrx_word' id='word_1_179' title='bbox 3370 764 3485 803; x_wconf 91' lang='lat' dir='ltr'>non</span> <span class='ocrx_word' id='word_1_180' title='bbox 3518 745 3711 803; x_wconf 88' lang='lat' dir='ltr'>solum</span> 
     </span>
    </p>
   </div>
   <div class='ocr_carea' id='block_1_27' title="bbox 2061 834 3713 902">
    <p class='ocr_par' dir='ltr' id='par_1_27' title="bbox 2061 834 3713 902">
     <span class='ocr_line' id='line_1_28' title="bbox 2061 834 3713 902; baseline -0.001 -11"><span class='ocrx_word' id='word_1_181' title='bbox 2061 852 2293 892; x_wconf 85' lang='lat' dir='ltr'>servum</span> <span class='ocrx_word' id='word_1_182' title='bbox 2318 841 2547 891; x_wconf 80' lang='lat' dir='ltr'>constat</span> <span class='ocrx_word' id='word_1_183' title='bbox 2568 835 2860 902; x_wconf 68' lang='lat' dir='ltr'>Ecclesiae,</span> <span class='ocrx_word' id='word_1_184' title='bbox 2880 835 2981 891; x_wconf 89' lang='lat' dir='ltr'>sed</span> <span class='ocrx_word' id='word_1_185' title='bbox 3004 835 3087 891; x_wconf 90' lang='lat' dir='ltr'>ita</span> <span class='ocrx_word' id='word_1_186' title='bbox 3104 834 3432 891; x_wconf 88' lang='lat' dir='ltr'>rationibus</span> <span class='ocrx_word' id='word_1_187' title='bbox 3452 851 3484 890; x_wconf 88' lang='lat' dir='ltr'>a</span> <span class='ocrx_word' id='word_1_188' title='bbox 3508 834 3713 892; x_wconf 88' lang='lat' dir='ltr'>multis</span> 
     </span>
    </p>
   </div>
   <div class='ocr_carea' id='block_1_28' title="bbox 2061 920 3713 995">
    <p class='ocr_par' dir='ltr' id='par_1_28' title="bbox 2061 920 3713 995">
     <span class='ocr_line' id='line_1_29' title="bbox 2061 920 3713 995; baseline -0.001 -16"><span class='ocrx_word' id='word_1_189' title='bbox 2061 924 2426 995; x_wconf 88' lang='lat' dir='ltr'>temporibus</span> <span class='ocrx_word' id='word_1_190' title='bbox 2456 923 2845 995; x_wconf 90' lang='lat' dir='ltr'>implicatum,</span> <span class='ocrx_word' id='word_1_191' title='bbox 2878 928 2938 978; x_wconf 89' lang='lat' dir='ltr'>ut</span> <span class='ocrx_word' id='word_1_192' title='bbox 2973 922 3149 979; x_wconf 91' lang='lat' dir='ltr'>etiam</span> <span class='ocrx_word' id='word_1_193' title='bbox 3172 922 3221 977; x_wconf 90' lang='lat' dir='ltr'>si</span> <span class='ocrx_word' id='word_1_194' title='bbox 3243 920 3713 993; x_wconf 88' lang='lat' dir='ltr'>essetingenuus</span> 
     </span>
    </p>
   </div>
   <div class='ocr_carea' id='block_1_29' title="bbox 2061 1010 3712 1076">
    <p class='ocr_par' dir='ltr' id='par_1_29' title="bbox 2061 1010 3712 1076">
     <span class='ocr_line' id='line_1_30' title="bbox 2061 1010 3712 1076; baseline -0.001 -8"><span class='ocrx_word' id='word_1_195' title='bbox 2061 1014 2244 1069; x_wconf 87' lang='lat' dir='ltr'>donec</span> <span class='ocrx_word' id='word_1_196' title='bbox 2274 1013 2579 1069; x_wconf 91' lang='lat' dir='ltr'>ratiocinia</span> <span class='ocrx_word' id='word_1_197' title='bbox 2607 1018 2817 1068; x_wconf 90' lang='lat' dir='ltr'>cuncta</span> <span class='ocrx_word' id='word_1_198' title='bbox 2850 1013 3183 1076; x_wconf 82' lang='lat' dir='ltr'>deduceret,</span> <span class='ocrx_word' id='word_1_199' title='bbox 3215 1010 3405 1067; x_wconf 89' lang='lat' dir='ltr'>modis</span> <span class='ocrx_word' id='word_1_200' title='bbox 3435 1010 3712 1066; x_wconf 90' lang='lat' dir='ltr'>omnibus</span> 
     </span>
    </p>
   </div>
   <div class='ocr_carea' id='block_1_30' title="bbox 2058 1098 3711 1169">
    <p class='ocr_par' dir='ltr' id='par_1_30' title="bbox 2058 1098 3711 1169">
     <span class='ocr_line' id='line_1_31' title="bbox 2058 1098 3711 1169; baseline -0.003 -12"><span class='ocrx_word' id='word_1_201' title='bbox 2058 1101 2346 1157; x_wconf 83' lang='lat' dir='ltr'>obnoxius</span> <span class='ocrx_word' id='word_1_202' title='bbox 2365 1103 2702 1169; x_wconf 91' lang='lat' dir='ltr'>haberetur,</span> <span class='ocrx_word' id='word_1_203' title='bbox 2727 1118 2877 1157; x_wconf 91' lang='lat' dir='ltr'>ausu</span> <span class='ocrx_word' id='word_1_204' title='bbox 2906 1100 3215 1157; x_wconf 89' lang='lat' dir='ltr'>temerario</span> <span class='ocrx_word' id='word_1_205' title='bbox 3240 1100 3483 1156; x_wconf 89' lang='lat' dir='ltr'>molitus</span> <span class='ocrx_word' id='word_1_206' title='bbox 3534 1098 3711 1154; x_wconf 82' lang='lat' dir='ltr'>fuerit</span> 
     </span>
    </p>
   </div>
   <div class='ocr_carea' id='block_1_31' title="bbox 2062 1185 3709 1263">
    <p class='ocr_par' dir='ltr' id='par_1_31' title="bbox 2062 1185 3709 1263">
     <span class='ocr_line' id='line_1_32' title="bbox 2062 1185 3709 1263; baseline -0.002 -18"><span class='ocrx_word' id='word_1_207' title='bbox 2062 1193 2311 1248; x_wconf 89' lang='lat' dir='ltr'>condere</span> <span class='ocrx_word' id='word_1_208' title='bbox 2334 1192 2609 1263; x_wconf 85' lang='lat' dir='ltr'>paginam</span> <span class='ocrx_word' id='word_1_209' title='bbox 2634 1192 2993 1258; x_wconf 87' lang='lat' dir='ltr'>testamenti,</span> <span class='ocrx_word' id='word_1_210' title='bbox 3018 1190 3187 1261; x_wconf 90' lang='lat' dir='ltr'>cujus</span> <span class='ocrx_word' id='word_1_211' title='bbox 3209 1205 3382 1245; x_wconf 88' lang='lat' dir='ltr'>omne</span> <span class='ocrx_word' id='word_1_212' title='bbox 3412 1185 3709 1260; x_wconf 88' lang='lat' dir='ltr'>peculium</span> 
     </span>
    </p>
   </div>
   <div class='ocr_carea' id='block_1_32' title="bbox 2062 1276 3708 1351">
    <p class='ocr_par' dir='ltr' id='par_1_32' title="bbox 2062 1276 3708 1351">
     <span class='ocr_line' id='line_1_33' title="bbox 2062 1276 3708 1351; baseline -0.002 -16"><span class='ocrx_word' id='word_1_213' title='bbox 2062 1279 2457 1336; x_wconf 88' lang='lat' dir='ltr'>ecclesiastico</span> <span class='ocrx_word' id='word_1_214' title='bbox 2482 1280 2604 1351; x_wconf 88' lang='lat' dir='ltr'>juri</span> <span class='ocrx_word' id='word_1_215' title='bbox 2623 1280 2851 1350; x_wconf 87' lang='lat' dir='ltr'>legibus</span> <span class='ocrx_word' id='word_1_216' title='bbox 2876 1298 2991 1335; x_wconf 91' lang='lat' dir='ltr'>non</span> <span class='ocrx_word' id='word_1_217' title='bbox 3015 1279 3319 1334; x_wconf 89' lang='lat' dir='ltr'>dubitetur</span> <span class='ocrx_word' id='word_1_218' title='bbox 3335 1276 3708 1334; x_wconf 89' lang='lat' dir='ltr'>obstrictum.</span> 
     </span>
    </p>
   </div>
   <div class='ocr_carea' id='block_1_33' title="bbox 2063 1368 3713 1442">
    <p class='ocr_par' dir='ltr' id='par_1_33' title="bbox 2063 1368 3713 1442">
     <span class='ocr_line' id='line_1_34' title="bbox 2063 1368 3713 1442; baseline 0 -20"><span class='ocrx_word' id='word_1_219' title='bbox 2063 1370 2428 1442; x_wconf 85' lang='lat' dir='ltr'>Quapropter</span> <span class='ocrx_word' id='word_1_220' title='bbox 2459 1371 2549 1425; x_wconf 91' lang='lat' dir='ltr'>his</span> <span class='ocrx_word' id='word_1_221' title='bbox 2589 1369 3147 1441; x_wconf 68' lang='lat' dir='ltr'>praesumptionibus</span> <span class='ocrx_word' id='word_1_222' title='bbox 3187 1368 3309 1423; x_wconf 87' lang='lat' dir='ltr'>vice</span> <span class='ocrx_word' id='word_1_223' title='bbox 3356 1371 3577 1434; x_wconf 89' lang='lat' dir='ltr'>nostra,</span> <span class='ocrx_word' id='word_1_224' title='bbox 3609 1368 3713 1422; x_wconf 74' lang='lat' dir='ltr'>tua</span> 
     </span>
    </p>
   </div>
   <div class='ocr_carea' id='block_1_34' title="bbox 2064 1453 3710 1527">
    <p class='ocr_par' dir='ltr' id='par_1_34' title="bbox 2064 1453 3710 1527">
     <span class='ocr_line' id='line_1_35' title="bbox 2064 1453 3710 1527; baseline 0 -16"><span class='ocrx_word' id='word_1_225' title='bbox 2064 1457 2399 1513; x_wconf 89' lang='lat' dir='ltr'>fraternitas</span> <span class='ocrx_word' id='word_1_226' title='bbox 2447 1457 2829 1522; x_wconf 86' lang='lat' dir='ltr'>contradicat.</span> <span class='ocrx_word' id='word_1_227' title='bbox 2880 1473 2985 1512; x_wconf 93' lang='lat' dir='ltr'>nec</span> <span class='ocrx_word' id='word_1_228' title='bbox 3039 1456 3163 1512; x_wconf 85' lang='lat' dir='ltr'>fieri</span> <span class='ocrx_word' id='word_1_229' title='bbox 3211 1471 3451 1527; x_wconf 89' lang='lat' dir='ltr'>prorsus</span> <span class='ocrx_word' id='word_1_230' title='bbox 3510 1453 3710 1526; x_wconf 87' lang='lat' dir='ltr'>aliqua</span> 
     </span>
    </p>
   </div>
   <div class='ocr_carea' id='block_1_35' title="bbox 2063 1544 3709 1618">
    <p class='ocr_par' dir='ltr' id='par_1_35' title="bbox 2063 1544 3709 1618">
     <span class='ocr_line' id='line_1_36' title="bbox 2063 1544 3709 1618; baseline -0.001 -17"><span class='ocrx_word' id='word_1_231' title='bbox 2063 1547 2442 1618; x_wconf 89' lang='lat' dir='ltr'>subreptione</span> <span class='ocrx_word' id='word_1_232' title='bbox 2458 1546 2861 1617; x_wconf 88' lang='lat' dir='ltr'>permittat.Ac</span> <span class='ocrx_word' id='word_1_233' title='bbox 2878 1546 2924 1601; x_wconf 88' lang='lat' dir='ltr'>si</span> <span class='ocrx_word' id='word_1_234' title='bbox 2942 1546 3128 1601; x_wconf 87' lang='lat' dir='ltr'>eidem</span> <span class='ocrx_word' id='word_1_235' title='bbox 3152 1546 3476 1617; x_wconf 89' lang='lat' dir='ltr'>quidquam</span> <span class='ocrx_word' id='word_1_236' title='bbox 3500 1544 3709 1599; x_wconf 85' lang='lat' dir='ltr'>huma-</span> 
     </span>
    </p>
   </div>
   <div class='ocr_carea' id='block_1_36' title="bbox 2066 1634 3710 1707">
    <p class='ocr_par' dir='ltr' id='par_1_36' title="bbox 2066 1634 3710 1707">
     <span class='ocr_line' id='line_1_37' title="bbox 2066 1634 3710 1707; baseline -0.002 -17"><span class='ocrx_word' id='word_1_237' title='bbox 2066 1635 2267 1691; x_wconf 89' lang='lat' dir='ltr'>nitatis</span> <span class='ocrx_word' id='word_1_238' title='bbox 2300 1636 2445 1690; x_wconf 82' lang='lat' dir='ltr'>forte</span> <span class='ocrx_word' id='word_1_239' title='bbox 2465 1636 2793 1707; x_wconf 80' lang='lat' dir='ltr'>contigerit,</span> <span class='ocrx_word' id='word_1_240' title='bbox 2818 1634 2958 1705; x_wconf 87' lang='lat' dir='ltr'>quia</span> <span class='ocrx_word' id='word_1_241' title='bbox 2974 1635 3322 1704; x_wconf 74' lang='lat' dir='ltr'>grandaevus</span> <span class='ocrx_word' id='word_1_242' title='bbox 3347 1648 3475 1688; x_wconf 88' lang='lat' dir='ltr'>esse</span> <span class='ocrx_word' id='word_1_243' title='bbox 3493 1648 3710 1687; x_wconf 84' lang='lat' dir='ltr'>memo-</span> 
     </span>
    </p>
   </div>
   <div class='ocr_carea' id='block_1_37' title="bbox 2062 1719 3712 1794">
    <p class='ocr_par' dir='ltr' id='par_1_37' title="bbox 2062 1719 3712 1794">
     <span class='ocr_line' id='line_1_38' title="bbox 2062 1719 3712 1794; baseline -0.004 -14"><span class='ocrx_word' id='word_1_244' title='bbox 2062 1730 2187 1780; x_wconf 86' lang='lat' dir='ltr'>ratu</span> <span class='ocrx_word' id='word_1_245' title='bbox 2198 1740 2387 1789; x_wconf 83' lang='lat' dir='ltr'>r,mox</span> <span class='ocrx_word' id='word_1_246' title='bbox 2406 1724 2534 1794; x_wconf 85' lang='lat' dir='ltr'>ejus</span> <span class='ocrx_word' id='word_1_247' title='bbox 2555 1724 2681 1780; x_wconf 85' lang='lat' dir='ltr'>sine</span> <span class='ocrx_word' id='word_1_248' title='bbox 2701 1722 2977 1778; x_wconf 89' lang='lat' dir='ltr'>dilatione</span> <span class='ocrx_word' id='word_1_249' title='bbox 2996 1722 3392 1778; x_wconf 85' lang='lat' dir='ltr'>substantiam</span> <span class='ocrx_word' id='word_1_250' title='bbox 3412 1719 3712 1776; x_wconf 90' lang='lat' dir='ltr'>unanimi-</span> 
     </span>
    </p>
   </div>
   <div class='ocr_carea' id='block_1_38' title="bbox 2061 1810 3709 1885">
    <p class='ocr_par' dir='ltr' id='par_1_38' title="bbox 2061 1810 3709 1885">
     <span class='ocr_line' id='line_1_39' title="bbox 2061 1810 3709 1885; baseline -0.004 -16"><span class='ocrx_word' id='word_1_251' title='bbox 2061 1817 2153 1869; x_wconf 85' lang='lat' dir='ltr'>tas</span> <span class='ocrx_word' id='word_1_252' title='bbox 2183 1818 2286 1869; x_wconf 88' lang='lat' dir='ltr'>tua</span> <span class='ocrx_word' id='word_1_253' title='bbox 2325 1813 2461 1868; x_wconf 84' lang='lat' dir='ltr'>filiis</span> <span class='ocrx_word' id='word_1_254' title='bbox 2506 1814 2635 1885; x_wconf 90' lang='lat' dir='ltr'>ejus</span> <span class='ocrx_word' id='word_1_255' title='bbox 2683 1813 2986 1878; x_wconf 81' lang='lat' dir='ltr'>duntaxat,</span> <span class='ocrx_word' id='word_1_256' title='bbox 3021 1810 3239 1883; x_wconf 89' lang='lat' dir='ltr'>quibus</span> <span class='ocrx_word' id='word_1_257' title='bbox 3288 1810 3709 1881; x_wconf 86' lang='lat' dir='ltr'>patrimonium</span> 
     </span>
    </p>
   </div>
   <div class='ocr_carea' id='block_1_39' title="bbox 301 1899 3709 2001">
    <p class='ocr_par' dir='ltr' id='par_1_39' title="bbox 301 1899 3709 2001">
     <span class='ocr_line' id='line_1_40' title="bbox 301 1899 3709 2001; baseline 0.005 -22"><span class='ocrx_word' id='word_1_258' title='bbox 301 1930 509 1981; x_wconf 88' lang='lat' dir='ltr'>nostra</span> <span class='ocrx_word' id='word_1_259' title='bbox 526 1899 781 1982; x_wconf 78' lang='lat' dir='ltr'>decrevit</span> <span class='ocrx_word' id='word_1_260' title='bbox 800 1899 1164 1993; x_wconf 74' lang='lat' dir='ltr'>constitutio,</span> <span class='ocrx_word' id='word_1_261' title='bbox 1190 1933 1253 1985; x_wconf 92' lang='lat' dir='ltr'>ut</span> <span class='ocrx_word' id='word_1_262' title='bbox 1274 1931 1428 2001; x_wconf 92' lang='lat' dir='ltr'>quod</span> <span class='ocrx_word' id='word_1_263' title='bbox 1454 1931 1525 1986; x_wconf 90' lang='lat' dir='ltr'>ab</span> <span class='ocrx_word' id='word_1_264' title='bbox 1547 1930 1772 1986; x_wconf 89' lang='lat' dir='ltr'>actione</span> <span class='ocrx_word' id='word_1_265' title='bbox 1790 1899 1952 1985; x_wconf 75' lang='lat' dir='ltr'>com-</span> <span class='ocrx_word' id='word_1_266' title='bbox 2062 1904 2345 2001; x_wconf 53' lang='grc' dir='ltr'>Ρτοὲπξίυῗ</span> <span class='ocrx_word' id='word_1_267' title='bbox 2376 1902 2787 2001; x_wconf 49' lang='lat' dir='ltr'>“ulmissu‘P’</span> <span class='ocrx_word' id='word_1_268' title='bbox 2812 1902 2921 1957; x_wconf 62' lang='lat' dir='ltr'>wh</span> <span class='ocrx_word' id='word_1_269' title='bbox 2950 1899 3118 2001; x_wconf 41' lang='lat' dir='ltr'>fideli.</span> <span class='ocrx_word' id='word_1_270' title='bbox 3144 1899 3537 2001; x_wconf 46' lang='lat' dir='ltr'>desariptjone</span> <span class='ocrx_word' id='word_1_271' title='bbox 3568 1914 3709 2001; x_wconf 44' lang='lat' dir='ltr'>cini-</span> 
     </span>
    </p>
   </div>
   <div class='ocr_carea' id='block_1_40' title="bbox 298 2015 1953 2091">
    <p class='ocr_par' dir='ltr' id='par_1_40' title="bbox 298 2015 1953 2091">
     <span class='ocr_line' id='line_1_41' title="bbox 298 2015 1953 2091; baseline 0.004 -22"><span class='ocrx_word' id='word_1_272' title='bbox 298 2015 541 2070; x_wconf 89' lang='lat' dir='ltr'>modum</span> <span class='ocrx_word' id='word_1_273' title='bbox 574 2015 889 2087; x_wconf 90' lang='lat' dir='ltr'>perveniat,</span> <span class='ocrx_word' id='word_1_274' title='bbox 924 2017 1103 2089; x_wconf 91' lang='lat' dir='ltr'>hujus</span> <span class='ocrx_word' id='word_1_275' title='bbox 1135 2020 1566 2074; x_wconf 87' lang='lat' dir='ltr'>usumfructum</span> <span class='ocrx_word' id='word_1_276' title='bbox 1588 2020 1823 2091; x_wconf 89' lang='lat' dir='ltr'>quidem</span> <span class='ocrx_word' id='word_1_277' title='bbox 1850 2019 1953 2076; x_wconf 90' lang='lat' dir='ltr'>ha-</span> 
     </span>
    </p>
   </div>
   <div class='ocr_carea' id='block_1_41' title="bbox 292 2102 1486 2177">
    <p class='ocr_par' dir='ltr' id='par_1_41' title="bbox 292 2102 1486 2177">
     <span class='ocr_line' id='line_1_42' title="bbox 292 2102 1486 2177; baseline 0.006 -20"><span class='ocrx_word' id='word_1_278' title='bbox 292 2102 433 2159; x_wconf 89' lang='lat' dir='ltr'>beat</span> <span class='ocrx_word' id='word_1_279' title='bbox 465 2105 793 2177; x_wconf 87' lang='lat' dir='ltr'>proprietas</span> <span class='ocrx_word' id='word_1_280' title='bbox 824 2112 1021 2162; x_wconf 88' lang='lat' dir='ltr'>autem</span> <span class='ocrx_word' id='word_1_281' title='bbox 1056 2107 1173 2163; x_wconf 80' lang='lat' dir='ltr'>filio</span> <span class='ocrx_word' id='word_1_282' title='bbox 1204 2113 1486 2164; x_wconf 88' lang='lat' dir='ltr'>servetur.</span> 
     </span>
    </p>
   </div>
   <div class='ocr_carea' id='block_1_42' title="bbox 290 2209 1950 2287">
    <p class='ocr_par' dir='ltr' id='par_1_42' title="bbox 290 2209 1950 2287">
     <span class='ocr_line' id='line_1_43' title="bbox 290 2209 1950 2287; baseline 0.004 -22"><span class='ocrx_word' id='word_1_283' title='bbox 290 2209 423 2265; x_wconf 75' lang='grc' dir='ltr'>οη».</span> <span class='ocrx_word' id='word_1_284' title='bbox 450 2211 648 2265; x_wconf 77' lang='grc' dir='ltr'>108.-ο</span> <span class='ocrx_word' id='word_1_285' title='bbox 668 2213 995 2283; x_wconf 77' lang='lat' dir='ltr'>Exemplum</span> <span class='ocrx_word' id='word_1_286' title='bbox 1014 2216 1169 2287; x_wconf 60' lang='lat' dir='ltr'>iusta</span> <span class='ocrx_word' id='word_1_287' title='bbox 1194 2215 1448 2281; x_wconf 76' lang='lat' dir='ltr'>ultionis,</span> <span class='ocrx_word' id='word_1_288' title='bbox 1465 2231 1530 2272; x_wconf 78' lang='lat' dir='ltr'>ne</span> <span class='ocrx_word' id='word_1_289' title='bbox 1556 2216 1680 2287; x_wconf 90' lang='lat' dir='ltr'>quis</span> <span class='ocrx_word' id='word_1_290' title='bbox 1703 2214 1950 2271; x_wconf 85' lang='lat' dir='ltr'>alienum</span> 
     </span>
    </p>
   </div>
   <div class='ocr_carea' id='block_1_43' title="bbox 365 2286 1947 2428">
    <p class='ocr_par' dir='ltr' id='par_1_43' title="bbox 365 2286 1947 2428">
     <span class='ocr_line' id='line_1_44' title="bbox 365 2286 1947 2428; baseline 0.006 -93"><span class='ocrx_word' id='word_1_291' title='bbox 365 2297 583 2408; x_wconf 49' lang='lat' dir='ltr'>semita?</span> <span class='ocrx_word' id='word_1_292' title='bbox 623 2300 977 2428; x_wconf 47' lang='grc' dir='ltr'>εἴπαηιςιενε</span> <span class='ocrx_word' id='word_1_293' title='bbox 1023 2286 1108 2342; x_wconf 81' lang='lat' dir='ltr'>vel</span> <span class='ocrx_word' id='word_1_294' title='bbox 1158 2287 1460 2342; x_wconf 75' lang='lat' dir='ltr'>sollicitare</span> <span class='ocrx_word' id='word_1_295' title='bbox 1490 2286 1821 2359; x_wconf 52' lang='lat' dir='ltr'>primumut,</span> <span class='ocrx_word' id='word_1_296' title='bbox 1847 2288 1947 2344; x_wconf 81' lang='lat' dir='ltr'>lib.</span> 
     </span>
     <span class='ocr_line' id='line_1_45' title="bbox 372 2369 885 2419; baseline 0.01 -14"><span class='ocrx_word' id='word_1_297' title='bbox 372 2369 449 2419; x_wconf 88' lang='lat' dir='ltr'>1v,</span> <span class='ocrx_word' id='word_1_298' title='bbox 505 2370 523 2408; x_wconf 72' lang='grc' dir='ltr'>ι</span> <span class='ocrx_word' id='word_1_299' title='bbox 560 2398 572 2409; x_wconf 92' lang='grc'><strong>.</strong></span> <span class='ocrx_word' id='word_1_300' title='bbox 605 2371 623 2409; x_wconf 91' lang='grc' dir='ltr'>ι</span> <span class='ocrx_word' id='word_1_301' title='bbox 700 2373 719 2409; x_wconf 77' lang='lat' dir='ltr'><strong><em>z</em></strong></span> <span class='ocrx_word' id='word_1_302' title='bbox 752 2396 763 2408; x_wconf 95' lang='lat'>.</span> <span class='ocrx_word' id='word_1_303' title='bbox 796 2373 839 2410; x_wconf 88' lang='grc' dir='ltr'>ιι</span> <span class='ocrx_word' id='word_1_304' title='bbox 870 2396 885 2411; x_wconf 92' lang='grc'><strong>.</strong></span> 
     </span>
    </p>
   </div>
   <div class='ocr_carea' id='block_1_44' title="bbox 372 2369 885 2419">
    <p class='ocr_par' dir='ltr' id='par_1_44' title="bbox 372 2369 885 2419">
     <span class='ocr_line' id='line_1_46' title="bbox 372 2369 885 2419; baseline 0.01 -13"><span class='ocrx_word' id='word_1_305' title='bbox 372 2369 449 2419; x_wconf 90' lang='lat' dir='ltr'>1v,</span> <span class='ocrx_word' id='word_1_306' title='bbox 482 2369 572 2409; x_wconf 72' lang='grc' dir='ltr'>ιιι.</span> <span class='ocrx_word' id='word_1_307' title='bbox 605 2371 623 2409; x_wconf 91' lang='grc' dir='ltr'>ι</span> <span class='ocrx_word' id='word_1_308' title='bbox 654 2369 763 2419; x_wconf 83' lang='lat' dir='ltr'>(tu.</span> <span class='ocrx_word' id='word_1_309' title='bbox 796 2369 885 2419; x_wconf 83' lang='grc' dir='ltr'>ιι).</span> 
     </span>
    </p>
   </div>
   <div class='ocr_carea' id='block_1_45' title="bbox 367 2440 1945 2516">
    <p class='ocr_par' dir='ltr' id='par_1_45' title="bbox 367 2440 1945 2516">
     <span class='ocr_line' id='line_1_47' title="bbox 367 2440 1945 2516; baseline 0.004 -20"><span class='ocrx_word' id='word_1_310' title='bbox 367 2440 516 2497; x_wconf 91' lang='lat' dir='ltr'>Illud</span> <span class='ocrx_word' id='word_1_311' title='bbox 552 2445 863 2516; x_wconf 69' lang='lat' dir='ltr'>quaesitum</span> <span class='ocrx_word' id='word_1_312' title='bbox 908 2449 1018 2515; x_wconf 88' lang='lat' dir='ltr'>est,</span> <span class='ocrx_word' id='word_1_313' title='bbox 1053 2463 1186 2502; x_wconf 91' lang='lat' dir='ltr'>cum</span> <span class='ocrx_word' id='word_1_314' title='bbox 1236 2446 1425 2502; x_wconf 89' lang='lat' dir='ltr'>Titius</span> <span class='ocrx_word' id='word_1_315' title='bbox 1477 2463 1708 2503; x_wconf 91' lang='lat' dir='ltr'>servum</span> <span class='ocrx_word' id='word_1_316' title='bbox 1760 2448 1945 2504; x_wconf 68' lang='lat' dir='ltr'>Mrsvii</span> 
     </span>
    </p>
   </div>
   <div class='ocr_carea' id='block_1_46' title="bbox 2061 1986 3707 2062">
    <p class='ocr_par' dir='ltr' id='par_1_46' title="bbox 2061 1986 3707 2062">
     <span class='ocr_line' id='line_1_48' title="bbox 2061 1986 3707 2062; baseline -0.003 -16"><span class='ocrx_word' id='word_1_317' title='bbox 2061 1993 2274 2062; x_wconf 87' lang='lat' dir='ltr'>tradat,</span> <span class='ocrx_word' id='word_1_318' title='bbox 2291 1991 2851 2062; x_wconf 73' lang='lat' dir='ltr'>donectemporibus</span> <span class='ocrx_word' id='word_1_319' title='bbox 2868 1990 3156 2045; x_wconf 87' lang='lat' dir='ltr'>universis</span> <span class='ocrx_word' id='word_1_320' title='bbox 3173 1990 3388 2060; x_wconf 90' lang='lat' dir='ltr'>quibus</span> <span class='ocrx_word' id='word_1_321' title='bbox 3401 1988 3511 2044; x_wconf 91' lang='lat' dir='ltr'>hoc</span> <span class='ocrx_word' id='word_1_322' title='bbox 3526 1986 3707 2060; x_wconf 90' lang='lat' dir='ltr'>patri-</span> 
     </span>
    </p>
   </div>
   <div class='ocr_carea' id='block_1_47' title="bbox 2060 2077 3706 2153">
    <p class='ocr_par' dir='ltr' id='par_1_47' title="bbox 2060 2077 3706 2153">
     <span class='ocr_line' id='line_1_49' title="bbox 2060 2077 3706 2153; baseline -0.002 -16"><span class='ocrx_word' id='word_1_323' title='bbox 2060 2081 2322 2137; x_wconf 90' lang='lat' dir='ltr'>monium</span> <span class='ocrx_word' id='word_1_324' title='bbox 2355 2082 2716 2153; x_wconf 79' lang='lat' dir='ltr'>gubernasse</span> <span class='ocrx_word' id='word_1_325' title='bbox 2734 2080 3129 2151; x_wconf 83' lang='lat' dir='ltr'>cognoscitur,</span> <span class='ocrx_word' id='word_1_326' title='bbox 3157 2084 3350 2150; x_wconf 86' lang='lat' dir='ltr'>partes</span> <span class='ocrx_word' id='word_1_327' title='bbox 3367 2077 3706 2134; x_wconf 77' lang='lat' dir='ltr'>Dominices</span> 
     </span>
    </p>
   </div>
   <div class='ocr_carea' id='block_1_48' title="bbox 2058 2170 2922 2242">
    <p class='ocr_par' dir='ltr' id='par_1_48' title="bbox 2058 2170 2922 2242">
     <span class='ocr_line' id='line_1_50' title="bbox 2058 2170 2922 2242; baseline -0.002 -17"><span class='ocrx_word' id='word_1_328' title='bbox 2058 2175 2302 2242; x_wconf 79' lang='lat' dir='ltr'>cogatur</span> <span class='ocrx_word' id='word_1_329' title='bbox 2331 2171 2572 2227; x_wconf 90' lang='lat' dir='ltr'>reddere</span> <span class='ocrx_word' id='word_1_330' title='bbox 2595 2170 2922 2225; x_wconf 87' lang='lat' dir='ltr'>indemnes.</span> 
     </span>
    </p>
   </div>
   <div class='ocr_carea' id='block_1_49' title="bbox 2056 2288 3707 2366">
    <p class='ocr_par' dir='ltr' id='par_1_49' title="bbox 2056 2288 3707 2366">
     <span class='ocr_line' id='line_1_51' title="bbox 2056 2288 3707 2366; baseline -0.002 -17"><span class='ocrx_word' id='word_1_331' title='bbox 2056 2294 2184 2350; x_wconf 74' lang='lat' dir='ltr'>CAP.</span> <span class='ocrx_word' id='word_1_332' title='bbox 2218 2293 2343 2351; x_wconf 77' lang='grc'>412.</span> <span class='ocrx_word' id='word_1_333' title='bbox 2376 2325 2445 2335; x_wconf 95' lang='grc'><strong>-</strong></span> <span class='ocrx_word' id='word_1_334' title='bbox 2482 2294 2557 2366; x_wconf 81' lang='lat' dir='ltr'>Ne</span> <span class='ocrx_word' id='word_1_335' title='bbox 2604 2293 2729 2366; x_wconf 82' lang='lat' dir='ltr'>quis</span> <span class='ocrx_word' id='word_1_336' title='bbox 2767 2310 2981 2348; x_wconf 84' lang='lat' dir='ltr'>servum</span> <span class='ocrx_word' id='word_1_337' title='bbox 3031 2291 3233 2366; x_wconf 82' lang='lat' dir='ltr'>iudicet</span> <span class='ocrx_word' id='word_1_338' title='bbox 3261 2289 3528 2366; x_wconf 78' lang='lat' dir='ltr'>alienum.</span> <span class='ocrx_word' id='word_1_339' title='bbox 3574 2288 3707 2345; x_wconf 77' lang='lat' dir='ltr'>The-</span> 
     </span>
    </p>
   </div>
   <div class='ocr_carea' id='block_1_50' title="bbox 2404 2361 3357 2437">
    <p class='ocr_par' dir='ltr' id='par_1_50' title="bbox 2404 2361 3357 2437">
     <span class='ocr_line' id='line_1_52' title="bbox 2404 2361 3357 2437; baseline -0.004 -17"><span class='ocrx_word' id='word_1_340' title='bbox 2404 2361 2689 2437; x_wconf 72' lang='lat' dir='ltr'>lesphorus</span> <span class='ocrx_word' id='word_1_341' title='bbox 2714 2382 2861 2437; x_wconf 87' lang='lat' dir='ltr'>papa</span> <span class='ocrx_word' id='word_1_342' title='bbox 2887 2364 3163 2436; x_wconf 77' lang='lat' dir='ltr'>fratribus</span> <span class='ocrx_word' id='word_1_343' title='bbox 3192 2361 3357 2434; x_wconf 83' lang='lat' dir='ltr'>episc.</span> 
     </span>
    </p>
   </div>
   <div class='ocr_carea' id='block_1_51' title="bbox 2128 2466 3701 2544">
    <p class='ocr_par' dir='ltr' id='par_1_51' title="bbox 2128 2466 3701 2544">
     <span class='ocr_line' id='line_1_53' title="bbox 2128 2466 3701 2544; baseline -0.005 -16"><span class='ocrx_word' id='word_1_344' title='bbox 2128 2473 2200 2527; x_wconf 89' lang='lat' dir='ltr'>Tu</span> <span class='ocrx_word' id='word_1_345' title='bbox 2216 2473 2338 2543; x_wconf 83' lang='lat' dir='ltr'>quis</span> <span class='ocrx_word' id='word_1_346' title='bbox 2354 2488 2410 2528; x_wconf 83' lang='lat' dir='ltr'>es</span> <span class='ocrx_word' id='word_1_347' title='bbox 2433 2474 2530 2544; x_wconf 89' lang='lat' dir='ltr'>qui</span> <span class='ocrx_word' id='word_1_348' title='bbox 2540 2471 2768 2542; x_wconf 68' lang='lat' dir='ltr'>Iudicas</span> <span class='ocrx_word' id='word_1_349' title='bbox 2794 2470 3055 2527; x_wconf 83' lang='lat' dir='ltr'>alienum</span> <span class='ocrx_word' id='word_1_350' title='bbox 3075 2485 3293 2525; x_wconf 82' lang='lat' dir='ltr'>servum</span> <span class='ocrx_word' id='word_1_351' title='bbox 3314 2469 3339 2520; x_wconf 72' lang='lat'>.9</span> <span class='ocrx_word' id='word_1_352' title='bbox 3365 2466 3536 2536; x_wconf 82' lang='lat' dir='ltr'>(Rom.</span> <span class='ocrx_word' id='word_1_353' title='bbox 3560 2466 3701 2537; x_wconf 78' lang='lat' dir='ltr'>xxv.)</span> 
     </span>
    </p>
   </div>
   <div class='ocr_carea' id='block_1_52' title="bbox 293 2529 3705 2631">
    <p class='ocr_par' dir='ltr' id='par_1_52' title="bbox 293 2529 3705 2631">
     <span class='ocr_line' id='line_1_54' title="bbox 293 2529 3705 2631; baseline 0.006 -48"><span class='ocrx_word' id='word_1_354' title='bbox 293 2529 715 2631; x_wconf 69' lang='lat' dir='ltr'>sollicitaverit,</span> <span class='ocrx_word' id='word_1_355' title='bbox 748 2536 1130 2631; x_wconf 28' lang='lat' dir='ltr'>ut-quasdam</span> <span class='ocrx_word' id='word_1_356' title='bbox 1158 2552 1249 2631; x_wconf 77' lang='lat' dir='ltr'>res</span> <span class='ocrx_word' id='word_1_357' title='bbox 1268 2537 1506 2631; x_wconf 73' lang='lat' dir='ltr'>domino</span> <span class='ocrx_word' id='word_1_358' title='bbox 1528 2536 1947 2631; x_wconf 10' lang='lat' dir='ltr'>subripieret,_et</span> <span class='ocrx_word' id='word_1_359' title='bbox 2057 2529 2260 2617; x_wconf 62' lang='lat' dir='ltr'>procu&#39;l</span> <span class='ocrx_word' id='word_1_360' title='bbox 2290 2529 2469 2617; x_wconf 44' lang='lat' dir='ltr'>dubi;</span> <span class='ocrx_word' id='word_1_361' title='bbox 2502 2529 2906 2631; x_wconf 38' lang='lat'>58,58,888”</span> <span class='ocrx_word' id='word_1_362' title='bbox 2936 2575 2997 2615; x_wconf 70' lang='grc' dir='ltr'>εδ</span> <span class='ocrx_word' id='word_1_363' title='bbox 3027 2557 3172 2630; x_wconf 64' lang='lat' dir='ltr'>legis</span> <span class='ocrx_word' id='word_1_364' title='bbox 3204 2557 3305 2613; x_wconf 72' lang='lat' dir='ltr'>Dei</span> <span class='ocrx_word' id='word_1_365' title='bbox 3338 2529 3395 2611; x_wconf 55' lang='lat' dir='ltr'>ei</span> <span class='ocrx_word' id='word_1_366' title='bbox 3415 2529 3705 2628; x_wconf 49' lang='lat' dir='ltr'>apostolo;</span> 
     </span>
    </p>
   </div>
   <div class='ocr_carea' id='block_1_53' title="bbox 296 2619 1942 2697">
    <p class='ocr_par' dir='ltr' id='par_1_53' title="bbox 296 2619 1942 2697">
     <span class='ocr_line' id='line_1_55' title="bbox 296 2619 1942 2697; baseline 0.005 -24"><span class='ocrx_word' id='word_1_367' title='bbox 296 2619 369 2673; x_wconf 91' lang='lat' dir='ltr'>ad</span> <span class='ocrx_word' id='word_1_368' title='bbox 392 2636 525 2675; x_wconf 91' lang='lat' dir='ltr'>eum</span> <span class='ocrx_word' id='word_1_369' title='bbox 560 2623 931 2694; x_wconf 74' lang='lat' dir='ltr'>perferret,et</span> <span class='ocrx_word' id='word_1_370' title='bbox 949 2641 1152 2680; x_wconf 90' lang='lat' dir='ltr'>servus</span> <span class='ocrx_word' id='word_1_371' title='bbox 1173 2626 1229 2679; x_wconf 90' lang='lat' dir='ltr'>id</span> <span class='ocrx_word' id='word_1_372' title='bbox 1252 2626 1318 2679; x_wconf 87' lang='lat' dir='ltr'>ad</span> <span class='ocrx_word' id='word_1_373' title='bbox 1341 2626 1599 2680; x_wconf 63' lang='lat' dir='ltr'>Mevium</span> <span class='ocrx_word' id='word_1_374' title='bbox 1618 2625 1942 2697; x_wconf 86' lang='lat' dir='ltr'>pertulerit;</span> 
     </span>
    </p>
   </div>
   <div class='ocr_carea' id='block_1_54' title="bbox 296 2707 1943 2786">
    <p class='ocr_par' dir='ltr' id='par_1_54' title="bbox 296 2707 1943 2786">
     <span class='ocr_line' id='line_1_56' title="bbox 296 2707 1943 2786; baseline 0.005 -25"><span class='ocrx_word' id='word_1_375' title='bbox 296 2707 533 2765; x_wconf 75' lang='lat' dir='ltr'>Maevius</span> <span class='ocrx_word' id='word_1_376' title='bbox 562 2711 702 2766; x_wconf 86' lang='lat' dir='ltr'>dum</span> <span class='ocrx_word' id='word_1_377' title='bbox 721 2712 1078 2768; x_wconf 89' lang='lat' dir='ltr'>vultTitium</span> <span class='ocrx_word' id='word_1_378' title='bbox 1101 2714 1159 2768; x_wconf 91' lang='lat' dir='ltr'>in</span> <span class='ocrx_word' id='word_1_379' title='bbox 1185 2714 1312 2786; x_wconf 90' lang='lat' dir='ltr'>ipso</span> <span class='ocrx_word' id='word_1_380' title='bbox 1336 2714 1791 2785; x_wconf 85' lang='lat' dir='ltr'>deprehendere,</span> <span class='ocrx_word' id='word_1_381' title='bbox 1812 2731 1943 2785; x_wconf 85' lang='lat' dir='ltr'>per-</span> 
     </span>
    </p>
   </div>
   <div class='ocr_carea' id='block_1_55' title="bbox 295 2798 1941 2875">
    <p class='ocr_par' dir='ltr' id='par_1_55' title="bbox 295 2798 1941 2875">
     <span class='ocr_line' id='line_1_57' title="bbox 295 2798 1941 2875; baseline 0.004 -24"><span class='ocrx_word' id='word_1_382' title='bbox 295 2798 461 2852; x_wconf 88' lang='lat' dir='ltr'>misit</span> <span class='ocrx_word' id='word_1_383' title='bbox 490 2814 719 2854; x_wconf 89' lang='lat' dir='ltr'>servum</span> <span class='ocrx_word' id='word_1_384' title='bbox 756 2802 1038 2872; x_wconf 90' lang='lat' dir='ltr'>quasdem</span> <span class='ocrx_word' id='word_1_385' title='bbox 1073 2818 1166 2858; x_wconf 89' lang='lat' dir='ltr'>res</span> <span class='ocrx_word' id='word_1_386' title='bbox 1183 2804 1253 2857; x_wconf 93' lang='lat' dir='ltr'>ad</span> <span class='ocrx_word' id='word_1_387' title='bbox 1278 2819 1409 2858; x_wconf 88' lang='lat' dir='ltr'>eum</span> <span class='ocrx_word' id='word_1_388' title='bbox 1431 2804 1718 2875; x_wconf 84' lang='lat' dir='ltr'>perferre:</span> <span class='ocrx_word' id='word_1_389' title='bbox 1743 2809 1941 2859; x_wconf 91' lang='lat' dir='ltr'>utrum</span> 
     </span>
    </p>
   </div>
   <div class='ocr_carea' id='block_1_56' title="bbox 300 2886 1938 2963">
    <p class='ocr_par' dir='ltr' id='par_1_56' title="bbox 300 2886 1938 2963">
     <span class='ocr_line' id='line_1_58' title="bbox 300 2886 1938 2963; baseline 0.006 -24"><span class='ocrx_word' id='word_1_390' title='bbox 300 2886 461 2953; x_wconf 78' lang='lat' dir='ltr'>furti,</span> <span class='ocrx_word' id='word_1_391' title='bbox 495 2903 567 2943; x_wconf 93' lang='lat' dir='ltr'>an</span> <span class='ocrx_word' id='word_1_392' title='bbox 601 2889 748 2944; x_wconf 89' lang='lat' dir='ltr'>servi</span> <span class='ocrx_word' id='word_1_393' title='bbox 784 2892 1039 2963; x_wconf 88' lang='lat' dir='ltr'>corrupti</span> <span class='ocrx_word' id='word_1_394' title='bbox 1072 2895 1341 2947; x_wconf 91' lang='lat' dir='ltr'>teneatur</span> <span class='ocrx_word' id='word_1_395' title='bbox 1363 2892 1572 2961; x_wconf 91' lang='lat' dir='ltr'>Titius,</span> <span class='ocrx_word' id='word_1_396' title='bbox 1605 2909 1678 2948; x_wconf 92' lang='lat' dir='ltr'>an</span> <span class='ocrx_word' id='word_1_397' title='bbox 1712 2898 1938 2949; x_wconf 90' lang='lat' dir='ltr'>neutro.</span> 
     </span>
    </p>
   </div>
   <div class='ocr_carea' id='block_1_57' title="bbox 292 2975 1935 3052">
    <p class='ocr_par' dir='ltr' id='par_1_57' title="bbox 292 2975 1935 3052">
     <span class='ocr_line' id='line_1_59' title="bbox 292 2975 1935 3052; baseline 0.005 -23"><span class='ocrx_word' id='word_1_398' title='bbox 292 2975 362 3029; x_wconf 87' lang='lat' dir='ltr'>Et</span> <span class='ocrx_word' id='word_1_399' title='bbox 393 2992 525 3031; x_wconf 89' lang='lat' dir='ltr'>cum</span> <span class='ocrx_word' id='word_1_400' title='bbox 547 2978 715 3032; x_wconf 88' lang='lat' dir='ltr'>nobis</span> <span class='ocrx_word' id='word_1_401' title='bbox 739 2995 917 3051; x_wconf 91' lang='lat' dir='ltr'>super</span> <span class='ocrx_word' id='word_1_402' title='bbox 935 2980 1043 3035; x_wconf 90' lang='lat' dir='ltr'>hac</span> <span class='ocrx_word' id='word_1_403' title='bbox 1066 2981 1434 3036; x_wconf 87' lang='lat' dir='ltr'>dubitatione</span> <span class='ocrx_word' id='word_1_404' title='bbox 1458 2987 1802 3052; x_wconf 83' lang='lat' dir='ltr'>suggestum</span> <span class='ocrx_word' id='word_1_405' title='bbox 1826 2986 1935 3051; x_wconf 88' lang='lat' dir='ltr'>est,</span> 
     </span>
    </p>
   </div>
   <div class='ocr_carea' id='block_1_58' title="bbox 288 3064 1937 3141">
    <p class='ocr_par' dir='ltr' id='par_1_58' title="bbox 288 3064 1937 3141">
     <span class='ocr_line' id='line_1_60' title="bbox 288 3064 1937 3141; baseline 0.006 -23"><span class='ocrx_word' id='word_1_406' title='bbox 288 3068 346 3119; x_wconf 88' lang='lat' dir='ltr'>et</span> <span class='ocrx_word' id='word_1_407' title='bbox 377 3064 753 3136; x_wconf 90' lang='lat' dir='ltr'>antiquorum</span> <span class='ocrx_word' id='word_1_408' title='bbox 789 3069 1163 3138; x_wconf 88' lang='lat' dir='ltr'>prudentium</span> <span class='ocrx_word' id='word_1_409' title='bbox 1194 3086 1370 3141; x_wconf 88' lang='lat' dir='ltr'>super</span> <span class='ocrx_word' id='word_1_410' title='bbox 1400 3070 1510 3125; x_wconf 93' lang='lat' dir='ltr'>hoc</span> <span class='ocrx_word' id='word_1_411' title='bbox 1532 3069 1937 3128; x_wconf 88' lang='lat' dir='ltr'>altercationes</span> 
     </span>
    </p>
   </div>
   <div class='ocr_carea' id='block_1_59' title="bbox 288 3154 1934 3232">
    <p class='ocr_par' dir='ltr' id='par_1_59' title="bbox 288 3154 1934 3232">
     <span class='ocr_line' id='line_1_61' title="bbox 288 3154 1934 3232; baseline 0.007 -26"><span class='ocrx_word' id='word_1_412' title='bbox 288 3154 716 3224; x_wconf 86' lang='lat' dir='ltr'>perspeximus,</span> <span class='ocrx_word' id='word_1_413' title='bbox 751 3155 1106 3227; x_wconf 87' lang='lat' dir='ltr'>quibusdam</span> <span class='ocrx_word' id='word_1_414' title='bbox 1140 3173 1331 3229; x_wconf 90' lang='lat' dir='ltr'>neque</span> <span class='ocrx_word' id='word_1_415' title='bbox 1380 3158 1519 3214; x_wconf 78' lang='lat' dir='ltr'>furti</span> <span class='ocrx_word' id='word_1_416' title='bbox 1568 3176 1757 3232; x_wconf 87' lang='lat' dir='ltr'>neque</span> <span class='ocrx_word' id='word_1_417' title='bbox 1789 3164 1934 3217; x_wconf 90' lang='lat' dir='ltr'>servi</span> 
     </span>
    </p>
   </div>
   <div class='ocr_carea' id='block_1_60' title="bbox 288 3241 1935 3319">
    <p class='ocr_par' dir='ltr' id='par_1_60' title="bbox 288 3241 1935 3319">
     <span class='ocr_line' id='line_1_62' title="bbox 288 3241 1935 3319; baseline 0.007 -26"><span class='ocrx_word' id='word_1_418' title='bbox 288 3241 545 3311; x_wconf 91' lang='lat' dir='ltr'>corrupti</span> <span class='ocrx_word' id='word_1_419' title='bbox 580 3243 869 3298; x_wconf 90' lang='lat' dir='ltr'>actionem</span> <span class='ocrx_word' id='word_1_420' title='bbox 907 3247 1340 3316; x_wconf 54' lang='lat' dir='ltr'>praestantibus,</span> <span class='ocrx_word' id='word_1_421' title='bbox 1394 3247 1749 3319; x_wconf 87' lang='lat' dir='ltr'>quibusdam</span> <span class='ocrx_word' id='word_1_422' title='bbox 1798 3250 1935 3306; x_wconf 86' lang='lat' dir='ltr'>furti</span> 
     </span>
    </p>
   </div>
   <div class='ocr_carea' id='block_1_61' title="bbox 292 3332 1933 3406">
    <p class='ocr_par' dir='ltr' id='par_1_61' title="bbox 292 3332 1933 3406">
     <span class='ocr_line' id='line_1_63' title="bbox 292 3332 1933 3406; baseline 0.008 -24"><span class='ocrx_word' id='word_1_423' title='bbox 292 3332 727 3401; x_wconf 89' lang='lat' dir='ltr'>tantummodo,</span> <span class='ocrx_word' id='word_1_424' title='bbox 796 3350 903 3388; x_wconf 91' lang='lat' dir='ltr'>nos</span> <span class='ocrx_word' id='word_1_425' title='bbox 952 3333 1293 3406; x_wconf 86' lang='lat' dir='ltr'>hujnsmodi</span> <span class='ocrx_word' id='word_1_426' title='bbox 1356 3337 1659 3393; x_wconf 86' lang='lat' dir='ltr'>calliditati</span> <span class='ocrx_word' id='word_1_427' title='bbox 1704 3339 1933 3395; x_wconf 88' lang='lat' dir='ltr'>obviam</span> 
     </span>
    </p>
   </div>
   <div class='ocr_carea' id='block_1_62' title="bbox 287 3423 1935 3491">
    <p class='ocr_par' dir='ltr' id='par_1_62' title="bbox 287 3423 1935 3491">
     <span class='ocr_line' id='line_1_64' title="bbox 287 3423 1935 3491; baseline 0.008 -20"><span class='ocrx_word' id='word_1_428' title='bbox 287 3427 510 3487; x_wconf 86' lang='lat' dir='ltr'>euntes,</span> <span class='ocrx_word' id='word_1_429' title='bbox 543 3436 645 3490; x_wconf 88' lang='lat' dir='ltr'>per</span> <span class='ocrx_word' id='word_1_430' title='bbox 678 3426 933 3477; x_wconf 89' lang='lat' dir='ltr'>nostram</span> <span class='ocrx_word' id='word_1_431' title='bbox 969 3423 1322 3481; x_wconf 89' lang='lat' dir='ltr'>decisionem</span> <span class='ocrx_word' id='word_1_432' title='bbox 1347 3426 1673 3491; x_wconf 73' lang='lat' dir='ltr'>saziximus,</span> <span class='ocrx_word' id='word_1_433' title='bbox 1705 3445 1817 3483; x_wconf 89' lang='lat' dir='ltr'>non</span> <span class='ocrx_word' id='word_1_434' title='bbox 1843 3446 1935 3484; x_wconf 90' lang='lat' dir='ltr'>so-</span> 
     </span>
    </p>
   </div>
   <div class='ocr_carea' id='block_1_63' title="bbox 289 3505 1934 3587">
    <p class='ocr_par' dir='ltr' id='par_1_63' title="bbox 289 3505 1934 3587">
     <span class='ocr_line' id='line_1_65' title="bbox 289 3505 1934 3587; baseline 0.009 -28"><span class='ocrx_word' id='word_1_435' title='bbox 289 3505 410 3561; x_wconf 92' lang='lat' dir='ltr'>lum</span> <span class='ocrx_word' id='word_1_436' title='bbox 444 3507 583 3562; x_wconf 84' lang='lat' dir='ltr'>furti</span> <span class='ocrx_word' id='word_1_437' title='bbox 615 3510 926 3581; x_wconf 87' lang='lat' dir='ltr'>actionem,</span> <span class='ocrx_word' id='word_1_438' title='bbox 951 3515 1051 3568; x_wconf 90' lang='lat' dir='ltr'>sed</span> <span class='ocrx_word' id='word_1_439' title='bbox 1076 3513 1252 3568; x_wconf 90' lang='lat' dir='ltr'>etiam</span> <span class='ocrx_word' id='word_1_440' title='bbox 1276 3515 1422 3569; x_wconf 91' lang='lat' dir='ltr'>servi</span> <span class='ocrx_word' id='word_1_441' title='bbox 1449 3518 1707 3587; x_wconf 87' lang='lat' dir='ltr'>corrupti</span> <span class='ocrx_word' id='word_1_442' title='bbox 1729 3525 1934 3573; x_wconf 90' lang='lat' dir='ltr'>contra</span> 
     </span>
    </p>
   </div>
   <div class='ocr_carea' id='block_1_64' title="bbox 288 3596 1932 3662">
    <p class='ocr_par' dir='ltr' id='par_1_64' title="bbox 288 3596 1932 3662">
     <span class='ocr_line' id='line_1_66' title="bbox 288 3596 1932 3662; baseline 0.008 -13"><span class='ocrx_word' id='word_1_443' title='bbox 288 3611 419 3650; x_wconf 90' lang='lat' dir='ltr'>eum</span> <span class='ocrx_word' id='word_1_444' title='bbox 453 3596 600 3651; x_wconf 88' lang='lat' dir='ltr'>dari.</span> <span class='ocrx_word' id='word_1_445' title='bbox 637 3598 801 3655; x_wconf 89' lang='lat' dir='ltr'>Dicet</span> <span class='ocrx_word' id='word_1_446' title='bbox 831 3601 985 3655; x_wconf 89' lang='lat' dir='ltr'>enim</span> <span class='ocrx_word' id='word_1_447' title='bbox 1021 3602 1069 3656; x_wconf 91' lang='lat' dir='ltr'>is</span> <span class='ocrx_word' id='word_1_448' title='bbox 1096 3618 1299 3658; x_wconf 84' lang='lat' dir='ltr'>servus</span> <span class='ocrx_word' id='word_1_449' title='bbox 1324 3605 1577 3659; x_wconf 86' lang='lat' dir='ltr'>deterior</span> <span class='ocrx_word' id='word_1_450' title='bbox 1598 3622 1629 3659; x_wconf 93' lang='lat' dir='ltr'>a</span> <span class='ocrx_word' id='word_1_451' title='bbox 1652 3605 1932 3662; x_wconf 83' lang='lat' dir='ltr'>sollicita-</span> 
     </span>
    </p>
   </div>
   <div class='ocr_carea' id='block_1_65' title="bbox 289 3685 1935 3760">
    <p class='ocr_par' dir='ltr' id='par_1_65' title="bbox 289 3685 1935 3760">
     <span class='ocr_line' id='line_1_67' title="bbox 289 3685 1935 3760; baseline 0.008 -23"><span class='ocrx_word' id='word_1_452' title='bbox 289 3689 412 3738; x_wconf 89' lang='lat' dir='ltr'>tore</span> <span class='ocrx_word' id='word_1_453' title='bbox 457 3685 699 3742; x_wconf 89' lang='lat' dir='ltr'>minime</span> <span class='ocrx_word' id='word_1_454' title='bbox 748 3689 937 3745; x_wconf 83' lang='lat' dir='ltr'>factus</span> <span class='ocrx_word' id='word_1_455' title='bbox 988 3695 1097 3760; x_wconf 89' lang='lat' dir='ltr'>est,</span> <span class='ocrx_word' id='word_1_456' title='bbox 1131 3698 1188 3748; x_wconf 90' lang='lat' dir='ltr'>et</span> <span class='ocrx_word' id='word_1_457' title='bbox 1239 3692 1368 3748; x_wconf 91' lang='lat' dir='ltr'>ideo</span> <span class='ocrx_word' id='word_1_458' title='bbox 1418 3710 1530 3749; x_wconf 92' lang='lat' dir='ltr'>non</span> <span class='ocrx_word' id='word_1_459' title='bbox 1581 3701 1935 3751; x_wconf 88' lang='lat' dir='ltr'>concurrant</span> 
     </span>
    </p>
   </div>
   <div class='ocr_carea' id='block_1_66' title="bbox 288 3774 1929 3853">
    <p class='ocr_par' dir='ltr' id='par_1_66' title="bbox 288 3774 1929 3853">
     <span class='ocr_line' id='line_1_68' title="bbox 288 3774 1929 3853; baseline 0.009 -27"><span class='ocrx_word' id='word_1_460' title='bbox 288 3774 501 3845; x_wconf 70' lang='lat' dir='ltr'>regula:</span> <span class='ocrx_word' id='word_1_461' title='bbox 536 3793 662 3847; x_wconf 66' lang='lat' dir='ltr'>quas</span> <span class='ocrx_word' id='word_1_462' title='bbox 695 3779 841 3833; x_wconf 86' lang='lat' dir='ltr'>servi</span> <span class='ocrx_word' id='word_1_463' title='bbox 873 3782 1131 3853; x_wconf 91' lang='lat' dir='ltr'>corrupti</span> <span class='ocrx_word' id='word_1_464' title='bbox 1184 3782 1473 3837; x_wconf 89' lang='lat' dir='ltr'>actionem</span> <span class='ocrx_word' id='word_1_465' title='bbox 1532 3783 1929 3853; x_wconf 86' lang='lat' dir='ltr'>introducant,</span> 
     </span>
    </p>
   </div>
   <div class='ocr_carea' id='block_1_67' title="bbox 286 3864 1930 3945">
    <p class='ocr_par' dir='ltr' id='par_1_67' title="bbox 286 3864 1930 3945">
     <span class='ocr_line' id='line_1_69' title="bbox 286 3864 1930 3945; baseline 0.01 -30"><span class='ocrx_word' id='word_1_466' title='bbox 286 3864 476 3918; x_wconf 88' lang='lat' dir='ltr'>tamen</span> <span class='ocrx_word' id='word_1_467' title='bbox 499 3865 807 3921; x_wconf 88' lang='lat' dir='ltr'>consilium</span> <span class='ocrx_word' id='word_1_468' title='bbox 826 3872 1180 3941; x_wconf 88' lang='lat' dir='ltr'>corruptoris</span> <span class='ocrx_word' id='word_1_469' title='bbox 1194 3872 1263 3925; x_wconf 92' lang='lat' dir='ltr'>ad</span> <span class='ocrx_word' id='word_1_470' title='bbox 1287 3871 1599 3944; x_wconf 79' lang='lat' dir='ltr'>perniciem</span> <span class='ocrx_word' id='word_1_471' title='bbox 1621 3874 1930 3945; x_wconf 87' lang='lat' dir='ltr'>probitatis</span> 
     </span>
    </p>
   </div>
   <div class='ocr_carea' id='block_1_68' title="bbox 287 3951 1929 4035">
    <p class='ocr_par' dir='ltr' id='par_1_68' title="bbox 287 3951 1929 4035">
     <span class='ocr_line' id='line_1_70' title="bbox 287 3951 1929 4035; baseline 0.011 -31"><span class='ocrx_word' id='word_1_472' title='bbox 287 3951 433 4005; x_wconf 89' lang='lat' dir='ltr'>servi</span> <span class='ocrx_word' id='word_1_473' title='bbox 464 3951 865 4010; x_wconf 87' lang='lat' dir='ltr'>introductum</span> <span class='ocrx_word' id='word_1_474' title='bbox 898 3962 1005 4025; x_wconf 89' lang='lat' dir='ltr'>est,</span> <span class='ocrx_word' id='word_1_475' title='bbox 1044 3964 1107 4013; x_wconf 90' lang='lat' dir='ltr'>ut</span> <span class='ocrx_word' id='word_1_476' title='bbox 1126 3960 1202 4014; x_wconf 90' lang='lat' dir='ltr'>sit</span> <span class='ocrx_word' id='word_1_477' title='bbox 1224 3962 1273 4015; x_wconf 78' lang='lat' dir='ltr'>ei</span> <span class='ocrx_word' id='word_1_478' title='bbox 1300 3960 1545 4032; x_wconf 75' lang='lat' dir='ltr'>pmnalis</span> <span class='ocrx_word' id='word_1_479' title='bbox 1570 3963 1716 4018; x_wconf 91' lang='lat' dir='ltr'>actio</span> <span class='ocrx_word' id='word_1_480' title='bbox 1738 3964 1929 4035; x_wconf 87' lang='lat' dir='ltr'>impo-</span> 
     </span>
    </p>
   </div>
   <div class='ocr_carea' id='block_1_69' title="bbox 286 4042 1923 4125">
    <p class='ocr_par' dir='ltr' id='par_1_69' title="bbox 286 4042 1923 4125">
     <span class='ocr_line' id='line_1_71' title="bbox 286 4042 1923 4125; baseline 0.009 -30"><span class='ocrx_word' id='word_1_481' title='bbox 286 4042 414 4108; x_wconf 85' lang='lat' dir='ltr'>sita,</span> <span class='ocrx_word' id='word_1_482' title='bbox 448 4047 729 4113; x_wconf 90' lang='lat' dir='ltr'>tanquam</span> <span class='ocrx_word' id='word_1_483' title='bbox 765 4046 811 4099; x_wconf 89' lang='lat' dir='ltr'>si</span> <span class='ocrx_word' id='word_1_484' title='bbox 849 4063 908 4101; x_wconf 91' lang='lat' dir='ltr'>re</span> <span class='ocrx_word' id='word_1_485' title='bbox 941 4047 1068 4118; x_wconf 91' lang='lat' dir='ltr'>ipsa</span> <span class='ocrx_word' id='word_1_486' title='bbox 1114 4048 1291 4103; x_wconf 85' lang='lat' dir='ltr'>fuerit</span> <span class='ocrx_word' id='word_1_487' title='bbox 1339 4066 1540 4106; x_wconf 89' lang='lat' dir='ltr'>servus</span> <span class='ocrx_word' id='word_1_488' title='bbox 1589 4058 1923 4125; x_wconf 88' lang='lat' dir='ltr'>corruptus,</span> 
     </span>
    </p>
   </div>
   <div class='ocr_carea' id='block_1_70' title="bbox 284 4129 1924 4205">
    <p class='ocr_par' dir='ltr' id='par_1_70' title="bbox 284 4129 1924 4205">
     <span class='ocr_line' id='line_1_72' title="bbox 284 4129 1924 4205; baseline 0.009 -23"><span class='ocrx_word' id='word_1_489' title='bbox 284 4145 352 4183; x_wconf 92' lang='lat' dir='ltr'>ne</span> <span class='ocrx_word' id='word_1_490' title='bbox 382 4145 449 4183; x_wconf 84' lang='lat' dir='ltr'>ex</span> <span class='ocrx_word' id='word_1_491' title='bbox 480 4129 822 4200; x_wconf 87' lang='lat' dir='ltr'>hujusmodi</span> <span class='ocrx_word' id='word_1_492' title='bbox 857 4133 1234 4205; x_wconf 90' lang='lat' dir='ltr'>impunitate,</span> <span class='ocrx_word' id='word_1_493' title='bbox 1266 4142 1322 4192; x_wconf 92' lang='lat' dir='ltr'>et</span> <span class='ocrx_word' id='word_1_494' title='bbox 1353 4138 1409 4192; x_wconf 90' lang='lat' dir='ltr'>in</span> <span class='ocrx_word' id='word_1_495' title='bbox 1461 4138 1641 4195; x_wconf 91' lang='lat' dir='ltr'>alium</span> <span class='ocrx_word' id='word_1_496' title='bbox 1693 4158 1924 4197; x_wconf 91' lang='lat' dir='ltr'>servum</span> 
     </span>
    </p>
   </div>
   <div class='ocr_carea' id='block_1_71' title="bbox 284 4217 1925 4302">
    <p class='ocr_par' dir='ltr' id='par_1_71' title="bbox 284 4217 1925 4302">
     <span class='ocr_line' id='line_1_73' title="bbox 284 4217 1925 4302; baseline 0.01 -33"><span class='ocrx_word' id='word_1_497' title='bbox 284 4217 378 4287; x_wconf 89' lang='lat' dir='ltr'>qui</span> <span class='ocrx_word' id='word_1_498' title='bbox 412 4219 597 4288; x_wconf 89' lang='lat' dir='ltr'>possit</span> <span class='ocrx_word' id='word_1_499' title='bbox 625 4222 922 4292; x_wconf 88' lang='lat' dir='ltr'>corrumpi</span> <span class='ocrx_word' id='word_1_500' title='bbox 956 4224 1070 4278; x_wconf 87' lang='lat' dir='ltr'>tale</span> <span class='ocrx_word' id='word_1_501' title='bbox 1101 4225 1325 4281; x_wconf 82' lang='lat' dir='ltr'>facinus</span> <span class='ocrx_word' id='word_1_502' title='bbox 1356 4244 1389 4281; x_wconf 92' lang='lat' dir='ltr'>a</span> <span class='ocrx_word' id='word_1_503' title='bbox 1411 4228 1767 4300; x_wconf 90' lang='lat' dir='ltr'>quibusdam</span> <span class='ocrx_word' id='word_1_504' title='bbox 1793 4247 1925 4302; x_wconf 88' lang='lat' dir='ltr'>per-</span> 
     </span>
    </p>
   </div>
   <div class='ocr_carea' id='block_1_72' title="bbox 285 4310 558 4375">
    <p class='ocr_par' dir='ltr' id='par_1_72' title="bbox 285 4310 558 4375">
     <span class='ocr_line' id='line_1_74' title="bbox 285 4310 558 4375; baseline 0.011 -17"><span class='ocrx_word' id='word_1_505' title='bbox 285 4310 558 4375; x_wconf 88' lang='lat' dir='ltr'>petretur.</span> 
     </span>
    </p>
   </div>
   <div class='ocr_carea' id='block_1_73' title="bbox 285 4395 1999 4491">
    <p class='ocr_par' dir='ltr' id='par_1_73' title="bbox 285 4395 1999 4491">
     <span class='ocr_line' id='line_1_75' title="bbox 285 4395 1999 4491; baseline 0.01 -43"><span class='ocrx_word' id='word_1_506' title='bbox 285 4396 406 4449; x_wconf 74' lang='lat' dir='ltr'>CAP.</span> <span class='ocrx_word' id='word_1_507' title='bbox 441 4395 563 4451; x_wconf 75' lang='grc'>409.</span> <span class='ocrx_word' id='word_1_508' title='bbox 606 4428 673 4437; x_wconf 91' lang='grc'><strong><em>-</em></strong></span> <span class='ocrx_word' id='word_1_509' title='bbox 701 4400 954 4491; x_wconf 9' lang='lat' dir='ltr'>Deserat),</span> <span class='ocrx_word' id='word_1_510' title='bbox 974 4418 1106 4491; x_wconf 75' lang='lat' dir='ltr'>cum</span> <span class='ocrx_word' id='word_1_511' title='bbox 1128 4408 1540 4491; x_wconf 46' lang='lat' dir='ltr'>qua-negotium</span> <span class='ocrx_word' id='word_1_512' title='bbox 1566 4413 1781 4476; x_wconf 84' lang='lat' dir='ltr'>gestum</span> <span class='ocrx_word' id='word_1_513' title='bbox 1798 4411 1921 4479; x_wconf 79' lang='lat' dir='ltr'>fue-</span> <span class='ocrx_word' id='word_1_514' title='bbox 1952 4426 1999 4491; x_wconf 72' lang='grc' dir='ltr'><strong>Ι)</strong></span> 
     </span>
    </p>
   </div>
   <div class='ocr_carea' id='block_1_74' title="bbox 774 4474 1413 4540">
    <p class='ocr_par' dir='ltr' id='par_1_74' title="bbox 774 4474 1413 4540">
     <span class='ocr_line' id='line_1_76' title="bbox 774 4474 1413 4540; baseline 0.014 -17"><span class='ocrx_word' id='word_1_515' title='bbox 774 4474 869 4539; x_wconf 86' lang='lat' dir='ltr'>rit,</span> <span class='ocrx_word' id='word_1_516' title='bbox 903 4477 1066 4528; x_wconf 86' lang='lat' dir='ltr'>tract.</span> <span class='ocrx_word' id='word_1_517' title='bbox 1100 4474 1174 4540; x_wconf 78' lang='lat' dir='ltr'>vi,</span> <span class='ocrx_word' id='word_1_518' title='bbox 1207 4474 1294 4531; x_wconf 83' lang='lat' dir='ltr'>lit.</span> <span class='ocrx_word' id='word_1_519' title='bbox 1322 4493 1413 4532; x_wconf 87' lang='lat' dir='ltr'>vn.</span> 
     </span>
    </p>
   </div>
   <div class='ocr_carea' id='block_1_75' title="bbox 352 4554 1919 4641">
    <p class='ocr_par' dir='ltr' id='par_1_75' title="bbox 352 4554 1919 4641">
     <span class='ocr_line' id='line_1_77' title="bbox 352 4554 1919 4641; baseline 0.01 -32"><span class='ocrx_word' id='word_1_520' title='bbox 352 4554 408 4609; x_wconf 91' lang='lat' dir='ltr'>Si</span> <span class='ocrx_word' id='word_1_521' title='bbox 433 4556 610 4626; x_wconf 89' lang='lat' dir='ltr'>jussu</span> <span class='ocrx_word' id='word_1_522' title='bbox 660 4559 882 4615; x_wconf 90' lang='lat' dir='ltr'>domini</span> <span class='ocrx_word' id='word_1_523' title='bbox 932 4578 1064 4617; x_wconf 90' lang='lat' dir='ltr'>cum</span> <span class='ocrx_word' id='word_1_524' title='bbox 1116 4580 1283 4619; x_wconf 87' lang='lat' dir='ltr'>servo</span> <span class='ocrx_word' id='word_1_525' title='bbox 1332 4567 1631 4637; x_wconf 86' lang='lat' dir='ltr'>negotium</span> <span class='ocrx_word' id='word_1_526' title='bbox 1683 4573 1919 4641; x_wconf 87' lang='lat' dir='ltr'>gestum</span> 
     </span>
    </p>
   </div>
   <div class='ocr_carea' id='block_1_76' title="bbox 282 4643 1917 4721">
    <p class='ocr_par' dir='ltr' id='par_1_76' title="bbox 282 4643 1917 4721">
     <span class='ocr_line' id='line_1_78' title="bbox 282 4643 1917 4721; baseline 0.01 -24"><span class='ocrx_word' id='word_1_527' title='bbox 282 4643 471 4714; x_wconf 81' lang='lat' dir='ltr'>fuerit,</span> <span class='ocrx_word' id='word_1_528' title='bbox 507 4646 562 4699; x_wconf 91' lang='lat' dir='ltr'>in</span> <span class='ocrx_word' id='word_1_529' title='bbox 596 4646 849 4703; x_wconf 89' lang='lat' dir='ltr'>solidum</span> <span class='ocrx_word' id='word_1_530' title='bbox 884 4656 1091 4721; x_wconf 62' lang='lat' dir='ltr'>praetor</span> <span class='ocrx_word' id='word_1_531' title='bbox 1112 4654 1393 4710; x_wconf 90' lang='lat' dir='ltr'>adversus</span> <span class='ocrx_word' id='word_1_532' title='bbox 1410 4657 1713 4712; x_wconf 89' lang='lat' dir='ltr'>dominum</span> <span class='ocrx_word' id='word_1_533' title='bbox 1740 4661 1917 4714; x_wconf 86' lang='lat' dir='ltr'>actio-</span> 
     </span>
    </p>
   </div>
   <div class='ocr_carea' id='block_1_77' title="bbox 281 4734 1916 4817">
    <p class='ocr_par' dir='ltr' id='par_1_77' title="bbox 281 4734 1916 4817">
     <span class='ocr_line' id='line_1_79' title="bbox 281 4734 1916 4817; baseline 0.01 -31"><span class='ocrx_word' id='word_1_534' title='bbox 281 4749 407 4787; x_wconf 90' lang='lat' dir='ltr'>nem</span> <span class='ocrx_word' id='word_1_535' title='bbox 428 4734 756 4807; x_wconf 90' lang='lat' dir='ltr'>pollicetur,</span> <span class='ocrx_word' id='word_1_536' title='bbox 773 4738 1017 4794; x_wconf 89' lang='lat' dir='ltr'>scillicet</span> <span class='ocrx_word' id='word_1_537' title='bbox 1034 4742 1168 4810; x_wconf 86' lang='lat' dir='ltr'>quia</span> <span class='ocrx_word' id='word_1_538' title='bbox 1187 4744 1284 4812; x_wconf 88' lang='lat' dir='ltr'>qui</span> <span class='ocrx_word' id='word_1_539' title='bbox 1311 4743 1390 4798; x_wconf 91' lang='lat' dir='ltr'>ita</span> <span class='ocrx_word' id='word_1_540' title='bbox 1412 4744 1725 4817; x_wconf 85' lang='lat' dir='ltr'>contrahit,</span> <span class='ocrx_word' id='word_1_541' title='bbox 1742 4747 1916 4802; x_wconf 85' lang='lat' dir='ltr'>ﬁdem</span> 
     </span>
    </p>
   </div>
   <div class='ocr_carea' id='block_1_78' title="bbox 278 4822 974 4895">
    <p class='ocr_par' dir='ltr' id='par_1_78' title="bbox 278 4822 974 4895">
     <span class='ocr_line' id='line_1_80' title="bbox 278 4822 974 4895; baseline 0.011 -20"><span class='ocrx_word' id='word_1_542' title='bbox 278 4822 493 4877; x_wconf 90' lang='lat' dir='ltr'>domini</span> <span class='ocrx_word' id='word_1_543' title='bbox 527 4825 693 4895; x_wconf 90' lang='lat' dir='ltr'>sequi</span> <span class='ocrx_word' id='word_1_544' title='bbox 728 4827 974 4883; x_wconf 89' lang='lat' dir='ltr'>videtur.</span> 
     </span>
    </p>
   </div>
   <div class='ocr_carea' id='block_1_79' title="bbox 277 4927 1917 5011">
    <p class='ocr_par' dir='ltr' id='par_1_79' title="bbox 277 4927 1917 5011">
     <span class='ocr_line' id='line_1_81' title="bbox 277 4927 1917 5011; baseline 0.01 -29"><span class='ocrx_word' id='word_1_545' title='bbox 277 4927 396 4983; x_wconf 75' lang='grc' dir='ltr'>ΟΑΡ.</span> <span class='ocrx_word' id='word_1_546' title='bbox 426 4928 549 5011; x_wconf 74' lang='grc' dir='ltr'>ῌΟ.</span> <span class='ocrx_word' id='word_1_547' title='bbox 586 4963 653 4973; x_wconf 83' lang='grc'><strong>-</strong></span> <span class='ocrx_word' id='word_1_548' title='bbox 687 4938 763 5011; x_wconf 78' lang='lat' dir='ltr'>De</span> <span class='ocrx_word' id='word_1_549' title='bbox 786 4933 1029 5011; x_wconf 69' lang='lat' dir='ltr'>dominis</span> <span class='ocrx_word' id='word_1_550' title='bbox 1058 4942 1109 4993; x_wconf 83' lang='lat' dir='ltr'>cl</span> <span class='ocrx_word' id='word_1_551' title='bbox 1139 4938 1316 4995; x_wconf 80' lang='lat' dir='ltr'>servis</span> <span class='ocrx_word' id='word_1_552' title='bbox 1348 4941 1608 5011; x_wconf 82' lang='lat' dir='ltr'>quomodo</span> <span class='ocrx_word' id='word_1_553' title='bbox 1640 4958 1755 4998; x_wconf 85' lang='lat' dir='ltr'>sese</span> <span class='ocrx_word' id='word_1_554' title='bbox 1806 4944 1917 4999; x_wconf 83' lang='lat' dir='ltr'>sibi</span> 
     </span>
    </p>
   </div>
   <div class='ocr_carea' id='block_1_80' title="bbox 337 5004 1913 5079">
    <p class='ocr_par' dir='ltr' id='par_1_80' title="bbox 337 5004 1913 5079">
     <span class='ocr_line' id='line_1_82' title="bbox 337 5004 1913 5079; baseline 0.008 -23"><span class='ocrx_word' id='word_1_555' title='bbox 337 5004 681 5079; x_wconf 78' lang='lat' dir='ltr'>con/armare</span> <span class='ocrx_word' id='word_1_556' title='bbox 709 5006 961 5062; x_wconf 80' lang='lat' dir='ltr'>debeant.</span> <span class='ocrx_word' id='word_1_557' title='bbox 995 5010 1248 5079; x_wconf 85' lang='lat' dir='ltr'>Prosper,</span> <span class='ocrx_word' id='word_1_558' title='bbox 1284 5004 1380 5067; x_wconf 56' lang='lat' dir='ltr'>lib&#39;.</span> <span class='ocrx_word' id='word_1_559' title='bbox 1415 5028 1453 5067; x_wconf 87' lang='grc' dir='ltr'>ιι</span> <span class='ocrx_word' id='word_1_560' title='bbox 1486 5014 1560 5068; x_wconf 84' lang='lat' dir='ltr'>De</span> <span class='ocrx_word' id='word_1_561' title='bbox 1612 5016 1727 5069; x_wconf 81' lang='lat' dir='ltr'>vita</span> <span class='ocrx_word' id='word_1_562' title='bbox 1781 5031 1913 5071; x_wconf 89' lang='lat' dir='ltr'>con-</span> 
     </span>
    </p>
   </div>
   <div class='ocr_carea' id='block_1_81' title="bbox 337 5076 926 5149">
    <p class='ocr_par' dir='ltr' id='par_1_81' title="bbox 337 5076 926 5149">
     <span class='ocr_line' id='line_1_83' title="bbox 337 5076 926 5149; baseline 0.012 -23"><span class='ocrx_word' id='word_1_563' title='bbox 337 5076 684 5143; x_wconf 82' lang='lat' dir='ltr'>templativa,</span> <span class='ocrx_word' id='word_1_564' title='bbox 719 5093 841 5149; x_wconf 85' lang='lat' dir='ltr'>cap.</span> <span class='ocrx_word' id='word_1_565' title='bbox 874 5080 926 5132; x_wconf 87' lang='lat'>3.</span> 
     </span>
    </p>
   </div>
   <div class='ocr_carea' id='block_1_82' title="bbox 337 5163 1909 5245">
    <p class='ocr_par' dir='ltr' id='par_1_82' title="bbox 337 5163 1909 5245">
     <span class='ocr_line' id='line_1_84' title="bbox 337 5163 1909 5245; baseline 0.01 -30"><span class='ocrx_word' id='word_1_566' title='bbox 337 5163 559 5217; x_wconf 91' lang='lat' dir='ltr'>Domini</span> <span class='ocrx_word' id='word_1_567' title='bbox 593 5182 788 5221; x_wconf 90' lang='lat' dir='ltr'>servos</span> <span class='ocrx_word' id='word_1_568' title='bbox 822 5168 987 5223; x_wconf 81' lang='lat' dir='ltr'>velut</span> <span class='ocrx_word' id='word_1_569' title='bbox 1017 5186 1215 5226; x_wconf 89' lang='lat' dir='ltr'>eorum</span> <span class='ocrx_word' id='word_1_570' title='bbox 1251 5172 1306 5226; x_wconf 94' lang='lat' dir='ltr'>in</span> <span class='ocrx_word' id='word_1_571' title='bbox 1341 5173 1573 5229; x_wconf 90' lang='lat' dir='ltr'>Christo</span> <span class='ocrx_word' id='word_1_572' title='bbox 1624 5176 1909 5245; x_wconf 87' lang='lat' dir='ltr'>conservi,</span> 
     </span>
    </p>
   </div>
   <div class='ocr_carea' id='block_1_83' title="bbox 276 5250 1911 5327">
    <p class='ocr_par' dir='ltr' id='par_1_83' title="bbox 276 5250 1911 5327">
     <span class='ocr_line' id='line_1_85' title="bbox 276 5250 1911 5327; baseline 0.01 -24"><span class='ocrx_word' id='word_1_573' title='bbox 276 5250 723 5310; x_wconf 89' lang='lat' dir='ltr'>misericorditer</span> <span class='ocrx_word' id='word_1_574' title='bbox 768 5260 1038 5327; x_wconf 88' lang='lat' dir='ltr'>tractent,</span> <span class='ocrx_word' id='word_1_575' title='bbox 1073 5264 1130 5315; x_wconf 93' lang='lat' dir='ltr'>et</span> <span class='ocrx_word' id='word_1_576' title='bbox 1187 5262 1335 5315; x_wconf 91' lang='lat' dir='ltr'>servi</span> <span class='ocrx_word' id='word_1_577' title='bbox 1391 5262 1645 5318; x_wconf 90' lang='lat' dir='ltr'>dominis</span> <span class='ocrx_word' id='word_1_578' title='bbox 1696 5264 1776 5319; x_wconf 89' lang='lat' dir='ltr'>ita</span> <span class='ocrx_word' id='word_1_579' title='bbox 1842 5280 1911 5322; x_wconf 81' lang='lat' dir='ltr'>ex</span> 
     </span>
    </p>
   </div>
   <div class='ocr_carea' id='block_1_84' title="bbox 276 5338 1911 5410">
    <p class='ocr_par' dir='ltr' id='par_1_84' title="bbox 276 5338 1911 5410">
     <span class='ocr_line' id='line_1_86' title="bbox 276 5338 1911 5410; baseline 0.011 -18"><span class='ocrx_word' id='word_1_580' title='bbox 276 5338 436 5393; x_wconf 92' lang='lat' dir='ltr'>corde</span> <span class='ocrx_word' id='word_1_581' title='bbox 469 5340 801 5400; x_wconf 86' lang='lat' dir='ltr'>deserviant</span> <span class='ocrx_word' id='word_1_582' title='bbox 832 5352 895 5400; x_wconf 91' lang='lat' dir='ltr'>ut</span> <span class='ocrx_word' id='word_1_583' title='bbox 927 5347 1287 5404; x_wconf 88' lang='lat' dir='ltr'>voluntatem</span> <span class='ocrx_word' id='word_1_584' title='bbox 1320 5367 1433 5407; x_wconf 89' lang='lat' dir='ltr'>non</span> <span class='ocrx_word' id='word_1_585' title='bbox 1466 5352 1654 5408; x_wconf 90' lang='lat' dir='ltr'>solum</span> <span class='ocrx_word' id='word_1_586' title='bbox 1716 5354 1911 5410; x_wconf 90' lang='lat' dir='ltr'>domi-</span> 
     </span>
    </p>
   </div>
   <div class='ocr_carea' id='block_1_85' title="bbox 278 5436 1911 5570">
    <p class='ocr_par' dir='ltr' id='par_1_85' title="bbox 278 5436 1911 5570">
     <span class='ocr_line' id='line_1_87' title="bbox 278 5436 1911 5570; baseline 0.012 -88"><span class='ocrx_word' id='word_1_587' title='bbox 278 5445 476 5570; x_wconf 39' lang='lat' dir='ltr'>nfq‘wm</span> <span class='ocrx_word' id='word_1_588' title='bbox 509 5446 777 5504; x_wconf 91' lang='lat' dir='ltr'>suorum,</span> <span class='ocrx_word' id='word_1_589' title='bbox 810 5436 909 5491; x_wconf 88' lang='lat' dir='ltr'>sed</span> <span class='ocrx_word' id='word_1_590' title='bbox 944 5437 1121 5493; x_wconf 86' lang='lat' dir='ltr'>etiam</span> <span class='ocrx_word' id='word_1_591' title='bbox 1148 5438 1249 5495; x_wconf 91' lang='lat' dir='ltr'>Dei</span> <span class='ocrx_word' id='word_1_592' title='bbox 1282 5439 1390 5495; x_wconf 93' lang='lat' dir='ltr'>hoc</span> <span class='ocrx_word' id='word_1_593' title='bbox 1421 5441 1615 5513; x_wconf 91' lang='lat' dir='ltr'>ipsum</span> <span class='ocrx_word' id='word_1_594' title='bbox 1642 5444 1911 5514; x_wconf 87' lang='lat' dir='ltr'>jubentis</span> 
     </span>
     <span class='ocr_line' id='line_1_88' title="bbox 278 5517 540 5570; baseline 0 0"><span class='ocrx_word' id='word_1_595' title='bbox 278 5531 303 5570; x_wconf 81' lang='grc' dir='ltr'>θ</span> <span class='ocrx_word' id='word_1_596' title='bbox 345 5517 540 5570; x_wconf 80' lang='lat' dir='ltr'>iciant.</span> 
     </span>
    </p>
   </div>
   <div class='ocr_carea' id='block_1_86' title="bbox 276 5517 540 5575">
    <p class='ocr_par' dir='ltr' id='par_1_86' title="bbox 276 5517 540 5575">
     <span class='ocr_line' id='line_1_89' title="bbox 276 5517 540 5575; baseline 0.008 -3"><span class='ocrx_word' id='word_1_597' title='bbox 276 5517 540 5575; x_wconf 79' lang='lat' dir='ltr'>efﬁciant.</span> 
     </span>
    </p>
   </div>
   <div class='ocr_carea' id='block_1_87' title="bbox 2056 2646 3704 2722">
    <p class='ocr_par' dir='ltr' id='par_1_87' title="bbox 2056 2646 3704 2722">
     <span class='ocr_line' id='line_1_90' title="bbox 2056 2646 3704 2722; baseline -0.004 -17"><span class='ocrx_word' id='word_1_598' title='bbox 2056 2667 2209 2719; x_wconf 91' lang='lat' dir='ltr'>rum,</span> <span class='ocrx_word' id='word_1_599' title='bbox 2250 2656 2430 2722; x_wconf 90' lang='lat' dir='ltr'>atque</span> <span class='ocrx_word' id='word_1_600' title='bbox 2487 2649 2934 2722; x_wconf 87' lang='lat' dir='ltr'>prophetarum,</span> <span class='ocrx_word' id='word_1_601' title='bbox 2967 2652 3024 2703; x_wconf 90' lang='lat' dir='ltr'>et</span> <span class='ocrx_word' id='word_1_602' title='bbox 3072 2664 3184 2703; x_wconf 92' lang='lat' dir='ltr'>non</span> <span class='ocrx_word' id='word_1_603' title='bbox 3219 2646 3409 2702; x_wconf 90' lang='lat' dir='ltr'>solum</span> <span class='ocrx_word' id='word_1_604' title='bbox 3464 2646 3704 2710; x_wconf 90' lang='lat' dir='ltr'>harum,</span> 
     </span>
    </p>
   </div>
   <div class='ocr_carea' id='block_1_88' title="bbox 2053 2734 3701 2808">
    <p class='ocr_par' dir='ltr' id='par_1_88' title="bbox 2053 2734 3701 2808">
     <span class='ocr_line' id='line_1_91' title="bbox 2053 2734 3701 2808; baseline -0.002 -14"><span class='ocrx_word' id='word_1_605' title='bbox 2053 2739 2150 2794; x_wconf 87' lang='lat' dir='ltr'>sed</span> <span class='ocrx_word' id='word_1_606' title='bbox 2174 2739 2351 2794; x_wconf 87' lang='lat' dir='ltr'>etiam</span> <span class='ocrx_word' id='word_1_607' title='bbox 2377 2738 2793 2794; x_wconf 88' lang='lat' dir='ltr'>humanarum.</span> <span class='ocrx_word' id='word_1_608' title='bbox 2810 2737 3025 2793; x_wconf 90' lang='lat' dir='ltr'>Omnes</span> <span class='ocrx_word' id='word_1_609' title='bbox 3048 2737 3204 2791; x_wconf 88' lang='lat' dir='ltr'>enim</span> <span class='ocrx_word' id='word_1_610' title='bbox 3222 2736 3398 2808; x_wconf 87' lang='lat' dir='ltr'>leges,</span> <span class='ocrx_word' id='word_1_611' title='bbox 3415 2743 3529 2791; x_wconf 88' lang='lat' dir='ltr'>tam</span> <span class='ocrx_word' id='word_1_612' title='bbox 3555 2734 3701 2791; x_wconf 85' lang='lat' dir='ltr'>divi-</span> 
     </span>
    </p>
   </div>
   <div class='ocr_carea' id='block_1_89' title="bbox 2054 2823 3699 2900">
    <p class='ocr_par' dir='ltr' id='par_1_89' title="bbox 2054 2823 3699 2900">
     <span class='ocr_line' id='line_1_92' title="bbox 2054 2823 3699 2900; baseline -0.002 -17"><span class='ocrx_word' id='word_1_613' title='bbox 2054 2845 2142 2883; x_wconf 82' lang='lat' dir='ltr'>nas</span> <span class='ocrx_word' id='word_1_614' title='bbox 2174 2843 2348 2900; x_wconf 90' lang='lat' dir='ltr'>quam</span> <span class='ocrx_word' id='word_1_615' title='bbox 2381 2827 2675 2899; x_wconf 61' lang='lat' dir='ltr'>humanas,</span> <span class='ocrx_word' id='word_1_616' title='bbox 2709 2827 2970 2883; x_wconf 90' lang='lat' dir='ltr'>alienum</span> <span class='ocrx_word' id='word_1_617' title='bbox 3002 2841 3235 2883; x_wconf 88' lang='lat' dir='ltr'>servum</span> <span class='ocrx_word' id='word_1_618' title='bbox 3260 2823 3529 2896; x_wconf 84' lang='lat' dir='ltr'>judicare</span> <span class='ocrx_word' id='word_1_619' title='bbox 3560 2826 3699 2899; x_wconf 72' lang='lat' dir='ltr'>pro-</span> 
     </span>
    </p>
   </div>
   <div class='ocr_carea' id='block_1_90' title="bbox 2049 2916 2275 2973">
    <p class='ocr_par' dir='ltr' id='par_1_90' title="bbox 2049 2916 2275 2973">
     <span class='ocr_line' id='line_1_93' title="bbox 2049 2916 2275 2973; baseline -0.004 -1"><span class='ocrx_word' id='word_1_620' title='bbox 2049 2916 2275 2973; x_wconf 88' lang='lat' dir='ltr'>hihent.</span> 
     </span>
    </p>
   </div>
   <div class='ocr_carea' id='block_1_91' title="bbox 1967 3029 3696 3127">
    <p class='ocr_par' dir='ltr' id='par_1_91' title="bbox 1967 3029 3696 3127">
     <span class='ocr_line' id='line_1_94' title="bbox 1967 3029 3696 3127; baseline -0.003 -37"><span class='ocrx_word' id='word_1_621' title='bbox 1967 3059 2010 3127; x_wconf 68' lang='grc' dir='ltr'><strong>ρ</strong></span> <span class='ocrx_word' id='word_1_622' title='bbox 2049 3033 2185 3090; x_wconf 75' lang='lat' dir='ltr'>CAP.</span> <span class='ocrx_word' id='word_1_623' title='bbox 2219 3034 2340 3090; x_wconf 89' lang='grc'>113.</span> <span class='ocrx_word' id='word_1_624' title='bbox 2373 3065 2442 3075; x_wconf 89' lang='grc'><strong><em>-</em></strong></span> <span class='ocrx_word' id='word_1_625' title='bbox 2494 3035 2567 3090; x_wconf 84' lang='lat' dir='ltr'>De</span> <span class='ocrx_word' id='word_1_626' title='bbox 2621 3032 2813 3127; x_wconf 44' lang='lat' dir='ltr'>eadem</span> <span class='ocrx_word' id='word_1_627' title='bbox 2870 3032 3225 3127; x_wconf 39' lang='lat' dir='ltr'>reuuberius.</span> <span class='ocrx_word' id='word_1_628' title='bbox 3280 3029 3696 3088; x_wconf 83' lang='lat' dir='ltr'>Institutionum</span> 
     </span>
    </p>
   </div>
   <div class='ocr_carea' id='block_1_92' title="bbox 2659 3106 3089 3175">
    <p class='ocr_par' dir='ltr' id='par_1_92' title="bbox 2659 3106 3089 3175">
     <span class='ocr_line' id='line_1_95' title="bbox 2659 3106 3089 3175; baseline -0.005 -15"><span class='ocrx_word' id='word_1_629' title='bbox 2659 3106 2756 3161; x_wconf 90' lang='lat' dir='ltr'>lib.</span> <span class='ocrx_word' id='word_1_630' title='bbox 2789 3121 2865 3175; x_wconf 79' lang='lat' dir='ltr'>IV,</span> <span class='ocrx_word' id='word_1_631' title='bbox 2905 3106 2986 3160; x_wconf 81' lang='lat' dir='ltr'>tit.</span> <span class='ocrx_word' id='word_1_632' title='bbox 3014 3120 3089 3159; x_wconf 82' lang='grc' dir='ltr'>ιν.</span> 
     </span>
    </p>
   </div>
   <div class='ocr_carea' id='block_1_93' title="bbox 2120 3208 3691 3285">
    <p class='ocr_par' dir='ltr' id='par_1_93' title="bbox 2120 3208 3691 3285">
     <span class='ocr_line' id='line_1_96' title="bbox 2120 3208 3691 3285; baseline -0.004 -16"><span class='ocrx_word' id='word_1_633' title='bbox 2120 3214 2314 3269; x_wconf 89' lang='lat' dir='ltr'>Servis</span> <span class='ocrx_word' id='word_1_634' title='bbox 2343 3212 2490 3285; x_wconf 88' lang='lat' dir='ltr'>ipsis</span> <span class='ocrx_word' id='word_1_635' title='bbox 2521 3212 2759 3285; x_wconf 90' lang='lat' dir='ltr'>quidem</span> <span class='ocrx_word' id='word_1_636' title='bbox 2795 3212 2960 3268; x_wconf 87' lang='lat' dir='ltr'>nulla</span> <span class='ocrx_word' id='word_1_637' title='bbox 2989 3210 3201 3280; x_wconf 84' lang='lat' dir='ltr'>injuria</span> <span class='ocrx_word' id='word_1_638' title='bbox 3238 3210 3364 3266; x_wconf 86' lang='lat' dir='ltr'>ﬁeri</span> <span class='ocrx_word' id='word_1_639' title='bbox 3412 3208 3691 3282; x_wconf 83' lang='lat' dir='ltr'>intelligi-</span> 
     </span>
    </p>
   </div>
   <div class='ocr_carea' id='block_1_94' title="bbox 2045 3300 3690 3373">
    <p class='ocr_par' dir='ltr' id='par_1_94' title="bbox 2045 3300 3690 3373">
     <span class='ocr_line' id='line_1_97' title="bbox 2045 3300 3690 3373; baseline -0.002 -17"><span class='ocrx_word' id='word_1_640' title='bbox 2045 3306 2161 3367; x_wconf 89' lang='lat' dir='ltr'>tur,</span> <span class='ocrx_word' id='word_1_641' title='bbox 2191 3303 2289 3357; x_wconf 90' lang='lat' dir='ltr'>sed</span> <span class='ocrx_word' id='word_1_642' title='bbox 2324 3301 2563 3356; x_wconf 89' lang='lat' dir='ltr'>domino</span> <span class='ocrx_word' id='word_1_643' title='bbox 2598 3317 2699 3373; x_wconf 90' lang='lat' dir='ltr'>per</span> <span class='ocrx_word' id='word_1_644' title='bbox 2728 3317 2826 3355; x_wconf 89' lang='lat' dir='ltr'>eos</span> <span class='ocrx_word' id='word_1_645' title='bbox 2859 3300 2983 3356; x_wconf 78' lang='lat' dir='ltr'>ﬁeri</span> <span class='ocrx_word' id='word_1_646' title='bbox 3026 3301 3277 3369; x_wconf 91' lang='lat' dir='ltr'>videtur,</span> <span class='ocrx_word' id='word_1_647' title='bbox 3328 3316 3443 3355; x_wconf 91' lang='lat' dir='ltr'>non</span> <span class='ocrx_word' id='word_1_648' title='bbox 3492 3302 3690 3355; x_wconf 88' lang='lat' dir='ltr'>tamen</span> 
     </span>
    </p>
   </div>
   <div class='ocr_carea' id='block_1_95' title="bbox 2044 3388 3688 3461">
    <p class='ocr_par' dir='ltr' id='par_1_95' title="bbox 2044 3388 3688 3461">
     <span class='ocr_line' id='line_1_98' title="bbox 2044 3388 3688 3461; baseline -0.001 -18"><span class='ocrx_word' id='word_1_649' title='bbox 2044 3390 2256 3445; x_wconf 90' lang='lat' dir='ltr'>iisdem</span> <span class='ocrx_word' id='word_1_650' title='bbox 2288 3392 2478 3445; x_wconf 86' lang='lat' dir='ltr'>modis</span> <span class='ocrx_word' id='word_1_651' title='bbox 2510 3391 2724 3459; x_wconf 90' lang='lat' dir='ltr'>quibus</span> <span class='ocrx_word' id='word_1_652' title='bbox 2756 3394 2931 3445; x_wconf 80' lang='lat' dir='ltr'>etiam</span> <span class='ocrx_word' id='word_1_653' title='bbox 2965 3406 3066 3461; x_wconf 88' lang='lat' dir='ltr'>per</span> <span class='ocrx_word' id='word_1_654' title='bbox 3091 3388 3309 3443; x_wconf 87' lang='lat' dir='ltr'>liberos</span> <span class='ocrx_word' id='word_1_655' title='bbox 3348 3392 3407 3443; x_wconf 91' lang='lat' dir='ltr'>et</span> <span class='ocrx_word' id='word_1_656' title='bbox 3458 3404 3688 3443; x_wconf 79' lang='lat' dir='ltr'>uxores.</span> 
     </span>
    </p>
   </div>
   <div class='ocr_carea' id='block_1_96' title="bbox 2043 3474 3692 3550">
    <p class='ocr_par' dir='ltr' id='par_1_96' title="bbox 2043 3474 3692 3550">
     <span class='ocr_line' id='line_1_99' title="bbox 2043 3474 3692 3550; baseline 0 -19"><span class='ocrx_word' id='word_1_657' title='bbox 2043 3480 2152 3533; x_wconf 62' lang='lat' dir='ltr'>Sed</span> <span class='ocrx_word' id='word_1_658' title='bbox 2185 3478 2266 3533; x_wconf 91' lang='lat' dir='ltr'>ita</span> <span class='ocrx_word' id='word_1_659' title='bbox 2297 3493 2430 3533; x_wconf 88' lang='lat' dir='ltr'>cum</span> <span class='ocrx_word' id='word_1_660' title='bbox 2463 3478 2601 3550; x_wconf 89' lang='lat' dir='ltr'>quid</span> <span class='ocrx_word' id='word_1_661' title='bbox 2639 3477 2931 3533; x_wconf 88' lang='lat' dir='ltr'>latrocinii</span> <span class='ocrx_word' id='word_1_662' title='bbox 2963 3476 3352 3532; x_wconf 88' lang='lat' dir='ltr'>commissum</span> <span class='ocrx_word' id='word_1_663' title='bbox 3412 3474 3608 3545; x_wconf 89' lang='lat' dir='ltr'>fuerit,</span> <span class='ocrx_word' id='word_1_664' title='bbox 3634 3478 3692 3531; x_wconf 88' lang='lat' dir='ltr'>et</span> 
     </span>
    </p>
   </div>
   <div class='ocr_carea' id='block_1_97' title="bbox 2044 3562 3689 3638">
    <p class='ocr_par' dir='ltr' id='par_1_97' title="bbox 2044 3562 3689 3638">
     <span class='ocr_line' id='line_1_100' title="bbox 2044 3562 3689 3638; baseline -0.001 -19"><span class='ocrx_word' id='word_1_665' title='bbox 2044 3566 2200 3638; x_wconf 81' lang='lat' dir='ltr'>quod</span> <span class='ocrx_word' id='word_1_666' title='bbox 2225 3572 2425 3638; x_wconf 88' lang='lat' dir='ltr'>aperte</span> <span class='ocrx_word' id='word_1_667' title='bbox 2447 3566 2517 3620; x_wconf 84' lang='lat' dir='ltr'>ad</span> <span class='ocrx_word' id='word_1_668' title='bbox 2544 3564 2961 3621; x_wconf 90' lang='lat' dir='ltr'>contumeliam</span> <span class='ocrx_word' id='word_1_669' title='bbox 2986 3564 3211 3620; x_wconf 91' lang='lat' dir='ltr'>domini</span> <span class='ocrx_word' id='word_1_670' title='bbox 3240 3562 3689 3637; x_wconf 88' lang='lat' dir='ltr'>respicit,veluti</span> 
     </span>
    </p>
   </div>
   <div class='ocr_carea' id='block_1_98' title="bbox 2041 3652 3687 3726">
    <p class='ocr_par' dir='ltr' id='par_1_98' title="bbox 2041 3652 3687 3726">
     <span class='ocr_line' id='line_1_101' title="bbox 2041 3652 3687 3726; baseline -0.001 -16"><span class='ocrx_word' id='word_1_671' title='bbox 2041 3656 2090 3711; x_wconf 88' lang='lat' dir='ltr'>si</span> <span class='ocrx_word' id='word_1_672' title='bbox 2124 3654 2256 3726; x_wconf 90' lang='lat' dir='ltr'>quis</span> <span class='ocrx_word' id='word_1_673' title='bbox 2287 3653 2541 3709; x_wconf 91' lang='lat' dir='ltr'>alienum</span> <span class='ocrx_word' id='word_1_674' title='bbox 2575 3670 2805 3709; x_wconf 89' lang='lat' dir='ltr'>servum</span> <span class='ocrx_word' id='word_1_675' title='bbox 2838 3652 3266 3721; x_wconf 87' lang='lat' dir='ltr'>verberaverit;</span> <span class='ocrx_word' id='word_1_676' title='bbox 3313 3658 3371 3708; x_wconf 90' lang='lat' dir='ltr'>et</span> <span class='ocrx_word' id='word_1_677' title='bbox 3421 3652 3480 3708; x_wconf 90' lang='lat' dir='ltr'>in</span> <span class='ocrx_word' id='word_1_678' title='bbox 3533 3653 3687 3708; x_wconf 85' lang='lat' dir='ltr'>hunc</span> 
     </span>
    </p>
   </div>
   <div class='ocr_carea' id='block_1_99' title="bbox 2040 3741 3687 3815">
    <p class='ocr_par' dir='ltr' id='par_1_99' title="bbox 2040 3741 3687 3815">
     <span class='ocr_line' id='line_1_102' title="bbox 2040 3741 3687 3815; baseline -0.002 -15"><span class='ocrx_word' id='word_1_679' title='bbox 2040 3761 2242 3800; x_wconf 90' lang='lat' dir='ltr'>casum</span> <span class='ocrx_word' id='word_1_680' title='bbox 2270 3743 2417 3798; x_wconf 87' lang='lat' dir='ltr'>actio</span> <span class='ocrx_word' id='word_1_681' title='bbox 2440 3742 2807 3815; x_wconf 89' lang='lat' dir='ltr'>proponitur.</span> <span class='ocrx_word' id='word_1_682' title='bbox 2834 3745 2925 3807; x_wconf 86' lang='lat' dir='ltr'>At,</span> <span class='ocrx_word' id='word_1_683' title='bbox 2941 3742 2989 3798; x_wconf 88' lang='lat' dir='ltr'>si</span> <span class='ocrx_word' id='word_1_684' title='bbox 3014 3741 3148 3814; x_wconf 88' lang='lat' dir='ltr'>quis</span> <span class='ocrx_word' id='word_1_685' title='bbox 3168 3758 3333 3798; x_wconf 89' lang='lat' dir='ltr'>servo</span> <span class='ocrx_word' id='word_1_686' title='bbox 3354 3742 3687 3797; x_wconf 89' lang='lat' dir='ltr'>convicium</span> 
     </span>
    </p>
   </div>
   <div class='ocr_carea' id='block_1_100' title="bbox 2040 3830 3682 3904">
    <p class='ocr_par' dir='ltr' id='par_1_100' title="bbox 2040 3830 3682 3904">
     <span class='ocr_line' id='line_1_103' title="bbox 2040 3830 3682 3904; baseline -0.002 -15"><span class='ocrx_word' id='word_1_687' title='bbox 2040 3832 2261 3899; x_wconf 84' lang='lat' dir='ltr'>fecerit,</span> <span class='ocrx_word' id='word_1_688' title='bbox 2294 3831 2378 3887; x_wconf 94' lang='lat' dir='ltr'>vel</span> <span class='ocrx_word' id='word_1_689' title='bbox 2410 3848 2608 3904; x_wconf 88' lang='lat' dir='ltr'>pugno</span> <span class='ocrx_word' id='word_1_690' title='bbox 2637 3848 2771 3887; x_wconf 91' lang='lat' dir='ltr'>eum</span> <span class='ocrx_word' id='word_1_691' title='bbox 2816 3832 3192 3904; x_wconf 88' lang='lat' dir='ltr'>percusserit,</span> <span class='ocrx_word' id='word_1_692' title='bbox 3226 3830 3390 3887; x_wconf 89' lang='lat' dir='ltr'>nulla</span> <span class='ocrx_word' id='word_1_693' title='bbox 3440 3831 3499 3885; x_wconf 92' lang='lat' dir='ltr'>in</span> <span class='ocrx_word' id='word_1_694' title='bbox 3548 3845 3682 3885; x_wconf 90' lang='lat' dir='ltr'>eum</span> 
     </span>
    </p>
   </div>
   <div class='ocr_carea' id='block_1_101' title="bbox 2039 3919 3685 3993">
    <p class='ocr_par' dir='ltr' id='par_1_101' title="bbox 2039 3919 3685 3993">
     <span class='ocr_line' id='line_1_104' title="bbox 2039 3919 3685 3993; baseline -0.002 -14"><span class='ocrx_word' id='word_1_695' title='bbox 2039 3924 2189 3979; x_wconf 90' lang='lat' dir='ltr'>actio</span> <span class='ocrx_word' id='word_1_696' title='bbox 2220 3920 2456 3977; x_wconf 89' lang='lat' dir='ltr'>domino</span> <span class='ocrx_word' id='word_1_697' title='bbox 2479 3921 2780 3993; x_wconf 90' lang='lat' dir='ltr'>competit.</span> <span class='ocrx_word' id='word_1_698' title='bbox 2814 3921 2867 3975; x_wconf 88' lang='lat' dir='ltr'>Si</span> <span class='ocrx_word' id='word_1_699' title='bbox 2912 3920 3212 3976; x_wconf 91' lang='lat' dir='ltr'>communi</span> <span class='ocrx_word' id='word_1_700' title='bbox 3258 3936 3422 3975; x_wconf 91' lang='lat' dir='ltr'>servo</span> <span class='ocrx_word' id='word_1_701' title='bbox 3466 3919 3685 3989; x_wconf 87' lang='lat' dir='ltr'>injuria</span> 
     </span>
    </p>
   </div>
   <div class='ocr_carea' id='block_1_102' title="bbox 2038 4008 3681 4083">
    <p class='ocr_par' dir='ltr' id='par_1_102' title="bbox 2038 4008 3681 4083">
     <span class='ocr_line' id='line_1_105' title="bbox 2038 4008 3681 4083; baseline -0.002 -15"><span class='ocrx_word' id='word_1_702' title='bbox 2038 4013 2189 4069; x_wconf 85' lang='lat' dir='ltr'>facta</span> <span class='ocrx_word' id='word_1_703' title='bbox 2219 4012 2315 4079; x_wconf 90' lang='lat' dir='ltr'>sit,</span> <span class='ocrx_word' id='word_1_704' title='bbox 2349 4029 2577 4082; x_wconf 68' lang='lat' dir='ltr'>aequum</span> <span class='ocrx_word' id='word_1_705' title='bbox 2612 4016 2701 4067; x_wconf 88' lang='lat' dir='ltr'>est</span> <span class='ocrx_word' id='word_1_706' title='bbox 2734 4028 2845 4066; x_wconf 92' lang='lat' dir='ltr'>non</span> <span class='ocrx_word' id='word_1_707' title='bbox 2870 4028 2971 4083; x_wconf 91' lang='lat' dir='ltr'>pro</span> <span class='ocrx_word' id='word_1_708' title='bbox 2993 4028 3059 4067; x_wconf 90' lang='lat' dir='ltr'>ea</span> <span class='ocrx_word' id='word_1_709' title='bbox 3083 4016 3244 4083; x_wconf 88' lang='lat' dir='ltr'>parte</span> <span class='ocrx_word' id='word_1_710' title='bbox 3266 4027 3382 4083; x_wconf 92' lang='lat' dir='ltr'>qua</span> <span class='ocrx_word' id='word_1_711' title='bbox 3403 4008 3681 4064; x_wconf 86' lang='lat' dir='ltr'>dominus</span> 
     </span>
    </p>
   </div>
   <div class='ocr_carea' id='block_1_103' title="bbox 2037 4094 3685 4174">
    <p class='ocr_par' dir='ltr' id='par_1_103' title="bbox 2037 4094 3685 4174">
     <span class='ocr_line' id='line_1_106' title="bbox 2037 4094 3685 4174; baseline -0.002 -17"><span class='ocrx_word' id='word_1_712' title='bbox 2037 4104 2286 4174; x_wconf 85' lang='lat' dir='ltr'>quisque</span> <span class='ocrx_word' id='word_1_713' title='bbox 2308 4100 2871 4167; x_wconf 64' lang='lat' dir='ltr'>est,mstimationem</span> <span class='ocrx_word' id='word_1_714' title='bbox 2896 4100 3126 4171; x_wconf 71' lang='lat' dir='ltr'>injuria:</span> <span class='ocrx_word' id='word_1_715' title='bbox 3151 4099 3397 4169; x_wconf 82' lang='lat' dir='ltr'>ﬁeri,sed</span> <span class='ocrx_word' id='word_1_716' title='bbox 3415 4114 3481 4155; x_wconf 85' lang='lat' dir='ltr'>ex</span> <span class='ocrx_word' id='word_1_717' title='bbox 3502 4094 3685 4154; x_wconf 85' lang='lat' dir='ltr'>domi-</span> 
     </span>
    </p>
   </div>
   <div class='ocr_carea' id='block_1_104' title="bbox 2038 4188 3679 4261">
    <p class='ocr_par' dir='ltr' id='par_1_104' title="bbox 2038 4188 3679 4261">
     <span class='ocr_line' id='line_1_107' title="bbox 2038 4188 3679 4261; baseline -0.002 -16"><span class='ocrx_word' id='word_1_718' title='bbox 2038 4207 2245 4246; x_wconf 91' lang='lat' dir='ltr'>norum</span> <span class='ocrx_word' id='word_1_719' title='bbox 2298 4207 2565 4261; x_wconf 88' lang='lat' dir='ltr'>persona,</span> <span class='ocrx_word' id='word_1_720' title='bbox 2617 4191 2757 4260; x_wconf 79' lang='lat' dir='ltr'>quia</span> <span class='ocrx_word' id='word_1_721' title='bbox 2816 4189 2962 4261; x_wconf 91' lang='lat' dir='ltr'>ipsis</span> <span class='ocrx_word' id='word_1_722' title='bbox 3012 4190 3078 4244; x_wconf 81' lang='lat' dir='ltr'>fit</span> <span class='ocrx_word' id='word_1_723' title='bbox 3128 4188 3364 4259; x_wconf 91' lang='lat' dir='ltr'>injuria.</span> <span class='ocrx_word' id='word_1_724' title='bbox 3415 4189 3577 4254; x_wconf 88' lang='lat' dir='ltr'>Quod</span> <span class='ocrx_word' id='word_1_725' title='bbox 3626 4188 3679 4244; x_wconf 85' lang='lat' dir='ltr'>si</span> 
     </span>
    </p>
   </div>
   <div class='ocr_carea' id='block_1_105' title="bbox 2035 4275 3676 4350">
    <p class='ocr_par' dir='ltr' id='par_1_105' title="bbox 2035 4275 3676 4350">
     <span class='ocr_line' id='line_1_108' title="bbox 2035 4275 3676 4350; baseline -0.001 -17"><span class='ocrx_word' id='word_1_726' title='bbox 2035 4280 2411 4334; x_wconf 83' lang='lat' dir='ltr'>nsusfructus</span> <span class='ocrx_word' id='word_1_727' title='bbox 2443 4279 2503 4334; x_wconf 91' lang='lat' dir='ltr'>in</span> <span class='ocrx_word' id='word_1_728' title='bbox 2536 4295 2701 4334; x_wconf 91' lang='lat' dir='ltr'>servo</span> <span class='ocrx_word' id='word_1_729' title='bbox 2753 4278 2889 4334; x_wconf 76' lang='lat' dir='ltr'>Titii</span> <span class='ocrx_word' id='word_1_730' title='bbox 2946 4284 3057 4345; x_wconf 82' lang='lat' dir='ltr'>est,</span> <span class='ocrx_word' id='word_1_731' title='bbox 3092 4277 3416 4350; x_wconf 89' lang='lat' dir='ltr'>proprietas</span> <span class='ocrx_word' id='word_1_732' title='bbox 3470 4275 3676 4348; x_wconf 65' lang='lat' dir='ltr'>Manil,</span> 
     </span>
    </p>
   </div>
   <div class='ocr_carea' id='block_1_106' title="bbox 2036 4366 3678 4439">
    <p class='ocr_par' dir='ltr' id='par_1_106' title="bbox 2036 4366 3678 4439">
     <span class='ocr_line' id='line_1_109' title="bbox 2036 4366 3678 4439; baseline 0 -16"><span class='ocrx_word' id='word_1_733' title='bbox 2036 4370 2225 4437; x_wconf 79' lang='lat' dir='ltr'>magis</span> <span class='ocrx_word' id='word_1_734' title='bbox 2262 4368 2455 4423; x_wconf 69' lang='lat' dir='ltr'>vaio</span> <span class='ocrx_word' id='word_1_735' title='bbox 2486 4368 2611 4423; x_wconf 82' lang='lat' dir='ltr'>fieri</span> <span class='ocrx_word' id='word_1_736' title='bbox 2644 4368 2862 4438; x_wconf 87' lang='lat' dir='ltr'>injuria</span> <span class='ocrx_word' id='word_1_737' title='bbox 2891 4367 3258 4439; x_wconf 86' lang='lat' dir='ltr'>intelligitur.</span> <span class='ocrx_word' id='word_1_738' title='bbox 3290 4368 3399 4423; x_wconf 84' lang='lat' dir='ltr'>Sed</span> <span class='ocrx_word' id='word_1_739' title='bbox 3423 4367 3472 4423; x_wconf 85' lang='lat' dir='ltr'>si</span> <span class='ocrx_word' id='word_1_740' title='bbox 3494 4366 3678 4423; x_wconf 85' lang='lat' dir='ltr'>libero</span> 
     </span>
    </p>
   </div>
   <div class='ocr_carea' id='block_1_107' title="bbox 2032 4456 3678 4528">
    <p class='ocr_par' dir='ltr' id='par_1_107' title="bbox 2032 4456 3678 4528">
     <span class='ocr_line' id='line_1_110' title="bbox 2032 4456 3678 4528; baseline 0.001 -18"><span class='ocrx_word' id='word_1_741' title='bbox 2032 4458 2125 4527; x_wconf 88' lang='lat' dir='ltr'>qui</span> <span class='ocrx_word' id='word_1_742' title='bbox 2162 4457 2265 4511; x_wconf 92' lang='lat' dir='ltr'>tibi</span> <span class='ocrx_word' id='word_1_743' title='bbox 2299 4458 2450 4513; x_wconf 92' lang='lat' dir='ltr'>bona</span> <span class='ocrx_word' id='word_1_744' title='bbox 2481 4456 2593 4512; x_wconf 87' lang='lat' dir='ltr'>ﬁde</span> <span class='ocrx_word' id='word_1_745' title='bbox 2626 4458 2823 4525; x_wconf 87' lang='lat' dir='ltr'>servit,</span> <span class='ocrx_word' id='word_1_746' title='bbox 2845 4457 3061 4528; x_wconf 88' lang='lat' dir='ltr'>injuria</span> <span class='ocrx_word' id='word_1_747' title='bbox 3096 4458 3247 4512; x_wconf 77' lang='lat' dir='ltr'>facta</span> <span class='ocrx_word' id='word_1_748' title='bbox 3267 4457 3363 4523; x_wconf 90' lang='lat' dir='ltr'>sit,</span> <span class='ocrx_word' id='word_1_749' title='bbox 3389 4456 3549 4512; x_wconf 91' lang='lat' dir='ltr'>nulla</span> <span class='ocrx_word' id='word_1_750' title='bbox 3570 4456 3678 4513; x_wconf 88' lang='lat' dir='ltr'>tibi</span> 
     </span>
    </p>
   </div>
   <div class='ocr_carea' id='block_1_108' title="bbox 2032 4544 3673 4618">
    <p class='ocr_par' dir='ltr' id='par_1_108' title="bbox 2032 4544 3673 4618">
     <span class='ocr_line' id='line_1_111' title="bbox 2032 4544 3673 4618; baseline 0 -17"><span class='ocrx_word' id='word_1_751' title='bbox 2032 4548 2180 4601; x_wconf 88' lang='lat' dir='ltr'>actio</span> <span class='ocrx_word' id='word_1_752' title='bbox 2207 4547 2465 4617; x_wconf 89' lang='lat' dir='ltr'>dabitur,</span> <span class='ocrx_word' id='word_1_753' title='bbox 2500 4547 2600 4602; x_wconf 91' lang='lat' dir='ltr'>sed</span> <span class='ocrx_word' id='word_1_754' title='bbox 2634 4564 2740 4602; x_wconf 93' lang='lat' dir='ltr'>suo</span> <span class='ocrx_word' id='word_1_755' title='bbox 2770 4547 3005 4602; x_wconf 88' lang='lat' dir='ltr'>nomine</span> <span class='ocrx_word' id='word_1_756' title='bbox 3037 4547 3093 4601; x_wconf 92' lang='lat' dir='ltr'>id</span> <span class='ocrx_word' id='word_1_757' title='bbox 3144 4545 3393 4618; x_wconf 84' lang='lat' dir='ltr'>experiri</span> <span class='ocrx_word' id='word_1_758' title='bbox 3441 4544 3673 4616; x_wconf 90' lang='lat' dir='ltr'>poterit,</span> 
     </span>
    </p>
   </div>
   <div class='ocr_carea' id='block_1_109' title="bbox 2030 4636 3673 4707">
    <p class='ocr_par' dir='ltr' id='par_1_109' title="bbox 2030 4636 3673 4707">
     <span class='ocr_line' id='line_1_112' title="bbox 2030 4636 3673 4707; baseline -0.001 -16"><span class='ocrx_word' id='word_1_759' title='bbox 2030 4638 2143 4692; x_wconf 89' lang='lat' dir='ltr'>nisi</span> <span class='ocrx_word' id='word_1_760' title='bbox 2180 4638 2236 4692; x_wconf 89' lang='lat' dir='ltr'>in</span> <span class='ocrx_word' id='word_1_761' title='bbox 2271 4636 2687 4692; x_wconf 84' lang='lat' dir='ltr'>contumeliam</span> <span class='ocrx_word' id='word_1_762' title='bbox 2720 4642 2882 4691; x_wconf 88' lang='lat' dir='ltr'>tuam</span> <span class='ocrx_word' id='word_1_763' title='bbox 2917 4636 3188 4707; x_wconf 86' lang='lat' dir='ltr'>pulsatus</span> <span class='ocrx_word' id='word_1_764' title='bbox 3219 4637 3296 4691; x_wconf 87' lang='lat' dir='ltr'>sit</span> <span class='ocrx_word' id='word_1_765' title='bbox 3320 4653 3333 4704; x_wconf 88' lang='lat'><strong>;</strong></span> <span class='ocrx_word' id='word_1_766' title='bbox 3356 4640 3497 4691; x_wconf 92' lang='lat' dir='ltr'>tunc</span> <span class='ocrx_word' id='word_1_767' title='bbox 3518 4636 3673 4691; x_wconf 82' lang='lat' dir='ltr'>enim</span> 
     </span>
    </p>
   </div>
   <div class='ocr_carea' id='block_1_110' title="bbox 2029 4724 3676 4797">
    <p class='ocr_par' dir='ltr' id='par_1_110' title="bbox 2029 4724 3676 4797">
     <span class='ocr_line' id='line_1_113' title="bbox 2029 4724 3676 4797; baseline 0 -17"><span class='ocrx_word' id='word_1_768' title='bbox 2029 4727 2307 4797; x_wconf 85' lang='lat' dir='ltr'>competit</span> <span class='ocrx_word' id='word_1_769' title='bbox 2338 4729 2394 4781; x_wconf 88' lang='lat' dir='ltr'>et</span> <span class='ocrx_word' id='word_1_770' title='bbox 2421 4725 2523 4780; x_wconf 88' lang='lat' dir='ltr'>tibi</span> <span class='ocrx_word' id='word_1_771' title='bbox 2558 4724 2908 4796; x_wconf 86' lang='lat' dir='ltr'>injuriarum</span> <span class='ocrx_word' id='word_1_772' title='bbox 2936 4724 3106 4780; x_wconf 90' lang='lat' dir='ltr'>actio.</span> <span class='ocrx_word' id='word_1_773' title='bbox 3141 4725 3298 4780; x_wconf 90' lang='lat' dir='ltr'>Idem</span> <span class='ocrx_word' id='word_1_774' title='bbox 3331 4740 3468 4796; x_wconf 88' lang='lat' dir='ltr'>ergo</span> <span class='ocrx_word' id='word_1_775' title='bbox 3499 4730 3589 4780; x_wconf 91' lang='lat' dir='ltr'>est</span> <span class='ocrx_word' id='word_1_776' title='bbox 3618 4728 3676 4780; x_wconf 83' lang='lat' dir='ltr'>et</span> 
     </span>
    </p>
   </div>
   <div class='ocr_carea' id='block_1_111' title="bbox 2029 4813 3674 4884">
    <p class='ocr_par' dir='ltr' id='par_1_111' title="bbox 2029 4813 3674 4884">
     <span class='ocr_line' id='line_1_114' title="bbox 2029 4813 3674 4884; baseline 0.001 -17"><span class='ocrx_word' id='word_1_777' title='bbox 2029 4814 2085 4867; x_wconf 90' lang='lat' dir='ltr'>in</span> <span class='ocrx_word' id='word_1_778' title='bbox 2121 4831 2284 4869; x_wconf 85' lang='lat' dir='ltr'>servo</span> <span class='ocrx_word' id='word_1_779' title='bbox 2317 4814 2507 4869; x_wconf 85' lang='lat' dir='ltr'>alieno</span> <span class='ocrx_word' id='word_1_780' title='bbox 2542 4815 2693 4870; x_wconf 90' lang='lat' dir='ltr'>bona</span> <span class='ocrx_word' id='word_1_781' title='bbox 2743 4814 2845 4869; x_wconf 87' lang='lat' dir='ltr'>tibi</span> <span class='ocrx_word' id='word_1_782' title='bbox 2896 4814 3009 4870; x_wconf 81' lang='lat' dir='ltr'>fide</span> <span class='ocrx_word' id='word_1_783' title='bbox 3058 4815 3354 4884; x_wconf 90' lang='lat' dir='ltr'>servienti,</span> <span class='ocrx_word' id='word_1_784' title='bbox 3389 4820 3454 4870; x_wconf 93' lang='lat' dir='ltr'>ut</span> <span class='ocrx_word' id='word_1_785' title='bbox 3498 4813 3674 4869; x_wconf 88' lang='lat' dir='ltr'>toties</span> 
     </span>
    </p>
   </div>
   <div class='ocr_carea' id='block_1_112' title="bbox 2028 4902 3674 4975">
    <p class='ocr_par' dir='ltr' id='par_1_112' title="bbox 2028 4902 3674 4975">
     <span class='ocr_line' id='line_1_115' title="bbox 2028 4902 3674 4975; baseline 0.001 -19"><span class='ocrx_word' id='word_1_786' title='bbox 2028 4903 2733 4975; x_wconf 82' lang='lat' dir='ltr'>admittaturinjuriarum</span> <span class='ocrx_word' id='word_1_787' title='bbox 2752 4905 3157 4975; x_wconf 88' lang='lat' dir='ltr'>actio,quoties</span> <span class='ocrx_word' id='word_1_788' title='bbox 3178 4905 3236 4959; x_wconf 92' lang='lat' dir='ltr'>in</span> <span class='ocrx_word' id='word_1_789' title='bbox 3256 4902 3674 4960; x_wconf 87' lang='lat' dir='ltr'>contumeliam</span> 
     </span>
    </p>
   </div>
   <div class='ocr_carea' id='block_1_113' title="bbox 2026 4992 2819 5064">
    <p class='ocr_par' dir='ltr' id='par_1_113' title="bbox 2026 4992 2819 5064">
     <span class='ocr_line' id='line_1_116' title="bbox 2026 4992 2819 5064; baseline 0.003 -19"><span class='ocrx_word' id='word_1_790' title='bbox 2026 4997 2188 5047; x_wconf 81' lang='lat' dir='ltr'>tuam</span> <span class='ocrx_word' id='word_1_791' title='bbox 2220 4993 2268 5047; x_wconf 93' lang='lat' dir='ltr'>ei</span> <span class='ocrx_word' id='word_1_792' title='bbox 2300 4992 2516 5064; x_wconf 88' lang='lat' dir='ltr'>injuria</span> <span class='ocrx_word' id='word_1_793' title='bbox 2548 4993 2695 5048; x_wconf 84' lang='lat' dir='ltr'>facta</span> <span class='ocrx_word' id='word_1_794' title='bbox 2721 4994 2819 5049; x_wconf 91' lang='lat' dir='ltr'>sit.</span> 
     </span>
    </p>
   </div>
   <div class='ocr_carea' id='block_1_114' title="bbox 2023 5108 3675 5182">
    <p class='ocr_par' dir='ltr' id='par_1_114' title="bbox 2023 5108 3675 5182">
     <span class='ocr_line' id='line_1_117' title="bbox 2023 5108 3675 5182; baseline 0.003 -18"><span class='ocrx_word' id='word_1_795' title='bbox 2023 5108 2156 5164; x_wconf 78' lang='lat' dir='ltr'>CAP.</span> <span class='ocrx_word' id='word_1_796' title='bbox 2194 5109 2312 5163; x_wconf 83' lang='grc'>114.</span> <span class='ocrx_word' id='word_1_797' title='bbox 2346 5141 2413 5148; x_wconf 93' lang='grc'><strong>-</strong></span> <span class='ocrx_word' id='word_1_798' title='bbox 2437 5110 2587 5177; x_wconf 83' lang='lat' dir='ltr'>Quod</span> <span class='ocrx_word' id='word_1_799' title='bbox 2615 5110 2917 5181; x_wconf 81' lang='lat' dir='ltr'>plerunque</span> <span class='ocrx_word' id='word_1_800' title='bbox 2937 5110 3135 5165; x_wconf 71' lang='lat' dir='ltr'>illicita</span> <span class='ocrx_word' id='word_1_801' title='bbox 3153 5112 3399 5182; x_wconf 83' lang='lat' dir='ltr'>oppressi</span> <span class='ocrx_word' id='word_1_802' title='bbox 3418 5110 3675 5169; x_wconf 68' lang='lat' dir='ltr'>Ecclesia?</span> 
     </span>
    </p>
   </div>
   <div class='ocr_carea' id='block_1_115' title="bbox 2092 5182 3664 5258">
    <p class='ocr_par' dir='ltr' id='par_1_115' title="bbox 2092 5182 3664 5258">
     <span class='ocr_line' id='line_1_118' title="bbox 2092 5182 3664 5258; baseline 0.003 -24"><span class='ocrx_word' id='word_1_803' title='bbox 2092 5182 2459 5258; x_wconf 71' lang='lat' dir='ltr'>patrocinium</span> <span class='ocrx_word' id='word_1_804' title='bbox 2507 5188 2767 5258; x_wconf 52' lang='lat' dir='ltr'>quaerunt</span> <span class='ocrx_word' id='word_1_805' title='bbox 2788 5182 3063 5258; x_wconf 58' lang='lat' dir='ltr'>.subjecli.</span> <span class='ocrx_word' id='word_1_806' title='bbox 3099 5182 3237 5251; x_wconf 84' lang='lat' dir='ltr'>Aug.</span> <span class='ocrx_word' id='word_1_807' title='bbox 3287 5198 3455 5255; x_wconf 82' lang='lat' dir='ltr'>super</span> <span class='ocrx_word' id='word_1_808' title='bbox 3506 5183 3664 5238; x_wconf 81' lang='lat' dir='ltr'>Joan.</span> 
     </span>
    </p>
   </div>
   <div class='ocr_carea' id='block_1_116' title="bbox 2093 5254 2633 5322">
    <p class='ocr_par' dir='ltr' id='par_1_116' title="bbox 2093 5254 2633 5322">
     <span class='ocr_line' id='line_1_119' title="bbox 2093 5254 2633 5322; baseline 0.002 -16"><span class='ocrx_word' id='word_1_809' title='bbox 2093 5255 2256 5322; x_wconf 83' lang='lat' dir='ltr'>parte</span> <span class='ocrx_word' id='word_1_810' title='bbox 2282 5268 2321 5319; x_wconf 90' lang='grc' dir='ltr'>ι,</span> <span class='ocrx_word' id='word_1_811' title='bbox 2354 5257 2511 5307; x_wconf 86' lang='lat' dir='ltr'>tract.</span> <span class='ocrx_word' id='word_1_812' title='bbox 2544 5254 2633 5307; x_wconf 70' lang='lat' dir='ltr'>4’s.</span> 
     </span>
    </p>
   </div>
   <div class='ocr_carea' id='block_1_117' title="bbox 2092 5358 3663 5433">
    <p class='ocr_par' dir='ltr' id='par_1_117' title="bbox 2092 5358 3663 5433">
     <span class='ocr_line' id='line_1_120' title="bbox 2092 5358 3663 5433; baseline 0.003 -21"><span class='ocrx_word' id='word_1_813' title='bbox 2092 5358 2424 5430; x_wconf 89' lang='lat' dir='ltr'>Aliquando</span> <span class='ocrx_word' id='word_1_814' title='bbox 2456 5358 2656 5415; x_wconf 88' lang='lat' dir='ltr'>illicito</span> <span class='ocrx_word' id='word_1_815' title='bbox 2679 5362 2823 5432; x_wconf 87' lang='lat' dir='ltr'>jugo</span> <span class='ocrx_word' id='word_1_816' title='bbox 2855 5364 2911 5416; x_wconf 90' lang='lat' dir='ltr'>et</span> <span class='ocrx_word' id='word_1_817' title='bbox 2958 5362 3223 5433; x_wconf 90' lang='lat' dir='ltr'>improbo</span> <span class='ocrx_word' id='word_1_818' title='bbox 3271 5360 3517 5433; x_wconf 91' lang='lat' dir='ltr'>subjecti</span> <span class='ocrx_word' id='word_1_819' title='bbox 3568 5360 3663 5417; x_wconf 79' lang='lat' dir='ltr'>fu-</span> 
     </span>
    </p>
   </div>
   <div class='ocr_carea' id='block_1_118' title="bbox 2021 5446 3666 5524">
    <p class='ocr_par' dir='ltr' id='par_1_118' title="bbox 2021 5446 3666 5524">
     <span class='ocr_line' id='line_1_121' title="bbox 2021 5446 3666 5524; baseline 0.005 -23"><span class='ocrx_word' id='word_1_820' title='bbox 2021 5446 2191 5519; x_wconf 89' lang='lat' dir='ltr'>giunt</span> <span class='ocrx_word' id='word_1_821' title='bbox 2220 5448 2291 5503; x_wconf 92' lang='lat' dir='ltr'>ad</span> <span class='ocrx_word' id='word_1_822' title='bbox 2320 5448 2646 5517; x_wconf 89' lang='lat' dir='ltr'>ecclesiam,</span> <span class='ocrx_word' id='word_1_823' title='bbox 2681 5466 2798 5521; x_wconf 93' lang='lat' dir='ltr'>qua</span> <span class='ocrx_word' id='word_1_824' title='bbox 2823 5450 3150 5507; x_wconf 89' lang='lat' dir='ltr'>retinentur</span> <span class='ocrx_word' id='word_1_825' title='bbox 3170 5452 3406 5524; x_wconf 91' lang='lat' dir='ltr'>ingenui</span> <span class='ocrx_word' id='word_1_826' title='bbox 3432 5471 3464 5510; x_wconf 73' lang='grc' dir='ltr'>ι</span> <span class='ocrx_word' id='word_1_827' title='bbox 3484 5454 3666 5509; x_wconf 88' lang='lat' dir='ltr'>servi-</span> 
     </span>
    </p>
   </div>
   <div class='ocr_carea' id='block_1_119' title="bbox 2019 5537 3663 5619">
    <p class='ocr_par' dir='ltr' id='par_1_119' title="bbox 2019 5537 3663 5619">
     <span class='ocr_line' id='line_1_122' title="bbox 2019 5537 3663 5619; baseline 0.008 -27"><span class='ocrx_word' id='word_1_828' title='bbox 2019 5538 2162 5593; x_wconf 85' lang='lat' dir='ltr'>tute.</span> <span class='ocrx_word' id='word_1_829' title='bbox 2197 5537 2610 5610; x_wconf 89' lang='lat' dir='ltr'>Interpellatur</span> <span class='ocrx_word' id='word_1_830' title='bbox 2637 5539 2970 5613; x_wconf 87' lang='lat' dir='ltr'>episcopus,</span> <span class='ocrx_word' id='word_1_831' title='bbox 3002 5544 3061 5597; x_wconf 91' lang='lat' dir='ltr'>et</span> <span class='ocrx_word' id='word_1_832' title='bbox 3088 5542 3203 5599; x_wconf 91' lang='lat' dir='ltr'>nisi</span> <span class='ocrx_word' id='word_1_833' title='bbox 3230 5548 3393 5601; x_wconf 86' lang='lat' dir='ltr'>curet</span> <span class='ocrx_word' id='word_1_834' title='bbox 3423 5554 3663 5619; x_wconf 77' lang='lat' dir='ltr'>operam</span> 
     </span>
    </p>
   </div>
  </div>
