3948 6072
363 229 472 284 927

1452 231 1524 280 ι).
1573 185 1822 280 Ivoms
1848 222 2348 280 CARNOTENSIS
2383 223 2705 281 spiscom

3679 217 3788 272 928

365 352 705 425 impendere
723 366 796 407 ne
816 350 1157 424 ingenuitas
1179 349 1570 423 opprimatur,
1591 348 2012 406 immisericors
2041 349 2093 416 Α
2125 348 2225 420 qui
2257 354 2522 405 mutuam
2555 348 2716 405 dedit
2745 347 2917 403 alicui
2943 346 3274 417 pecuniam,
3306 344 3410 400 sed
3441 341 3624 400 etiam
3650 358 3786 397 om-

365 442 704 514 deputatur.

363 561 496 613 CAP.
532 558 656 612 115.
689 587 758 598 ——-
790 559 862 613 De
885 558 1044 612 rebus
1066 555 1313 626 defuncti
1331 555 1624 610 testatoris.
1650 553 2014 611 Novellarum

720 629 1041 686 Justim’ani
1071 629 1348 682 constitut.
1385 629 1436 695 1,
1467 644 1586 699 cap.
1620 643 1638 682 ι

436 734 498 792 Si
551 735 686 808 quis
740 742 1064 806 parentem,
1099 733 1184 789 vel
1244 733 1456 803 ﬁlium,
1489 733 1574 789 vel
1632 733 1894 801 fratrem,
1927 731 2013 788 vel

360 831 676 898 patronum
710 823 996 878 haredem
1039 823 1433 890 constituerit,
1464 827 1521 878 et
1580 821 1841 895 legatum
1893 821 2014 877 sive

363 916 500 970 ﬁdei
538 912 916 970 commissum
970 912 1042 968 ab
1091 927 1158 968 eo
1201 912 1428 985 legibus
1487 928 1600 968 non
1646 911 2012 984 incognitum

368 1004 540 1061 alicui
592 1003 919 1075 reliquerit,
953 1003 1002 1059 si
1053 1003 1289 1075 quidem
1338 1003 1696 1060 voluntatem
1755 1001 2013 1059 defuncti

366 1094 622 1165 scriptus
641 1093 822 1150 haeres
846 1093 1195 1165 impleverit,
1229 1099 1286 1149 et
1314 1095 1441 1150 sine
1463 1094 1839 1150 frustratione
1861 1093 2014 1164 lega-

361 1187 488 1238 tum
512 1182 1067 1252 exsolverit,babeat
1087 1183 1330 1238 ﬁrmiter
1343 1183 1740 1238 hereditatem
1755 1181 2015 1238 defuncti

362 1271 655 1343 etjudicio
677 1271 1074 1345 potiaturejus
1097 1273 1269 1343 cujus
1291 1273 1469 1328 everti
1487 1273 1778 1344 judicium
1804 1290 2016 1344 passus

362 1377 477 1416 non
510 1365 620 1416 est.
654 1361 711 1414 Si
734 1365 930 1416 autem
955 1361 1358 1417 reluctandum
1381 1379 1508 1418 esse
1528 1361 1816 1418 voluntati
1838 1367 2016 1417 testa-

364 1448 511 1504 toris
543 1448 985 1520 existimaverit,
1019 1453 1075 1504 et
1126 1448 1406 1520 legatario
1467 1466 1661 1505 moras
1708 1451 1927 1515 fecerit,
1957 1449 2016 1504 in

363 1542 598 1593 tantum
624 1543 690 1593 ut
711 1536 888 1593 etiam
913 1536 1232 1616 legatarius
1254 1537 1512 1608 judicem
1534 1539 1724 1608 adeat,
1744 1541 1801 1593 et
1824 1537 2016 1593 victri-

362 1641 488 1682 cem
522 1627 878 1683 sententiam
912 1626 1128 1699 capiat,
1162 1633 1218 1682 et
1249 1632 1442 1683 tamen
1469 1627 1856 1683 nihilominus
1895 1627 2015 1682 haec

2123 454 2226 492 nes
2258 437 2357 509 qui
2388 437 2647 510 aliquam
2675 438 2968 493 actionem
2999 440 3205 490 contra
3236 433 3492 506 aliquem
3532 433 3785 487 habent.

2122 544 2258 600 CAP.
2295 546 2422 602 119.
2453 577 2521 587 —
2553 545 2695 614 Quid
2746 545 2868 606 ﬁeri
2906 543 3098 598 debeat
3141 542 3204 597 de
3254 540 3409 597 bonis
3453 541 3789 612 capitaliter

2676 617 2948 682 damnati,
2989 632 3109 685 cap.
3143 615 3227 668 10.

2195 705 2440 778 Capitali
2473 706 2722 762 crimine
2753 707 3165 760 damnatorum
3200 703 3375 768 bona,
3408 718 3525 757 non
3570 702 3642 756 ad
3689 701 3786 755 lu-

2123 810 2286 849 crum
2338 795 2607 868 praesidis
2658 794 2921 867 perferri,
2967 793 3067 850 sed
3116 793 3380 866 cognatis
3429 791 3782 864 punitorum

2123 885 2287 940 reddi
2316 891 2560 955 oportet.

2122 979 2257 1031 CAP.
2293 975 2413 1030 120.
2447 1004 2516 1014 —-
2550 976 2614 1031 Ut
2648 974 3013 1044 allegationes
3039 974 3386 1042 litigatorum
3415 978 3786 1044 permaneant

2193 1049 2253 1100 ut
2268 1050 2423 1118 sunt,
2435 1045 2600 1101 donec
2614 1042 2868 1118 princeps
2886 1047 3127 1118 accipiat
3148 1055 3364 1116 tempus
3379 1042 3542 1114 justi!
3551 1046 3670 1097 iam
3679 1043 3781 1113 ju-

2192 1117 2445 1174 dicaudi.
2479 1117 2925 1186 ConstitutioZ/i,
2955 1135 3074 1189 cap.
3105 1117 3158 1172 2.

2194 1206 2252 1262 Si
2268 1206 2622 1262 consultatio
2646 1213 2934 1278 speretur,
2957 1213 3014 1261 et
3029 1205 3300 1277 princeps
3322 1207 3647 1274 occupatus
3662 1218 3778 1257 non

2126 1295 2314 1368 possit
2333 1301 2604 1351 senatum
2631 1297 2702 1351 ad
2728 1297 2835 1352 hoc
2861 1297 3057 1366 ipsum
3081 1295 3375 1367 colligere,
3392 1291 3780 1364 sllegationes

2123 1385 2487 1459 litigatorum
2539 1392 2820 1442 maneant
2868 1388 2923 1442 in
2976 1389 3177 1442 eadem
3213 1387 3419 1457 figura,
3453 1389 3511 1439 et
3540 1382 3778 1438 nullum

2127 1475 2524 1546 prasjudicium
2562 1474 2881 1546 patientur,
2915 1474 3183 1546 quamvis
3215 1480 3449 1545 tempus
3481 1476 3779 1528 statutum

2124 1569 2489 1620 transactum
2521 1564 2620 1629 sit,
2655 1580 2844 1634 usque
2873 1580 2939 1620 eo
2971 1562 3240 1618 videlicet
3268 1563 3452 1618 donec
3501 1560 3780 1632 princeps

2124 1653 2483 1708 vacationem
2521 1652 2771 1716 habens,
2803 1657 3108 1708 senatores
3133 1650 3561 1707 convocaverit.

363 1733 456 1772 res
486 1733 680 1773 moras
713 1717 985 1774 similiter
1016 1717 1206 1786 faciat,
1239 1724 1297 1773 et
1319 1717 1805 1791 postjudicialem
1825 1717 2014 1774 calcu-
2045 1718 2094 1784 B
2124 1742 2257 1798 CAP.
2293 1743 2417 1796 42L
2451 1773 2519 1781 _
2555 1743 2618 1799 υ(
2651 1742 2874 1796 lenone,
2902 1742 3175 1796 mmmam
3203 1756 3322 1796 es”
3348 1742 3638 1799 “amt”.
3669 1741 3782 1792 imo

360 1803 510 1873 lum,
543 1807 756 1863 annale
789 1811 1093 1880 praetereat
1122 1808 1406 1880 spatium,
1440 1815 1579 1864 tunc
1613 1807 1799 1864 solam
1821 1808 2010 1880 legiti-

362 1911 521 1950 mam
546 1896 870 1967 portionem
896 1896 1010 1952 sibi
1035 1897 1292 1953 debitam
1306 1897 1782 1954 hteresintitutus
1797 1897 2011 1954 habeat

363 1986 420 2037 et
450 1982 733 2056 reliquam
770 1989 992 2056 partem
1028 1986 1279 2042 amittat.

364 2113 501 2170 CAP-
536 2117 658 2174 116.
691 2147 760 2159 -
793 2119 854 2175 Ut
885 2117 1037 2191 infra
1077 2137 1294 2246 annui]?
1349 2121 1522 2177 haeres
1573 2123 1758 2194 legata
1813 2121 2009 2193 solvat,

1084 2208 1205 2246 can.
1289 2233 1300 2246 .

1084 2208 1205 2264 cap.
1249 2208 1300 2247 ιι.

435 2293 594 2350 Intra
625 2313 846 2352 annum
879 2297 1070 2354 modis
1101 2299 1378 2355 omnibus
1411 2299 1682 2356 relictum
1707 2304 2015 2372 praestetur

361 2381 664 2454 legatum;
700 2386 937 2442 initium
965 2393 1160 2444 autem
1204 2389 1342 2444 anni
1398 2405 1526 2446 esse
1578 2395 1807 2462 oportet
1863 2390 2010 2445 illud

358 2473 617 2543 tempus,
643 2490 758 2544 quo
782 2475 1052 2546 judiciali
1085 2477 1378 2533 sententia
1409 2495 1540 2534 reus
1565 2479 1901 2534 admonitus
1923 2485 2014 2534 est

360 2569 596 2632 propter
626 2560 803 2634 legati
838 2563 1190 2621 solutionem
1218 2583 1231 2620 :
1266 2583 1420 2622 anno
1451 2572 1648 2623 autem
1691 2572 2011 2638 transacto,

357 2647 546 2704 heres
576 2651 678 2722 qui
714 2651 904 2724 legata
929 2670 1044 2710 non
1067 2654 1322 2723 solverit,
1351 2656 1749 2713 hereditatem
1771 2661 2010 2713 testato-

365 2736 448 2792 ris
471 2739 725 2795 amittat.
1339 2757 1354 2769 ‘

362 2841 497 2898 CAP.
532 2842 656 2922 H7,
683 2876 750 2885 —
773 2846 914 2913 Quid
933 2847 1264 2904 creditorem
1286 2866 1447 2921 agere
1464 2858 1725 2922 oporteat,
1748 2852 1842 2906 cui
1859 2851 2010 2907 debi-

435 2924 554 2969 tum
582 2915 671 2972 die
699 2925 906 2973 statuto
937 2935 1048 2974 non
1076 2915 1340 2992 solvitur,
1361 2915 1531 2977 coast.
1567 2925 1619 2991 4,
1650 2915 1768 2993 cap.
1802 2924 1856 2979 1.

427 3030 486 3086 Si
515 3031 648 3102 quis
673 3034 984 3091 crediderit
1005 3036 1278 3105 alicui,et
1302 3039 1704 3110 ﬁdejussorem
1725 3040 1815 3097 vel
1841 3058 2007 3097 man-

2193 1823 2244 1869 et
2272 1815 2655 1940 mainuscripta
2673 1829 2870 1868 eorum
2894 1813 3092 1869 inania
3140 1812 3273 1868 sint.
3329 1809 3672 1869 Constitutio
3716 1810 3777 1864 31

2193 1901 2310 1940 can.
2380 1927 2392 1939 .

2191 1901 2310 1956 cap.
2344 1901 2392 1940 1.

2195 1974 2422 2030 Conslit.
2460 1973 2546 2036 11.
2579 1972 2608 2045 §
2637 1973 2792 2041 Item,
2821 1972 3071 2044 Siquis.)
3111 1973 3242 2028 Haec
3285 1969 3640 2027 constitutio
3685 1971 3782 2040 ju-

2121 2064 2220 2119 bet
2239 2063 2531 2119 neminom
2554 2061 2823 2118 lenonem
2842 2078 2991 2132 esse,
3012 2079 3200 2132 neque
3224 2061 3283 2116 in
3307 2061 3449 2116 urbe
3482 2059 3781 2131 imperiali

2120 2170 2312 2225 neque
2335 2153 2390 2207 in
2419 2151 2704 2222 puvinciis
2725 2151 2913 2207 ethoc
2936 2151 3245 2223 prohibere
3266 2151 3481 2205 debent
3504 2157 3783 2222 praetores

2123 2247 2180 2296 et
2197 2241 2499 2312 praasides.
2524 2239 2738 2295 Ultimo
2756 2239 2912 2294 enim
2944 2239 3234 2310 supplicio
3254 2239 3660 2309 subjiciuntur
3678 2238 3780 2309 qui

2123 2335 2324 2384 contra
2339 2328 2778 2384 constitutionis
2802 2343 3068 2383 normam
3086 2327 3325 2382 lenones
3348 2343 3478 2383 esse
3495 2327 3627 2382 ausi
3641 2331 3780 2381 sunt

2121 2419 2332 2476 Omnia
2361 2425 2558 2474 autem
2591 2418 2984 2472 instrumenta
3004 2421 3062 2472 et
3081 2416 3496 2486 ﬁdejussiones
3517 2417 3674 2489 apud
3696 2416 3778 2472 leo

2123 2525 2307 2565 nones
2335 2509 2740 2579 interpositae,
2773 2506 2863 2561 vel
2893 2524 2923 2560 a
2969 2505 3286 2562 lenonibus
3335 2511 3543 2562 contra
3595 2507 3777 2561 bonos

2123 2616 2317 2654 mores
2340 2598 2544 2667 factas,
2575 2596 2842 2652 inﬁrmas
2874 2601 3053 2668 atque
3086 2595 3375 2652 invalidas
3404 2612 3537 2651 esse
3567 2595 3779 2650 consti-

2120 2688 2272 2744 tutio
2294 2687 2486 2758 jubet.

2119 2780 2257 2836 CAP.
2290 2781 2414 2835 122.
2450 2810 2515 2820 -
2548 2779 2662 2847 Quo
2691 2777 2968 2849 supplic-io
3015 2778 3286 2848 plectatur
3331 2778 3606 2833 incestum
3652 2795 3774 2833 ma-

2422 2853 2769 2918 trimonium,
2805 2851 3129 2906 Comtitutio
3155 2849 3226 2904 32
3261 2865 3382 2921 cap.
3414 2849 3465 2904 1.

2189 2941 2403 3011 (Const.
2442 2940 2528 3008 12,
2559 2940 2588 3011 ἕ
2624 2940 2699 3011 1.)
2733 2939 2792 2994 Si
2853 2937 2987 3009 quis
3037 2938 3332 2993 nefarium
3371 2942 3430 2994 et
3479 2938 3775 2995 incestum

2119 3035 2294 3100 atque
2324 3031 2669 3084 damnatum
2697 3028 3143 3083 matrimonium
3162 3029 3538 3093 contraxerit,
3560 3028 3777 3085 liberos

357 3119 622 3174 datorem
653 3123 967 3194 acceperit,
999 3124 1086 3180 vel
1120 3141 1253 3181 eum
1284 3128 1383 3199 qui
1409 3090 1734 3200 "pecuniam
1798 3147 1900 3200 pro
1939 3147 2005 3186 eo
2037 3090 2080 3158 Ο
2118 3126 2312 3174 autem
2337 3134 2405 3173 ex
2428 3119 2619 3189 priore
2640 3117 2904 3188 legitimo
2931 3116 3307 3172 matrimonio
3331 3133 3444 3172 non
3475 3115 3775 3185 habuerit,

357 3210 748 3279 constituerit,
779 3230 895 3268 non
931 3215 1095 3286 prius
1127 3221 1330 3271 contra
1361 3217 1506 3273 tales
1539 3235 1820 3290 personas
1837 3220 2008 3277 actio-

356 3315 462 3353 nes
496 3305 725 3356 moveat
755 3319 894 3357 suas
922 3319 1098 3375 quam
1125 3305 1408 3362 adversus
1438 3306 1635 3378 ipsum
1655 3325 1820 3363 reum
1856 3311 2009 3382 prin-

358 3388 606 3461 cipalem
631 3391 835 3463 egerit,
866 3411 1120 3467 eumque
1151 3394 1382 3467 inopem
1415 3397 1702 3453 invenerit
1729 3398 1816 3454 vel
1840 3399 1898 3454 in
1921 3416 2010 3455 so-

359 3476 570 3546 lidum,
597 3479 687 3535 vel
720 3499 823 3553 pro
847 3491 1029 3554 parte.
1065 3483 1382 3556 Postquam
1414 3486 1570 3542 enim
1595 3487 1825 3560 egentia
1846 3487 2005 3544 labo-

362 3583 490 3622 rare
524 3569 786 3624 noscitur
817 3588 948 3627 reus
981 3571 1100 3628 sive
1132 3573 1188 3628 in
1221 3573 1500 3644 solidum,
1527 3575 1645 3631 sive
1686 3593 1787 3649 pro
1821 3582 2006 3650 parte,

356 3659 499 3711 tunc
527 3663 730 3714 contra
755 3660 1135 3732 ﬁdejussores
1156 3663 1243 3718 vel
1269 3667 1639 3722 mandatores
1657 3667 2004 3724 creditorem

360 3743 669 3802 intendere
701 3753 946 3820 oportet.
981 3750 1109 3806 Item
1148 3752 1281 3807 ibid.
1313 3769 1360 3810 ε,
1391 3757 1444 3809 2.
1472 3754 1601 3810 Hac
1669 3761 1863 3811 autem
1923 3756 2008 3812 sic

357 3835 741 3909 intelligenda
763 3845 904 3894 sunt
935 3846 999 3896 ut
1026 3841 1247 3897 nullam
1275 3843 1608 3900 facultatem
1642 3845 1854 3902 habeat
1884 3863 2007 3903 cre-

360 3924 516 3980 ditor
547 3942 639 3981 res
667 3926 986 3996 vindicare,
1021 3930 1364 4002 priusquam
1398 3935 1732 4004 personatos
1751 3935 2010 3992 actiones

358 4020 642 4082 exerceat,
670 4021 787 4072 tam
811 4023 1012 4074 contra
1028 4019 1221 4091 ipsum
1240 4038 1405 4077 reum
1425 4022 1806 4095 principalem
1831 4041 2008 4096 quam

343 4109 564 4184 contra
588 4105 965 4178 ﬁdejussores
990 4111 1120 4179 ejus
1151 4115 1209 4166 et
1235 4111 1632 4183 mandatores,
1654 4130 1870 4186 eosque
1893 4130 2009 4170 non

361 4191 637 4250 solvendo
669 4211 798 4252 esse
828 4203 1126 4271 appareat.

361 4315 492 4398 CAP.
529 4316 652 4373 118.
685 4349 755 4398 _—;
785 4319 896 4387 Qui
923 4326 1176 4398 mutuam
1207 4327 1475 4398 acceperit
1502 4329 1836 4398 peccuniam
1879 4326 2011 4398 quid

430 4389 613 4471 facere
665 4390 879 4471 debeat,
1011 4389 1341 4471 pecuniam'
1365 4415 1476 4455 non
1502 4389 1792 4456 'habuerit
1842 4389 2011 4471 quam

433 4460 642 4534 reddat,
675 4479 795 4534 cap.
827 4460 881 4532 2,
917 4460 1072 4534 (ibid.
1105 4483 1152 4523 c.
1186 4469 1263 4532 3).

434 4561 494 4618 Si
545 4563 678 4635 quis
727 4563 1037 4638 pecuniam
1099 4568 1476 4637 mutuaverit,
1528 4569 1760 4627 debitor
1809 4574 2005 4626 autem

362 4652 676 4723 pecuniam
709 4671 824 4711 non
874 4654 1172 4725 habuerit,
1203 4657 1481 4715 mobilem
1540 4675 1664 4716 rem
1733 4660 2007 4717 creditori

363 4745 616 4811 praestet,
651 4743 703 4798 sl
735 4742 930 4799 habet.
963 4743 1021 4799 Si
1050 4751 1245 4801 autem
1281 4764 1401 4803 rem
1435 4748 1715 4805 mobilem
1749 4767 1864 4805 non
1900 4748 2004 4804 ha-

362 4828 516 4898 beat;
549 4835 692 4887 tunc
723 4832 1083 4889 immobilem
1114 4851 1234 4890 rem
1267 4853 1456 4905 suam,
1491 4837 1541 4892 si
1574 4838 1772 4909 habet,
1802 4840 2008 4896 vende-

362 4933 423 4972 re
455 4919 645 4990 debet,
676 4925 733 4976 et
773 4921 1077 4993 pecuniam
1111 4923 1366 4981 debitam
1402 4943 1470 4980 ex
1501 4928 1686 4998 pretio
1718 4929 1799 4984 rei
1831 4927 2010 4984 solve-

364 5020 444 5059 re.
473 5007 576 5063 Sin
609 5013 806 5065 autem
835 5014 1159 5081 emptorem
1195 5029 1306 5067 non
1341 5013 1624 5080 inveniat,
1668 5021 1809 5072 tunc
1859 5034 2010 5088 prae-

362 5096 528 5152 dium
556 5099 709 5170 quod
742 5100 1029 5172 optimum
1063 5100 1239 5155 habet
1259 5102 1526 5157 creditori
1560 5121 1666 5159 suo
1693 5111 2012 5176 prastet,et

359 5187 592 5243 actione
609 5204 726 5260 qua
747 5188 1064 5244 obstrictus
1083 5194 1175 5244 est
1194 5187 1496 5245 liberetur.
1516 5190 1623 5247 Ubi
1647 5199 1832 5250 autem
1849 5211 2011 5267 emp-

357 5280 542 5332 torem
577 5278 780 5350 prasdii
814 5280 902 5334 sui
936 5279 1243 5345 invenerit,
1277 5284 1477 5335 caveat
1505 5281 1782 5338 creditori
1832 5301 2012 5356 pecu-

361 5367 520 5422 niam
550 5367 808 5425 debitam
841 5369 1177 5425 soluturum
1210 5383 1293 5436 se,
1322 5373 1380 5424 et
1409 5373 1542 5441 post
1568 5371 1899 5428 cautionem
1938 5372 2014 5428 li-

359 5460 486 5510 ceat
515 5456 567 5512 ei
589 5458 943 5516 constituere
963 5458 1318 5515 venditionis
1340 5463 1728 5518 contractum.
1751 5460 2014 5519 Credite-

361 5544 442 5601 ris
471 5551 666 5603 autem
704 5549 1094 5622 appellatione
1126 5549 1494 5623 signiﬁcatur
1535 5567 1652 5608 non
1712 5551 1902 5608 solum
1961 5553 2012 5609 is

2033 4464 2083 4530 D

2117 3210 2318 3266 statim
2351 3210 2477 3264 suis
2510 3207 2894 3265 tacultatihus
2917 3213 3133 3276 careat,
3158 3213 3216 3264 et
3245 3209 3351 3265 dos
3373 3226 3502 3282 quae
3523 3211 3668 3265 data
3687 3217 3776 3266 est

2115 3300 2168 3355 ei
2200 3300 2327 3354 ﬁsci
2350 3298 2593 3369 juribus
2622 3299 2972 3353 vindicetur.
3009 3298 3143 3353 Post
3172 3297 3636 3368 publicationem
3667 3317 3774 3355 au-

2115 3393 2234 3443 tem
2268 3392 2324 3442 et
2355 3385 2576 3458 cinguli
2607 3387 2699 3442 sui
2731 3387 2994 3458 patiatur
3024 3386 3431 3453 amissionem,
3463 3392 3524 3442 et
3562 3387 3770 3444 exsilio

2117 3478 2419 3550 puniatur.
2452 3478 2615 3543 Quod
2649 3478 2697 3533 si
2733 3477 2902 3532 vilior
2932 3477 3030 3543 sit,
3064 3480 3120 3532 et
3140 3476 3427 3548 corporali
3455 3468 3769 3548 quaestioni

2115 3567 2428 3635 subsistat,
2460 3571 2517 3622 et
2541 3582 2684 3622 uxor
2711 3567 2860 3636 ejus,
2885 3570 3090 3620 contra
3120 3564 3280 3637 leges
3303 3572 3506 3638 nupta,
3530 3569 3767 3624 easdem

2116 3673 2318 3729 pmnas
2333 3654 2842 3728 patiatur,scilicet
2855 3653 2904 3709 si
2923 3652 3260 3726 nullajusta
3271 3659 3584 3710 excusetur
3606 3655 3770 3728 igno-

2117 3745 2326 3801 rantia.

2116 3837 2252 3892 CAP.
2287 3835 2409 3889 123.
2443 3866 2511 3875 —
2535 3834 2791 3904 Qualiter
2819 3835 3043 3900 nepote:
3063 3836 3114 3887 et
3146 3841 3333 3904 neptes
3352 3834 3445 3888 avi
3491 3835 3579 3890 vel
3627 3836 3768 3893 avia

2189 3906 2539 4032 haeretiitates
2598 3909 2747 3963 inter
2793 3918 2849 3958 se
2907 3907 3256 3974 partiantur.
3317 3905 3646 3963 Conslitutio
3701 3910 3765 3963 3-1

2186 3995 2308 4047 cap.
2382 4019 2394 4032 .

2189 4067 2438 4139 (Constit.
2481 4067 2564 4136 18,
2597 4069 2625 4136 §
2655 4068 2839 4138 Neque
2866 4067 2969 4124 illo
2992 4065 3268 4141 quidem.)
3289 4064 3345 4120 Si
3369 4066 3503 4137 quis
3528 4073 3770 4140 nepotes

2119 4174 2188 4213 ex
2218 4155 2337 4211 ﬁlio
2362 4155 2664 4228 reliquerit
2689 4161 2746 4212 et
2766 4173 2833 4212 ex
2860 4157 2999 4224 ﬁlia,
3024 4162 3263 4228 nepotes
3283 4155 3370 4210 vel
3393 4161 3602 4228 neptes
3622 4158 3769 4230 pari-

2119 4253 2205 4302 ter
2235 4247 2305 4302 ad
2337 4245 2737 4302 hereditatem
2772 4247 2844 4302 ab
2876 4248 3150 4302 intestato
3173 4244 3260 4300 avi
3285 4243 3547 4300 defuncti
3568 4261 3775 4303 vocen-

2119 4339 2236 4404 tur,
2269 4339 2472 4390 etnon
2508 4335 2703 4391 minus
2735 4335 2968 4391 tertiam
3010 4339 3235 4408 partem
3291 4333 3445 4388 sicut
3491 4339 3629 4392 ante
3676 4353 3770 4392 ca-

2120 4426 2414 4498 piant,sed
2439 4425 2724 4495 integram
2747 4424 3078 4496 portionem
3101 4429 3561 4494 consequantur,
3585 4443 3772 4499 nepo-

2114 4519 2202 4570 tes
2232 4531 2298 4570 ex
2331 4515 2452 4570 ﬁlia
2483 4513 2655 4570 talem
2681 4513 2972 4586 accipiant
3011 4513 3132 4569 nati
3184 4513 3419 4585 qualem
3471 4516 3772 4588 accipiunt

2115 4610 2358 4676 nepotes
2387 4620 2454 4660 ex
2487 4603 2606 4660 ﬁlio
2637 4603 2946 4675 procreati.

2185 4695 2322 4750 Item
2351 4693 2561 4764 (eodem
2591 4694 2667 4766 §.)
2699 4693 2755 4747 Si
2785 4693 2912 4749 avia
2947 4692 3266 4748 decesserit
3323 4694 3643 4764 nepotibus
3700 4713 3770 4754 ex

2116 4782 2234 4838 ﬁlio
2265 4789 2322 4838 et
2354 4783 2629 4854 neptibus
2659 4799 2726 4838 ex
2749 4782 2870 4837 ﬁlia
2891 4781 3208 4848 derelictis,
3231 4798 3436 4838 omnes
3457 4786 3680 4852 pariter
3699 4790 3769 4842 ad

2116 4872 2516 4928 hereditatem
2545 4871 2682 4927 avia:
2715 4888 2835 4926 suis
2886 4875 3185 4935 vocentur,
3217 4875 3275 4925 et
3318 4871 3560 4927 omnino
3611 4875 3773 4931 nulla

2117 4961 2194 5016 sit
2225 4959 2575 5026 diﬁcrentia,
2609 4964 2804 5016 utrum
2834 4975 3040 5014 omnes
3063 4964 3302 5030 nepotes
3324 4959 3444 5014 sint
3465 4977 3538 5017 an
3563 4969 3771 5038 neptes

2119 5053 2317 5103 utrum
2350 5065 2417 5104 ex
2446 5048 2564 5104 ﬁlio
2597 5065 2668 5104 an
2701 5065 2769 5104 ex
2800 5047 2921 5104 illia
2951 5049 3235 5119 procreati
3267 5048 3409 5105 sint.

2120 5139 2254 5210 CAP.
2291 5138 2409 5210 121.
2452 5169 2514 5179 -
2550 5138 2690 5206 Quid
2707 5139 2958 5210 patiatur
2988 5137 3203 5193 debitOr
3232 5139 3330 5209 qui
3359 5141 3598 5210 tempore
3642 5143 3769 5198 red-

2191 5208 2420 5336 ggtioni:
2444 5208 2996 5334 Zolueritfrustrare
3042 5208 3390 5266 creditorem.
3441 5208 3777 5272 Constitutio

2297 5298 2420 5352 cap.
2483 5320 2494 5333 .

2192 5373 2245 5443 (ἡ
2276 5370 2532 5426 Studium
2559 5371 2730 5444 vero.)
2760 5370 2818 5427 Si
2850 5371 2983 5442 quis
3014 5369 3240 5441 prolata
3259 5387 3437 5426 manu
3465 5388 3576 5429 sua
3599 5391 3774 5448 nega-

2116 5461 2266 5518 verit
2295 5466 2351 5517 et
2381 5461 2594 5518 dixerit
2621 5461 2798 5518 talem
2831 5460 3184 5533 scripturam
3217 5477 3388 5517 suam
3447 5479 3566 5518 non
3621 5483 3770 5534 esse,

2120 5557 2320 5624 postea
2351 5558 2511 5608 actor
2539 5551 2882 5624 probatione
2907 5556 3164 5622 vexetur,
3186 5555 3243 5606 et
3259 5551 3392 5608 aliis
3413 5553 3780 5614 difﬁcultati-
