4000 6060
226 317 339 373 929
1190 296 1503 352 DECRETI
1540 294 1727 347 PARS
1760 293 1909 348 XVI.
1943 320 2011 332 -—-
2040 296 2135 347 DE
2173 294 2478 350 OFF‘ICIIS
2516 295 2700 349 LAIC.
3540 286 3645 341 930

226 445 345 500 bus
375 432 678 512 [Ηαιοαηάι
711 430 782 485 Εἰ
802 427 912 481 1100
940 423 1257 512 habente}?!
1291 417 1702 512 Buraslitteras,
1736 419 1802 512 ut
1828 415 1888 471 in
1918 422 1967 486 Α
2003 418 2180 472 thecae
2211 417 2383 473 titulo
2411 420 2799 488 supponatur,
2841 414 2940 471 sed
2990 413 3165 469 etiam
3205 428 3298 468 res
3340 412 3530 469 vitrici
3580 425 3649 467 ex

227 504 750 599 eacoinprobanda
766 513 1001 586 magnis
1015 509 1265 582 negotiis
1287 504 1754 576 actorimplicari
1788 520 1884 560 co-
1996 507 2305 580 praesentis
2338 504 2775 563 constitutionis
2806 504 3175 560 auctoritate.

231 627 426 696 gatur.
450 593 541 672 lla
570 624 778 685 quoque
810 606 1029 662 Graecus
1060 598 1277 668 eodem]
1300 599 1437 696 .Post.
1464 610 1663 665 pauca,
1699 593 1788 649 vel
1837 594 1885 649 si

232 685 463 767 litteras
487 703 725 777 quidem
749 712 886 753 suas
910 689 1232 766 agnoverit,
1256 685 1468 741 dixerit
1491 688 1687 738 autem
1711 699 1889 755 pecu-

237 801 402 856 niam
451 772 565 851 sibi
610 790 981 845 numeratam
1031 797 1065 836 a
1113 777 1395 834 creditore
1440 791 1554 828 non
1603 789 1753 838 esse,
1828 772 1888 828 in

238 893 560 954 utrumque
583 892 788 935 casum
813 872 1135 935 convictus,
1152 867 1210 922 in
1224 864 1402 935 duplo
1426 862 1687 917 debitam
1712 878 1891 932 quan.

236 949 749 1043 tilatem-praastet.
777 962 938 1027 Quod
956 960 1003 1016 si
1020 958 1201 1031 judex
1222 958 1422 1010 contra
1444 954 1791 1023 praesentem
1810 949 1892 1005 le-

241 1082 374 1139 gem
400 1038 772 1134 judicaverit,
797 1054 921 1123 ipse
945 1063 1172 1122 poenam
1199 1043 1410 1100 actoris
1431 1040 1655 1095 reddat.
1682 1038 1742 1095 Si
1761 1038 1894 1110 quis

243 1136 440 1211 autem
476 1147 686 1205 dixerit
716 1141 827 1200 sibi
851 1139 1076 1195 nullam
1096 1136 1543 1191 adnumeratam
1575 1145 1702 1185 esse
1728 1144 1896 1200 pecu-

242 1245 430 1307 niam,
456 1242 657 1312 postea
683 1236 876 1289 autem
897 1227 1207 1283 confessus
1220 1223 1321 1290 sit,
1340 1219 1615 1276 eldixerit
1637 1235 1697 1274 se
1719 1218 1896 1273 etiam

243 1308 632 1406 particulares
653 1320 976 1379 solutiones
1013 1314 1280 1379 solvisse,
1340 1308 1610 1383 quamvis
1654 1323 1714 1361 re
1764 1323 1900 1361 vera

246 1401 614 1496 persolverit,
637 1418 894 1469 attamen
927 1405 1317 1462 nihilominus
1348 1401 1641 1471 integram
1682 1401 1898 1452 sortem

252 1512 538 1569 exsolvat.

250 1619 384 1675 CAP.
419 1616 541 1671 125.
574 1641 642 1652 -—
673 1613 750 1665 De
780 1605 1012 1661 muliere
1034 1601 1267 1675 nubente
1293 1598 1443 1653 intra
1474 1610 1687 1651 annum
1706 1594 1901 1658 luctus,

842 1681 902 1732 ut
925 1674 1152 1746 infamis
1179 1672 1271 1726 sit.

328 1788 374 1854 (§
403 1785 584 1841 Const.
616 1780 709 1847 22,
760 1794 823 1833 ac
857 1772 1107 1848 primae.)
1156 1770 1214 1824 Si
1248 1767 1461 1824 mulier
1490 1770 1624 1839 post
1653 1766 1904 1820 mortem

258 1853 746 1943 mariti,necdum
770 1864 965 1923 annali
985 1861 1176 1935 spatio
1191 1857 1503 1930 completo,
1522 1856 1593 1910 ad
1619 1853 1912 1909 secundas

258 1960 658 2039 properaverit
723 1957 987 2029 nuptias,
1043 1951 1203 2009 omni
1266 1949 1504 2021 quidem
1571 1946 1742 2000 modo
1819 1943 1913 1997 in-

260 2030 348 2111 ter
374 2030 629 2109 infames
660 2049 792 2105 erit.
828 2046 937 2102 Sed
973 2043 1022 2098 si
1069 2041 1304 2112 quidem
1351 2037 1567 2091 liberos
1608 2048 1677 2089 ex
1735 2030 1914 2104 priori

262 2140 641 2200 matrimonio
676 2154 791 2193 non
825 2135 1055 2197 habeat,
1092 2127 1395 2183 infamiam
1423 2124 1661 2196 quidem
1695 2120 1918 2176 solvere

266 2233 498 2305 poterit.
532 2229 581 2284 si
614 2241 815 2300 preces
848 2218 1188 2293 imperatori
1241 2213 1579 2288 porrexerit,
1615 2215 1671 2266 et
1717 2209 1915 2264 divino

263 2298 547 2395 principis
578 2298 724 2372 nutu
763 2309 939 2384 priori
967 2306 1227 2381 opinioni
1282 2304 1555 2359 restituta
1601 2298 1794 2366 fuerit,
1828 2314 1919 2352 res

266 2388 473 2469 autem
499 2427 531 2464 a
561 2404 744 2479 priori
777 2402 990 2457 marito
1025 2398 1137 2453 sibi
1174 2395 1408 2451 relictas
1440 2390 1600 2446 nullo
1632 2390 1805 2443 modo
1826 2388 1919 2441 lu-

269 2501 553 2557 crabitur.

269 2608 407 2663 CAP.
458 2604 575 2658 126.
622 2631 692 2641 —
738 2600 812 2654 De
846 2595 1080 2651 muliere
1110 2606 1235 2664 qum
1262 2587 1504 2664 secundo
1549 2585 1781 2664 nubens,
1841 2598 1925 2664 r_e_s

344 2654 667 2749 filiisiisuis
732 2674 858 2726 ante
941 2654 1171 2722 donatas
1245 2661 1532 2717 retrahere
1610 2654 1924 2721 tentaverit,

346 2747 467 2805 Cap.
496 2747 585 2801 33.

349 2765 407 2805 ca
456 2765 585 2802 ηπ.

349 2847 397 2915 (§
412 2765 603 2900 illater
624 2838 799 2911 sane.)
830 2837 885 2892 Si
910 2830 1339 2891 mulierliberis
1370 2828 1494 2884 suis
1514 2844 1606 2882 res
1638 2824 1928 2897 quaedam

278 2913 602 3000 donaverit,
629 2935 949 3004 posteaque
995 2925 1065 2979 ad
1105 2937 1285 2977 secun
1319 2919 1424 2974 das
1465 2913 1791 2987 pervenerit
1828 2931 1932 2968 nu-

1997 614 2125 670 CAP.
2158 614 2275 669 130.
2302 646 2369 654 -—
2392 616 2463 669 De
2488 614 2726 667 muliere
2746 628 2865 683 qua:
2888 612 3045 666 intra
3065 624 3280 683 annum
3301 610 3480 664 luctus
3503 611 3651 665 citra

2066 686 2509 748 matrimonium,
2541 681 2865 755 conceperit,
2890 686 2947 736 ut
2972 681 3208 753 perinde
3229 681 3463 751 infamis
3484 684 3555 736 sit
3580 697 3651 736 ac

2069 758 2120 813 si
2148 760 2439 826 nupsisset.
2477 757 2703 812 Constit.
2737 757 2827 824 38,
2857 771 2905 811 c.
2936 757 2991 808 2.

2072 847 2124 920 (§
2173 850 2352 903 Const.
2403 847 2493 917 39,
2542 847 2687 916 Fin.)
2728 845 2783 899 Si
2837 843 3048 908 mulier
3110 842 3387 897 defuncto
3440 839 3656 896 marito

2002 941 2316 1008 antequam
2352 953 2542 990 annus
2573 934 2868 1006 legitimus
2898 935 3180 998 transeat,
3238 931 3309 985 ad
3363 930 3657 985 secundas

2001 1027 2237 1097 nuptias
2268 1042 2384 1081 non
2426 1022 2783 1096 migraverit,
2835 1038 2994 1076 more
3043 1026 3237 1074 autem
3291 1020 3657 1073 meretricum

2002 1113 2074 1168 ab
2107 1114 2302 1183 aliquo
2324 1117 2591 1183 stuprata
2623 1109 2957 1180 conceperit
2998 1116 3052 1163 et
3103 1106 3419 1179 pepererit,
3470 1110 3534 1160 ut
3584 1106 3663 1160 sit

2006 1202 2230 1257 clarum
2262 1202 2317 1256 id
2344 1201 2498 1272 quod
2524 1204 2727 1254 natum
2759 1204 2848 1253 est
2868 1196 3124 1252 defuncti
3146 1195 3341 1250 mariti
3368 1211 3484 1248 non
3507 1210 3659 1259 esse,

2009 1292 2243 1347 easdem
2272 1307 2473 1363 pmnas
2496 1290 2779 1361 patiatur,
2805 1303 2953 1358 quas
2971 1302 3041 1341 ex
3061 1283 3350 1356 superiori
3376 1282 3665 1339 constitu-

2011 1382 2170 1436 tione
2203 1380 2502 1451 patiturea
2518 1395 2644 1449 quae
2661 1382 2796 1432 ante
2820 1383 3054 1447 tempus
3076 1374 3409 1447 legitimum
3431 1374 3669 1445 nuptias

2012 1470 2304 1526 secundas
2336 1466 2714 1523 contraxerit.

2012 1578 2141 1633 CAP.
2178 1576 2300 1632 131.
2334 1605 2401 1614 -—
2433 1574 2633 1642 Quales
2682 1577 2841 1627 testes
2882 1570 3068 1625 adesse
3113 1574 3355 1641 aperteat
3402 1570 3661 1627 haeretica

2083 1656 2274 1702 contra
2307 1646 2651 1705 haereticum.
2684 1643 2766 1698 vel
2795 1642 3089 1698 orthodoxa
3109 1652 3298 1697 contra
3321 1643 3664 1712 haereticum,

2084 1723 2183 1774 aut
2200 1722 2344 1773 certe
2370 1718 2652 1772 catholicis
2681 1716 2922 1770 invicem
2957 1713 3333 1785 litigantibus.
3383 1713 3662 1769 Constitu-

1942 1803 1989 1868 Β
2090 1794 2166 1846 tio
2195 1792 2284 1854 42,
2316 1806 2435 1860 cap.
2458 1791 2511 1842 2.

2096 1879 2452 1950 (Constit.45,
2486 1880 2513 1949 ξ
2543 1876 2691 1944 Fin.)
2724 1875 2783 1931 Si
2831 1874 3142 1929 haereticus
3193 1880 3395 1929 contra
3442 1872 3675 1929 haereti-

2025 1985 2161 2025 cum
2192 1968 2398 2037 litiget,
2430 1966 2603 2021 liceat
2634 1963 2818 2020 cuivis
2851 1962 3032 2019 alium
3075 1963 3414 2018 hmreticum
3462 1965 3676 2017 testem

2027 2058 2337 2113 adducere.
2368 2056 2469 2111 Sin
2502 2060 2700 2110 autem
2719 2053 3081 2109 orthodoxus
3105 2055 3310 2107 contra
3336 2050 3685 2106 basreticum'

2028 2146 2238 2219 litiget,
2272 2161 2374 2216 pro
2404 2143 2725 2199 orthodoxo
2750 2142 2989 2213 quidem
3018 2140 3271 2196 haeretici
3302 2139 3480 2195 etiam
3516 2139 3679 2195 testi-

2028 2234 2295 2292 monium
2326 2232 2530 2299 valeat,
2556 2237 2761 2288 contra
2801 2230 3193 2285 orthodoxam
3241 2232 3439 2283 autem
3492 2226 3680 2283 solius

2031 2323 2339 2382 orthodoxi
2360 2320 2768 2378 testimonium
2792 2318 3002 2374 valeat.
3026 2317 3377 2374 Ortbodoxis
3397 2321 3595 2373 autem
3618 2315 3683 2371 1i-

2032 2416 2381 2488 tigantibus,
2413 2414 2484 2469 ad
2509 2410 2912 2468 testimonium
2944 2408 3146 2465 nullus
3176 2408 3447 2465 haeretico
3488 2411 3686 2480 pateat

2033 2506 2251 2561 aditus.

2034 2595 2167 2650 CAP.
2196 2594 2392 2648 132.—
2424 2591 2573 2659 Quod
2601 2590 2671 2644 ad
2700 2588 3072 2644 dirimendum
3099 2587 3349 2656 partium
3371 2587 3687 2659 controver—

2105 2657 2457 2788 siamzununi
2484 2662 2728 2733 sufﬁciat
2750 2660 3171 2732 jusjurandum.
3223 2659 3556 2715 Constitulio
3596 2657 3686 2727 45,

2113 2753 2234 2788 can.
2298 2775 2312 2788 .

2113 2753 2234 2794 can.
2257 2753 2312 2789 Ζ.

2110 2822 2365 2897 ((lonstit.
2395 2824 2486 2888 50,
2520 2822 2549 2895 §
2583 2821 2726 2891 Fin.)
2760 2820 2977 2875 Omnes
3007 2818 3333 2891 litigatores
3375 2820 3685 2889 postquam

2033 2912 2456 2986 jusjurandum
2478 2928 2648 2966 suum
2677 2910 2924 2973 addunt,
2946 2908 3085 2978 quia
3107 2924 3222 2961 non
3248 2904 3557 2961 delationis
3578 2921 3682 2960 nec

280 3025 453 3097 ptias,
476 3016 926 3094 ingratitudinis
950 3014 1278 3069 velamento
1302 3006 1677 3063 donationem
1703 3002 1879 3058 semel
1898 3020 1932 3058 a
2042 3002 2345 3059 calumniae
2379 3017 2578 3067 causa,
2600 3015 2704 3053 nec
2726 2997 2967 3052 vexandi
3001 2994 3315 3050 adversarii
3346 2994 3535 3067 gratia
3558 3010 3693 3065 pro-

279 3082 343 3169 se
368 3082 579 3167 factum
608 3123 878 3165 revocare
901 3102 1197 3163 maluerit,
1225 3097 1387 3154 nullo
1408 3095 1703 3151 modohoc
1719 3093 1932 3166 poterit
1975 3164 2004 3169 _
2042 3091 2307 3147 bationes
2331 3090 2388 3144 in
2424 3093 2544 3143 tota
2576 3104 2754 3142 causa
2788 3086 2858 3140 ab
2893 3083 3227 3139 adversario
3261 3100 3368 3138 suo
3409 3082 3645 3154 exigant
3679 3100 3694 3149 ;

280 3164 623 3269 ὦ)ζῶξῇἱεὶ
642 3195 974 3269 specialiter
996 3188 1347 3263 probaverit,
1373 3185 1458 3241 vel
1480 3184 1634 3256 quod
1657 3164 1782 3237 vitae
1806 3183 1934 3250 ejus
1965 3164 2007 3231 C
2049 3198 2179 3235 nam
2196 3185 2368 3234 antea
2388 3179 2446 3232 in
2474 3172 3121 3249 unoquoquecapitulo,
3148 3189 3280 3227 cum
3297 3172 3419 3227 litis
3441 3171 3698 3242 litigator

283 3292 440 3347 ﬁlius
471 3287 786 3344 insidiatus
810 3284 907 3347 sit,
938 3280 1024 3336 vel
1049 3280 1199 3350 quod
1224 3277 1274 3333 ei
1301 3291 1514 3330 manus
1538 3272 1748 3342 impias
1777 3272 1936 3326 intu-

283 3380 435 3444 lerit,
468 3376 555 3435 vel
587 3376 740 3447 quod
764 3373 910 3429 tales
940 3369 1187 3426 insidias
1210 3362 1643 3422 concinnaverit
1666 3366 1733 3415 ut
1754 3359 1937 3417 facul-

284 3469 507 3526 tatibus
539 3466 664 3522 suis
697 3463 835 3519 totis
866 3461 1215 3534 privaretur.

288 3577 423 3631 Cap.
459 3573 581 3629 127.
612 3600 683 3612 —-
714 3568 866 3638 Quod
894 3566 1103 3622 mulier
1131 3560 1365 3619 secundo
1385 3559 1616 3638 nube_n_s,
1640 3556 1941 3629 privilegia

640 3632 851 3714 prioris
868 3639 1058 3694 mariti
1088 3638 1325 3699 amittat,
1359 3648 1479 3703 cap.
1511 3632 1602 3684 24.

365 3751 419 3825 (§
448 3750 631 3823 Neque
654 3750 834 3815 item.)
865 3744 1093 3810 Mulier,
1130 3757 1259 3813 quis
1293 3740 1361 3795 ad
1396 3737 1686 3825 secundas
1729 3735 1945 3825 migra-

300 3824 447 3897 verit
463 3839 719 3910 nuptias,
743 3832 1067 3907 privilegiis
1083 3831 1171 3886 vel
1191 3826 1582 3899 dignitatibus
1604 3824 1814 3896 prioris
1830 3840 1950 3878 ma-

304 3930 401 3985 riti
434 3945 547 3984 non
582 3927 791 3983 utitur.

304 4020 435 4075 CAP.
476 4017 595 4073 128.
629 4046 697 4056 -
722 4016 792 4069 De
826 4011 1028 4067 liberta
1068 4009 1286 4079 patroni
1327 4009 1418 4061 sui
1464 4020 1665 4068 uxore,
1708 4019 1828 4073 cap.
1859 4000 1949 4057 25.

374 4108 423 4177 (§
455 4104 787 4178 Hujusmodi
815 4102 1098 4169 eleganter
1127 4096 1357 4164 autem.)
1407 4094 1462 4147 Si
1510 4093 1696 4148 libera
1744 4089 1956 4144 mulier

304 4201 549 4270 patrono
581 4210 684 4249 suo
715 4189 987 4261 copulata
1006 4186 1224 4258 nuptiis
1246 4184 1484 4255 quidem
1505 4183 1631 4251 ejus
1657 4179 1954 4235 renuntia-

305 4267 474 4354 verit,
508 4284 577 4338 ad
613 4281 938 4338 secundum
973 4280 1169 4330 autem
1217 4270 1661 4327 matrimonium
1705 4267 1957 4340 migrare

306 4373 555 4430 voluerit
584 4372 641 4427 id
675 4372 862 4425 facere
886 4366 1067 4422 invito
1099 4366 1348 4434 patrono
1380 4376 1493 4414 non
1547 4357 1773 4429 poterit,
1815 4356 1958 4411 alio-

310 4463 453 4535 quin
486 4461 536 4516 si
569 4464 774 4516 contra
802 4456 1165 4511 voluntatem
1197 4452 1329 4520 ejus
1361 4447 1646 4519 nupserit,
1673 4461 1785 4500 non
1814 4445 1962 4499 fiunt

313 4552 551 4623 nuptiae,
584 4550 683 4604 sed
722 4544 997 4602 meretrix
1026 4542 1344 4610 conjuncta
1374 4552 1503 4593 esse
1533 4536 1780 4589 videtur.

312 4658 445 4712 CAP.
482 4656 605 4710 129.
638 4684 706 4695 —-
733 4657 813 4707 De
839 4652 1072 4705 muliere
1092 4661 1219 4719 quae
1238 4646 1537 4719 liberorum
1555 4657 1784 4719 suorum
1812 4643 1964 4694 tute-

457 4726 571 4781 lam
602 4739 907 4787 assumens,
938 4713 1117 4776 denuo
1146 4718 1363 4773 nubere
1390 4716 1527 4780 vult,
1560 4730 1680 4783 cap.
1711 4713 1801 4768 27.

385 4836 433 4904 (§
465 4833 541 4888 Ad
567 4834 722 4889 haec:
755 4830 820 4885 Si
850 4826 1130 4896 tutelam.)
1154 4826 1206 4880 Si
1243 4822 1456 4878 mulier
1477 4820 1793 4875 liberorum
1825 4834 1965 4873 suo-

314 4940 448 4980 rum
480 4921 724 4977 tutelam
740 4914 1263 4981 administraverit,
1289 4908 1839 4984 etpostincboatam
1865 4907 1966 4962 ad-

315 5009 805 5067 ministrationem
820 5007 889 5062 ad
906 5005 1194 5062 secundas
1207 5000 1452 5059 voluerit
1467 4999 1719 5069 migrare
1732 4996 1969 5067 nuptias

317 5102 483 5175 prius
505 5100 642 5155 ﬁliis
672 5097 797 5153 suis
821 5095 1229 5167 impuberibus
1261 5096 1516 5147 tutorem
1551 5091 1743 5159 petere
1774 5086 1967 5152 debet,

317 5191 489 5262 eique
521 5185 1051 5243 adminisirationis
1083 5200 1202 5238 suae
1259 5181 1543 5237 rationem
1599 5176 1862 5245 reddere,
1915 5178 1973 5229 et

319 5284 472 5351 post,
494 5278 722 5333 reddita
752 5274 999 5342 ratione,
1033 5273 1082 5326 si
1109 5270 1359 5326 debitrix
1382 5270 1678 5340 appareat,
1705 5265 1971 5319 debitum

320 5385 494 5426 suum
531 5366 855 5441 persolvere
874 5366 1064 5427 debet,
1089 5362 1299 5416 deinde
1322 5360 1369 5414 si
1388 5360 1545 5424 velit,
1572 5356 1641 5411 ad
1669 5354 1973 5409 matrimo-

321 5460 487 5514 nium
520 5456 846 5513 secundum
876 5450 1197 5525 perveniat.
1230 5448 1287 5502 Si
1320 5452 1516 5501 autem
1562 5446 1666 5500 hac
1702 5445 1973 5500 observa-

318 5550 477 5604 tione
507 5548 843 5616 contcmpta
866 5539 1160 5597 secundas
1192 5536 1543 5592 contraxerit
1574 5536 1829 5605 nuptias,
1859 5549 1976 5588 non

322 5637 517 5694 solum
548 5652 641 5691 res
670 5633 881 5707 ipsius,
914 5631 971 5687 id
1004 5632 1093 5685 est
1122 5626 1353 5692 matris,
1395 5623 1598 5680 liberis
1626 5624 1756 5693 ejus
1797 5623 1974 5694 hypo-

1994 4536 2039 4599 D

2045 3271 2116 3325 ab
2141 3268 2473 3325 adversario
2489 3283 2595 3322 suo
2615 3264 2990 3338 probationes
3005 3261 3525 3331 exegisset,jurare
3537 3276 3698 3315 com-

2046 3359 2395 3431 pellebatur,
2429 3357 2583 3427 quod
2620 3372 2732 3410 non
2758 3352 3025 3409 calumiaa
3051 3367 3227 3406 causa
3259 3347 3565 3419 complura
3602 3364 3696 3402 sa-

2048 3452 2348 3501 cramenta
2378 3447 2719 3516 praestaret;
2759 3443 3007 3512 ideoque
3055 3454 3238 3495 unum
3274 3436 3698 3508 jusjurandum

2051 3535 2328 3591 sufﬁciat.

2053 3626 2188 3681 CAP.
2223 3624 2344 3678 133.
2379 3620 2768 3677 -—-Judiciarie
2795 3626 3089 3675 conventus
3122 3619 3323 3687 quanto
3362 3630 3545 3671 secum
3581 3629 3707 3684 spa-

2124 3698 2200 3751 tio
2228 3694 2552 3755 deliberare,
2590 3692 2804 3759 debeat,
2856 3698 2909 3746 et
2956 3691 3139 3760 nequi
3160 3687 3406 3759 judicem
3460 3692 3707 3758 spernat.

2127 3768 2452 3823 Constitutio
2483 3766 2573 3829 48,
2604 3780 2723 3835 cap.

2129 3856 2377 3927 (Constit.
2408 3855 2498 3923 53,
2534 3857 2560 3922 §
2592 3853 2695 3908 Sed
2725 3861 2777 3908 et
2796 3850 2943 3907 illud
2972 3852 3071 3906 sub
3106 3849 3317 3920 ﬁnem.)
3339 3847 3397 3903 Si
3451 3845 3585 3917 quis
3643 3861 3713 3900 ex

2061 3945 2347 4000 sententia
2371 3943 2588 4015 judicis
2620 3942 2958 3997 admonitus
2992 3939 3185 4008 fuerit,
3209 3938 3425 3992 habeat
3452 3940 3585 4006 post
3614 3934 3715 3989 ad-

2064 4033 2445 4089 monitionem
2468 4034 2538 4084 29
2570 4032 2798 4085 dierum
2834 4029 3115 4101 spatium.

2137 4125 2266 4179 Item
2297 4123 2421 4189 (Ubi
2450 4120 2619 4191 vero.)
2654 4125 2813 4174 Intra
2841 4117 3186 4172 vicesimum
3218 4114 3375 4168 diem
3424 4111 3545 4167 litis
3580 4128 3719 4166 con-

2065 4213 2299 4268 testatio
2333 4212 2483 4265 facta
2514 4208 2736 4263 nullius
2772 4205 3052 4261 momenti
3104 4211 3212 4258 est.
3246 4202 3300 4255 Si
3344 4200 3477 4272 quis
3521 4205 3716 4255 autem

2058 4301 2322 4373 judicem
2356 4296 2763 4361 recusaverait,
2789 4294 3039 4349 etalium
3068 4308 3168 4364 pro
3193 4308 3257 4346 eo
3274 4289 3523 4362 petierit,
3549 4304 3718 4343 eum-

2070 4406 2181 4461 que
2203 4388 2417 4442 iterum
2434 4402 2702 4441 recusare
2727 4382 3024 4447 maluerit,
3053 4387 3116 4436 ut
3138 4379 3395 4450 aliquem
3420 4378 3531 4433 sibi
3553 4377 3722 4448 judi-

2071 4494 2195 4553 cem
2232 4481 2412 4547 petat,
2446 4492 2559 4529 non
2594 4472 2888 4529 audiatur.

2071 4588 2200 4639 CAP.
2240 4582 2359 4637 134.
2399 4612 2457 4621 —-
2482 4580 2633 4653 Quid
2670 4580 2789 4650 pati
2838 4576 3027 4653 debeat
3056 4574 3514 4653 Aquiudebilorem
3561 4589 3724 4653 suum

2143 4645 2835 4724 :egrotanlem‘molestare,
2860 4649 2957 4724 vel
2974 4645 3239 4724 defundit
3265 4650 3434 4718 funus
3457 4645 3726 4717 impedire

2142 4720 2572 4797 presumpserit.
2606 4724 2929 4779 Constitulio
2944 4722 3035 4785 52,
3066 4735 3185 4789 cap.
3221 4720 3270 4772 1.

2147 4816 2206 4871 Si
2238 4816 2372 4886 quis
2405 4814 2728 4869 debitorem
2751 4826 2926 4866 suum
2971 4813 3351 4879 aegrotantem
3397 4810 3454 4861 et
3500 4803 3731 4877 pericli-

2075 4909 2298 4960 tantem
2341 4903 2507 4971 mori,
2532 4901 2844 4956 molestare
2867 4898 3110 4953 voluerit
3132 4913 3235 4969 pro
3257 4896 3453 4951 debito
3477 4911 3584 4949 suo
3609 4909 3725 4948 non

2077 4993 2249 5048 liceat
2278 4992 2325 5047 ei
2362 4992 2469 5047 hoc
2501 4991 2709 5055 facere,
2741 5005 2874 5043 cum
2905 5004 3096 5059 neque
3128 4985 3292 5041 uxori
3332 4985 3481 5056 ejus,
3535 4998 3725 5053 neque

2079 5083 2279 5138 liberis
2310 5082 2569 5151 aliquam
2605 5079 3074 5151 inquietudinem
3095 5074 3299 5130 afferre
3324 5073 3726 5145 permittatur,

2082 5189 2270 5242 neque
2303 5171 2471 5241 signa
2502 5168 2727 5224 aedibus
2758 5169 2888 5238 ejus
2921 5168 3237 5237 imponere,
3274 5163 3385 5217 nisi
3409 5166 3539 5234 post
3573 5176 3728 5216 mor-

2082 5266 2197 5317 tem
2228 5260 2509 5315 debitoris
2539 5258 2893 5315 consistente
2925 5252 3250 5324 [Halaond.,
3287 5269 3401 5306 non
3437 5251 3601 5322 prius
3629 5249 3729 5303 de-

2083 5356 2237 5405 creto
2270 5354 2326 5404 et
2358 5349 2618 5421 legitimo
2650 5346 2856 5403 ordine
2890 5349 3020 5415 post
3036 5343 3163 5412 ejus
3196 5350 3465 5404 morlem,
3500 5338 3598 5410 qui
3633 5338 3735 5393 de-

2084 5442 2219 5495 bere
2250 5439 2553 5493 dicebatur
2582 5434 2897 5504 custodito]
2925 5429 3225 5501 judicialis
3248 5426 3508 5482 calculus
3533 5426 3743 5498 proba-

2084 5534 2183 5583 tus
2202 5528 2394 5596 fuerit,
2418 5532 2474 5582 et
2500 5525 2762 5597 legitima
2781 5520 3072 5577 ordinatio
3090 5522 3290 5574 secuta
3306 5518 3406 5585 sit,
3423 5517 3524 5573 sed
3550 5533 3740 5588 neque

2088 5620 2320 5674 mortuo
2344 5615 2603 5671 debitore
2635 5611 3046 5669 deductionem
3069 5609 3222 5680 ejus,
3256 5611 3312 5663 et
3341 5607 3519 5663 funus
3552 5606 3744 5679 impe-
