3948 6072
369 285 471 343 931
1456 283 1519 335 D.
1561 278 1809 335 IVONIS
1844 274 2338 333 CARNO’I‘ENSIS
2376 273 2692 328 EPISGOPI
3678 267 3790 323 932

369 412 511 469 diat.
545 411 606 468 Si
627 410 785 467 enim
806 409 923 466 tale
949 407 1170 480 aliquid
1196 403 1605 478 perpetraverit
1625 401 1749 458 suis
1772 400 2014 457 actioni-
2041 399 2098 466 Α
2127 397 2261 478 CAP.
2287 397 2505 480 14?.3—
2532 395 2947 478 Matrimonium
2975 409 3243 480 consensu
3273 393 3561 480 contrahi,
3606 392 3787 480 etiam

365 466 690 566 cadit,
722 501 842 555 sive
864 466 1065 570 justas
1094 466 1710 561 habeatintentiones,
1732 491 1851 547 sive
1872 508 1985 546 non

2194 468 2484 570 sinepélotis
2500 469 2867 539 promissione
2897 475 2993 521 aut
3017 468 3295 537 scriptura
3327 466 3465 521 alia.
3496 468 3785 522 Constitu-

2202 540 2272 570 οέη
2318 558 2333 570 κ

366 540 2013 654 323322.13;Simiamsibiquantimemaaittat,sed
2197 540 2423 654 ff,"_f5,5',
2539 652 2580 654 η
2645 636 2770 654 ί,
3437 636 3494 654 η,

365 679 544 736 etiam
576 678 825 735 alterum
855 682 1079 731 tantum
1113 636 1445 728 haredibus
1475 672 1606 742 ejus
1638 687 1740 740 pro
1793 669 1985 740 injuri:

2193 637 2246 710 (§
2277 638 2423 693 Illud
2452 652 2659 709 quoque
2688 636 2789 706 ibi,
2840 636 3102 707 quoniam
3155 636 3387 705 autem.)
3437 636 3497 691 Si
3537 636 3673 707 quis
3697 636 3781 690 di-

368 723 544 736 πη...
576 723 825 735 ...ω-..κ
857 723 1079 731 --.υ-..-
1113 723 1440 728 -π--τ--ητ
1482 723 1600 742 -υη
1639 723 1732 740 τη
1794 723 1826 724 η
2162 727 2172 737 .
2225 727 2237 738 .
2431 727 2442 737 .
2614 726 2625 737 .
2776 726 2787 737 .
2881 726 2891 736 .
3115 723 3126 735 .
3319 723 3331 735 .
3408 723 3419 736 .
3546 726 3605 736 ..

368 767 632 826 defuncti
653 771 927 839 praestare
942 762 1291 836 compellatu
1303 780 1348 831 r,
1367 765 1424 815 et
1441 778 1554 815 non
1572 759 1876 816 sufﬁciunt
1889 759 2011 813 ista
2120 744 2273 839 ξ’ξηξῗ
2287 731 2484 839 imi?
2496 727 2847 839 ἕθξᾚίξλξξξζ
2860 730 3242 839 ﬁt“???
3253 723 3776 839 gjlenriligltl‘nf?

369 812 632 826 “ν“““⁵⁸¹“¹⁹⁶
694 812 1845 836 ⁸“¹’“’“¹““”““⁷”““”ι’⁷““”“““⁷⁷⁷““’“““⁷*””“““*⁷”
1924 812 1959 813 ⁷⁷
2768 814 2778 824 .
3200 812 3212 825 .
3258 812 3270 824 .
3559 814 3569 825 ,

364 875 569 932 ρωιιεε»
596 812 728 912 ουτω
759 859 817 910 et
847 853 1173 925 ιθτιίδρατε
1194 852 1479 907 bonorum
1506 851 1634 921 ε’ᾱυε
1657 848 2011 920 Publica”,
2122 812 3780 932 ῗῗξῗῗὶίῗῗῖῗζ¹¹ἒξζῖ¹ἰξῗ⁰ἷῗισέῐιῖῗῖῗέηἷὲ,ίῖῗῗῖῗηῗκῖῗῖθ

361 902 569 1005 gini-"ﬂ
598 902 728 999 tut:—
762 902 816 955 '.'
851 902 923 910 ’τ’
944 902 1171 998 'tmtrm'
1194 902 1365 907 wv—n
1389 902 1478 906 FW—
1516 902 1552 921 ίυ
1576 902 1595 903 ἡ
1618 902 1628 903 7
1657 902 1681 920 ⁸
1710 902 1729 903 ᾗ
1997 902 2011 917 ⁷
2121 909 2558 961 sacramentum
2590 904 2835 972 dederit,
2870 904 2946 958 sit
2976 902 3077 958 illa
3100 902 3359 973 legitima
3381 919 3547 969 uxor,
3576 920 3779 973 quam-

472 964 572 1020 pse
602 963 660 1000 In
688 961 841 1001 arma
870 960 942 998 no
974 959 1003 997 θ
1036 959 1123 997 ur'
2118 995 2206 1020 ..τη
2240 992 2397 1020 ..ηιιη
2437 994 2538 1020 ,1..-
2598 991 2755 1020 ....II..
2792 991 3076 1020 ..η-κάκ-..
3117 990 3224 1020 ηις..
3278 992 3619 1020 :..t......-..:s..
3678 992 3753 1020 ..ει

2118 995 2208 1050 vis
2240 992 2405 1048 nulla
2435 994 2561 1057 dos,
2597 991 2761 1047 nulla
2792 991 3084 1061 scriptura
3115 990 3230 1046 alia
3278 992 3625 1063 interposita
3677 992 3775 1048 sit.

2119 1101 2251 1157 CAP.
2289 1101 2411 1156 143.
2446 1131 2511 1140 —
2535 1100 2689 1167 Quod
2712 1102 2767 1154 ei
2797 1100 2961 1154 liceat
2980 1100 3298 1169 episcopum
3327 1100 3642 1170 appellare,
3684 1102 3778 1154 cui

2181 1171 2488 1297 provigciaz
2518 1187 2724 1243 praeses
2761 1173 2939 1242 fuerit
2988 1172 3257 1241 infensus.
3312 1170 3643 1226 Constitutio
3683 1172 3771 1236 66,

2184 1261 2303 1297 can.
2379 1286 2390 1297 .

2184 1261 2303 1315 cap.
2336 1261 2390 1298 κ.

353 1062 485 1121 CAP.
520 1061 641 1116 135.
674 1091 737 1100 -
780 1061 854 1115 De
899 1058 1169 1114 tutoribus
1209 1054 1578 1182 piupillorum.
1623 1054 1855 1109 Constit.
1912 1052 2003 1124 63,

1067 1145 1185 1182 cap.
1275 1170 1287 1182 .

1067 1145 1185 1200 cap.
1238 1145 1287 1183 1.

421 1239 633 1311 (Const.
665 1237 754 1303 72,
791 1237 819 1310 ἕ
850 1237 994 1305 Fin.)
1038 1235 1126 1289 Ab
1175 1234 1341 1289 initio
1381 1238 1697 1304 antequam
1748 1230 2003 1287 admini-

351 1327 625 1388 strationi
657 1341 719 1382 se
742 1324 1124 1381 immisceant
1152 1329 1311 1378 tutor
1340 1321 1427 1377 vel
1459 1325 1693 1376 curator
1742 1318 2003 1390 cujusvis

348 1432 634 1489 personae,
660 1418 1098 1471 sacramentum
1122 1415 1404 1483 praestare
1418 1426 1541 1465 com
1554 1408 1789 1481 pellitur
1803 1424 1903 1479 per
1923 1407 2005 1461 di-

343 1506 512 1561 vinas
532 1504 889 1575 Scripturas,
929 1501 1084 1574 quod
1115 1500 1316 1556 omnia
1346 1509 1619 1571 gesturus
1640 1502 1729 1552 est
1751 1514 1875 1568 quae
1901 1513 2002 1567 pu-

344 1593 485 1666 pillo
509 1592 820 1650 commoda
852 1606 976 1647 esse
1001 1588 1306 1663 putaverit.
1333 1587 1549 1645 Eadem
1574 1584 1827 1641 dicimus
1850 1589 1907 1639 et
1929 1585 1999 1638 de

345 1676 420 1739 iis
450 1682 552 1754 qui
584 1698 758 1737 curas
790 1680 1042 1753 egerint.

2186 1341 2246 1396 Si
2276 1342 2367 1395 cui
2397 1357 2612 1412 praeses
2644 1339 2953 1412 provinciae
2987 1344 3306 1409 suspectus
3332 1356 3462 1395 esse
3510 1339 3765 1406 videtur,

2111 1434 2168 1485 et
2196 1429 2425 1501 litigare
2440 1429 2593 1500 apud
2618 1444 2751 1483 eum
2777 1428 2969 1483 solum
2998 1429 3276 1495 noluerit,
3295 1427 3468 1484 liceat
3488 1430 3540 1484 ei
3562 1430 3638 1484 ad
3656 1430 3769 1501 epi-

2109 1535 2353 1590 scopum
2387 1519 2673 1581 invocare,
2703 1522 2767 1571 ut
2799 1533 2931 1571 cum
2967 1518 3095 1589 ipso
3140 1518 3485 1573 considente
3521 1534 3763 1573 causam

2108 1606 2329 1675 audiat,
2345 1605 2499 1662 etvel
2519 1605 2750 1661 amicali
2766 1605 3190 1677 compositione
3202 1604 3533 1678 litigatores
3548 1608 3765 1661 transi-

2106 1712 2241 1768 gere
2258 1695 2492 1765 faciant,
2514 1695 2602 1749 vel
2619 1694 3033 1765 cognitialiter,
3058 1695 3140 1750 ita
3159 1700 3359 1750 tamen
3381 1699 3446 1749 ut
3470 1696 3766 1752 sententia

346 1797 478 1853 CAP.
511 1794 635 1851 136.
670 1827 737 1837 -—-
771 1797 840 1853 De
862 1795 947 1850 his
979 1794 1076 1865 qui
1105 1809 1191 1848 res
1219 1809 1355 1847 suas
1374 1792 1518 1863 apud
1538 1792 1680 1847 alios
1699 1796 1994 1863 deponunt.
2027 1767 2075 1833 Β
2104 1767 2335 1856 legibus
2356 1788 2752 1839 consentanea
2774 1783 3138 1855 imponatur.

831 1865 1159 1921 Constitutio
1188 1866 1278 1932 64,
1305 1880 1431 1934 cap.
1467 1866 1517 1919 1.

413 1956 620 2028 (Const.
648 1956 739 2021 73,
773 1955 803 2027 §
842 1955 903 2009 Si
947 1956 1069 2026 quis
1116 1954 1337 2024 igitur.)
1389 1953 1448 2007 Si
1484 1952 1619 2023 quis
1652 1952 1992 2022 depositum

338 2044 402 2100 in
433 2044 686 2115 alicujus
716 2043 1007 2099 cautelam
1039 2044 1179 2098 dare
1202 2042 1468 2109 voluerit,
1504 2041 1821 2096 necessarii
1854 2045 1995 2095 sunt

343 2133 397 2192 ei
426 2144 545 2190 tres
575 2137 773 2189 testes.
806 2132 951 2188 Nam
988 2132 1191 2188 littera:
1208 2130 1550 2203 depositarii
1569 2129 1708 2185 solae
1729 2147 1843 2185 non
1864 2129 1992 2184 suf-

341 2222 549 2279 ﬁciant
564 2223 881 2295 depositori
893 2262 906 2287 ,
925 2222 997 2277 ad
1025 2220 1430 2293 plenissimam
1444 2218 1692 2291 depositi
1715 2218 1833 2273 dati
1857 2236 1987 2290 pro-

338 2310 657 2367 bationem.
689 2309 1051 2367 Testimonia
1076 2315 1273 2365 autem
1306 2309 1390 2363 sic
1431 2307 1690 2363 exhiberi
1740 2312 1989 2379 oportet,

339 2405 407 2457 at
434 2400 636 2456 dicant
663 2404 844 2456 testes
862 2400 1015 2471 quod
1041 2399 1151 2454 sub
1176 2398 1485 2471 praseentia
1506 2413 1615 2452 sua
1639 2395 1727 2452 vel
1748 2412 1990 2468 suscep-

337 2492 464 2545 tum
478 2489 937 2561 estdepositum,
960 2487 1051 2543 vel
1072 2488 1224 2560 quod
1247 2485 1641 2559 depositarius
1655 2486 1991 2557 suscepisse

336 2578 714 2651 conscripsit.

335 2694 465 2752 CAP.
502 2694 603 2749 137
608 2736 622 2750 .
641 2724 711 2736 —
728 2692 846 2761 Qua
872 2694 1087 2748 cautela
1107 2691 1447 2817 congcienda
1466 2690 1577 2747 sint
1592 2690 1985 2761 instrumenta,

1057 2781 1180 2817 can.
1253 2805 1265 2817 .

1057 2781 1180 2835 cap.
1211 2781 1265 2817 κ.

412 2855 537 2910 Post
562 2868 760 2925 pauca.
792 2852 851 2909 Si
875 2852 975 2924 qui
1006 2852 1136 2908 sine
1166 2850 1483 2908 tabellione
1513 2867 1864 2925 componere
1896 2852 1987 2908 iu-

332 2947 731 3001 strumentum
766 2940 1060 3007 maluerit,
1089 2940 1213 2997 sive
1243 2941 1314 2995 de
1346 2946 1577 3007 mutuo,
1611 2940 1732 2996 sive
1763 2941 1835 2996 de
1883 2942 1985 2996 de-

337 3030 548 3104 posito,
583 3031 705 3086 sive
725 3030 797 3086 de
828 3029 1025 3102 aliqua
1046 3046 1396 3101 quacunque
1421 3046 1618 3091 causa.
1641 3034 1761 3085 tres
1805 3034 1984 3086 testes

2102 1895 2240 1947 CAP.
2277 1891 2394 1945 144.
2426 1921 2496 1931 —
2524 1891 2597 1945 De
2625 1890 2822 1963 tiberto
2852 1892 2949 1961 qui
2973 1897 3207 1962 patrono
3236 1907 3332 1946 suo
3361 1892 3539 1961 fuerit
3569 1893 3765 1963 ingra-

2578 1970 2683 2017 tus.
2717 1961 2923 2017 Constit
2975 1961 3064 2031 69,
3081 1979 3200 2033 cap.
3241 1963 3288 2018 1.

2173 2060 2381 2132 (Const.
2411 2058 2554 2128 78,§
2587 2058 2937 2129 Statuimus.)
2967 2059 3027 2114 Si
3063 2058 3313 2114 libertus
3354 2060 3512 2115 circa
3561 2066 3761 2133 patro-

2102 2164 2243 2203 num
2271 2163 2445 2203 suum
2475 2148 2744 2219 ingratus
2781 2147 2977 2215 fuerit,
3012 2147 3268 2202 rescindi
3291 2148 3465 2204 debet
3493 2148 3761 2207 libertas.

2097 2242 2312 2295 Cavere
2340 2242 2537 2293 autem
2571 2240 2803 2309 Oportet
2845 2237 3300 2309 ingretitudines
3352 2255 3479 2311 quas
3532 2238 3762 2311 legibus

2098 2326 2341 2399 cognitae
2373 2332 2530 2393 sunt,
2557 2326 2741 2382 veluti
2774 2326 2822 2382 si
2855 2326 3103 2382 libertus
3133 2330 3349 2382 manus
3381 2344 3525 2384 suas
3558 2338 3762 2386 contra

2098 2420 2410 2487 patronum
2438 2421 2690 2484 moveat,
2726 2415 2815 2471 vel
2845 2416 2891 2470 si
2918 2415 3307 2471 contumelias
3338 2420 3568 2473 atroces
3599 2418 3651 2473 ei
3678 2419 3757 2474 fe-

2097 2505 2260 2571 cerit,
2284 2504 2370 2560 vel
2401 2505 2451 2560 si
2480 2520 2761 2576 magnum
2793 2508 2851 2559 et
2880 2503 3249 2560 intolerabile
3271 2505 3560 2561 damnum
3578 2508 3631 2562 ei
3656 2508 3757 2563 de-

2097 2592 2267 2663 derit,
2300 2594 2357 2649 id
2380 2598 2471 2649 est
2500 2593 2548 2648 ei
2573 2595 2639 2648 ad
2676 2593 2931 2649 dedecus
2962 2594 3091 2664 ejus
3120 2594 3482 2665 pertinentes
3504 2596 3757 2665 injurias

2095 2682 2399 2749 eﬂ‘uderit;
2435 2682 2483 2737 si
2506 2682 2662 2737 enim
2688 2682 2900 2737 horum
2928 2682 3151 2754 aliquid
3172 2688 3455 2754 patronus
3474 2684 3563 2740 vel
3589 2683 3755 2740 liberi

2095 2772 2225 2841 ejus
2248 2770 2638 2842 probaverint,
2670 2771 2742 2825 ad
2775 2770 3094 2842 pristinum
3111 2775 3327 2826 statum
3345 2772 3655 2828 convictus
3686 2774 3755 2828 li-

2096 2860 2298 2915 bertus
2330 2860 2654 2915 revertitur.

2095 2965 2232 3021 CAP.
2267 2966 2389 3022 145.
2432 2996 2503 3006 —
2542 2965 2823 3021 Ancillam
2869 2966 2921 3020 si
2966 2965 3230 3021 dominus
3262 2968 3662 3023 manumiserit
3709 2974 3753 3024 et

2165 3054 2392 3093 uxorem
2409 3037 2661 3111 duxerit,
2692 3038 2864 3111 etiam
2907 3036 3015 3107 ﬁlii
3069 3038 3189 3109 ejus
3241 3038 3402 3093 liberi
3432 3040 3570 3106 sint,
3622 3056 3756 3111 quos

340 3119 630 3185 adhibeat.
655 3118 927 3191 Alioquin
950 3117 1161 3173 litterae
1181 3119 1370 3190 ipsius
1392 3117 1528 3173 solas
1550 3119 1852 3173 credenda:
1868 3136 1981 3174 non
2014 3132 2058 3198 α
2169 3115 2241 3163 αθ
2268 3125 2328 3164 ϐο
2350 3109 2526 3163 adhuc
2550 3110 2609 3163 ίη
2635 3110 2898 3163 servitute
2918 3111 3131 3178 genuit,
3160 3125 3282 3180 cap.
3314 3111 3367 3165 3.

338 3212 500 3279 sunt.
518 3206 687 3268 Nulla
699 3212 894 3263 autem
915 3206 1249 3261 differentia
1261 3211 1369 3274 est,
1386 3211 1586 3261 utrum
1604 3207 1986 3278 subscripsis-

337 3302 471 3355 sent
500 3300 703 3363 testes,
725 3313 795 3352 an
819 3294 1209 3368 praesentibus
1232 3296 1315 3350 eis
1338 3296 1799 3350 instrumentum
1826 3313 1983 3351 com-

332 3387 593 3461 positum
625 3391 800 3443 esset.

582 3503 712 3560 CAP.
747 3504 869 3558 138.
907 3532 978 3544 —
1010 3502 1142 3559 Item
1169 3502 1237 3558 de
1265 3502 1477 3569 eodem,
1505 3518 1623 3573 cap.
1656 3503 1709 3559 5.

404 3602 456 3674 (ξ
479 3601 583 3659 Sed
610 3608 664 3656 et
682 3601 731 3656 si
749 3599 1159 3670 instrumenta.)
1188 3602 1583 3656 Instrumenta
1603 3616 1831 3670 quoque
1854 3617 1981 3672 qua:

332 3691 491 3761 apud
521 3688 897 3745 tabellionem
929 3693 1385 3760 componuntur,
1426 3688 1863 3760 subscriptione
1894 3694 1983 3745 te-

334 3778 514 3836 stium
544 3778 698 3835 sicut
735 3778 961 3833 dictum
1002 3782 1111 3843 est,
1158 3777 1378 3832 muniri
1421 3777 1795 3849 praecipimus
1847 3785 1984 3835 ante

334 3866 814 3939 oompletionem,
854 3865 1079 3921 scilicet
1110 3883 1143 3921 a
1164 3864 1479 3921 tabellione
1511 3866 1812 3922 insertam.

331 3988 466 4043 CAP.
502 3986 623 4043 139.
660 4016 722 4027 —
756 3984 1034 4057 Quomodo
1062 3982 1568 4057 manifestandasit
1600 3985 1805 4041 veritas
1852 3987 1981 4042 abs-

791 4072 895 4129 que
922 4058 1228 4128 scriptura,
1262 4071 1383 4126 cap.
1433 4056 1515 4109 10.

402 4146 456 4222 (§
480 4150 609 4207 Fin.
642 4146 788 4205 ibid.
822 4146 963 4202 Nam
982 4146 1035 4202 si
1064 4145 1225 4218 quis.)
1256 4143 1313 4199 Si
1355 4144 1481 4199 sine
1531 4143 1825 4217 scriptura
1875 4145 1981 4202 ali-

331 4236 432 4311 qui
465 4236 890 4307 contraxerint,
922 4235 1094 4292 liceat
1116 4234 1200 4291 eis
1219 4233 1305 4290 vel
1324 4233 1676 4291 testimoniis
1694 4234 1983 4306 veljuris-

322 4327 562 4399 jurandi
616 4326 898 4397 religione
952 4326 1256 4381 veritatem
1322 4324 1717 4394 manifestare,
1760 4325 1985 4382 scilicet

331 4418 526 4470 actore
563 4415 800 4486 quidem
832 4418 1011 4470 testes
1034 4415 1412 4487 producente.

330 4530 465 4589 CAP.
498 4530 622 4586 140.
651 4561 720 4572 —-
750 4529 900 4600 Quod
922 4547 955 4586 a
982 4531 1232 4601 principe
1257 4530 1585 4600 conﬁrmari
1634 4529 1818 4586 debeat
1839 4531 1975 4601 [iliis
2006 4501 2053 4565 D

470 4610 864 4658 testamentum
884 4601 1130 4672 defuncti
1156 4603 1331 4673 patris
1369 4602 1666 4657 naturalis.
1719 4603 1867 4657 Item.

400 4708 603 4780 (Const.
634 4708 724 4775 74,
761 4708 895 4779 §Sit
916 4710 1092 4778 igitur
1122 4709 1397 4780 licentia.)
1420 4708 1614 4764 Liceat
1643 4709 1791 4779 patri
1824 4708 1884 4763 in
1904 4712 1983 4765 te-

328 4802 621 4854 stamento
635 4813 741 4852 suo
756 4795 1050 4868 legitimos
1063 4813 1434 4854 successores
1448 4797 1552 4853 sibi
1570 4797 1979 4854 scribereﬁlios

327 4885 649 4953 naturales,
682 4888 749 4939 ut
774 4888 968 4939 tamen
1000 4885 1085 4939 illi
1120 4891 1251 4956 post
1282 4892 1524 4942 mortem
1545 4888 1806 4957 parentis
1837 4904 1977 4959 sup-

323 4974 542 5047 plicent
560 4974 990 5045 imperatori,et
1003 4978 1421 5030 testamentum
1440 4976 1620 5045 patris
1641 4977 1975 5045 ostendant,

322 5068 381 5119 et
423 5063 687 5136 principe
707 5061 1331 5119 annuenteintantum
1366 5063 1603 5134 capiant
1658 5065 1975 5135 paternita-

320 5156 463 5223 tem,
497 5151 853 5225 inquantum
888 5150 1093 5223 scripti
1126 5154 1285 5207 sunt.

320 5268 454 5325 CAP.
514 5269 638 5326 141.
688 5298 756 5309 —
814 5266 1085 5337 Quomodo
1162 5266 1277 5337 ﬁlii
1322 5270 1607 5322 naturales
1660 5268 1975 5338 efﬁciantur

923 5339 1183 5412 legitimi.
1217 5339 1373 5394 Item.

388 5431 514 5485 Post
540 5447 736 5501 pauca.
779 5430 1077 5502 Legitimis
1113 5429 1247 5484 filiis
1283 5427 1434 5483 natis
1460 5444 1573 5483 non
1621 5427 1790 5483 aliter
1826 5428 1970 5496 legi-

2164 3204 2222 3260 Si
2244 3204 2342 3275 qui
2392 3203 2662 3259 libertam
2711 3222 2878 3259 suam
2926 3222 3167 3261 uxorem
3217 3207 3430 3263 ducere
3476 3208 3751 3275 voluerit,

2092 3292 2310 3348 dotalia
2341 3293 2735 3349 instrumenta
2765 3310 2898 3349 cum
2930 3310 2999 3349 ea
3030 3300 3366 3367 componat,
3407 3300 3465 3352 et
3508 3296 3754 3352 habebit

2092 3382 2418 3454 legitimam
2451 3399 2713 3448 uxorem,
2748 3384 3015 3454 quamvis
3046 3384 3171 3456 ipse
3201 3401 3440 3439 summa
3460 3385 3749 3458 dignitate

2093 3470 2455 3542 praefulgent.
2492 3471 2558 3525 Et
2588 3471 2637 3526 si
2666 3470 2836 3526 liberi
2868 3488 2936 3527 ex
2978 3471 3078 3527 tali
3111 3472 3404 3529 connubio
3454 3477 3743 3546 procreati

2093 3559 2331 3627 iuerint,
2365 3559 2613 3630 legitimi
2647 3576 3018 3616 successores
3054 3562 3204 3632 patri
3260 3578 3367 3617 suo
3399 3564 3746 3619 succedunt.

2091 3650 2238 3721 (cap.
2276 3650 2349 3719 4).
2397 3649 2452 3703 Si
2498 3648 2599 3720 qui
2647 3664 2716 3704 ex
2767 3649 2979 3704 ancilla
3025 3666 3133 3705 sua
3182 3649 3399 3706 liberos
3450 3652 3747 3717 habuerit,

2092 3754 2339 3808 eamque
2353 3737 2768 3792 manumittere
2780 3737 2920 3793 velit
2933 3742 2989 3794 et
3020 3737 3749 3796 dotalibusinstrumentis

2091 3826 2260 3881 lactis
2283 3842 2522 3882 uxorem
2556 3825 2874 3897 legitimam
2904 3827 3140 3892 habere,
3192 3829 3615 3899 compositione
3655 3830 3745 3884 in-

2092 3918 2554 3970 strumentorum
2587 3914 2873 3969 dotalium
2906 3915 3077 3971 liberi
3126 3917 3255 3987 ejus
3304 3917 3626 3972 manumiti
3662 3918 3745 3972 vi-

2090 4004 2327 4059 dentur.

2091 4114 2224 4165 CAP.
2297 4110 2418 4164 146.
2471 4142 2537 4151 -
2589 4111 2664 4165 De
2720 4125 2780 4165 eo
2837 4112 2934 4181 qui
2988 4128 3111 4166 cum
3165 4111 3449 4167 monachis
3499 4116 3557 4167 et
3612 4130 3745 4168 san-

2160 4182 2573 4308 ctimoinialibus
2634 4198 2865 4238 causam
2932 4182 3210 4238 habuerit.
3276 4184 3605 4240 Constitutio
3653 4186 3744 4254 70,

2161 4269 2283 4308 can.
2352 4295 2366 4308 .

2161 4269 2283 4324 cap.
2314 4269 2366 4308 1.

2162 4350 2220 4405 Si
2254 4351 2387 4421 quis
2418 4366 2554 4406 cum
2590 4350 2896 4406 monachis
2927 4354 3028 4407 aut
3059 4352 3615 4410 sanctimonialibus
3647 4354 3745 4410 ha-

2091 4438 2225 4493 beat
2246 4438 2523 4511 litigium,
2560 4455 2674 4493 non
2690 4440 2905 4494 audeat
2929 4441 3280 4496 monachum
3310 4441 3397 4496 vel
3418 4443 3743 4499 sanctimo-

2090 4527 2302 4582 nialem
2326 4530 2396 4581 ad
2422 4527 2649 4583 civilem
2668 4528 2931 4598 judicem
2947 4545 3226 4584 accusare
3240 4528 3326 4585 vel
3350 4530 3605 4599 trahere,
3640 4533 3740 4588 sed

2090 4618 2278 4688 magis
2294 4618 2466 4672 adeat
2485 4616 2735 4673 civitatis
2755 4617 3119 4689 episcopum.
3134 4616 3237 4674 llle
3249 4618 3403 4674 enim
3428 4620 3747 4677 aestimabit

2089 4710 2287 4761 utrum
2320 4707 2722 4777 repraesentari
2757 4706 3101 4778 principalis
3134 4724 3385 4779 persona
3403 4708 3743 4781 [principali

2090 4812 2351 4867 personae
2379 4796 2610 4862 debeat,
2656 4812 2728 4850 an
2754 4812 2855 4866 per
2905 4812 3263 4865 oeconomos,
3305 4796 3394 4852 vel
3454 4799 3742 4868 apocrisi-

2090 4886 2207 4941 rios
2224 4884 2476 4953 defendi,
2499 4900 2634 4939 cum
2659 4884 2821 4939 omni
2841 4884 3065 4940 scilicet
3088 4885 3414 4955 honestate,
3436 4886 3520 4941 ita
3543 4887 3742 4960 utepi-

2086 4990 2302 5044 scopus
2322 4973 2552 5045 legibus
2583 4978 2639 5029 et
2659 4973 2985 5029 canonibus
3012 4980 3467 5031 consentaneam
3496 4982 3735 5033 senten-

2085 5063 2228 5117 tiam
2261 5064 2532 5133 proferat.

2085 5169 2218 5224 CAP.
2235 5169 2257 5224 1
2272 5169 2359 5223 47.
2375 5198 2443 5207 -—
2457 5168 2727 5235 Quomodo
2743 5168 3019 5224 sententia
3027 5171 3364 5241 proferatur.
3386 5171 3605 5228 Constit
3622 5217 3629 5225 .
3645 5173 3735 5241 73,

2812 5257 2932 5296 mn.
2951 5241 3005 5296 5.

2812 5258 2876 5295 ικι
2919 5258 3005 5296 .o.

2151 5337 2391 5393 Judices
2443 5337 2797 5391 sententiam
2849 5258 3085 5409 sﬁriptis
3146 5340 3365 5405 dicant,
3416 5344 3474 5396 et
3522 5358 3733 5412 provo-

2082 5427 2338 5482 cationes
2381 5425 2772 5481 condemnato
2824 5443 2936 5482 non
2991 5429 3378 5499 denegantur,
3422 5430 3535 5485 nisi
3586 5431 3732 5487 forte

318 5516 450 5573 timi
481 5519 782 5576 naturales
805 5519 973 5589 fiunt,
1008 5518 1120 5573 nisi
1148 5517 1785 5574 dotaliainstrumenta
1809 5528 1972 5589 pater
2078 5521 2168 5570 ter
2245 5512 2539 5585 appellare
2598 5514 2812 5585 aliquis
2909 5515 3207 5584 maluerit,
3271 5517 3352 5572 vel
3416 5523 3731 5575 contumax

322 5618 458 5662 cum
490 5608 677 5662 matre
706 5622 909 5664 eorum
939 5606 1269 5663 confecerit.

2079 5604 2139 5659 in
2172 5602 2439 5659 absentia
2470 5603 2613 5671 fuit;
2648 5620 2782 5659 nam
2814 5608 2871 5660 et
2898 5608 3070 5661 tertia
3100 5605 3430 5677 provocatio
3452 5608 3731 5679 praejudi-
