4000 6060
170 264 280 321 933

1117 258 1427 315 DECRETI
1465 255 1655 311 PARS
1689 253 1839 307 XVI.
1870 281 1941 293 —
1969 257 2067 312 DE
2101 261 2407 325 OFFICIIS
2445 274 2631 329 LAIC.

3477 277 3588 337 934

166 393 299 447 cata
330 391 438 453 est,
469 388 526 442 et
554 387 930 441 contumaces
969 382 1341 439 condemnati
1373 378 1669 451 appellare
1700 393 1816 432 non
1848 380 1899 445 Α
1930 385 1985 435 et
2001 384 2285 459 adipsum
2320 395 2539 467 rogatis
2569 397 2798 453 debitor
2826 399 3102 455 creditori
3134 400 3442 472 pecuniam
3464 403 3587 458 θοι-

169 481 444 552 possunt.

167 601 308 655 CAP.
344 594 445 650 148
494 622 563 633 -
594 592 670 649 Ne
697 608 824 646 cum
856 589 1199 660 litigatorum
1241 590 1586 644 sacramento
1616 584 1828 641 arbiter

727 663 984 733 eligatur,
1016 678 1135 733 cap.
1172 662 1263 717 12.

244 776 309 830 In
342 789 579 829 summa
608 771 1029 827 constituimus
1048 768 1291 841 posthac
1308 767 1539 823 licitum
1556 782 1674 821 non
1697 780 1827 820 esse

169 869 237 919 ut
253 879 389 918 cum
411 866 780 918 sacramento
800 859 1167 932 litigatorum
1189 857 1406 912 arbiter
1426 853 1827 927 eligatur.Etsi

170 952 331 1008 enim
347 968 516 1006 suam
531 954 735 1005 contra
748 950 851 1020 jus
874 948 1226 1005 sententiam
1242 944 1623 1015 dederit,ipse
1635 943 1826 998 denuo

170 1041 464 1096 rationem
497 1040 746 1094 daturus
777 1042 885 1093 est.

170 1157 312 1213 CAP.
384 1156 515 1211 149.
586 1186 655 1197 -
713 1154 970 1223 Qualiter
1044 1154 1164 1209 lites
1239 1152 1496 1224 componi
1567 1148 1824 1207 debeant.

881 1242 1001 1297 cap.
1029 1226 1115 1279 14.

247 1334 464 1390 Omnes
488 1333 620 1389 lites
644 1333 965 1388 secundum
988 1328 1831 1403 legesetconstitutionesdiri-

173 1434 433 1491 mentur,
455 1423 722 1494 quamvis
740 1423 929 1492 jussio
954 1428 1156 1477 nostra
1187 1421 1275 1477 vel
1310 1420 1671 1493 pragmatica
1690 1437 1823 1476 san-

173 1514 289 1569 ctio
321 1513 683 1569 contrarium
717 1511 1008 1567 statuerit.

172 1627 309 1684 ΟΑΡ.
343 1628 462 1681 150.
488 1658 554 1667 -
584 1626 731 1697 Quid
772 1628 946 1695 faciat
974 1627 1071 1698 qui
1099 1629 1287 1682 contra
1332 1625 1593 1681 clericum
1641 1628 1826 1698 queri-

365 1697 608 1754 moniam
638 1699 914 1754 habuerit.
953 1697 1282 1754 Constitutio
1309 1699 1399 1764 74,
1432 1714 1550 1769 cap.
1582 1699 1633 1753 1.

249 1814 309 1870 Si
344 1814 476 1886 quis
507 1831 642 1869 cum
674 1814 883 1870 clerico
912 1814 1169 1885 litigium
1202 1813 1492 1886 habuerit,
1517 1815 1563 1869 si
1590 1814 1827 1885 quidem

177 1903 250 1959 de
281 1920 459 1958 causa
490 1903 846 1974 pecuniaria,
868 1904 1040 1958 adeat
1070 1904 1234 1974 prius
1266 1904 1630 1975 episcopum,
1659 1904 1828 1974 cujus

169 1992 395 2064 judicio
414 1992 661 2048 clericus
684 1993 1031 2064 suppositus
1052 1997 1159 2048 est.
1184 1992 1284 2048 Ille
1306 1998 1497 2048 autem
1519 1993 1645 2048 sine
1663 1992 1827 2048 dam-

180 2098 277 2147 no,
294 2081 422 2137 sine
445 2081 742 2152 dilatione,
762 2085 1189 2154 competentem
1215 2082 1389 2136 finem
1414 2080 1500 2136 liti
1520 2080 1829 2155 impositu-

182 2188 284 2226 rus
302 2170 529 2227 est.8in
551 2175 742 2226 autem
778 2169 1033 2227 noluerit
1059 2171 1370 2242 episcopus
1400 2171 1557 2226 litem
1591 2171 1828 2225 dirime-

180 2275 263 2327 re,
284 2264 424 2314 tunc
456 2260 523 2314 ad
559 2260 757 2316 civiles
791 2260 1014 2331 iudices
1046 2260 1391 2332 disceptatio
1414 2277 1604 2314 causa:
1629 2276 1826 2330 perve-

179 2350 325 2405 niat.
359 2349 466 2405 Ubi
518 2354 713 2405 autem
765 2366 1001 2404 causam
1037 2349 1311 2403 dirimere
1340 2351 1652 2421 episcopus
1682 2349 1827 2413 vult,

179 2439 307 2495 sine
330 2438 619 2509 scriptura
640 2438 837 2494 omnia
860 2438 1260 2509 procedant,et
1277 2439 1577 2493 definitiva
1594 2443 1827 2494 senten—

177 2529 261 2583 tia
294 2530 365 2582 ab
396 2544 462 2583 eo
494 2529 619 2582 sine
652 2528 889 2599 scriptis
920 2527 1226 2582 inferatur.
1252 2530 1414 2591 Quod
1448 2530 1495 2584 si
1528 2530 1599 2584 de
1630 2529 1828 2584 crimi-
1894 2528 1897 2531 λ

177 2617 299 2673 nali
331 2634 503 2672 causa
534 2616 785 2688 litigium
812 2616 1136 2679 emerserit,
1157 2622 1298 2671 tunc
1319 2624 1717 2690 competentes
1740 2619 1828 2672 in-

176 2705 468 2777 terpellati
518 2711 978 2761 consentaneum
1028 2705 1257 2777 legibus
1289 2707 1606 2763 terminum
1639 2724 1827 2762 causai

179 2794 511 2866 imponant,
548 2795 629 2849 ita
657 2800 851 2849 tamen
902 2802 963 2849 ut
1013 2795 1359 2865 disceptatio
1406 2795 1527 2851 litis
1577 2798 1827 2852 duorum

178 2883 475 2939 mensium
525 2883 785 2955 spatium
833 2900 946 2939 non
995 2885 1253 2949 excedat,
1288 2902 1321 2940 a
1365 2884 1485 2940 litis
1534 2890 1828 2941 contesta-

179 2973 337 3028 tione
370 2973 963 3029 numerandum.Non
992 2973 1160 3028 aliter
1189 2980 1387 3030 autem
1422 2975 1701 3045 puniatur
1721 2975 1831 3031 cle-

180 3062 359 3132 ricus,
395 3061 509 3117 nisi
540 3061 829 3117 obnoxius
879 3064 1148 3133 repertus
1197 3064 1523 3119 sacerdotio
1569 3065 1827 3120 nudatus

180 3151 356 3206 fuerit
377 3151 448 3205 ab
471 3150 740 3222 episcopo
763 3168 890 3216 suo,
906 3150 994 3207 vel
1017 3150 1325 3208 clericatus
1350 3154 1585 3209 honore.
1601 3154 1701 3209 Sin
1728 3171 1824 3209 au-

180 3244 298 3295 tem
332 3240 552 3294 crimen
585 3239 1047 3295 ecclesiasticum
1078 3245 1186 3307 est,
1209 3244 1350 3297 tunc
1380 3242 1707 3297 secundum
1740 3259 1831 3298 ca-

182 3344 367 3384 nones
390 3328 664 3399 episcopo
688 3328 791 3383 soli
814 3345 1003 3383 causae
1027 3329 1402 3396 examinatio,
1426 3337 1482 3386 et
1505 3349 1675 3403 poena
1708 3350 1834 3404 pro-

182 3418 371 3487 cedat,
394 3418 616 3472 nullam
648 3420 1119 3473 communionem
1144 3419 1275 3475 aliis
1296 3420 1602 3491 judicibus
1633 3420 1691 3475 in
1724 3421 1835 3476 hu-

174 3506 440 3579 jusmodi
470 3506 665 3562 causis
697 3505 1072 3563 habentibus.

183 3626 316 3678 CAP.
358 3623 474 3677 151.
496 3653 564 3662 -
588 3622 871 3695 Neminem
900 3639 1053 3695 posse
1082 3624 1269 3691 plures
1298 3626 1627 3681 concubinas
1654 3625 1836 3682 simul

705 3693 931 3750 habere.
966 3696 1194 3751 Constit.
1226 3697 1315 3751 79.

255 3814 437 3865 Nemo
488 3810 852 3881 intelligatur
894 3812 1283 3868 concubinam
1311 3812 1546 3881 habere,
1567 3814 1668 3886 qui
1699 3830 1833 3870 cum

184 3898 393 3955 multis
426 3899 775 3955 mulieribus
792 3896 1176 3956 concumbere
1195 3902 1363 3958 solet.
1388 3902 1533 3958 Nam
1558 3905 1837 3972 quemad-

185 3989 429 4043 modum
462 3989 563 4059 qui
594 3987 919 4058 legitimam
952 4005 1191 4045 uxorem
1211 3990 1407 4062 habet,
1427 3991 1601 4046 aliam
1622 3991 1837 4049 habere

185 4078 438 4151 durante
470 4080 671 4133 eodem
704 4078 1081 4134 matrimonio
1133 4096 1246 4136 non
1300 4086 1509 4151 potest,
1542 4082 1624 4136 ita
1650 4087 1708 4137 et
1735 4082 1835 4153 qui

186 4181 367 4222 unam
398 4166 792 4221 concubinam
819 4166 1016 4234 habet,
1051 4184 1164 4223 non
1196 4172 1390 4239 potest
1419 4168 1565 4225 alias
1595 4187 1661 4225 eo
1688 4175 1835 4226 tem-

184 4271 324 4326 pore
351 4254 588 4310 habere.

184 4370 473 4445 CAP._15_2.
506 4400 576 4445 —_—
606 4370 757 4438 Quod
785 4386 897 4426 non
925 4372 998 4445 sit
1022 4372 1330 4428 audiendus
1365 4375 1535 4443 testis,
1563 4375 1678 4429 nisi
1704 4390 1836 4445 pro-

258 4441 458 4496 babilis
478 4443 628 4515 vitm,
652 4448 707 4498 et
727 4443 993 4514 quomodo
1023 4445 1336 4513 iudicandae
1364 4449 1478 4501 sint
1507 4441 1836 4515 tergiversa-

257 4515 431 4569 tiones
461 4513 793 4570 debitorum.
828 4516 1056 4571 Constit.
1092 4518 1180 4584 80,
1212 4533 1334 4588 cap.
1371 4520 1391 4572 Ι

257 4627 489 4684 Nullius
522 4629 841 4701 recipiatur
869 4631 1301 4697 testimonium,
1329 4633 1439 4689 nisi
1474 4634 1603 4703 ejus
1635 4634 1736 4705 qui
1767 4634 1844 4690 sit

188 4717 344 4773 bona
368 4719 662 4789 opinione,
695 4719 784 4775 vel
817 4736 987 4792 quem
1021 4721 1281 4792 dignitas
1326 4724 1718 4790 commendat,
1751 4723 1841 4780 vel

186 4805 419 4875 militia,
446 4808 533 4863 vel
563 4811 695 4863 vitae
727 4808 1023 4878 honestas,
1046 4809 1135 4865 vel
1168 4810 1313 4865 artis
1344 4810 1554 4867 titulus
1584 4811 1843 4867 laudabi-

186 4894 282 4959 lis.
301 4895 388 4951 vel
420 4897 598 4951 etiam
630 4896 876 4952 aliorum
900 4902 1134 4953 testium
1160 4915 1286 4965 vox,
1304 4900 1373 4954 de
1396 4900 1546 4955 bona
1570 4901 1689 4955 vita
1711 4902 1839 4972 ejus

188 4985 587 5040 consentiens.
611 4986 776 5041 Alius
797 4991 993 5042 autem
1020 4988 1190 5043 testis
1213 4987 1529 5044 vilissimus
1550 4990 1598 5045 si
1623 4991 1840 5061 produ-

186 5078 323 5130 ctus
346 5074 645 5143 injudicio
677 5074 873 5139 fuerit,
894 5075 1064 5132 liceat
1085 5076 1272 5146 judici
1306 5078 1354 5133 si
1387 5078 1495 5133 hoc
1525 5078 1845 5135 mstimave-

188 5163 287 5232 rit,
312 5164 620 5219 tormentis
651 5179 784 5219 eum
818 5165 1108 5236 subigere.
1130 5167 1187 5221 Si
1212 5169 1346 5237 quis
1377 5171 1573 5223 autem
1591 5168 1841 5239 scripse-

188 5253 269 5308 rit
308 5268 368 5308 se
399 5254 609 5309 debere
640 5253 812 5308 alicui
844 5255 1180 5326 pecuniam,
1212 5261 1415 5327 postea
1456 5263 1651 5313 autem
1684 5258 1843 5314 dicat

188 5358 252 5397 se
286 5341 415 5395 sine
444 5341 682 5413 scriptis
713 5358 842 5397 eam
875 5342 1141 5411 solvisse,
1164 5361 1278 5398 non
1311 5346 1604 5413 audiatur,
1630 5364 1841 5419 quam-

188 5430 278 5485 vis
318 5434 500 5486 testes
551 5433 906 5502 produxerit,
939 5433 1052 5488 nisi
1103 5436 1428 5489 secundum
1480 5437 1841 5493 observatio-

190 5535 326 5574 nem
388 5525 600 5574 nostra:
658 5520 1121 5590 constitutionis,
1170 5522 1254 5576 sic
1297 5526 1496 5578 tamen
1547 5528 1613 5577 ut
1659 5529 1842 5581 testes

190 5608 446 5665 duorum
479 5607 730 5665 alterum
756 5610 977 5677 dicant,
996 5609 1083 5667 vel
1106 5611 1259 5681 quod
1285 5614 1675 5682 praesentibus
1696 5613 1842 5687 ipsis

1858 1745 1906 1811 B

1932 474 2134 545 vit,vel
2162 483 2314 552 quod
2349 484 2419 538 ad
2453 485 2563 541 hoc
2592 485 2789 557 ipsum
2825 488 3045 560 accepti
3080 490 3374 547 audierint
3398 492 3585 547 credi-

1933 569 2118 621 torem
2152 569 2440 627 dicentem
2470 575 2777 646 pecuniam
2812 576 2926 631 sibi
2957 576 3213 633 solutam
3238 579 3441 636 fuisse.
3459 579 3585 635 Non

1932 655 2301 715 admittimus
2332 668 2529 717 autem
2563 665 2901 720 testimonia
2919 681 3122 723 eorum
3157 668 3259 738 qui
3290 667 3481 724 dicere
3504 686 3588 725 so-

1933 742 2055 799 lent
2082 750 2454 805 transeuntes
2474 767 2536 806 se
2554 753 2790 808 audisse
2813 754 3069 825 aliquem
3104 757 3393 813 dicentem
3417 774 3588 829 pecu-

1937 832 2095 889 niam
2126 836 2238 891 sibi
2268 837 2525 895 solutam
2557 856 2685 897 esse
2715 843 2817 897 sed
2853 860 2958 899 nec
2982 844 3411 902 tabulariorum
3462 846 3588 903 sola

1936 927 2248 994 praesentia
2267 929 2506 995 sufficit,
2524 931 2635 986 nisi
2657 937 2835 987 testes
2857 949 3093 1005 quoque
3110 934 3293 1006 rogati
3324 936 3588 992 subscri-

1937 1014 2181 1084 pserint.
2214 1018 2368 1073 Item.
2402 1018 2667 1076 Plurium
2701 1027 2758 1076 et
2788 1022 3075 1078 bonorum
3126 1022 3469 1080 testimonia
3499 1042 3589 1081 se-

1937 1103 2036 1174 qui
2070 1110 2315 1175 oportet,
2335 1112 2391 1163 et
2422 1124 2521 1164 eos
2542 1110 2640 1180 qui
2666 1110 2958 1167 contraria
2979 1111 3252 1182 dixerint,
3276 1112 3326 1167 si
3348 1113 3588 1183 quidem

1938 1208 2040 1263 per
2077 1210 2355 1263 errorem,
2389 1198 2659 1254 convenit
2705 1199 3050 1271 admittere;
3101 1201 3194 1256 sin
3244 1205 3440 1258 autem
3488 1218 3593 1275 per

1938 1283 2186 1339 astutias
2218 1284 2471 1356 aliquas,
2505 1288 2819 1344 tormentis
2850 1289 3162 1360 subjicere.

1937 1388 2072 1444 CAP.
2106 1390 2230 1468 153.
2263 1422 2332 1468 ᾖ
2356 1392 2519 1448 Testis
2540 1394 2636 1468 qui
2652 1400 2887 1465 putatur
2913 1397 3206 1466 ingenuus,
3228 1396 3443 1468 quando
3473 1413 3590 1452 ser-

2007 1478 2105 1586 qus
2131 1462 2306 1530 fuerit
2328 1462 2730 1589 zompro‘balus,
2761 1462 3146 1524 testimonium
3174 1462 3295 1540 ejus
3320 1468 3475 1525 nihil
3504 1486 3595 1525 va-

2030 1548 2140 1589 ere.
2171 1550 2292 1589 can.
2367 1579 2380 1589 .

2030 1548 2140 1598 ere,
2171 1550 2292 1604 cap.
2328 1548 2380 1591 4.

2008 1621 2065 1675 Si
2090 1622 2258 1677 testis
2280 1624 2603 1695 productus
2621 1641 2822 1681 servus
2844 1642 2974 1683 esse
2996 1627 3245 1696 dicatur,
3270 1627 3371 1685 ille
3394 1632 3591 1685 autem

1938 1708 2093 1765 dicat
2123 1727 2185 1767 se
2216 1710 2461 1768 liberum
2508 1730 2657 1782 esse,
2693 1714 2988 1785 siquidem
3031 1716 3391 1786 ingenuum:
3443 1717 3593 1773 scri-

1939 1797 2112 1853 batur
2161 1800 2401 1872 quidem
2449 1802 2853 1858 testimonium
2895 1805 3043 1874 ejus,
3081 1810 3285 1877 postea
3316 1810 3510 1861 autem
3543 1806 3592 1861 si

1938 1888 2222 1958 probatus
2272 1889 2444 1946 fuerit
2486 1908 2710 1959 servus,
2746 1892 2968 1948 nullius
3020 1895 3302 1950 momenti
3362 1894 3459 1955 sit.
3492 1895 3593 1952 Sin

1938 1981 2134 2032 autem
2168 1976 2506 2034 libertinum
2540 1997 2602 2036 se
2631 1997 2760 2037 esse
2790 1981 3022 2051 dixerit,
3055 1982 3346 2054 siquidem
3379 1983 3598 2040 instru-

1940 2070 2204 2122 mentum
2238 2069 2724 2126 manumissionis
2746 2088 2864 2126 suae
2887 2071 3229 2139 ostenderit,
3252 2072 3408 2128 dicat
3436 2075 3595 2129 testi-

1939 2157 2238 2226 monium;
2275 2158 2363 2213 sin
2398 2163 2593 2215 autem
2623 2160 2680 2214 in
2714 2160 2828 2216 alio
2859 2160 2986 2217 loco
3018 2161 3176 2218 dicat
3206 2161 3599 2219 instrumenta

1938 2244 2029 2301 sui
2062 2250 2254 2301 status
2284 2247 2518 2317 habere,
2552 2249 2848 2307 scribatur
2894 2251 3134 2322 quidem
3188 2251 3595 2307 testimonium

1938 2335 2095 2405 ejus;
2122 2342 2326 2405 postea
2356 2342 2551 2392 autem
2576 2337 2627 2394 si
2650 2356 2765 2394 non
2799 2339 3141 2411 produxerit
3173 2338 3592 2413 instrumenta,

1939 2423 2166 2480 nullius
2197 2427 2476 2481 momenti
2509 2426 2607 2482 sit.

1937 2532 2071 2607 CAP.
2111 2532 2231 2587 154.
2266 2562 2333 2573 -
2364 2533 2573 2607 Testem
2600 2550 2713 2590 non
2740 2534 3081 2590 audiendum
3107 2551 3271 2607 quem
3302 2536 3593 2592 inimicum

2009 2604 2127 2675 ejus
2162 2619 2288 2729 5esse
2331 2603 2624 2673 claruerit,
2681 2610 2875 2662 contra
2930 2603 3438 2679 quem'productus
3486 2611 3596 2674 est,

2009 2690 2129 2729 cap.
2205 2717 2217 2729 .

2008 2690 2129 2746 cap.
2162 2690 2217 2729 ο.

2007 2763 2065 2817 Si
2099 2763 2234 2835 quis
2255 2763 2465 2819 dixerit
2481 2768 2688 2821 testem
2710 2765 3061 2837 productum
3085 2766 3397 2823 inimicum
3417 2783 3594 2823 suum

1937 2866 2091 2919 esse,
2157 2852 2206 2906 si
2268 2853 2506 2925 quidem
2565 2870 2633 2909 ex
2690 2853 2981 2909 criminali
3057 2870 3275 2922 causa,
3351 2854 3595 2911 omnino

1938 2956 2054 2996 non
2106 2940 2263 2997 dicat
2308 2941 2737 2999 testimonium.
2770 2943 2870 2999 Sin
2905 2947 3103 2999 autem
3153 2960 3223 3000 ex
3269 2944 3385 3000 alia
3427 2960 3593 3000 occa-

1939 3029 2124 3096 sione,
2153 3030 2312 3087 dicat
2357 3031 2790 3103 testimonium,
2818 3032 2918 3089 sed
2953 3033 3316 3106 praescriptio
3363 3034 3495 3105 ejus
3538 3032 3592 3089 ei

1859 3109 1902 3177 C
1940 3125 2293 3190 opponatur.

1940 3226 2071 3282 CAP.
2108 3227 2229 3282 155.
2263 3258 2332 3268 —-
2361 3229 2435 3284 De
2462 3244 2526 3284 eo
2553 3230 2651 3301 qui
2650 3244 2734 3369 ﬁs:
2755 3229 3123 3357 ‘mediatorem
3167 3231 3415 3303 partium
3457 3246 3593 3304 pro-

2722 3317 2752 3356 e
2778 3318 2875 3359 ur.

2722 3317 2848 3357 ειυν
2861 3345 2875 3359 .

2010 3386 2067 3441 Si
2090 3388 2225 3458 quis
2247 3389 2629 3445 mediatorem
2653 3389 2908 3460 partium
2933 3407 2995 3447 se
3016 3389 3506 3461 dixerit,ideoque
3531 3406 3597 3446 se

1944 3492 2059 3532 non
2083 3482 2351 3548 oportere
2373 3477 2431 3532 in
2454 3478 2701 3533 dubium
2724 3477 3135 3534 testimonium
3158 3478 3217 3533 in
3242 3477 3593 3534 alterutrum

1943 3580 2145 3620 eorum
2166 3564 2469 3634 dicere,illi
2484 3570 2681 3622 autem
2706 3566 3111 3622 consenserint
3135 3567 3595 3639 utproducatur,

1944 3670 2313 3726 consequens
2330 3659 2419 3710 est
2440 3658 2501 3711 ut
2520 3655 2579 3710 in
2605 3657 2709 3709 hoc
2732 3671 2869 3711 casu
2894 3655 3072 3711 etiam
3095 3655 3314 3712 invitus
3335 3657 3597 3713 testimo-

1945 3742 2110 3798 nium
2142 3744 2321 3801 dicat.

1946 3847 2079 3905 CAP.
2115 3851 2237 3905 156.
2270 3880 2337 3890 —
2372 3852 2437 3924 Ut
2478 3855 2637 3924 testes
2655 3867 2767 3906 non
2793 3854 3178 3923 producantur
3205 3852 3322 3909 nisi
3363 3867 3602 3924 praesen-

2372 3922 2514 3978 tibus
2568 3922 2929 3991 adversariis,
2960 3940 3082 3991 cap.
3114 3924 3169 3979 7.

2017 4019 2281 4073 Testium
2308 4019 2612 4091 productio
2645 4038 2757 4075 non
2792 4020 2962 4075 aliter
2992 4020 3297 4087 habeatur,
3319 4020 3433 4075 nisi
3457 4036 3601 4090 prae-

1946 4112 2111 4162 sente
2161 4124 2393 4180 quoque
2441 4108 2778 4164 adversaria
2826 4113 3012 4181 parte,
3045 4108 3131 4164 vel
3177 4109 3604 4164 contumaciter

1948 4212 2062 4250 non
2112 4197 2404 4265 veniente,
2455 4197 2678 4252 scilicet
2728 4202 2793 4252 ut
2837 4196 2995 4253 salva
3045 4197 3406 4269 praescriptio
3438 4212 3601 4252 com-

1947 4290 2128 4356 petat,
2182 4302 2359 4356 quam
2410 4285 2822 4357 opponendum
2880 4284 3325 4341 existimaverit.
3384 4285 3603 4342 Contu-

1949 4374 2193 4429 maciter
2241 4380 2435 4428 autem
2506 4391 2621 4429 non
2690 4374 2921 4429 videtur
2967 4375 3171 4430 abesse
3223 4374 3323 4447 qui
3373 4392 3443 4432 ex
3497 4391 3604 4431 ne-

1870 4481 1918 4547 D
1953 4463 2229 4517 cessitate
2284 4464 2472 4519 abfuit
2522 4464 2665 4519 forte
2698 4463 2856 4518 enim
2892 4464 3048 4519 intra
3106 4464 3231 4520 loca
3264 4469 3603 4521 sanctorum

1946 4556 2194 4623 fugerat.

1950 4658 2085 4715 CAP.
2119 4659 2239 4712 157.
2272 4688 2342 4699 —
2372 4660 2446 4732 De
2472 4659 2711 4712 muliere
2739 4673 2882 4732 quae
2895 4668 3010 4729 post
3039 4658 3249 4732 obitum
3302 4659 3415 4715 viri
3459 4660 3608 4732 ﬁlio-

2113 4747 2237 4785 rum
2265 4730 2491 4785 tutelam
2521 4732 2811 4801 acceperil.
2847 4729 3073 4787 Constit.
3108 4731 3200 4798 84,
3231 4748 3358 4803 cap.
3395 4734 3445 4787 1.

2022 4827 2078 4883 Si
2116 4833 2303 4882 mater
2334 4827 2544 4883 marito
2584 4828 2860 4883 defuncto
2912 4826 3167 4883 filiorum
3216 4846 3461 4885 suorum
3513 4834 3608 4885 tu-

1949 4918 2127 4975 telam
2160 4919 2486 4989 gubernare
2531 4917 2828 4985 maluerit,
2857 4919 3156 4976 renuntiet
3187 4920 3464 4976 secundis
3496 4937 3605 4974 nu-

1950 5009 2091 5081 ptiis
2120 5007 2180 5061 in
2208 5006 2435 5077 judicio
2466 5008 2593 5062 sine
2617 5009 3045 5079 jurejurando;
3096 5027 3186 5065 res
3234 5014 3429 5065 autem
3465 5026 3607 5066 suae

1951 5096 2243 5168 impuberi
2276 5094 2396 5151 ﬁlio
2427 5112 2534 5151 suo
2565 5096 2804 5170 obliget,
2830 5104 3006 5170 atque
3038 5099 3120 5153 ita
3150 5098 3200 5153 ei
3232 5098 3415 5155 tutela
3445 5115 3606 5156 com-

1953 5186 2244 5243 mittatur.

1950 5295 2081 5352 CAP.
2118 5292 2237 5346 158.
2265 5322 2335 5333 —-
2368 5292 2431 5348 Ut
2482 5290 2681 5347 nullus
2738 5291 2837 5364 qui
2894 5289 3156 5364 ecclesia
3198 5308 3309 5347 non
3354 5306 3604 5364 commu-

2020 5365 2203 5490 nicat,
2258 5365 2569 5435 functiones
2613 5363 2861 5433 publicas
2910 5367 3064 5434 agat.
3126 5363 3452 5419 Constitutio
3510 5363 3604 5434 99,

2022 5453 2142 5507 cap.
2216 5477 2227 5490 .

2021 5524 2231 5581 Nullus
2248 5523 2559 5579 haereticus
2574 5522 2806 5592 militet,
2824 5520 2911 5577 vel
2934 5538 3103 5577 curas
3126 5521 3394 5594 publicas
3414 5529 3603 5595 gerat.

1950 5617 2100 5675 Item.
2123 5615 2375 5673 Omnino
2396 5631 2496 5672 eos
2517 5614 2620 5686 qui
2647 5629 2763 5671 non
2787 5612 3232 5672 communicant
3258 5613 3319 5672 in
3348 5614 3608 5675 Ecclesia
