4000 6060
388 287 495 343 935

1474 281 1540 330 D.
1582 275 1820 329 IVONIS
1858 270 2359 325 CARNOTENSIS
2396 272 2715 327 EPISCOPI

3696 271 3809 326 936

386 410 688 468 haareticos
708 423 1008 475 vocamus,
1034 403 1304 479 quamvis
1327 414 1541 458 nomen
1563 398 2030 455 Christianorum
2061 396 2115 465 Α
2143 394 2334 466 ipsius
2365 395 2615 467 accipiat
2636 413 2756 467 eos,
2775 401 2832 453 et
2856 396 3061 474 poenis
3083 400 3289 453 contra
3311 396 3608 453 adulteros
3640 398 3808 469 posi-

389 506 701 574 usurpent.

386 620 518 675 CAP.
573 619 693 673 159.
745 646 815 658 —-
873 615 1102 670 Maritus
1158 622 1528 665 accusaturus
1582 621 1810 661 uxorem
1866 602 2038 658 adul-

457 690 613 753 terii,
672 704 886 744 necesse
954 685 1149 739 habeat
1211 682 1544 737 inscribere.
1609 677 1850 733 Constit.
1916 676 2036 744 105,

457 780 576 833 cap.
608 763 662 816 7.

462 863 520 917 Si
554 862 610 915 in
644 856 929 915 adulterio
958 854 1209 910 maritus
1240 850 1531 922 putaverit
1581 864 1751 904 suam
1802 860 2039 900 uxorem

396 948 678 1016 convinci,
731 946 895 1018 prius
944 943 1116 999 debet
1162 939 1580 1011 inscriptiones
1626 938 1911 1007 deponere
1952 932 2041 987 vel

394 1044 595 1097 contra
625 1035 931 1091 mulierem
959 1032 1045 1087 vel
1077 1035 1280 1087 contra
1312 1028 1670 1095 adulterum,
1711 1030 1766 1080 et
1815 1024 1862 1077 si
1908 1021 2043 1077 talis

392 1126 686 1185 accusatio
729 1141 860 1179 vera
910 1123 1287 1194 comprobata
1329 1118 1526 1185 fuerit,
1560 1122 1700 1171 tunc
1731 1113 2040 1186 repudium

394 1217 609 1273 mittat.

390 1334 524 1390 CAP.
559 1333 680 1387 160.
715 1327 1031 1398 —Quando
1087 1325 1289 1380 mulier
1350 1322 1640 1395 repudium
1693 1318 1875 1374 mittat
1925 1333 2043 1371 ma-

1024 1400 1154 1467 rito,
1194 1414 1322 1467 cap.
1354 1398 1408 1449 8.

463 1502 523 1558 Si
554 1500 682 1555 vita)
712 1496 972 1553 mulieris
1003 1508 1353 1567 quocunque
1382 1492 1550 1547 modo
1574 1489 1889 1545 insidiatus
1921 1486 2044 1541 fue-

392 1591 470 1647 rit
500 1589 772 1655 maritus,
802 1585 892 1642 vel
942 1587 991 1649 si
1036 1584 1168 1638 aliis
1222 1583 1331 1637 hoc
1371 1580 1722 1636 facientibus
1753 1575 2044 1643 conscius,

396 1697 513 1736 non
564 1674 1031 1733 manifestaverit
1083 1671 1336 1738 mulieri,
1388 1676 1445 1725 et
1501 1667 1829 1723 secundum
1888 1664 2045 1734 leges

2145 485 2222 539 tis
2244 490 2523 556 utrosque
2540 486 2779 555 afﬁciet,
2806 486 2966 542 nullo
2989 485 3103 541 alio
3130 486 3437 557 requisito,
3456 487 3506 541 si
3529 493 3663 558 post
3684 492 3808 543 tres

2147 576 2607 630 contestationes
2664 575 2937 631 inventus
2966 581 3054 632 est
3087 592 3221 631 cum
3256 575 3501 631 muliere
3548 576 3807 633 locutus.

2148 667 2247 719 Est
2276 670 2472 719 autem
2497 666 2905 735 justissimum
2938 681 3127 736 neque
3157 665 3475 729 adulteros,
3499 681 3690 736 neque
3712 683 3810 721 ra-

2148 758 2344 824 ptores
2378 754 2695 809 mulierum
2730 771 3036 810 sacrorum
3059 755 3244 826 septis
3267 754 3636 824 vindicari,et
3660 754 3812 809 mul-

2149 848 2208 897 to
2234 844 2417 912 magis
2441 844 2491 897 si
2515 844 2650 915 quis
2673 844 2743 899 de
2766 844 2892 915 ipso
2927 843 3215 899 adulterio
3240 844 3393 899 intra
3415 860 3580 898 sacra
3602 843 3811 898 alienas

2152 931 2385 988 mulieri
2436 931 2671 988 locutus
2720 938 2831 988 est.
2868 934 2941 988 Et
2988 933 3339 1004 generaliter
3386 932 3729 997 definimus,
3759 932 3811 986 si

2152 1022 2285 1092 quis
2317 1020 2599 1077 invenerit
2634 1038 2900 1089 uxorem,
2932 1022 3017 1077 vel
3054 1021 3260 1090 ﬁliam,
3292 1020 3383 1077 vel
3431 1026 3690 1092 neptem,
3721 1020 3812 1076 vel

2152 1126 2365 1165 nurum
2382 1110 2979 1181 deprehenderitcum
2997 1109 3194 1181 aliquo
3212 1108 3570 1181 colloquium
3586 1109 3812 1165 haben-

2152 1202 2292 1263 tem,
2335 1203 2392 1253 et
2446 1199 2782 1269 suspicatus
2832 1199 3007 1254 fuerit
3050 1197 3433 1267 turpitudinis
3481 1215 3660 1253 causa
3709 1214 3811 1253 eos

2151 1286 2698 1352 convenisse,liceat
2732 1288 2936 1342 ambos
2967 1287 3195 1341 tradere
3227 1287 3514 1342 defensori
3548 1285 3811 1341 ecclesias

2152 1376 2241 1431 vel
2290 1375 2417 1429 aliis
2472 1376 2721 1442 clericis,
2764 1376 3024 1447 periculo
3075 1392 3278 1431 eorum
3330 1375 3645 1447 separatim
3709 1392 3811 1429 cu—

2154 1465 2528 1529 stodiendos,
2581 1465 2763 1519 donec
2824 1464 3009 1534 judici
3056 1464 3418 1520 innotescere
3477 1464 3708 1533 fecerit,
3758 1468 3815 1519 et

2156 1553 2253 1609 ille
2285 1554 2611 1608 secundum
2646 1553 2803 1625 leges
2836 1570 3116 1625 personas
3146 1554 3451 1626 acceperit,
3483 1559 3541 1608 et
3570 1570 3812 1609 causam

2156 1642 2278 1697 disc
2290 1641 2521 1696 usserit.

395 1785 523 1824 eam
555 1784 670 1822 non
702 1760 1104 1829 vindicaverit,
1138 1761 1187 1816 si
1217 1758 1475 1814 castitati
1508 1755 1774 1845 mulieris
1805 1751 2049 1807 insidia-
2079 1770 2127 1835 B
2159 1777 2293 1831 CAP.
2330 1775 2447 1828 163.
2493 1803 2563 1815 __.
2618 1774 2693 1828 De
2746 1774 2833 1829 ιιι-ε
2879 1777 2973 1845 qui
3019 1773 3089 1827 ad
3126 1774 3403 1843 judicium
3454 1775 3641 1829 υεηίνε
3697 1776 3812 1829 ali-

394 1863 492 1913 tus
513 1855 708 1923 fuerit,
730 1852 818 1909 vel
843 1851 973 1906 aliis
994 1866 1122 1905 eam
1146 1849 1203 1902 in
1230 1846 1583 1903 adulterium
1608 1844 1850 1916 prodere
1871 1856 2046 1896 cona-

395 1950 493 2001 tus
518 1944 722 2010 t'uerit;
748 1942 883 1997 item
907 1938 955 1996 si
982 1937 1229 1993 maritus
1251 1936 1299 1992 ei
1323 1936 1393 1990 de
1416 1936 1482 1990 ad
1495 1928 2050 2001 ulterioinscriptio-

398 2051 503 2090 nes
525 2030 809 2105 posuerit,
833 2032 891 2085 et
914 2027 1271 2083 adulterium
1298 2024 1544 2097 probare
1574 2039 1690 2077 non
1724 2018 1958 2092 poterit,
1980 2016 2052 2105 li-

396 2104 783 2179 ceatlmulieri
834 2118 1141 2189 repudium
1198 2114 1427 2170 mittere
1476 2111 1710 2167 marito.
1744 2114 1897 2163 Item.
1930 2104 2054 2162 Illis

397 2210 585 2283 pcenis
608 2207 959 2278 subjiciatur
980 2204 1225 2259 maritus
1246 2203 1292 2258 si
1319 2199 1594 2257 adulterii
1618 2197 2054 2254 accusationem

398 2318 513 2356 non
540 2298 890 2371 probaverit,
916 2312 1065 2367 quas
1090 2292 1303 2348 mulier
1324 2307 1573 2363 passura
1600 2288 1828 2352 fuisset,
1853 2284 1901 2341 si
1925 2300 2058 2339 con-

395 2387 551 2443 victa
573 2387 801 2442 fuisset.
827 2386 978 2440 Item.
1005 2384 1063 2437 Si
1094 2382 1152 2436 in
1178 2382 1381 2435 eadem
1417 2380 1590 2433 domo
1613 2376 1671 2430 in
1697 2392 1814 2447 qua
1846 2373 2058 2428 mulier

399 2493 535 2532 cum
562 2477 688 2547 ipso
712 2475 1355 2537 habitat,contemnens
1378 2482 1669 2533 eam,cum
1688 2461 2059 2518 aliamuliere

402 2567 735 2623 inveniatur
764 2563 820 2618 in
854 2563 1025 2617 domo
1068 2576 1338 2625 manens,
1362 2556 1449 2612 vel
1484 2556 1542 2611 in
1576 2555 1776 2610 eadem
1828 2552 2060 2607 civitate

394 2658 613 2729 degens
646 2654 707 2708 in
742 2652 855 2708 alia
888 2652 1062 2705 domo
1093 2665 1226 2704 cum
1280 2646 1393 2701 alia
1446 2644 1692 2700 muliere
1726 2644 2061 2729 frequenter

398 2727 648 2801 manens
676 2740 1081 2807 convincatur,
1106 2744 1159 2792 et
1186 2736 1365 2793 semel
1389 2741 1446 2790 et
1468 2734 1559 2789 bis
1582 2732 1951 2795 criminatus,
1972 2727 2059 2784 vel

399 2852 501 2907 per
524 2838 800 2905 parentes
823 2846 984 2897 suos,
1007 2827 1093 2883 vel
1118 2843 1220 2898 per
1243 2829 1515 2897 parentes
1539 2820 1824 2888 mulieris,
1850 2818 1935 2873 vel
1961 2834 2061 2907 per

399 2905 548 2978 alias
579 2921 827 2975 idoneas
860 2912 1523 2989 personas,bujusmodi
1553 2908 1916 2981 turpitudine
1947 2905 2061 2960 nisi

406 3006 781 3075 adstinuerit,
814 3006 984 3061 liceat
1016 3001 1250 3058 mulieri
1283 2998 1601 3056 dissolvere
1634 2997 1889 3067 nuptias.

2231 1863 2339 1972 (ἐπα
2411 1848 2742 1901 necessitate
2807 1845 3205 1917 impediuntur.
3260 1846 3662 1901 Pandectarum
3738 1846 3813 1901 li-

2268 1933 2352 1972 ro.

2268 1933 2352 1972 ro.

2234 2033 2374 2102 (Litt.
2427 2048 2489 2101 ιι,
2542 2034 2626 2087 tit.
2677 2049 2754 2099 ιι,
2804 2034 2831 2101 §
2877 2033 2937 2089 Si
2986 2035 3105 2105 quis
3144 2032 3400 2104 judicio.)
3432 2032 3491 2088 Si
3540 2032 3670 2100 quis
3714 2032 3816 2102 ju-

2162 2121 2314 2176 dicio
2364 2137 2427 2176 se
2476 2120 2605 2176 sisti
2656 2121 3011 2192 promiserit,
3045 2128 3102 2178 et
3135 2120 3487 2190 valetudine,
3520 2121 3609 2177 vel
3655 2126 3820 2176 tem-

2164 2212 2410 2281 pestate,
2442 2210 2527 2265 vel
2561 2210 2611 2264 vi
2646 2210 2909 2266 fluminis
2942 2210 3293 2282 prohibitus,
3330 2227 3391 2266 se
3437 2210 3645 2265 sistere
3696 2226 3819 2265 non

2165 2298 2372 2370 possit,
2414 2298 2749 2370 exceptione
2799 2300 3129 2371 adjuvatur.
3179 2300 3314 2354 Item
3361 2299 3548 2371 (paulo
3594 2304 3740 2367 post,
3795 2301 3822 2365 §

2168 2388 2315 2456 Quod
2333 2387 2629 2459 diximus):
2665 2389 2827 2455 Quod
2858 2388 3116 2444 diximus
3148 2389 3411 2445 succurri
3437 2388 3487 2443 ei
3513 2387 3686 2443 etiam
3719 2388 3823 2459 qui

2166 2479 2512 2547 tempestate
2552 2481 2653 2531 aut
2696 2477 2748 2531 vi
2796 2477 3061 2531 ﬂuminis
3093 2477 3425 2548 prohibitus
3476 2493 3591 2531 non
3640 2476 3822 2544 venit,

2166 2570 2577 2634 tempestatem
2613 2566 2696 2619 sic
2720 2565 3048 2637 intelligere
3070 2566 3355 2621 debemus
3378 2566 3499 2620 sive
3522 2565 3827 2619 maritima

2168 2654 2287 2708 sive
2308 2653 2600 2708 terrestris
2624 2654 2720 2721 sit,
2737 2660 3269 2726 tempestatemque
3292 2654 3618 2725 intelligere
3640 2654 3821 2707 debe—

2170 2758 2301 2796 mus
2323 2741 2522 2808 talem,
2546 2758 2672 2812 qum
2696 2742 3120 2811 impedimento
3145 2744 3222 2797 sit
3248 2743 3441 2798 itineri
3465 2741 3548 2797 vel
3576 2741 3820 2813 naviga-

2170 2830 2332 2885 tioni.
2357 2831 2458 2885 Vis
2480 2830 2742 2885 fluminis
2763 2833 2938 2886 etiam
2967 2831 3092 2887 sine
3114 2836 3459 2903 tempestate
3480 2831 3821 2903 accipienda

2168 2923 2275 2973 est.
2310 2917 2442 2973 Vim
2471 2919 2730 2973 ﬂuminis
2762 2918 3171 2991 intelligimus,
3202 2920 3249 2975 si
3291 2920 3638 2991 magnitudo
3686 2921 3820 2991 ejus

2170 3007 2590 3078 impedimento
2618 3009 2713 3075 sit,
2738 3008 2859 3063 sive
2882 3025 3029 3079 pons
3051 3009 3281 3064 solutus
3303 3008 3494 3077 sit,vel
3518 3008 3820 3080 navigium

408 3128 536 3182 CAP,
597 3126 721 3179 161,
786 3151 857 3165 ...
932 3120 1210 3188 Quomodo
1284 3116 1527 3171 maritus
1604 3114 1863 3169 αάυετ-,ςυδ
1936 3128 2060 3167 eum
2092 3137 2135 3205 α
2175 3114 2290 3151 non
2322 3100 2453 3151 stet.
2480 3098 2535 3150 Si
2567 3098 2701 3167 quis
2732 3100 2929 3151 tamen
2971 3113 3106 3152 cum
3158 3103 3355 3170 posset
3403 3114 3516 3153 non
3565 3097 3826 3152 incidere

675 3197 686 3205 .
758 3194 770 3205 ι
828 3201 839 3205 -
1072 3200 1081 3205 .
1270 3190 1282 3205 ι
1338 3187 1375 3205 ι.
1450 3186 1483 3199 ι·
1519 3185 1801 3205 ηη--Α.Ι-η-
1840 3183 1966 3205 ,ΙΑιΑ
1994 3190 2031 3205 ,ι
2176 3186 2225 3205 ἐμ
2268 3190 2669 3205 1_,,n_-_a_a,_a
2713 3185 2794 3205 ΠΛ
2832 3186 2881 3205 2η
2927 3186 2956 3205 η
3014 3203 3037 3205 κ-
3076 3186 3151 3205 9,,3
3222 3186 3321 3205 H9,”
3396 3186 3433 3205 ,9
3478 3204 3485 3205 ,
3518 3192 3594 3205 κ.-
3634 3186 3790 3205 ,-,,_(--

478 3194 842 3321 quemiitabet
870 3183 1181 3263 suspectum
1210 3187 1393 3245 adutu
1406 3186 1483 3243 rii
1508 3185 1801 3258 procedere
1831 3183 2053 3251 debeat,

478 3286 597 3321 σαυ.
710 3307 723 3318 .

476 3286 597 3340 cap.
636 3286 723 3321 ιιι.

477 3368 535 3424 Si
566 3366 698 3439 quis
730 3362 1069 3435 suspicatus
1091 3359 1263 3416 fuerit
1286 3359 1355 3413 de
1379 3356 1576 3427 aliquo
1605 3354 1751 3411 velle
1782 3369 1914 3407 eum
1948 3369 2057 3423 pu-

404 3457 531 3513 dori
554 3455 752 3511 uxoris
774 3470 890 3509 suae
912 3451 1179 3514 illudere,
1202 3448 1375 3502 liceat
1404 3445 1516 3518 ipsi
1547 3444 1757 3499 marito
1792 3441 2058 3497 testatio-

404 3561 510 3601 nes
543 3545 600 3599 in
629 3541 867 3613 scriptis
899 3540 1131 3595 habitas
1156 3538 1224 3593 ad
1245 3540 1585 3606 suspectum
1623 3532 1925 3588 hominem
1950 3530 2059 3585 mi-

404 3640 546 3702 tere,
581 3636 639 3687 et
668 3636 757 3686 ter
786 3628 839 3685 ei
869 3628 1218 3684 denuntiare
1269 3642 1371 3696 per
1416 3625 1577 3697 ipsas
1624 3623 1972 3678 testationes
2004 3623 2061 3674 et

406 3724 647 3777 idoneos
680 3724 860 3774 testes
892 3718 1279 3781 continentes,
1313 3731 1385 3769 ne
1415 3730 1549 3769 cum
1583 3728 1761 3767 uxore
1809 3728 1917 3765 sua
1965 3710 2061 3763 in-

407 3810 709 3877 veniatur;
743 3812 799 3863 et
828 3807 877 3863 si
909 3812 1041 3877 post
1072 3811 1189 3860 tres
1220 3803 1562 3859 testationes
1594 3801 1650 3855 in
1685 3799 1923 3870 scriptis
1957 3798 2060 3852 ha-

410 3901 585 3969 bitas,
618 3904 675 3953 et
707 3898 946 3952 idoneos
979 3894 1248 3949 homines
1283 3892 1581 3955 habentes,
1608 3888 1896 3943 invenerit
1925 3902 2059 3941 eum

412 4006 586 4062 quem
618 3990 983 4044 contestatus
1015 3988 1104 4038 est
1134 3998 1269 4036 cum
1320 3996 1496 4035 uxore
1549 3995 1677 4046 sua,
1711 3976 1799 4032 vel
1846 3976 1905 4029 in
1956 3991 2064 4029 sua

410 4079 585 4133 domo
617 4074 704 4132 vel
726 4076 786 4129 in
810 4074 984 4129 domo
1018 4070 1304 4137 mulieris,
1328 4067 1418 4123 vel
1440 4068 1497 4122 in
1521 4068 1694 4122 domo
1719 4065 1878 4120 illius
1901 4062 2064 4119 adul-

408 4167 539 4235 teri,
570 4165 660 4221 vel
692 4165 750 4220 in
788 4163 1023 4236 popina,
1063 4160 1150 4215 vel
1207 4159 1264 4216 in
1318 4158 1605 4231 prastino,
1635 4156 1803 4209 liceat
1852 4152 2062 4208 marito

410 4258 538 4311 sine
568 4254 688 4309 ullo
715 4252 976 4325 periculo
1024 4250 1296 4305 manibus
1331 4247 1456 4303 suis
1488 4262 1618 4301 eum
1653 4243 1930 4299 occidere.
1964 4242 2061 4295 Sin

411 4348 605 4399 autem
640 4343 699 4396 in
732 4341 843 4396 alio
874 4340 1001 4395 loco
1055 4334 1507 4409 deprehenderit
1537 4349 1670 4389 eum
1705 4332 2063 4403 colloquium

410 4433 726 4487 habentem
758 4446 891 4484 cum
932 4443 1110 4482 uxore
1158 4443 1287 4494 sua,
1322 4423 1654 4479 convocatis
1703 4420 1931 4476 idoneis
1979 4423 2064 4474 te-

2175 3186 2234 3240 in
2267 3190 2677 3257 tempestatem
2712 3185 2798 3240 vel
2832 3186 2891 3240 in
2924 3186 3187 3241 fluminis
3219 3186 3353 3253 vim,
3388 3186 3435 3242 si
3467 3192 3601 3242 ante
3632 3186 3825 3258 profe-

2168 3278 2297 3329 ctus
2332 3280 2509 3343 esset,
2531 3274 2621 3328 vel
2663 3279 2926 3346 tempore
2957 3279 3286 3347 opportuno
3314 3275 3665 3347 navigasset,
3700 3276 3829 3348 ipse

2169 3380 2230 3419 se
2262 3364 2590 3435 arctaverit,
2622 3366 2886 3438 nunquid
2942 3366 3201 3437 exceptio
3233 3365 3283 3421 ei
3322 3365 3560 3421 minime
3590 3365 3830 3437 prosit?

2168 3454 2319 3525 quod
2354 3454 2598 3525 quidem
2632 3470 2812 3509 causa
2841 3454 3073 3525 cognita
3103 3454 3215 3509 erit
3245 3456 3644 3510 statuendum.
3678 3454 3828 3509 Nam

2170 3559 2359 3613 neque
2376 3543 2460 3597 sic
2485 3543 2726 3598 arctand
2742 3560 2809 3598 us
2832 3542 2961 3607 erit,
2988 3550 3051 3598 ut
3085 3543 3267 3613 possit
3307 3542 3357 3597 ei
3404 3543 3541 3612 dici,
3574 3559 3680 3597 cur
3710 3560 3826 3597 non

2170 3632 2355 3687 multo
2388 3637 2646 3702 tempore
2692 3637 2826 3686 ante
2876 3633 3173 3703 profectus
3204 3636 3292 3687 est
3323 3648 3497 3702 quam
3530 3632 3654 3687 dies
3686 3648 3821 3703 pro-

2171 3721 2475 3776 missionis
2496 3721 2757 3776 veniret?
2781 3721 2979 3792 Neque
3007 3720 3219 3776 iterum
3257 3721 3710 3787 permittendum
3736 3727 3829 3776 est

2172 3810 2245 3873 ei,
2281 3809 2330 3865 si
2385 3810 2525 3880 quid
2559 3810 2637 3864 sit
2667 3812 2822 3880 quod
2855 3809 2905 3865 ei
2935 3810 3279 3881 imputetur,
3315 3810 3547 3865 causari
3596 3814 3824 3879 tempe-

2172 3904 2385 3953 statem
2410 3898 2493 3952 vel
2517 3898 2632 3952 vim
2660 3899 2940 3953 fluminis.
2958 3898 3104 3963 Quid
3128 3898 3373 3966 enim,si
3397 3900 3530 3969 quis
3552 3915 3686 3954 cum
3708 3898 3825 3953 Ro-

2174 4004 2280 4041 mae
2322 3992 2411 4042 est
2440 3993 2496 4041 et
2526 3988 2653 4057 ipso
2704 3993 2964 4058 tempore
3012 3987 3423 4059 promissionis
3470 3987 3741 4052 sistendi,
3772 3993 3831 4042 et

2174 4074 2335 4131 nulla
2358 4076 2705 4131 necessitate
2729 4082 2992 4147 urgente,
3010 4074 3331 4131 voluntatis
3352 4092 3526 4130 causa
3548 4075 3606 4130 in
3632 4077 3833 4130 muni-

2174 4164 2392 4236 cipium
2422 4165 2713 4236 profectus
2736 4165 3035 4231 sit,nonne
3059 4163 3341 4237 indignus
3357 4169 3448 4220 est
3466 4164 3561 4219 cui
3586 4164 3707 4220 hac
3731 4180 3833 4219 ex-

2174 4253 2361 4324 ceptio
2379 4253 2806 4325 patrocinetur?
2825 4253 3093 4325 Autquid
3116 4254 3163 4308 si
3179 4258 3501 4324 tempestas
3516 4253 3754 4324 quidem
3774 4252 3835 4307 in

2176 4342 2326 4396 mari
2378 4342 2506 4408 fuit,
2539 4347 2695 4396 terra
2725 4347 2920 4396 autem
2954 4341 3064 4395 iste
3096 4341 3284 4413 potuit
3332 4341 3547 4407 venire,
3580 4340 3668 4397 vel
3722 4342 3838 4397 ﬂu-

2176 4447 2307 4485 men
2342 4429 2693 4485 circumire?
2721 4431 2900 4499 Aﬂque
2929 4430 3247 4484 dicendum
3272 4434 3361 4485 est
3389 4446 3501 4485 non
3528 4446 3762 4500 semper
3786 4432 3839 4484 ei

414 4520 606 4576 stibus
639 4519 851 4579 tribus,
883 4534 985 4589 per
1024 4532 1171 4587 quos
1199 4515 1386 4585 possit
1418 4512 1659 4584 probare
1708 4510 1863 4581 apud
1906 4509 2057 4577 judi-

2177 4520 2574 4589 exceptionem
2610 4519 2907 4587 prodesse,
2928 4518 3039 4573 nisi
3066 4518 3351 4589 angustias
3384 4534 3499 4573 non
3534 4518 3841 4589 patieban~

417 4625 543 4664 cem
577 4607 870 4662 invenisse
896 4621 1029 4660 eum
1064 4620 1197 4658 cum
1227 4618 1403 4658 uxore
1434 4617 1541 4657 sua
1573 4598 1930 4668 colloquium
1964 4597 2069 4651 ha-

419 4699 674 4763 bentem,
707 4695 903 4750 tradat
930 4693 1314 4762 eumjudici;
1360 4696 1417 4746 et
1463 4691 1513 4744 si
1560 4690 1740 4759 judex
1786 4684 2072 4740 invenerit

419 4792 679 4859 posttres
698 4783 1041 4839 testationes
1055 4781 1352 4837 hominem
1368 4785 1707 4851 suspectum
1724 4774 2071 4830 collocutum

420 4874 655 4931 mulieri
682 4869 1055 4935 fuisse,nullo
1080 4870 1191 4925 alio
1213 4868 1523 4941 exquisito,
1545 4865 1714 4935 quasi
1738 4863 2068 4920 adulterum

419 4964 646 5038 puniat.

687 5069 825 5124 CAP.
864 5068 984 5122 162.
1018 5097 1083 5107 -
1120 5069 1201 5120 De
1227 5064 1422 5119 eadem
1453 5077 1536 5127 re,
1560 5078 1680 5133 cap.
1718 5062 1803 5116 15.

492 5161 551 5217 Si
579 5162 709 5232 post
724 5162 842 5212 tres
864 5153 1323 5212 contestationes
1347 5149 1632 5207 invenerit
1654 5149 1904 5204 maritus
1930 5164 2072 5203 uxo-

421 5266 543 5307 rem
565 5263 732 5303 suam
759 5245 818 5299 in
843 5260 1005 5299 sacro
1026 5242 1153 5297 loco
1177 5257 1307 5296 cum
1335 5243 1608 5310 suspecto
1630 5237 1869 5292 homine
1892 5235 2072 5291 collo-

422 5338 627 5411 quium
662 5334 995 5402 habentem,
1020 5331 1213 5385 tradat
1243 5344 1342 5382 eos
1375 5326 1630 5383 ecclesia:
1662 5326 1951 5381 defensori
1985 5323 2074 5378 vel

420 5428 553 5483 aliis
582 5423 833 5487 clericis,
860 5418 1257 5490 utseparatim
1289 5415 1695 5471 custodiantur
1725 5414 1781 5467 in
1818 5412 2073 5481 periculo

420 5512 743 5571 defensoris
774 5509 862 5566 vel
892 5509 1265 5576 clericorum,
1298 5510 1363 5559 ut
1409 5503 1643 5559 auditos
1667 5502 1847 5573 judex
1880 5501 2076 5556 mittat

423 5605 495 5659 ad
528 5601 866 5670 religiosum
913 5597 1163 5653 civitatis
1219 5595 1585 5668 episcopum,
1618 5596 1676 5649 et
1729 5592 2075 5648 auctoritate

2180 4612 2276 4662 tur
2305 4614 2458 4663 terra
2488 4607 2598 4662 iter
2625 4606 2816 4661 metiri
2847 4607 2935 4661 vel
2967 4607 3300 4670 circumire,
3328 4624 3459 4661 eum
3518 4614 3715 4662 tamen
3748 4606 3839 4661 vel

2182 4697 2398 4752 flumen
2429 4697 2515 4751 sic
2548 4697 2911 4751 abundasset
2944 4700 3005 4750 ut
3036 4695 3342 4767 implesset
3372 4712 3604 4751 omnem
3638 4695 3839 4752 locum

2181 4788 2240 4842 in
2271 4801 2385 4856 quo
2418 4784 2550 4840 sisti
2583 4782 2969 4859 oportuit,_vel
3004 4782 3203 4854 aliqua
3244 4784 3482 4838 fortuita
3524 4783 3842 4840 calamitas

2180 4875 2452 4929 eumdem
2488 4873 2680 4929 locum
2714 4872 2942 4937 evertit,
2976 4870 3063 4926 vel
3093 4871 3521 4942 praecientiam
3578 4873 3839 4929 venienti

2184 4962 2571 5035 periculosam
2608 4962 2773 5029 fecit;
2801 4977 2869 5015 ex
2901 4962 3052 5015 bono
3083 4964 3141 5015 et
3171 4976 3336 5031 aequo
3367 4966 3425 5015 et
3454 4960 3549 5015 hic
3576 4963 3843 5034 exceptio

2183 5053 2234 5108 ei
2266 5052 2764 5109 accommodanda
2808 5054 2917 5106 est.
2949 5048 3136 5103 Simili
3170 5051 3343 5104 modo
3376 5050 3637 5119 exceptio
3669 5052 3849 5107 datur

2184 5143 2257 5211 ei,
2284 5142 2540 5212 quicum
2568 5139 2949 5212 adjudicium
2972 5138 3168 5193 venire
3191 5137 3443 5206 volebat,
3468 5156 3502 5193 a
3534 5140 3848 5211 magistra-

2185 5236 2249 5287 tu
2282 5235 2543 5286 retentus
2571 5235 2679 5296 est,
2700 5234 2755 5284 et
2786 5231 3053 5285 retentus
3084 5225 3210 5282 sine
3248 5225 3384 5281 dolo
3429 5226 3582 5282 malo
3630 5229 3851 5301 ipsius.

2183 5321 2329 5375 Nam
2363 5320 2410 5373 si
2434 5318 2559 5389 ipse
2586 5318 2693 5372 hoc
2725 5315 3036 5383 affectavit,
3068 5315 3156 5369 vel
3202 5330 3444 5371 causam
3479 5318 3849 5391 praestiterit,

2187 5425 2303 5463 non
2335 5407 2385 5461 ei
2413 5405 2670 5478 proderit
2694 5404 3085 5477 exceptio,sed
3112 5404 3224 5476 ipsi
3250 5404 3491 5475 quidem
3516 5405 3690 5461 dolus
3716 5409 3852 5478 ejus

2183 5497 2748 5563 oberit,caaterorum
2772 5513 2887 5550 non
2912 5493 3099 5549 oberit
3120 5492 3220 5563 qui
3244 5492 3398 5548 malo
3421 5492 3555 5549 dolo
3581 5494 3853 5553 fecerunt

2188 5590 2252 5643 ut
2273 5586 2645 5652 retineretur,
2665 5584 2765 5641 sed
2790 5582 2841 5639 si
2864 5582 3126 5655 privatus
3147 5596 3279 5637 eum
3306 5581 3645 5653 detinuerit,
3681 5586 3852 5643 nullo
