4000 6060
208 301 316 357 937

1168 307 1481 361 DECRETI
1522 310 1707 362 PARS
1748 308 1893 360 XVI.
1926 338 1990 347 -—
2020 311 2116 361 DE
2155 310 2460 365 OFFICIIS
2500 316 2679 369 LAIC.

3518 332 3625 385 938

206 427 381 482 modo
412 426 463 483 ei
502 428 762 499 proderit
794 427 917 484 haec
958 429 1238 499 exceptio.
1278 431 1413 485 Item
1443 430 1609 498 (ibid.
1652 436 1690 484 t.
1726 447 1799 492 ιν,
1837 430 1863 501 §
1894 433 1949 498 Α
1982 436 2179 487 menta
2209 435 2363 504 apud
2397 452 2525 491 eum
2560 438 2867 511 stabnlari,
2900 446 2955 497 et
2986 447 3184 501 tamen
3217 453 3491 509 custodiae
3524 474 3625 512 no-

206 516 417 584 Illud.).
469 516 529 571 Si
582 517 784 573 funere
835 518 969 588 quis
1016 519 1338 574 domestico
1385 519 1706 590 impeditus
1748 536 1862 574 non

202 607 382 675 venit,
414 606 589 662 debet
621 605 672 660 ei
708 607 971 678 exceptio
1006 607 1151 662 dari.

600 696 733 751 CAP.
776 697 889 750 164.
928 727 996 737 —-
1030 698 1163 752 Item
1195 697 1261 751 de
1288 699 1471 767 feriis.

280 783 422 856 (Lib.
458 800 521 855 11,
555 786 638 841 tit.
679 802 779 855 x11,
813 786 852 840 ι.
908 785 971 856 1.)
1019 790 1101 841 Ne
1143 787 1276 857 quis
1324 788 1607 841 messium
1660 786 1860 842 vinde-

208 875 581 946 miarumque
597 880 855 947 tempore
876 876 1279 941 adversarium
1294 881 1462 948 cogat
1481 878 1549 931 ad
1570 878 1862 947 judicium

202 964 421 1030 venire,
455 964 719 1019 oratione
750 964 865 1019 divi
904 964 1083 1020 Marci
1114 966 1487 1037 exprimitur,
1522 966 1661 1037 quia
1684 983 1858 1021 occu-

202 1054 325 1126 pati
357 1054 513 1109 circa
538 1070 661 1109 rem
698 1053 979 1109 rusticam
1010 1054 1068 1109 in
1104 1056 1293 1110 forum
1328 1055 1712 1121 compellendi
1743 1071 1857 1110 non

204 1142 483 1199 sunt.Sed
500 1142 546 1198 si
560 1147 775 1215 praetor
787 1151 887 1199 aut
900 1158 1003 1215 per
1016 1145 1407 1216 ignorantiam
1422 1143 1506 1199 vel
1530 1145 1857 1200 socordiam

202 1248 440 1288 evocare
472 1249 570 1288 eos
596 1234 1069 1304 perseveraverit,
1116 1234 1176 1288 hi
1209 1233 1309 1305 qui
1342 1242 1546 1305 sponte
1594 1234 1859 1288 venerint

200 1320 497 1393 siquidem
529 1321 883 1377 sententiam
915 1322 1189 1393 dixerint,
1224 1323 1617 1395 praesentibus
1651 1322 1767 1378 illis
1801 1328 1859 1377 et

201 1416 409 1482 sponte
435 1410 806 1482 litigantibus
838 1412 1134 1467 sententia
1165 1411 1402 1479 valebit,
1433 1412 1669 1467 tametsi
1704 1417 1856 1467 recte

203 1515 324 1556 non
356 1499 577 1568 fecerit,
610 1500 707 1571 qui
750 1517 848 1556 eos
894 1501 1237 1557 evocaverit.
1286 1506 1425 1557 Item
1477 1501 1637 1572 (ibid.
1674 1510 1710 1557 t.
1748 1503 1855 1572 ιιι.)

205 1588 367 1645 Solet
395 1589 571 1645 etiam
604 1588 837 1656 messis,
867 1589 1419 1663 vindemiarumque
1467 1595 1729 1661 tempore
1752 1591 1854 1661 jus

205 1678 322 1734 dici
355 1680 424 1734 de
447 1679 624 1735 rebus
646 1695 772 1750 quae
795 1686 1055 1751 tempore
1075 1680 1163 1735 vel
1190 1686 1374 1736 morte
1397 1680 1672 1752 periturae
1692 1684 1851 1748 sunt,

203 1766 382 1823 veluti
414 1767 577 1835 furti,
609 1768 833 1838 damni,
864 1767 1115 1839 injurias,
1160 1768 1513 1840 injuriarum
1564 1770 1849 1825 atrocium

205 1872 333 1929 quas
391 1858 462 1913 de
522 1856 814 1925 incendio,
874 1859 1066 1929 ruina,
1126 1858 1455 1931 naufragio,
1500 1863 1645 1922 rate,
1708 1875 1851 1914 nave

204 1950 537 2018 expuguata
574 1946 843 2019 rapuisse
891 1947 1188 2017 dicuntur,
1241 1953 1296 2004 et
1347 1947 1396 2004 si
1447 1965 1576 2020 quae
1625 1947 1850 2004 similes

200 2038 363 2091 sunt.

662 2125 793 2181 CAP.
829 2127 952 2181 165.
984 2157 1052 2167 ——
1084 2130 1166 2181 De
1190 2128 1385 2198 pactis.

272 2213 396 2283 (Tit.
423 2230 538 2284 xxv,
576 2213 614 2268 l.
648 2231 826 2285 xxvn,
858 2216 884 2282 §
917 2218 1087 2271 Pacta
1116 2216 1279 2287 quae.)
1334 2220 1514 2271 Pacta
1557 2232 1684 2287 quae
1717 2220 1848 2270 tur-

199 2318 335 2374 pem
367 2319 606 2358 causam
640 2303 963 2373 continent,
998 2320 1114 2359 non
1145 2309 1287 2360 sunt
1331 2305 1681 2361 obervanda.
1713 2307 1849 2360 Item

200 2391 385 2463 (ibid.,
418 2391 456 2446 ι.
490 2393 715 2464 xxvm.)
746 2392 960 2449 Contra
982 2393 1138 2463 juris
1172 2393 1361 2450 civilis
1414 2394 1649 2466 regulas
1683 2399 1849 2466 pacta

201 2485 506 2548 conventa,
538 2485 667 2537 rata
698 2497 813 2537 non
847 2481 1155 2537 habentur.

199 2589 334 2647 CAP.
374 2591 495 2644 166.
529 2590 771 2656 —Item,
800 2592 1212 2646 contrahentem
1254 2592 1673 2647 matrimonium
1730 2592 1848 2647 illi-

688 2662 879 2731 citum,
916 2664 1181 2731 infamem
1212 2664 1355 2733 ﬁeri.

272 2750 413 2822 (Lib.
448 2767 533 2818 111,
565 2751 652 2805 tit.
686 2767 748 2821 ιι,
790 2751 827 2805 ι.
861 2768 988 2819 x111,
1020 2752 1049 2822 §
1083 2753 1224 2807 Cum
1252 2752 1484 2823 autem,)
1525 2753 1583 2807 Si
1618 2769 1749 2807 cum
1782 2768 1850 2807 ea

200 2839 334 2912 quis
364 2839 604 2910 nuptias
626 2838 709 2895 vel
736 2839 1039 2911 sponsalia
1061 2840 1583 2912 constituat,quam
1609 2857 1847 2896 uxorem

197 2929 411 2985 ducere
441 2928 527 2984 vel
561 2945 676 2983 non
711 2929 1020 3000 potest,vel
1053 2930 1141 2985 fas
1169 2946 1282 2984 non
1316 2933 1425 2999 est,
1447 2928 1557 2985 erit
1590 2935 1846 2985 notatus.

563 3036 695 3090 CAP.
739 3036 855 3089 167.
887 3066 957 3076 —-
986 3037 1063 3091 De
1092 3034 1481 3092 solutionibus.

270 3124 397 3195 (Tit.
431 3140 485 3192 ν,
519 3124 557 3177 ι.
590 3124 808 3197 xxx1x.)
842 3125 1127 3181 Solvendo
1159 3126 1546 3197 quisque,pro
1578 3124 1691 3181 alio
1714 3125 1848 3180 licet

191 3214 371 3269 invito
403 3216 461 3269 et
492 3213 823 3284 ignorante,
852 3214 1061 3270 liberat
1092 3215 1425 3279 eum.Quod
1450 3219 1644 3269 autem
1671 3214 1844 3269 alicui

196 3302 463 3369 debetur,
497 3301 648 3358 alius
686 3302 813 3358 sine
843 3302 1144 3360 voluntate
1172 3306 1302 3376 ejus
1354 3321 1468 3360 non
1501 3307 1691 3376 potest
1714 3304 1848 3374 jure

197 3391 446 3464 exigere.

378 3481 511 3538 CAP.
549 3480 671 3535 168.
705 3510 773 3520 —
803 3481 876 3536 De
906 3496 968 3536 eo
1000 3481 1143 3552 quod
1169 3485 1349 3537 metus
1378 3497 1549 3536 causa
1576 3483 1669 3535 sit.

270 3568 411 3638 (Lib.
444 3585 520 3634 1v,
551 3570 638 3624 tit.
673 3586 732 3635 ιι,
765 3570 802 3622 ι.
836 3571 899 3641 ι.)
933 3570 1095 3635 Quod
1150 3574 1342 3625 metus
1391 3587 1571 3625 causa
1618 3574 1848 3641 gestum

206 3658 338 3727 erit,
371 3660 565 3713 ratum
605 3674 722 3713 non
772 3657 1021 3714 habebo.
1067 3662 1206 3714 Item
1254 3659 1409 3727 (ibid.
1475 3659 1508 3713 l.
1571 3675 1658 3723 ιιι,
1693 3660 1720 3729 Ξ
1750 3657 1851 3713 Sed

205 3747 366 3819 vim.)
387 3747 519 3801 Vim
544 3746 865 3818 accipimus
894 3751 1237 3817 atrocem,et
1258 3764 1386 3803 eam
1409 3764 1541 3818 quae
1572 3748 1851 3804 adversus

205 3836 393 3892 bonos
423 3851 614 3891 mores
644 3835 891 3903 ﬁat,non
924 3852 1052 3891 eam
1080 3852 1256 3906 quam
1293 3837 1676 3908 magistratus
1699 3841 1853 3891 recte

205 3923 660 3993 intulit,scilicet
680 3925 816 3995 jure
838 3923 996 3980 licito
1020 3928 1077 3979 et
1104 3925 1242 3980 item
1262 3926 1394 3996 jure
1416 3926 1654 3981 honoris
1679 3943 1851 3997 quem

206 4013 657 4081 sustinet.(Ibid.
686 4013 833 4084 ιλιι.)
859 4014 1081 4068 Metum
1116 4019 1309 4069 autem
1339 4021 1690 4087 praesentem
1711 4015 1854 4070 acci-

207 4118 345 4175 pere
386 4102 692 4169 debemus,
746 4118 861 4156 non
923 4102 1321 4174 suspicionem
1369 4104 1653 4159 inferendi
1702 4106 1850 4174 ejus.

206 4192 347 4263 (Lib.
384 4207 457 4259 1v,
491 4193 575 4245 tit.
610 4207 688 4259 vr,
723 4191 760 4245 l.
793 4191 904 4261 ιιι.)
958 4190 1148 4246 Metus
1201 4197 1395 4247 autem
1443 4210 1620 4248 causa
1652 4194 1855 4248 abesse

202 4280 435 4335 videtur
464 4280 565 4351 qui
588 4280 754 4350 justo
787 4280 1001 4335 timore
1026 4280 1231 4336 mortis
1261 4280 1349 4336 vel
1385 4281 1681 4337 cruciatus
1738 4299 1859 4338 cor-

206 4370 367 4441 poris
398 4368 752 4424 conterritus
784 4369 970 4424 abest.

379 4456 512 4513 CAP.
546 4457 672 4513 169.
699 4488 769 4498 —
804 4459 936 4526 Quis
967 4457 1292 4528 reipublicw
1318 4474 1486 4513 causa
1515 4460 1678 4516 absit.

282 4545 420 4616 (Lib.
456 4562 529 4615 1v,
564 4547 651 4602 tit.
685 4563 788 4614 vn,
841 4548 879 4600 ἱ.
930 4547 1071 4617 xv1.)
1122 4547 1475 4618 Reipublicae
1526 4566 1704 4604 causa
1756 4565 1854 4605 eos
1887 4541 1933 4604 D

207 4633 362 4690 solos
392 4635 597 4691 abesse
631 4634 1043 4707 intelligimus,
1099 4635 1207 4707 qui
1260 4653 1375 4691 non
1429 4638 1522 4692 sui
1574 4639 1865 4696 commodi

207 4738 411 4791 causa,
446 4725 548 4780 sed
582 4723 771 4781 coacti
805 4727 963 4778 sunt.

209 4829 345 4886 CAP.
380 4829 505 4885 170.
558 4860 629 4871 —
676 4831 750 4886 Ne
798 4831 919 4901 quis
963 4831 1034 4883 sit
1071 4829 1254 4913 judex
1299 4832 1385 4886 vel
1436 4832 1648 4888 arbiter
1698 4835 1754 4889 in
1810 4850 1868 4888 re

912 4917 1165 4972 propria.

285 4989 423 5060 (Lib.
458 5006 533 5057 ιν,
562 4992 647 5045 tit.
679 5006 801 5059 vm,
838 4990 875 5044 l.
911 4990 1046 5060 va.)
1076 4995 1245 5046 Item.
1280 4992 1341 5046 Si
1389 4993 1458 5046 de
1489 5010 1549 5046 re
1596 5009 1703 5048 sua
1733 4993 1865 5064 quis

212 5077 435 5134 arbiter
467 5078 656 5134 factus
689 5078 789 5146 sit,
821 5078 1171 5135 sententiam
1208 5080 1402 5135 dicere
1434 5098 1546 5135 non
1580 5086 1790 5153 potest.

214 5188 351 5241 CAP.
386 5186 508 5240 171.
544 5216 611 5225 -
642 5185 1180 5257 Ναιιιέε,ίσαιιροηε.ς,
1212 5188 1531 5257 stabularii,
1566 5190 1865 5244 undemcr-

788 5256 964 5312 cedem
1000 5257 1296 5328 accipiant.

292 5344 432 5415 (Lib.
468 5361 543 5412 ιν,
577 5347 667 5400 tit.
702 5363 784 5413 1x,
815 5347 853 5400 l.
886 5346 965 5416 v.)
996 5350 1209 5415 Nauta,
1247 5354 1301 5403 et
1333 5364 1538 5420 caupo,
1574 5354 1628 5404 et
1660 5350 1859 5404 stabu-

214 5432 402 5489 larius
432 5435 758 5490 mercedem
800 5433 1100 5505 accipiunt
1131 5451 1245 5490 non
1292 5453 1394 5507 pro
1444 5439 1726 5509 custodia,
1763 5439 1863 5495 sed

218 5528 403 5578 nauta
425 5528 493 5577 ut
510 5524 765 5594 trajiciat
780 5526 1251 5594 vectores,caupo
1276 5528 1337 5579 ut
1358 5524 1606 5582 viatores
1628 5545 1863 5583 manere

219 5610 279 5667 in
313 5626 581 5683 caupona
612 5612 887 5681 patiatur,
923 5611 1285 5668 stabularios
1338 5618 1401 5668 ut
1450 5617 1867 5686 permittatju-

546 5738 809 5802 Parnm"
856 5738 1055 5802 CLXI.

1975 519 2134 574 mine
2168 524 2415 589 tenetur,
2451 542 2587 580 nam
2631 532 2685 581 et
2724 528 2865 584 fullo
2911 535 2966 585 et
2997 534 3324 592 sarcinator
3373 557 3488 597 non
3522 562 3624 616 pro

1974 609 2265 677 custodia,
2300 613 2397 667 sed
2434 631 2536 684 pro
2571 620 2690 670 arte
2722 622 3051 676 mercedem
3090 625 3408 700 accipiunt,
3440 636 3495 686 et
3522 609 3620 689 ta-

1975 712 2104 752 men
2140 701 2418 756 custodits
2452 705 2687 761 nomine
2719 722 2786 761 ex
2817 706 3005 765 locato
3039 716 3331 771 tenentur.

1971 806 2110 887 CAP...
2398 808 2546 873 Quod
2586 826 2808 887 securus
2859 815 2931 869 sit
2969 822 3065 886 qui
3112 820 3358 879 alienum
3404 842 3622 887 seruum

2178 876 2542 962 insidiantem.
2555 883 2821 962 ceciderit
2842 902 2862 946 ,'
2895 895 2945 942 et
2974 875 3058 943 ‘de
3094 875 3596 962 quibusdam'aliwis

2044 946 2137 1000 ιίὺ-
2172 964 2247 1015 IX,
2286 951 2370 1003 tit.
2404 967 2441 1004 ιι
2472 952 2597 1021 (lib,
2629 956 2725 1024 ιν),
3102 946 3115 962 ι
3466 946 3617 974 mm,

2043 1035 2243 1107 Itaque
2270 1037 2315 1091 si
2332 1054 2562 1095 servum
2580 1045 2749 1098 tuum
2773 1044 3056 1104 latronem
3076 1049 3451 1113 insidiantem
3474 1061 3619 1117 mihi

1970 1123 2250 1190 occidero,
2289 1143 2533 1184 securus
2564 1133 2834 1189 ero.Nam
2869 1137 3149 1196 adversus
3173 1144 3496 1211 periculum
3523 1168 3619 1205 na-

1976 1212 2189 1268 turalis
2222 1216 2369 1271 ratio
2404 1219 2692 1289 permittit
2717 1240 2778 1278 se
2811 1224 3144 1284 defendere.
3179 1231 3289 1287 Lex
3309 1235 3617 1295 duodecim

1965 1300 2324 1358 Tabularum
2351 1306 2537 1361 furem
2564 1314 2734 1365 noctu
2760 1312 3191 1383 deprehensum
3212 1322 3474 1381 occidere
3494 1344 3620 1398 per-

1967 1389 2147 1443 mittit
2179 1407 2191 1443 :
2226 1398 2290 1446 ut
2324 1399 2518 1449 tamen
2544 1397 2599 1451 id
2628 1398 2823 1468 ipsum
2846 1405 3250 1464 cumrlamore
3272 1389 3620 1471 testificetur

1964 1478 2200 1542 Interdu
2213 1497 2265 1535 m
2281 1486 2475 1537 autem
2492 1484 2925 1555 deprehensum
2945 1491 3024 1546 ita
3038 1498 3613 1563 permittitoccidere.

1964 1565 2013 1620 si
2041 1566 2091 1621 is
2124 1571 2179 1622 et
2209 1568 2321 1623 telo
2354 1570 2708 1645 defenderet,
2744 1580 2808 1631 ut
2837 1581 3032 1635 tamen
3057 1599 3222 1654 Isque
3242 1589 3610 1649 testificetur.

1960 1656 2094 1751 Item
2129 1657 2303 1727 (ibid..
2338 1659 2376 1713 ἰ.
2409 1660 2486 1729 x).
2522 1663 2627 1751 Qui
2683 1666 2961 1723 occiderit
3011 1671 3344 1732 adulterum
3395 1679 3609 1751 depre-

1962 1744 2214 1801 hensum
2247 1764 2479 1804 servum
2513 1749 2794 1823 alienum,
2828 1756 2935 1811 hac
2964 1758 3087 1830 lege
3117 1779 3232 1818 non
3291 1744 3611 1825 tenebitur.

1883 1805 1928 1870 B
1962 1835 2095 1889 Item
2142 1835 2303 1926 (ibid.
2343 1838 2457 1904 §ln
2505 1837 2607 1895 hac
2653 1805 3610 1926 qubqueS'Sivoq’ui‘s'in

1961 1939 2150 2017 suam,
2184 1925 2269 1980 vel
2301 1926 2555 1999 spinam,
2591 1931 2999 1990 comburendae
3025 1938 3152 2007 ejus
3180 1956 3378 2011 causa,
3411 1925 3608 2017 ignem

1962 2011 2292 2107 immiserit,
2325 2021 2380 2071 et
2410 2016 2658 2074 ulterius
2690 2027 2962 2092 evagatus
2994 2030 3051 2081 et
3073 2044 3420 2101 progressus
3437 2011 3613 2107 ignis

1961 2100 2212 2158 alienam
2247 2108 2505 2175 segetem
2535 2107 2623 2163 vel
2670 2110 2901 2167 vineam
2951 2100 3203 2184 laeserit,
3239 2100 3612 2192 inquiratnus

1962 2207 2102 2279 num
2135 2190 2430 2263 imperitia
2451 2195 2577 2264 eius
2596 2202 2698 2252 aut
2721 2200 3079 2272 negligentia
3111 2206 3165 2259 id
3201 2190 3446 2279 accidit;
3473 2230 3610 2269 nam

1959 2278 2006 2333 si
2043 2280 2143 2372 die
2167 2287 2406 2338 ventoso
2440 2283 2496 2339 id
2529 2286 2943 2361 fecerit,culpze
2960 2309 3094 2349 reus
3126 2301 3234 2349 est.
3269 2301 3410 2353 Nam
3435 2278 3611 2372 etqui

1959 2369 2322 2425 occasionem
2357 2379 2616 2444 praestat,
2650 2376 2934 2435 damnum
2985 2381 3192 2438 fecisse
3243 2392 3506 2455 putatur.
3530 2369 3606 2445 In

1959 2458 2162 2512 eodem
2196 2459 2439 2515 crimine
2470 2466 2579 2529 est,
2617 2468 2673 2519 et
2703 2466 2803 2536 qui
2839 2484 2952 2523 non
2987 2470 3317 2527 observavit
3347 2493 3418 2530 ne
3449 2477 3608 2549 ignis

1958 2545 2192 2617 longius
2224 2549 2583 2618 procederet.
2612 2554 2685 2606 At
2716 2554 2762 2607 si
2798 2556 2999 2611 omnia
3055 2576 3177 2626 qua:
3210 2545 3603 2632 oportuit‘ob-

1959 2636 2227 2700 servavit,
2262 2636 2348 2691 vel
2392 2638 2588 2694 subita
2636 2640 2721 2695 vis
2768 2646 2927 2699 venti
2973 2647 3169 2716 ignem
3206 2648 3435 2720 longius
3470 2671 3603 2725 pro-

1960 2723 2142 2813 duxit,
2177 2730 2332 2779 caret
2363 2727 2557 2798 culpa.
2592 2729 2721 2784 Item
2754 2732 2907 2800 (ibid.
2942 2735 2980 2787 l.
3015 2738 3230 2805 χχχιιι).
3264 2739 3371 2803 Qui
3424 2723 3605 2813 pecus

1960 2812 2217 2868 alienum
2250 2814 2305 2867 in
2340 2831 2477 2886 agro
2510 2834 2616 2872 suo
2644 2820 3111 2892 deprehenderit,
3148 2824 3262 2881 non
3290 2812 3499 2897 jureiid
3521 2831 3608 2886 in-

1960 2900 2165 2971 cludit,
2200 2919 2304 2958 nec
2336 2920 2507 2975 agere
2539 2905 2685 2961 illud
2719 2909 2887 2964 aliter
2918 2928 3093 2982 quam
3126 2914 3215 2986 (ut
3246 2933 3424 2987 supra
3454 2920 3608 2976 dixi-

1959 2992 2115 3062 mus)
2144 2993 2306 3061 quasi
2341 3010 2540 3061 suum,
2573 2997 2673 3051 sed
2707 2998 2955 3067 abjicere
2986 3003 3159 3058 debet
3208 3006 3336 3061 sine
3368 3008 3605 3080 damno,

1958 3080 2045 3135 vel
2080 3082 2394 3136 admonere
2426 3083 2731 3141 dominum
2765 3092 2825 3141 ut
2858 3105 3032 3145 suum
3068 3093 3329 3165 recipiat.

1878 3168 1919 3235 C
1960 3187 2093 3242 CAP.
2138 3189 2257 3272 173ζ
2294 3220 2360 3274 —.
2411 3190 2564 3257 Quod
2611 3191 2863 3274 dominus
2914 3212 3143 3274 quoque
3173 3202 3476 3271 culpabilis
3513 3207 3605 3274 sit,

2029 3274 2132 3399 ἵιιιῖ
2175 3261 2380 3401 sciente
2436 3278 2625 3317 servus
2682 3261 2937 3337 aliquem.
2985 3261 3275 3326 occiderit:
3324 3275 3493 3329 Titulo
3550 3261 3604 3333 1v

2077 3346 2095 3384 ι
2141 3372 2151 3383 .
2186 3348 2223 3384 ιι
2257 3374 2267 3385 .
2728 3346 2731 3347 ⁷

2077 3346 2151 3384 ll).
2186 3346 2267 3385 II).
2728 3346 2731 3347 ⁷

2030 3417 2089 3471 Si
2122 3433 2325 3473 servus
2358 3421 2577 3477 sciente
2610 3423 2845 3479 domino
2865 3427 3096 3494 occidit,
3129 3428 3186 3483 in
3220 3430 3470 3487 solidum
3502 3435 3602 3489 do-

1962 3505 2187 3559 minum
2221 3507 2479 3579 obligat;
2516 3511 2638 3580 ipse
2670 3512 2826 3567 enim
2860 3515 3088 3570 videtur
3121 3518 3395 3576 dominus
3445 3524 3600 3578 occi-

1961 3593 2136 3648 disse.
2173 3595 2229 3648 Si
2264 3602 2457 3651 autem
2492 3600 2779 3656 iniciente
2811 3605 3132 3667 eo,noxalis
3165 3612 3253 3663 est
3284 3610 3433 3664 actio
3461 3627 3601 3668 :nec

1960 3681 2116 3737 enim
2150 3683 2348 3739 debuit
2379 3702 2447 3740 ex
2479 3687 2766 3744 maleﬁcio
2800 3692 2949 3746 servi
2975 3693 3031 3748 in
3064 3695 3196 3766 plus
3221 3698 3406 3753 teneri
3430 3716 3605 3771 quam

1962 3775 2029 3825 ut
2059 3789 2217 3827 noxze
2248 3790 2382 3830 eum
2413 3776 2606 3833 dedat.

1961 3882 2093 3933 CAA.
2136 3881 2251 3935 174.
2284 3912 2353 3923 --
2386 3888 2462 3939 De
2510 3885 2841 4013 conditione;
2891 3905 3059 3945 causa
3092 3892 3244 3961 data,
3290 3910 3459 3951 causa
3500 3913 3612 3953 non

2680 3975 2808 4013 secu
2838 3977 2889 4013 a.

2680 3975 2889 4014 secuta.

2034 4042 2185 4094 Item.
2220 4041 2304 4096 0b
2338 4059 2460 4097 rem
2502 4044 2682 4116 igitur
2716 4047 3018 4103 honestam
3063 4051 3266 4106 datum
3299 4052 3382 4109 ita
3428 4055 3613 4125 repeti

1965 4132 2175 4200 potest,
2209 4130 2258 4183 si
2293 4147 2385 4185 res
2418 4139 2653 4203 propter
2682 4152 2855 4205 quam
2886 4138 3085 4192 datum
3136 4146 3225 4195 est
3264 4146 3466 4196 secuta
3498 4160 3613 4198 non

1965 4222 2074 4286 est,
2108 4219 2269 4281 Quod
2298 4218 2348 4273 si
2380 4222 2568 4291 turpis
2600 4239 2776 4277 causa
2807 4226 3146 4297 accipientis
3173 4229 3613 4301 fuerit,etiamsi

1967 4322 2058 4360 res
2090 4312 2294 4361 secuta
2316 4309 2412 4375 sit,
2445 4312 2625 4380 repeti
2655 4318 2865 4382 potest.

1968 4412 2103 4498 CAP.
2138 4414 2259 4498 1.75..
2293 4446 2379 4498 —“
2413 4417 2563 4498 Quod
2612 4419 2880 4498 mandare
2928 4423 3281 4498 intelligitur,
3310 4429 3410 4498 qui
3453 4444 3616 4484 man—

2039 4486 2179 4624 άξιῖῖὲ
2196 4487 2261 4540 ab
2293 4486 2408 4627 alia)
2436 4492 2651 4558 patitur
2682 4495 2739 4546 ut
2762 4492 2871 4547 sibi
2900 4486 3178 4565 credatur,
3213 4486 3331 4553 lib.‘
3354 4516 3492 4565 xvu,
3529 4502 3614 4556 tit.

2039 4574 2053 4609 1
2126 4574 2139 4609 ι
2188 4598 2200 4610 .
2236 4574 2374 4611 xvm
2408 4602 2419 4614 .

2038 4574 2200 4614 IUlD.
2236 4574 2419 4614 XVIII).

2048 4645 2155 4709 Qui
2206 4646 2430 4716 patitur
2477 4648 2548 4702 ab
2600 4648 2712 4703 alio
2766 4654 3032 4708 mandari
3075 4659 3139 4710 ut
3179 4656 3291 4713 sibi
3326 4660 3618 4731 credatur,

1977 4734 2261 4790 mandare
2290 4734 2664 4807 intelligitur.

1976 4842 2107 4896 CAP.
2146 4842 2266 4895 176.
2300 4870 2368 4881 —-
2416 4842 2642 4899 Nullius
2690 4850 2952 4902 momenti
2997 4865 3112 4905 esse
3157 4852 3474 4910 societatem
3502 4855 3623 4911 dolo

2340 4929 2407 4967 ac
2433 4916 2631 4984 fraude
2660 4922 3035 4988 compositam,
3069 4924 3155 4977 lit.
3192 4941 3252 4979 11.

2047 5000 2186 5069 (Lib.
2223 5017 2305 5067 ιιι,
2342 5000 2370 5072 §
2401 5001 2687 5075 Societas.)
2733 5008 2989 5064 Societas
3038 5010 3087 5066 si
3136 5011 3268 5067 dolo
3314 5014 3490 5084 malo,
3523 5018 3626 5071 aut

1977 5087 2287 5142 fraudandi
2308 5107 2485 5145 causa
2514 5092 2662 5148 coita
2687 5094 2919 5166 sit,ipso
2938 5098 3067 5167 jure
3092 5100 3313 5155 nullius
3340 5103 3623 5158 momenti

1976 5178 2231 5247 est,quia
2266 5180 2409 5235 fides
2427 5181 2577 5236 bona
2601 5186 2895 5239 contraria
2916 5192 3004 5241 est
3029 5187 3217 5243 fraudi
3241 5194 3297 5244 et
3321 5191 3619 5245 dolthem

1975 5264 2160 5334 (ibid.,
2189 5268 2224 5321 ι.
2262 5269 2402 5339 L111).
2437 5272 2597 5335 Quod
2633 5278 2827 5328 autem
2862 5292 2928 5329 ex
2962 5276 3232 5345 furto,ve1
3264 5295 3331 5333 ex
3362 5277 3476 5334 alio
3501 5295 3623 5333 ma-

1977 5353 2161 5409 leficio
2196 5360 2505 5427 qumsitum
2554 5367 2663 5431 est,
2724 5363 2780 5415 in
2826 5363 3164 5418 societatem
3199 5383 3312 5421 non
3359 5371 3626 5437 oportere

1977 5446 2233 5499 converti
2262 5448 2553 5519 (conferri)
2577 5450 2766 5521 palam
2796 5452 3049 5521 cst,quia
3068 5453 3412 5510 delictorum
3436 5458 3627 5528 turpis

1976 5546 2040 5584 ac
2075 5532 2223 5588 foeda
2258 5539 2595 5592 communio
2629 5544 2735 5593 est.
2772 5540 2903 5593 Item
2928 5539 3048 5609 (lib.
3084 5544 3239 5612 LVII).
3262 5543 3320 5598 Si
3354 5545 3626 5602 maleficii

1977 5622 2229 5677 societas
2261 5626 2412 5679 coita
2441 5626 2535 5689 sit,
2569 5632 2796 5682 constat
2828 5628 3052 5683 nullam
3086 5648 3214 5687 esse
3256 5634 3623 5701 societatem.

3227 5761 3308 5822 30
