  <div class='ocr_page' id='page_1' title='image "/cluster/home/n/w/nwhite01/storage/ocr_20150623/161/hvd.32044054760194/515.png"; bbox 0 0 3948 6072; ppageno 0'>
   <div class='ocr_carea' id='block_1_1' title="bbox 370 268 478 322">
    <p class='ocr_par' dir='ltr' id='par_1_1' title="bbox 370 268 478 322">
     <span class='ocr_line' id='line_1_1' title="bbox 370 268 478 322; baseline 0 0"><span class='ocrx_word' id='word_1_1' title='bbox 370 268 478 322; x_wconf 82' lang='grc'>939</span> 
     </span>
    </p>
   </div>
   <div class='ocr_carea' id='block_1_2' title="bbox 1434 260 2680 319">
    <p class='ocr_par' dir='ltr' id='par_1_2' title="bbox 1434 260 2680 319">
     <span class='ocr_line' id='line_1_2' title="bbox 1434 260 2680 319; baseline -0.002 0"><span class='ocrx_word' id='word_1_2' title='bbox 1434 267 1504 319; x_wconf 91' lang='lat' dir='ltr'>D.</span> <span class='ocrx_word' id='word_1_3' title='bbox 1544 262 1787 318; x_wconf 84' lang='lat' dir='ltr'>IVONIS</span> <span class='ocrx_word' id='word_1_4' title='bbox 1823 260 2322 316; x_wconf 76' lang='lat' dir='ltr'>CARNOTENSIS</span> <span class='ocrx_word' id='word_1_5' title='bbox 2360 261 2680 317; x_wconf 82' lang='lat' dir='ltr'>EPISCOPI</span> 
     </span>
    </p>
   </div>
   <div class='ocr_carea' id='block_1_3' title="bbox 3690 258 3805 313">
    <p class='ocr_par' dir='ltr' id='par_1_3' title="bbox 3690 258 3805 313">
     <span class='ocr_line' id='line_1_3' title="bbox 3690 258 3805 313; baseline 0 0"><span class='ocrx_word' id='word_1_6' title='bbox 3690 258 3805 313; x_wconf 68' lang='grc'>940</span> 
     </span>
    </p>
   </div>
   <div class='ocr_carea' id='block_1_4' title="bbox 372 382 3807 456">
    <p class='ocr_par' dir='ltr' id='par_1_4' title="bbox 372 382 3807 456">
     <span class='ocr_line' id='line_1_4' title="bbox 372 382 3807 456; baseline -0.003 -9"><span class='ocrx_word' id='word_1_7' title='bbox 372 388 731 448; x_wconf 79' lang='lat' dir='ltr'>Generaliter</span> <span class='ocrx_word' id='word_1_8' title='bbox 776 387 936 444; x_wconf 89' lang='lat' dir='ltr'>enim</span> <span class='ocrx_word' id='word_1_9' title='bbox 993 385 1250 442; x_wconf 79' lang='lat' dir='ltr'>traditur</span> <span class='ocrx_word' id='word_1_10' title='bbox 1303 402 1499 443; x_wconf 90' lang='lat' dir='ltr'>rerum</span> <span class='ocrx_word' id='word_1_11' title='bbox 1560 384 2010 441; x_wconf 85' lang='lat' dir='ltr'>inhonestarum</span> <span class='ocrx_word' id='word_1_12' title='bbox 2040 386 2095 452; x_wconf 79' lang='grc' dir='ltr'><strong>Α</strong></span> <span class='ocrx_word' id='word_1_13' title='bbox 2125 383 2384 451; x_wconf 88' lang='lat' dir='ltr'>binatus,</span> <span class='ocrx_word' id='word_1_14' title='bbox 2417 385 2517 441; x_wconf 88' lang='lat' dir='ltr'>sed</span> <span class='ocrx_word' id='word_1_15' title='bbox 2551 383 2764 456; x_wconf 67' lang='lat' dir='ltr'>nuptias</span> <span class='ocrx_word' id='word_1_16' title='bbox 2795 382 3195 455; x_wconf 60' lang='lat' dir='ltr'>intelligendas</span> <span class='ocrx_word' id='word_1_17' title='bbox 3230 388 3397 452; x_wconf 86' lang='lat' dir='ltr'>sunt,</span> <span class='ocrx_word' id='word_1_18' title='bbox 3427 382 3627 439; x_wconf 86' lang='lat' dir='ltr'>sinon</span> <span class='ocrx_word' id='word_1_19' title='bbox 3666 398 3807 438; x_wconf 87' lang='lat' dir='ltr'>cor-</span> 
     </span>
    </p>
   </div>
   <div class='ocr_carea' id='block_1_5' title="bbox 377 476 1156 536">
    <p class='ocr_par' dir='ltr' id='par_1_5' title="bbox 377 476 1156 536">
     <span class='ocr_line' id='line_1_5' title="bbox 377 476 1156 536; baseline -0.008 -1"><span class='ocrx_word' id='word_1_20' title='bbox 377 479 603 536; x_wconf 89' lang='lat' dir='ltr'>nullam</span> <span class='ocrx_word' id='word_1_21' title='bbox 635 493 765 534; x_wconf 85' lang='lat' dir='ltr'>esse</span> <span class='ocrx_word' id='word_1_22' title='bbox 796 476 1156 532; x_wconf 88' lang='lat' dir='ltr'>societatem.</span> 
     </span>
    </p>
   </div>
   <div class='ocr_carea' id='block_1_6' title="bbox 376 560 2023 636">
    <p class='ocr_par' dir='ltr' id='par_1_6' title="bbox 376 560 2023 636">
     <span class='ocr_line' id='line_1_6' title="bbox 376 560 2023 636; baseline -0.007 -9"><span class='ocrx_word' id='word_1_23' title='bbox 376 570 510 627; x_wconf 91' lang='lat' dir='ltr'>CAP.</span> <span class='ocrx_word' id='word_1_24' title='bbox 544 568 669 624; x_wconf 77' lang='lat'>177.</span> <span class='ocrx_word' id='word_1_25' title='bbox 702 599 771 609; x_wconf 90' lang='lat'>—</span> <span class='ocrx_word' id='word_1_26' title='bbox 800 568 917 623; x_wconf 85' lang='lat' dir='ltr'>Non</span> <span class='ocrx_word' id='word_1_27' title='bbox 941 581 1055 621; x_wconf 79' lang='lat' dir='ltr'>esse</span> <span class='ocrx_word' id='word_1_28' title='bbox 1083 566 1384 636; x_wconf 84' lang='lat' dir='ltr'>fugitivum</span> <span class='ocrx_word' id='word_1_29' title='bbox 1427 566 1526 636; x_wconf 85' lang='lat' dir='ltr'>qui</span> <span class='ocrx_word' id='word_1_30' title='bbox 1569 563 1641 619; x_wconf 85' lang='lat' dir='ltr'>ad</span> <span class='ocrx_word' id='word_1_31' title='bbox 1671 562 1917 618; x_wconf 86' lang='lat' dir='ltr'>amicum</span> <span class='ocrx_word' id='word_1_32' title='bbox 1937 560 2023 616; x_wconf 85' lang='lat' dir='ltr'>de-</span> 
     </span>
    </p>
   </div>
   <div class='ocr_carea' id='block_1_7' title="bbox 632 636 1785 712">
    <p class='ocr_par' dir='ltr' id='par_1_7' title="bbox 632 636 1785 712">
     <span class='ocr_line' id='line_1_7' title="bbox 632 636 1785 712; baseline -0.003 -17"><span class='ocrx_word' id='word_1_33' title='bbox 632 647 951 712; x_wconf 75' lang='lat' dir='ltr'>precaturus</span> <span class='ocrx_word' id='word_1_34' title='bbox 979 638 1312 706; x_wconf 77' lang='lat' dir='ltr'>confugerit,</span> <span class='ocrx_word' id='word_1_35' title='bbox 1344 636 1442 691; x_wconf 88' lang='lat' dir='ltr'>lib.</span> <span class='ocrx_word' id='word_1_36' title='bbox 1475 653 1590 703; x_wconf 79' lang='lat' dir='ltr'><strong>XXI,</strong></span> <span class='ocrx_word' id='word_1_37' title='bbox 1621 637 1711 690; x_wconf 83' lang='lat' dir='ltr'>tit.</span> <span class='ocrx_word' id='word_1_38' title='bbox 1747 649 1785 691; x_wconf 91' lang='grc' dir='ltr'>ι.</span> 
     </span>
    </p>
   </div>
   <div class='ocr_carea' id='block_1_8' title="bbox 456 721 2026 801">
    <p class='ocr_par' dir='ltr' id='par_1_8' title="bbox 456 721 2026 801">
     <span class='ocr_line' id='line_1_8' title="bbox 456 721 2026 801; baseline -0.006 -17"><span class='ocrx_word' id='word_1_39' title='bbox 456 729 598 801; x_wconf 89' lang='lat' dir='ltr'>(Lib.</span> <span class='ocrx_word' id='word_1_40' title='bbox 630 728 848 796; x_wconf 82' lang='lat' dir='ltr'>xL111,§</span> <span class='ocrx_word' id='word_1_41' title='bbox 896 726 999 793; x_wconf 89' lang='lat' dir='ltr'>Qui</span> <span class='ocrx_word' id='word_1_42' title='bbox 1047 724 1123 781; x_wconf 89' lang='lat' dir='ltr'>ad</span> <span class='ocrx_word' id='word_1_43' title='bbox 1169 723 1456 795; x_wconf 87' lang='lat' dir='ltr'>amicum.)</span> <span class='ocrx_word' id='word_1_44' title='bbox 1501 724 1609 789; x_wconf 87' lang='lat' dir='ltr'>Qui</span> <span class='ocrx_word' id='word_1_45' title='bbox 1652 724 1723 778; x_wconf 91' lang='lat' dir='ltr'>ad</span> <span class='ocrx_word' id='word_1_46' title='bbox 1775 721 2026 777; x_wconf 89' lang='lat' dir='ltr'>amicum</span> 
     </span>
    </p>
   </div>
   <div class='ocr_carea' id='block_1_9' title="bbox 382 810 2031 891">
    <p class='ocr_par' dir='ltr' id='par_1_9' title="bbox 382 810 2031 891">
     <span class='ocr_line' id='line_1_9' title="bbox 382 810 2031 891; baseline -0.007 -16"><span class='ocrx_word' id='word_1_47' title='bbox 382 820 806 891; x_wconf 80' lang='lat' dir='ltr'>deprecaturus</span> <span class='ocrx_word' id='word_1_48' title='bbox 836 813 1119 885; x_wconf 79' lang='lat' dir='ltr'>confugit,</span> <span class='ocrx_word' id='word_1_49' title='bbox 1153 830 1269 868; x_wconf 91' lang='lat' dir='ltr'>non</span> <span class='ocrx_word' id='word_1_50' title='bbox 1300 816 1389 868; x_wconf 90' lang='lat' dir='ltr'>est</span> <span class='ocrx_word' id='word_1_51' title='bbox 1415 812 1718 885; x_wconf 81' lang='lat' dir='ltr'>fugitivus,</span> <span class='ocrx_word' id='word_1_52' title='bbox 1742 810 1860 866; x_wconf 89' lang='lat' dir='ltr'>imo</span> <span class='ocrx_word' id='word_1_53' title='bbox 1892 810 1941 865; x_wconf 91' lang='lat' dir='ltr'>si</span> <span class='ocrx_word' id='word_1_54' title='bbox 1964 827 2031 864; x_wconf 88' lang='lat' dir='ltr'>ea</span> 
     </span>
    </p>
   </div>
   <div class='ocr_carea' id='block_1_10' title="bbox 380 901 2031 974">
    <p class='ocr_par' dir='ltr' id='par_1_10' title="bbox 380 901 2031 974">
     <span class='ocr_line' id='line_1_10' title="bbox 380 901 2031 974; baseline -0.006 -10"><span class='ocrx_word' id='word_1_55' title='bbox 380 911 575 964; x_wconf 90' lang='lat' dir='ltr'>mente</span> <span class='ocrx_word' id='word_1_56' title='bbox 598 908 660 960; x_wconf 90' lang='lat' dir='ltr'>ut</span> <span class='ocrx_word' id='word_1_57' title='bbox 683 920 799 959; x_wconf 91' lang='lat' dir='ltr'>non</span> <span class='ocrx_word' id='word_1_58' title='bbox 823 903 1135 974; x_wconf 87' lang='lat' dir='ltr'>impetrato</span> <span class='ocrx_word' id='word_1_59' title='bbox 1150 901 1364 958; x_wconf 89' lang='lat' dir='ltr'>auxilio</span> <span class='ocrx_word' id='word_1_60' title='bbox 1379 903 1622 957; x_wconf 89' lang='lat' dir='ltr'>domum</span> <span class='ocrx_word' id='word_1_61' title='bbox 1638 918 1752 957; x_wconf 92' lang='lat' dir='ltr'>non</span> <span class='ocrx_word' id='word_1_62' title='bbox 1776 903 2031 955; x_wconf 89' lang='lat' dir='ltr'>reverta-</span> 
     </span>
    </p>
   </div>
   <div class='ocr_carea' id='block_1_11' title="bbox 382 990 1110 1065">
    <p class='ocr_par' dir='ltr' id='par_1_11' title="bbox 382 990 1110 1065">
     <span class='ocr_line' id='line_1_11' title="bbox 382 990 1110 1065; baseline -0.007 -14"><span class='ocrx_word' id='word_1_63' title='bbox 382 1000 501 1065; x_wconf 92' lang='lat' dir='ltr'>tur,</span> <span class='ocrx_word' id='word_1_64' title='bbox 535 1008 651 1049; x_wconf 91' lang='lat' dir='ltr'>non</span> <span class='ocrx_word' id='word_1_65' title='bbox 684 994 775 1047; x_wconf 90' lang='lat' dir='ltr'>est</span> <span class='ocrx_word' id='word_1_66' title='bbox 806 990 1110 1062; x_wconf 80' lang='lat' dir='ltr'>fugitivus.</span> 
     </span>
    </p>
   </div>
   <div class='ocr_carea' id='block_1_12' title="bbox 381 1085 2032 1160">
    <p class='ocr_par' dir='ltr' id='par_1_12' title="bbox 381 1085 2032 1160">
     <span class='ocr_line' id='line_1_12' title="bbox 381 1085 2032 1160; baseline -0.006 -11"><span class='ocrx_word' id='word_1_67' title='bbox 381 1092 512 1148; x_wconf 89' lang='lat' dir='ltr'>CAP.</span> <span class='ocrx_word' id='word_1_68' title='bbox 547 1091 746 1145; x_wconf 88' lang='lat' dir='ltr'>l78.-—</span> <span class='ocrx_word' id='word_1_69' title='bbox 777 1090 911 1144; x_wconf 86' lang='lat' dir='ltr'>Rem</span> <span class='ocrx_word' id='word_1_70' title='bbox 939 1103 1050 1144; x_wconf 84' lang='lat' dir='ltr'>non</span> <span class='ocrx_word' id='word_1_71' title='bbox 1079 1088 1326 1160; x_wconf 83' lang='lat' dir='ltr'>alienari</span> <span class='ocrx_word' id='word_1_72' title='bbox 1353 1101 1479 1160; x_wconf 55' lang='lat' dir='ltr'>qua</span> <span class='ocrx_word' id='word_1_73' title='bbox 1506 1088 1746 1143; x_wconf 88' lang='lat' dir='ltr'>minoris</span> <span class='ocrx_word' id='word_1_74' title='bbox 1776 1085 2032 1142; x_wconf 86' lang='lat' dir='ltr'>venditur</span> 
     </span>
    </p>
   </div>
   <div class='ocr_carea' id='block_1_13' title="bbox 830 1159 1576 1231">
    <p class='ocr_par' dir='ltr' id='par_1_13' title="bbox 830 1159 1576 1231">
     <span class='ocr_line' id='line_1_13' title="bbox 830 1159 1576 1231; baseline -0.001 -17"><span class='ocrx_word' id='word_1_75' title='bbox 830 1176 995 1231; x_wconf 91' lang='lat' dir='ltr'>quam</span> <span class='ocrx_word' id='word_1_76' title='bbox 1023 1159 1372 1227; x_wconf 64' lang='lat' dir='ltr'>mandatur,</span> <span class='ocrx_word' id='word_1_77' title='bbox 1388 1161 1473 1214; x_wconf 90' lang='lat' dir='ltr'>tit.</span> <span class='ocrx_word' id='word_1_78' title='bbox 1508 1176 1576 1213; x_wconf 92' lang='grc' dir='ltr'>ιι.</span> 
     </span>
    </p>
   </div>
   <div class='ocr_carea' id='block_1_14' title="bbox 450 1247 2029 1322">
    <p class='ocr_par' dir='ltr' id='par_1_14' title="bbox 450 1247 2029 1322">
     <span class='ocr_line' id='line_1_14' title="bbox 450 1247 2029 1322; baseline -0.004 -17"><span class='ocrx_word' id='word_1_79' title='bbox 450 1250 511 1305; x_wconf 86' lang='lat' dir='ltr'>Si</span> <span class='ocrx_word' id='word_1_80' title='bbox 544 1248 679 1322; x_wconf 86' lang='lat' dir='ltr'>quis</span> <span class='ocrx_word' id='word_1_81' title='bbox 709 1264 833 1305; x_wconf 91' lang='lat' dir='ltr'>rem</span> <span class='ocrx_word' id='word_1_82' title='bbox 866 1264 1058 1303; x_wconf 90' lang='lat' dir='ltr'>meam</span> <span class='ocrx_word' id='word_1_83' title='bbox 1080 1248 1347 1303; x_wconf 83' lang='lat' dir='ltr'>vendidit</span> <span class='ocrx_word' id='word_1_84' title='bbox 1372 1247 1620 1303; x_wconf 90' lang='lat' dir='ltr'>minoris</span> <span class='ocrx_word' id='word_1_85' title='bbox 1652 1262 1827 1318; x_wconf 89' lang='lat' dir='ltr'>quam</span> <span class='ocrx_word' id='word_1_86' title='bbox 1863 1262 2029 1300; x_wconf 88' lang='lat' dir='ltr'>man-</span> 
     </span>
    </p>
   </div>
   <div class='ocr_carea' id='block_1_15' title="bbox 380 1336 1246 1407">
    <p class='ocr_par' dir='ltr' id='par_1_15' title="bbox 380 1336 1246 1407">
     <span class='ocr_line' id='line_1_15' title="bbox 380 1336 1246 1407; baseline -0.003 -13"><span class='ocrx_word' id='word_1_87' title='bbox 380 1338 534 1407; x_wconf 90' lang='lat' dir='ltr'>davi,</span> <span class='ocrx_word' id='word_1_88' title='bbox 561 1354 678 1393; x_wconf 91' lang='lat' dir='ltr'>non</span> <span class='ocrx_word' id='word_1_89' title='bbox 709 1338 943 1393; x_wconf 89' lang='lat' dir='ltr'>videtur</span> <span class='ocrx_word' id='word_1_90' title='bbox 972 1336 1246 1393; x_wconf 89' lang='lat' dir='ltr'>alienata.</span> 
     </span>
    </p>
   </div>
   <div class='ocr_carea' id='block_1_16' title="bbox 383 1431 2031 1560">
    <p class='ocr_par' dir='ltr' id='par_1_16' title="bbox 383 1431 2031 1560">
     <span class='ocr_line' id='line_1_16' title="bbox 383 1431 2031 1560; baseline -0.004 -67"><span class='ocrx_word' id='word_1_91' title='bbox 383 1442 516 1494; x_wconf 90' lang='lat' dir='ltr'>CAP.</span> <span class='ocrx_word' id='word_1_92' title='bbox 553 1436 676 1493; x_wconf 84' lang='lat'>179.</span> <span class='ocrx_word' id='word_1_93' title='bbox 703 1465 773 1478; x_wconf 89' lang='lat'>-—</span> <span class='ocrx_word' id='word_1_94' title='bbox 802 1437 885 1492; x_wconf 85' lang='lat' dir='ltr'>Ad</span> <span class='ocrx_word' id='word_1_95' title='bbox 914 1452 1075 1507; x_wconf 84' lang='lat' dir='ltr'>quem</span> <span class='ocrx_word' id='word_1_96' title='bbox 1098 1435 1362 1560; x_wconf 56' lang='lat' dir='ltr'>prqbtatio</span> <span class='ocrx_word' id='word_1_97' title='bbox 1393 1449 1581 1491; x_wconf 51' lang='lat' dir='ltr'>causa</span> <span class='ocrx_word' id='word_1_98' title='bbox 1605 1433 1899 1506; x_wconf 77' lang='lat' dir='ltr'>pertineat,</span> <span class='ocrx_word' id='word_1_99' title='bbox 1934 1431 2031 1487; x_wconf 85' lang='lat' dir='ltr'>lib.</span> 
     </span>
     <span class='ocr_line' id='line_1_17' title="bbox 1019 1523 1400 1560; baseline 0 0"><span class='ocrx_word' id='word_1_100' title='bbox 1019 1524 1162 1560; x_wconf 82' lang='lat' dir='ltr'>xxn.</span> <span class='ocrx_word' id='word_1_101' title='bbox 1216 1523 1234 1560; x_wconf 76' lang='grc' dir='ltr'>ι</span> <span class='ocrx_word' id='word_1_102' title='bbox 1266 1547 1278 1560; x_wconf 95' lang='grc'><strong>.</strong></span> <span class='ocrx_word' id='word_1_103' title='bbox 1315 1523 1400 1560; x_wconf 87' lang='grc' dir='ltr'>ιιι.</span> 
     </span>
    </p>
   </div>
   <div class='ocr_carea' id='block_1_17' title="bbox 1019 1523 1400 1574">
    <p class='ocr_par' dir='ltr' id='par_1_17' title="bbox 1019 1523 1400 1574">
     <span class='ocr_line' id='line_1_18' title="bbox 1019 1523 1400 1574; baseline 0 -13"><span class='ocrx_word' id='word_1_104' title='bbox 1019 1524 1163 1574; x_wconf 76' lang='lat' dir='ltr'>xxii,</span> <span class='ocrx_word' id='word_1_105' title='bbox 1191 1523 1278 1561; x_wconf 73' lang='grc' dir='ltr'>ιιι.</span> <span class='ocrx_word' id='word_1_106' title='bbox 1315 1523 1400 1561; x_wconf 87' lang='grc' dir='ltr'>ιιι.</span> 
     </span>
    </p>
   </div>
   <div class='ocr_carea' id='block_1_18' title="bbox 456 1593 1969 1667">
    <p class='ocr_par' dir='ltr' id='par_1_18' title="bbox 456 1593 1969 1667">
     <span class='ocr_line' id='line_1_19' title="bbox 456 1593 1969 1667; baseline -0.003 -15"><span class='ocrx_word' id='word_1_107' title='bbox 456 1597 518 1652; x_wconf 89' lang='lat' dir='ltr'>Ei</span> <span class='ocrx_word' id='word_1_108' title='bbox 550 1595 837 1653; x_wconf 88' lang='lat' dir='ltr'>incumbit</span> <span class='ocrx_word' id='word_1_109' title='bbox 867 1596 1133 1667; x_wconf 82' lang='lat' dir='ltr'>probatio</span> <span class='ocrx_word' id='word_1_110' title='bbox 1167 1595 1267 1667; x_wconf 87' lang='lat' dir='ltr'>qui</span> <span class='ocrx_word' id='word_1_111' title='bbox 1295 1595 1458 1659; x_wconf 88' lang='lat' dir='ltr'>dicit,</span> <span class='ocrx_word' id='word_1_112' title='bbox 1492 1611 1607 1649; x_wconf 90' lang='lat' dir='ltr'>non</span> <span class='ocrx_word' id='word_1_113' title='bbox 1641 1593 1742 1666; x_wconf 90' lang='lat' dir='ltr'>qui</span> <span class='ocrx_word' id='word_1_114' title='bbox 1774 1596 1969 1664; x_wconf 88' lang='lat' dir='ltr'>negat.</span> 
     </span>
    </p>
   </div>
   <div class='ocr_carea' id='block_1_19' title="bbox 386 1689 2033 1819">
    <p class='ocr_par' dir='ltr' id='par_1_19' title="bbox 386 1689 2033 1819">
     <span class='ocr_line' id='line_1_20' title="bbox 386 1689 2033 1819; baseline -0.004 -68"><span class='ocrx_word' id='word_1_115' title='bbox 386 1694 525 1751; x_wconf 89' lang='lat' dir='ltr'>CAP.</span> <span class='ocrx_word' id='word_1_116' title='bbox 556 1694 680 1750; x_wconf 73' lang='lat'>180.</span> <span class='ocrx_word' id='word_1_117' title='bbox 713 1724 781 1736; x_wconf 90' lang='lat'><strong>—</strong></span> <span class='ocrx_word' id='word_1_118' title='bbox 814 1693 923 1762; x_wconf 96' lang='lat' dir='ltr'>Qui</span> <span class='ocrx_word' id='word_1_119' title='bbox 948 1692 1247 1819; x_wconf 56' lang='lat' dir='ltr'>testeslsgnt</span> <span class='ocrx_word' id='word_1_120' title='bbox 1288 1692 1537 1764; x_wconf 76' lang='lat' dir='ltr'>cogendi,</span> <span class='ocrx_word' id='word_1_121' title='bbox 1568 1692 1652 1746; x_wconf 81' lang='lat' dir='ltr'>vel</span> <span class='ocrx_word' id='word_1_122' title='bbox 1691 1707 1827 1761; x_wconf 86' lang='lat' dir='ltr'>non,</span> <span class='ocrx_word' id='word_1_123' title='bbox 1861 1689 1946 1746; x_wconf 79' lang='lat' dir='ltr'>tit.</span> <span class='ocrx_word' id='word_1_124' title='bbox 1978 1706 2033 1759; x_wconf 81' lang='grc' dir='ltr'>ν,</span> 
     </span>
     <span class='ocr_line' id='line_1_21' title="bbox 1127 1780 1313 1819; baseline 0 0"><span class='ocrx_word' id='word_1_125' title='bbox 1127 1782 1147 1819; x_wconf 83' lang='lat' dir='ltr'><em>z</em></span> <span class='ocrx_word' id='word_1_126' title='bbox 1191 1805 1203 1818; x_wconf 97' lang='lat'>.</span> <span class='ocrx_word' id='word_1_127' title='bbox 1239 1780 1313 1819; x_wconf 82' lang='lat' dir='ltr'>IV.</span> 
     </span>
    </p>
   </div>
   <div class='ocr_carea' id='block_1_20' title="bbox 1127 1780 1313 1821">
    <p class='ocr_par' dir='ltr' id='par_1_20' title="bbox 1127 1780 1313 1821">
     <span class='ocr_line' id='line_1_22' title="bbox 1127 1780 1313 1821; baseline 0.011 -2"><span class='ocrx_word' id='word_1_128' title='bbox 1127 1780 1203 1819; x_wconf 77' lang='lat'>20.</span> <span class='ocrx_word' id='word_1_129' title='bbox 1239 1780 1313 1821; x_wconf 82' lang='lat' dir='ltr'>IV.</span> 
     </span>
    </p>
   </div>
   <div class='ocr_carea' id='block_1_21' title="bbox 458 1848 2037 1923">
    <p class='ocr_par' dir='ltr' id='par_1_21' title="bbox 458 1848 2037 1923">
     <span class='ocr_line' id='line_1_23' title="bbox 458 1848 2037 1923; baseline -0.004 -13"><span class='ocrx_word' id='word_1_130' title='bbox 458 1855 541 1910; x_wconf 90' lang='lat' dir='ltr'>Ne</span> <span class='ocrx_word' id='word_1_131' title='bbox 570 1852 752 1909; x_wconf 89' lang='lat' dir='ltr'>invito</span> <span class='ocrx_word' id='word_1_132' title='bbox 784 1853 1181 1923; x_wconf 88' lang='lat' dir='ltr'>denuntietur,</span> <span class='ocrx_word' id='word_1_133' title='bbox 1200 1857 1267 1907; x_wconf 88' lang='lat' dir='ltr'>ut</span> <span class='ocrx_word' id='word_1_134' title='bbox 1293 1849 1702 1907; x_wconf 88' lang='lat' dir='ltr'>testimonium</span> <span class='ocrx_word' id='word_1_135' title='bbox 1737 1848 1857 1904; x_wconf 84' lang='lat' dir='ltr'>litis</span> <span class='ocrx_word' id='word_1_136' title='bbox 1882 1848 2037 1904; x_wconf 85' lang='lat' dir='ltr'>dicat</span> 
     </span>
    </p>
   </div>
   <div class='ocr_carea' id='block_1_22' title="bbox 394 1938 2035 2012">
    <p class='ocr_par' dir='ltr' id='par_1_22' title="bbox 394 1938 2035 2012">
     <span class='ocr_line' id='line_1_24' title="bbox 394 1938 2035 2012; baseline -0.004 -14"><span class='ocrx_word' id='word_1_137' title='bbox 394 1945 677 1999; x_wconf 88' lang='lat' dir='ltr'>adversus</span> <span class='ocrx_word' id='word_1_138' title='bbox 708 1957 1001 2009; x_wconf 83' lang='lat' dir='ltr'>socerum,</span> <span class='ocrx_word' id='word_1_139' title='bbox 1037 1957 1338 2012; x_wconf 85' lang='lat' dir='ltr'>generum,</span> <span class='ocrx_word' id='word_1_140' title='bbox 1370 1938 2035 2011; x_wconf 88' lang='lat' dir='ltr'>vitricum,privignum,</span> 
     </span>
    </p>
   </div>
   <div class='ocr_carea' id='block_1_23' title="bbox 389 2026 2039 2097">
    <p class='ocr_par' dir='ltr' id='par_1_23' title="bbox 389 2026 2039 2097">
     <span class='ocr_line' id='line_1_25' title="bbox 389 2026 2039 2097; baseline -0.005 -8"><span class='ocrx_word' id='word_1_141' title='bbox 389 2031 720 2095; x_wconf 84' lang='lat' dir='ltr'>sobrinum,</span> <span class='ocrx_word' id='word_1_142' title='bbox 771 2028 1093 2097; x_wconf 89' lang='lat' dir='ltr'>sobrinam,</span> <span class='ocrx_word' id='word_1_143' title='bbox 1143 2028 1381 2085; x_wconf 91' lang='lat' dir='ltr'>sobrino</span> <span class='ocrx_word' id='word_1_144' title='bbox 1434 2033 1661 2095; x_wconf 88' lang='lat' dir='ltr'>natum,</span> <span class='ocrx_word' id='word_1_145' title='bbox 1722 2043 1893 2082; x_wconf 87' lang='lat' dir='ltr'>eosve</span> <span class='ocrx_word' id='word_1_146' title='bbox 1942 2026 2039 2096; x_wconf 89' lang='lat' dir='ltr'>qui</span> 
     </span>
    </p>
   </div>
   <div class='ocr_carea' id='block_1_24' title="bbox 389 2114 2039 2193">
    <p class='ocr_par' dir='ltr' id='par_1_24' title="bbox 389 2114 2039 2193">
     <span class='ocr_line' id='line_1_26' title="bbox 389 2114 2039 2193; baseline -0.004 -18"><span class='ocrx_word' id='word_1_147' title='bbox 389 2119 570 2193; x_wconf 81' lang='lat' dir='ltr'>priori</span> <span class='ocrx_word' id='word_1_148' title='bbox 601 2118 785 2191; x_wconf 90' lang='lat' dir='ltr'>gradu</span> <span class='ocrx_word' id='word_1_149' title='bbox 818 2116 959 2173; x_wconf 90' lang='lat' dir='ltr'>sint.</span> <span class='ocrx_word' id='word_1_150' title='bbox 994 2119 1137 2173; x_wconf 90' lang='lat' dir='ltr'>Item</span> <span class='ocrx_word' id='word_1_151' title='bbox 1168 2134 1239 2173; x_wconf 91' lang='lat' dir='ltr'>ne</span> <span class='ocrx_word' id='word_1_152' title='bbox 1260 2117 1471 2173; x_wconf 89' lang='lat' dir='ltr'>liberto</span> <span class='ocrx_word' id='word_1_153' title='bbox 1503 2114 2039 2188; x_wconf 88' lang='lat' dir='ltr'>ipsius,liberorum</span> 
     </span>
    </p>
   </div>
   <div class='ocr_carea' id='block_1_25' title="bbox 389 2202 2038 2279">
    <p class='ocr_par' dir='ltr' id='par_1_25' title="bbox 389 2202 2038 2279">
     <span class='ocr_line' id='line_1_27' title="bbox 389 2202 2038 2279; baseline -0.005 -15"><span class='ocrx_word' id='word_1_154' title='bbox 389 2208 539 2279; x_wconf 84' lang='lat' dir='ltr'>ejus,</span> <span class='ocrx_word' id='word_1_155' title='bbox 576 2210 910 2278; x_wconf 89' lang='lat' dir='ltr'>parentum,</span> <span class='ocrx_word' id='word_1_156' title='bbox 942 2204 1069 2275; x_wconf 90' lang='lat' dir='ltr'>viri,</span> <span class='ocrx_word' id='word_1_157' title='bbox 1102 2205 1322 2261; x_wconf 87' lang='lat' dir='ltr'>uxoris.</span> <span class='ocrx_word' id='word_1_158' title='bbox 1356 2205 1426 2259; x_wconf 91' lang='lat' dir='ltr'>Et</span> <span class='ocrx_word' id='word_1_159' title='bbox 1456 2220 1527 2259; x_wconf 89' lang='lat' dir='ltr'>ne</span> <span class='ocrx_word' id='word_1_160' title='bbox 1562 2203 1791 2275; x_wconf 89' lang='lat' dir='ltr'>patroni</span> <span class='ocrx_word' id='word_1_161' title='bbox 1820 2202 1903 2257; x_wconf 84' lang='lat' dir='ltr'>vel</span> <span class='ocrx_word' id='word_1_162' title='bbox 1937 2219 2038 2274; x_wconf 89' lang='lat' dir='ltr'>pa-</span> 
     </span>
    </p>
   </div>
   <div class='ocr_carea' id='block_1_26' title="bbox 390 2292 2043 2366">
    <p class='ocr_par' dir='ltr' id='par_1_26' title="bbox 390 2292 2043 2366">
     <span class='ocr_line' id='line_1_28' title="bbox 390 2292 2043 2366; baseline -0.005 -14"><span class='ocrx_word' id='word_1_163' title='bbox 390 2301 593 2366; x_wconf 79' lang='lat' dir='ltr'>tronas,</span> <span class='ocrx_word' id='word_1_164' title='bbox 624 2295 908 2351; x_wconf 89' lang='lat' dir='ltr'>adversus</span> <span class='ocrx_word' id='word_1_165' title='bbox 959 2294 1225 2362; x_wconf 89' lang='lat' dir='ltr'>libertos,</span> <span class='ocrx_word' id='word_1_166' title='bbox 1278 2310 1468 2365; x_wconf 90' lang='lat' dir='ltr'>neque</span> <span class='ocrx_word' id='word_1_167' title='bbox 1512 2292 1705 2348; x_wconf 87' lang='lat' dir='ltr'>liberti</span> <span class='ocrx_word' id='word_1_168' title='bbox 1758 2292 2043 2347; x_wconf 87' lang='lat' dir='ltr'>adversus</span> 
     </span>
    </p>
   </div>
   <div class='ocr_carea' id='block_1_27' title="bbox 398 2381 1714 2457">
    <p class='ocr_par' dir='ltr' id='par_1_27' title="bbox 398 2381 1714 2457">
     <span class='ocr_line' id='line_1_29' title="bbox 398 2381 1714 2457; baseline -0.005 -17"><span class='ocrx_word' id='word_1_169' title='bbox 398 2389 714 2457; x_wconf 90' lang='lat' dir='ltr'>patronum</span> <span class='ocrx_word' id='word_1_170' title='bbox 747 2386 1033 2454; x_wconf 89' lang='lat' dir='ltr'>cogantur</span> <span class='ocrx_word' id='word_1_171' title='bbox 1062 2381 1469 2438; x_wconf 89' lang='lat' dir='ltr'>testimonium</span> <span class='ocrx_word' id='word_1_172' title='bbox 1500 2381 1714 2436; x_wconf 91' lang='lat' dir='ltr'>dicere.</span> 
     </span>
    </p>
   </div>
   <div class='ocr_carea' id='block_1_28' title="bbox 478 2478 1953 2549">
    <p class='ocr_par' dir='ltr' id='par_1_28' title="bbox 478 2478 1953 2549">
     <span class='ocr_line' id='line_1_30' title="bbox 478 2478 1953 2549; baseline -0.005 -11"><span class='ocrx_word' id='word_1_173' title='bbox 478 2482 609 2538; x_wconf 82' lang='lat' dir='ltr'>CAP.</span> <span class='ocrx_word' id='word_1_174' title='bbox 647 2480 769 2537; x_wconf 77' lang='lat'>18!.</span> <span class='ocrx_word' id='word_1_175' title='bbox 805 2512 871 2522; x_wconf 96' lang='lat'>—</span> <span class='ocrx_word' id='word_1_176' title='bbox 904 2482 1011 2549; x_wconf 86' lang='lat' dir='ltr'>Qui</span> <span class='ocrx_word' id='word_1_177' title='bbox 1038 2484 1196 2536; x_wconf 76' lang='lat' dir='ltr'>testes</span> <span class='ocrx_word' id='word_1_178' title='bbox 1227 2496 1337 2537; x_wconf 85' lang='lat' dir='ltr'>non</span> <span class='ocrx_word' id='word_1_179' title='bbox 1365 2480 1477 2534; x_wconf 86' lang='lat' dir='ltr'>sint</span> <span class='ocrx_word' id='word_1_180' title='bbox 1505 2478 1711 2545; x_wconf 77' lang='lat' dir='ltr'>idonei,</span> <span class='ocrx_word' id='word_1_181' title='bbox 1746 2478 1841 2533; x_wconf 89' lang='lat' dir='ltr'>lib.</span> <span class='ocrx_word' id='word_1_182' title='bbox 1874 2494 1953 2531; x_wconf 78' lang='lat' dir='ltr'>vi.</span> 
     </span>
    </p>
   </div>
   <div class='ocr_carea' id='block_1_29' title="bbox 464 2574 2048 2646">
    <p class='ocr_par' dir='ltr' id='par_1_29' title="bbox 464 2574 2048 2646">
     <span class='ocr_line' id='line_1_31' title="bbox 464 2574 2048 2646; baseline -0.005 -10"><span class='ocrx_word' id='word_1_183' title='bbox 464 2582 621 2636; x_wconf 94' lang='lat' dir='ltr'>Item.</span> <span class='ocrx_word' id='word_1_184' title='bbox 656 2578 851 2635; x_wconf 91' lang='lat' dir='ltr'>ldonei</span> <span class='ocrx_word' id='word_1_185' title='bbox 903 2595 1020 2633; x_wconf 91' lang='lat' dir='ltr'>non</span> <span class='ocrx_word' id='word_1_186' title='bbox 1066 2578 1340 2633; x_wconf 91' lang='lat' dir='ltr'>videntur</span> <span class='ocrx_word' id='word_1_187' title='bbox 1393 2592 1523 2632; x_wconf 90' lang='lat' dir='ltr'>esse</span> <span class='ocrx_word' id='word_1_188' title='bbox 1578 2580 1777 2645; x_wconf 83' lang='lat' dir='ltr'>testes,</span> <span class='ocrx_word' id='word_1_189' title='bbox 1829 2574 2048 2646; x_wconf 85' lang='lat' dir='ltr'>quibus</span> 
     </span>
    </p>
   </div>
   <div class='ocr_carea' id='block_1_30' title="bbox 397 2664 2049 2740">
    <p class='ocr_par' dir='ltr' id='par_1_30' title="bbox 397 2664 2049 2740">
     <span class='ocr_line' id='line_1_32' title="bbox 397 2664 2049 2740; baseline -0.003 -17"><span class='ocrx_word' id='word_1_190' title='bbox 397 2666 676 2740; x_wconf 90' lang='lat' dir='ltr'>imperari</span> <span class='ocrx_word' id='word_1_191' title='bbox 709 2671 903 2739; x_wconf 88' lang='lat' dir='ltr'>potest</span> <span class='ocrx_word' id='word_1_192' title='bbox 934 2672 996 2721; x_wconf 90' lang='lat' dir='ltr'>ut</span> <span class='ocrx_word' id='word_1_193' title='bbox 1025 2670 1205 2723; x_wconf 86' lang='lat' dir='ltr'>testes</span> <span class='ocrx_word' id='word_1_194' title='bbox 1238 2667 1377 2721; x_wconf 89' lang='lat' dir='ltr'>sint.</span> <span class='ocrx_word' id='word_1_195' title='bbox 1411 2667 1539 2721; x_wconf 88' lang='lat' dir='ltr'>Item</span> <span class='ocrx_word' id='word_1_196' title='bbox 1572 2665 1692 2733; x_wconf 90' lang='lat' dir='ltr'>(lib.</span> <span class='ocrx_word' id='word_1_197' title='bbox 1728 2664 1826 2736; x_wconf 79' lang='lat' dir='ltr'>IX).</span> <span class='ocrx_word' id='word_1_198' title='bbox 1858 2664 2049 2718; x_wconf 85' lang='lat' dir='ltr'>Testis</span> 
     </span>
    </p>
   </div>
   <div class='ocr_carea' id='block_1_31' title="bbox 396 2754 2054 2826">
    <p class='ocr_par' dir='ltr' id='par_1_31' title="bbox 396 2754 2054 2826">
     <span class='ocr_line' id='line_1_33' title="bbox 396 2754 2054 2826; baseline -0.004 -14"><span class='ocrx_word' id='word_1_199' title='bbox 396 2758 647 2812; x_wconf 90' lang='lat' dir='ltr'>idoneus</span> <span class='ocrx_word' id='word_1_200' title='bbox 671 2759 835 2826; x_wconf 89' lang='lat' dir='ltr'>pater</span> <span class='ocrx_word' id='word_1_201' title='bbox 884 2754 1025 2820; x_wconf 81' lang='lat' dir='ltr'>filio,</span> <span class='ocrx_word' id='word_1_202' title='bbox 1075 2759 1178 2809; x_wconf 89' lang='lat' dir='ltr'>aut</span> <span class='ocrx_word' id='word_1_203' title='bbox 1207 2754 1365 2820; x_wconf 80' lang='lat' dir='ltr'>filius</span> <span class='ocrx_word' id='word_1_204' title='bbox 1418 2754 1569 2825; x_wconf 90' lang='lat' dir='ltr'>patri</span> <span class='ocrx_word' id='word_1_205' title='bbox 1619 2769 1733 2808; x_wconf 91' lang='lat' dir='ltr'>non</span> <span class='ocrx_word' id='word_1_206' title='bbox 1782 2757 1888 2807; x_wconf 89' lang='lat' dir='ltr'>est.</span> <span class='ocrx_word' id='word_1_207' title='bbox 1921 2754 2054 2808; x_wconf 83' lang='lat' dir='ltr'>Item</span> 
     </span>
    </p>
   </div>
   <div class='ocr_carea' id='block_1_32' title="bbox 399 2841 2052 2914">
    <p class='ocr_par' dir='ltr' id='par_1_32' title="bbox 399 2841 2052 2914">
     <span class='ocr_line' id='line_1_34' title="bbox 399 2841 2052 2914; baseline -0.003 -13"><span class='ocrx_word' id='word_1_208' title='bbox 399 2846 559 2912; x_wconf 84' lang='lat' dir='ltr'>ibid.,</span> <span class='ocrx_word' id='word_1_209' title='bbox 596 2846 633 2899; x_wconf 93' lang='lat' dir='ltr'>l.</span> <span class='ocrx_word' id='word_1_210' title='bbox 666 2843 805 2914; x_wconf 78' lang='lat' dir='ltr'>xvr).</span> <span class='ocrx_word' id='word_1_211' title='bbox 842 2843 947 2907; x_wconf 88' lang='lat' dir='ltr'>Qui</span> <span class='ocrx_word' id='word_1_212' title='bbox 984 2842 1134 2898; x_wconf 89' lang='lat' dir='ltr'>falso</span> <span class='ocrx_word' id='word_1_213' title='bbox 1165 2842 1252 2897; x_wconf 89' lang='lat' dir='ltr'>vel</span> <span class='ocrx_word' id='word_1_214' title='bbox 1284 2843 1443 2897; x_wconf 87' lang='lat' dir='ltr'>varie</span> <span class='ocrx_word' id='word_1_215' title='bbox 1498 2841 1835 2897; x_wconf 87' lang='lat' dir='ltr'>testimonia</span> <span class='ocrx_word' id='word_1_216' title='bbox 1894 2841 2052 2896; x_wconf 86' lang='lat' dir='ltr'>dixe-</span> 
     </span>
    </p>
   </div>
   <div class='ocr_carea' id='block_1_33' title="bbox 404 2930 2055 3003">
    <p class='ocr_par' dir='ltr' id='par_1_33' title="bbox 404 2930 2055 3003">
     <span class='ocr_line' id='line_1_35' title="bbox 404 2930 2055 3003; baseline -0.002 -14"><span class='ocrx_word' id='word_1_217' title='bbox 404 2938 565 3001; x_wconf 88' lang='lat' dir='ltr'>runt,</span> <span class='ocrx_word' id='word_1_218' title='bbox 597 2931 687 2988; x_wconf 89' lang='lat' dir='ltr'>vel</span> <span class='ocrx_word' id='word_1_219' title='bbox 742 2932 976 3003; x_wconf 90' lang='lat' dir='ltr'>utrique</span> <span class='ocrx_word' id='word_1_220' title='bbox 1025 2932 1175 3003; x_wconf 85' lang='lat' dir='ltr'>parti</span> <span class='ocrx_word' id='word_1_221' title='bbox 1221 2931 1628 3002; x_wconf 89' lang='lat' dir='ltr'>prodiderunt,</span> <span class='ocrx_word' id='word_1_222' title='bbox 1677 2947 1709 2985; x_wconf 90' lang='lat' dir='ltr'>a</span> <span class='ocrx_word' id='word_1_223' title='bbox 1749 2930 2055 3001; x_wconf 88' lang='lat' dir='ltr'>judicibus</span> 
     </span>
    </p>
   </div>
   <div class='ocr_carea' id='block_1_34' title="bbox 402 3018 2057 3095">
    <p class='ocr_par' dir='ltr' id='par_1_34' title="bbox 402 3018 2057 3095">
     <span class='ocr_line' id='line_1_36' title="bbox 402 3018 2057 3095; baseline -0.001 -18"><span class='ocrx_word' id='word_1_224' title='bbox 402 3022 755 3095; x_wconf 90' lang='lat' dir='ltr'>puniuntur.</span> <span class='ocrx_word' id='word_1_225' title='bbox 789 3023 924 3076; x_wconf 83' lang='lat' dir='ltr'>Item</span> <span class='ocrx_word' id='word_1_226' title='bbox 957 3020 1143 3091; x_wconf 87' lang='lat' dir='ltr'>(ibid.,</span> <span class='ocrx_word' id='word_1_227' title='bbox 1177 3020 1215 3074; x_wconf 93' lang='lat' dir='ltr'>l.</span> <span class='ocrx_word' id='word_1_228' title='bbox 1248 3019 1406 3090; x_wconf 83' lang='lat' dir='ltr'>xvu).</span> <span class='ocrx_word' id='word_1_229' title='bbox 1456 3019 1631 3074; x_wconf 84' lang='lat' dir='ltr'>Pater</span> <span class='ocrx_word' id='word_1_230' title='bbox 1677 3023 1733 3073; x_wconf 91' lang='lat' dir='ltr'>et</span> <span class='ocrx_word' id='word_1_231' title='bbox 1764 3018 1922 3074; x_wconf 85' lang='lat' dir='ltr'>filius</span> <span class='ocrx_word' id='word_1_232' title='bbox 1954 3020 2057 3089; x_wconf 86' lang='lat' dir='ltr'>qui</span> 
     </span>
    </p>
   </div>
   <div class='ocr_carea' id='block_1_35' title="bbox 2134 470 3809 544">
    <p class='ocr_par' dir='ltr' id='par_1_35' title="bbox 2134 470 3809 544">
     <span class='ocr_line' id='line_1_37' title="bbox 2134 470 3809 544; baseline -0.002 -17"><span class='ocrx_word' id='word_1_233' title='bbox 2134 489 2272 544; x_wconf 89' lang='lat' dir='ltr'>pore</span> <span class='ocrx_word' id='word_1_234' title='bbox 2302 477 2593 544; x_wconf 75' lang='lat' dir='ltr'>quaestum</span> <span class='ocrx_word' id='word_1_235' title='bbox 2651 472 2879 528; x_wconf 89' lang='lat' dir='ltr'>fecerit.</span> <span class='ocrx_word' id='word_1_236' title='bbox 2911 474 3049 528; x_wconf 87' lang='lat' dir='ltr'>Item</span> <span class='ocrx_word' id='word_1_237' title='bbox 3108 472 3229 543; x_wconf 90' lang='lat' dir='ltr'>(lib.</span> <span class='ocrx_word' id='word_1_238' title='bbox 3289 470 3515 544; x_wconf 79' lang='lat' dir='ltr'>xun,§</span> <span class='ocrx_word' id='word_1_239' title='bbox 3565 472 3711 539; x_wconf 65' lang='lat' dir='ltr'>Quae</span> <span class='ocrx_word' id='word_1_240' title='bbox 3744 472 3809 525; x_wconf 84' lang='lat' dir='ltr'>in</span> 
     </span>
    </p>
   </div>
   <div class='ocr_carea' id='block_1_36' title="bbox 2134 561 3807 635">
    <p class='ocr_par' dir='ltr' id='par_1_36' title="bbox 2134 561 3807 635">
     <span class='ocr_line' id='line_1_38' title="bbox 2134 561 3807 635; baseline -0.001 -18"><span class='ocrx_word' id='word_1_241' title='bbox 2134 562 2404 618; x_wconf 85' lang='lat' dir='ltr'>adulterio</span> <span class='ocrx_word' id='word_1_242' title='bbox 2435 564 2450 633; x_wconf 92' lang='lat'>)</span> <span class='ocrx_word' id='word_1_243' title='bbox 2496 565 2631 629; x_wconf 80' lang='lat' dir='ltr'>Quae</span> <span class='ocrx_word' id='word_1_244' title='bbox 2662 562 2721 617; x_wconf 90' lang='lat' dir='ltr'>in</span> <span class='ocrx_word' id='word_1_245' title='bbox 2752 562 3043 619; x_wconf 90' lang='lat' dir='ltr'>adulterio</span> <span class='ocrx_word' id='word_1_246' title='bbox 3076 563 3445 635; x_wconf 89' lang='lat' dir='ltr'>deprehensa</span> <span class='ocrx_word' id='word_1_247' title='bbox 3475 568 3587 631; x_wconf 88' lang='lat' dir='ltr'>est,</span> <span class='ocrx_word' id='word_1_248' title='bbox 3622 561 3807 633; x_wconf 85' lang='lat' dir='ltr'>quasi</span> 
     </span>
    </p>
   </div>
   <div class='ocr_carea' id='block_1_37' title="bbox 2136 648 3806 722">
    <p class='ocr_par' dir='ltr' id='par_1_37' title="bbox 2136 648 3806 722">
     <span class='ocr_line' id='line_1_39' title="bbox 2136 648 3806 722; baseline -0.001 -18"><span class='ocrx_word' id='word_1_249' title='bbox 2136 651 2368 722; x_wconf 91' lang='lat' dir='ltr'>publico</span> <span class='ocrx_word' id='word_1_250' title='bbox 2390 651 2616 721; x_wconf 88' lang='lat' dir='ltr'>judicio</span> <span class='ocrx_word' id='word_1_251' title='bbox 2647 652 2929 707; x_wconf 86' lang='lat' dir='ltr'>damnata</span> <span class='ocrx_word' id='word_1_252' title='bbox 2967 655 3077 707; x_wconf 88' lang='lat' dir='ltr'>est.</span> <span class='ocrx_word' id='word_1_253' title='bbox 3138 650 3386 706; x_wconf 90' lang='lat' dir='ltr'>Proinde</span> <span class='ocrx_word' id='word_1_254' title='bbox 3433 650 3483 705; x_wconf 87' lang='lat' dir='ltr'>si</span> <span class='ocrx_word' id='word_1_255' title='bbox 3516 648 3806 705; x_wconf 87' lang='lat' dir='ltr'>adulterii</span> 
     </span>
    </p>
   </div>
   <div class='ocr_carea' id='block_1_38' title="bbox 2137 738 3808 812">
    <p class='ocr_par' dir='ltr' id='par_1_38' title="bbox 2137 738 3808 812">
     <span class='ocr_line' id='line_1_40' title="bbox 2137 738 3808 812; baseline -0.001 -18"><span class='ocrx_word' id='word_1_256' title='bbox 2137 741 2523 796; x_wconf 87' lang='lat' dir='ltr'>condemnata</span> <span class='ocrx_word' id='word_1_257' title='bbox 2554 756 2683 795; x_wconf 87' lang='lat' dir='ltr'>esse</span> <span class='ocrx_word' id='word_1_258' title='bbox 2711 744 3216 812; x_wconf 88' lang='lat' dir='ltr'>proponatur,non</span> <span class='ocrx_word' id='word_1_259' title='bbox 3256 742 3488 795; x_wconf 90' lang='lat' dir='ltr'>tantum</span> <span class='ocrx_word' id='word_1_260' title='bbox 3522 738 3669 810; x_wconf 91' lang='lat' dir='ltr'>quia</span> <span class='ocrx_word' id='word_1_261' title='bbox 3703 738 3808 793; x_wconf 85' lang='lat' dir='ltr'>de-</span> 
     </span>
    </p>
   </div>
   <div class='ocr_carea' id='block_1_39' title="bbox 2137 826 3805 899">
    <p class='ocr_par' dir='ltr' id='par_1_39' title="bbox 2137 826 3805 899">
     <span class='ocr_line' id='line_1_41' title="bbox 2137 826 3805 899; baseline 0 -17"><span class='ocrx_word' id='word_1_262' title='bbox 2137 828 2426 899; x_wconf 89' lang='lat' dir='ltr'>prehensa</span> <span class='ocrx_word' id='word_1_263' title='bbox 2455 828 2680 894; x_wconf 90' lang='lat' dir='ltr'>est,erit</span> <span class='ocrx_word' id='word_1_264' title='bbox 2711 829 3041 895; x_wconf 87' lang='lat' dir='ltr'>notata,sed</span> <span class='ocrx_word' id='word_1_265' title='bbox 3061 828 3197 898; x_wconf 89' lang='lat' dir='ltr'>quia</span> <span class='ocrx_word' id='word_1_266' title='bbox 3218 833 3276 883; x_wconf 92' lang='lat' dir='ltr'>et</span> <span class='ocrx_word' id='word_1_267' title='bbox 3308 826 3541 899; x_wconf 91' lang='lat' dir='ltr'>publico</span> <span class='ocrx_word' id='word_1_268' title='bbox 3567 827 3805 898; x_wconf 91' lang='lat' dir='ltr'>judicio</span> 
     </span>
    </p>
   </div>
   <div class='ocr_carea' id='block_1_40' title="bbox 2138 914 3804 987">
    <p class='ocr_par' dir='ltr' id='par_1_40' title="bbox 2138 914 3804 987">
     <span class='ocr_line' id='line_1_42' title="bbox 2138 914 3804 987; baseline -0.002 -12"><span class='ocrx_word' id='word_1_269' title='bbox 2138 921 2436 976; x_wconf 88' lang='lat' dir='ltr'>damnata.</span> <span class='ocrx_word' id='word_1_270' title='bbox 2473 920 2831 976; x_wconf 87' lang='lat' dir='ltr'>Generaliter</span> <span class='ocrx_word' id='word_1_271' title='bbox 2860 914 3261 976; x_wconf 78' lang='lat' dir='ltr'>deﬁniendum</span> <span class='ocrx_word' id='word_1_272' title='bbox 3294 924 3402 987; x_wconf 89' lang='lat' dir='ltr'>est,</span> <span class='ocrx_word' id='word_1_273' title='bbox 3444 920 3636 974; x_wconf 89' lang='lat' dir='ltr'>donec</span> <span class='ocrx_word' id='word_1_274' title='bbox 3671 933 3804 973; x_wconf 88' lang='lat' dir='ltr'>cer-</span> 
     </span>
    </p>
   </div>
   <div class='ocr_carea' id='block_1_41' title="bbox 2141 1009 3805 1083">
    <p class='ocr_par' dir='ltr' id='par_1_41' title="bbox 2141 1009 3805 1083">
     <span class='ocr_line' id='line_1_43' title="bbox 2141 1009 3805 1083; baseline 0 -19"><span class='ocrx_word' id='word_1_275' title='bbox 2141 1013 2264 1066; x_wconf 88' lang='lat' dir='ltr'>tum</span> <span class='ocrx_word' id='word_1_276' title='bbox 2295 1014 2384 1066; x_wconf 88' lang='lat' dir='ltr'>est</span> <span class='ocrx_word' id='word_1_277' title='bbox 2444 1011 2723 1066; x_wconf 89' lang='lat' dir='ltr'>maritum</span> <span class='ocrx_word' id='word_1_278' title='bbox 2771 1009 2961 1067; x_wconf 85' lang='lat' dir='ltr'>vivere</span> <span class='ocrx_word' id='word_1_279' title='bbox 3021 1011 3080 1066; x_wconf 89' lang='lat' dir='ltr'>in</span> <span class='ocrx_word' id='word_1_280' title='bbox 3139 1010 3475 1083; x_wconf 84' lang='lat' dir='ltr'>captivitate</span> <span class='ocrx_word' id='word_1_281' title='bbox 3500 1011 3805 1068; x_wconf 79' lang='lat' dir='ltr'>constitu-</span> 
     </span>
    </p>
   </div>
   <div class='ocr_carea' id='block_1_42' title="bbox 2138 1098 3803 1168">
    <p class='ocr_par' dir='ltr' id='par_1_42' title="bbox 2138 1098 3803 1168">
     <span class='ocr_line' id='line_1_44' title="bbox 2138 1098 3803 1168; baseline 0 -15"><span class='ocrx_word' id='word_1_282' title='bbox 2138 1103 2287 1168; x_wconf 89' lang='lat' dir='ltr'>tum,</span> <span class='ocrx_word' id='word_1_283' title='bbox 2323 1098 2545 1155; x_wconf 88' lang='lat' dir='ltr'>nullam</span> <span class='ocrx_word' id='word_1_284' title='bbox 2581 1098 2794 1154; x_wconf 88' lang='lat' dir='ltr'>habere</span> <span class='ocrx_word' id='word_1_285' title='bbox 2827 1099 3121 1156; x_wconf 88' lang='lat' dir='ltr'>licentiam</span> <span class='ocrx_word' id='word_1_286' title='bbox 3181 1116 3391 1156; x_wconf 79' lang='lat' dir='ltr'>uxores</span> <span class='ocrx_word' id='word_1_287' title='bbox 3420 1117 3631 1157; x_wconf 90' lang='lat' dir='ltr'>eorum</span> <span class='ocrx_word' id='word_1_288' title='bbox 3688 1099 3803 1155; x_wconf 87' lang='lat' dir='ltr'>mi-</span> 
     </span>
    </p>
   </div>
   <div class='ocr_carea' id='block_1_43' title="bbox 2141 1187 3098 1260">
    <p class='ocr_par' dir='ltr' id='par_1_43' title="bbox 2141 1187 3098 1260">
     <span class='ocr_line' id='line_1_45' title="bbox 2141 1187 3098 1260; baseline 0.001 -17"><span class='ocrx_word' id='word_1_289' title='bbox 2141 1204 2311 1260; x_wconf 87' lang='lat' dir='ltr'>grare</span> <span class='ocrx_word' id='word_1_290' title='bbox 2341 1188 2411 1243; x_wconf 90' lang='lat' dir='ltr'>ad</span> <span class='ocrx_word' id='word_1_291' title='bbox 2442 1187 2599 1243; x_wconf 84' lang='lat' dir='ltr'>aliud</span> <span class='ocrx_word' id='word_1_292' title='bbox 2635 1188 3098 1244; x_wconf 86' lang='lat' dir='ltr'>matrimonium.</span> 
     </span>
    </p>
   </div>
   <div class='ocr_carea' id='block_1_44' title="bbox 2138 1286 3803 1360">
    <p class='ocr_par' dir='ltr' id='par_1_44' title="bbox 2138 1286 3803 1360">
     <span class='ocr_line' id='line_1_46' title="bbox 2138 1286 3803 1360; baseline -0.001 -16"><span class='ocrx_word' id='word_1_293' title='bbox 2138 1292 2274 1344; x_wconf 81' lang='lat' dir='ltr'>CAP.</span> <span class='ocrx_word' id='word_1_294' title='bbox 2310 1287 2429 1344; x_wconf 80' lang='grc'>184.</span> <span class='ocrx_word' id='word_1_295' title='bbox 2465 1318 2533 1327; x_wconf 91' lang='grc'><strong>-</strong></span> <span class='ocrx_word' id='word_1_296' title='bbox 2564 1286 2870 1360; x_wconf 77' lang='lat' dir='ltr'>Diuturnos</span> <span class='ocrx_word' id='word_1_297' title='bbox 2898 1303 3076 1343; x_wconf 80' lang='lat' dir='ltr'>mores</span> <span class='ocrx_word' id='word_1_298' title='bbox 3129 1288 3461 1360; x_wconf 84' lang='lat' dir='ltr'>plerumque</span> <span class='ocrx_word' id='word_1_299' title='bbox 3514 1304 3619 1360; x_wconf 88' lang='lat' dir='ltr'>pro</span> <span class='ocrx_word' id='word_1_300' title='bbox 3666 1289 3803 1360; x_wconf 82' lang='lat' dir='ltr'>jure</span> 
     </span>
    </p>
   </div>
   <div class='ocr_carea' id='block_1_45' title="bbox 2564 1358 3401 1427">
    <p class='ocr_par' dir='ltr' id='par_1_45' title="bbox 2564 1358 3401 1427">
     <span class='ocr_line' id='line_1_47' title="bbox 2564 1358 3401 1427; baseline 0.002 -14"><span class='ocrx_word' id='word_1_301' title='bbox 2564 1358 2763 1414; x_wconf 80' lang='lat' dir='ltr'>teneri.</span> <span class='ocrx_word' id='word_1_302' title='bbox 2797 1360 2976 1415; x_wconf 87' lang='lat' dir='ltr'>Instit.</span> <span class='ocrx_word' id='word_1_303' title='bbox 3011 1358 3201 1427; x_wconf 36' lang='lat' dir='ltr'>libil,</span> <span class='ocrx_word' id='word_1_304' title='bbox 3236 1363 3305 1415; x_wconf 83' lang='lat' dir='ltr'>tit</span> <span class='ocrx_word' id='word_1_305' title='bbox 3338 1358 3401 1415; x_wconf 83' lang='lat' dir='ltr'>1i.</span> 
     </span>
    </p>
   </div>
   <div class='ocr_carea' id='block_1_46' title="bbox 2211 1446 3809 1520">
    <p class='ocr_par' dir='ltr' id='par_1_46' title="bbox 2211 1446 3809 1520">
     <span class='ocr_line' id='line_1_48' title="bbox 2211 1446 3809 1520; baseline 0.001 -19"><span class='ocrx_word' id='word_1_306' title='bbox 2211 1449 2261 1516; x_wconf 86' lang='lat'>(§</span> <span class='ocrx_word' id='word_1_307' title='bbox 2290 1448 2371 1502; x_wconf 76' lang='lat' dir='ltr'>Ex</span> <span class='ocrx_word' id='word_1_308' title='bbox 2390 1464 2500 1502; x_wconf 83' lang='lat' dir='ltr'>non</span> <span class='ocrx_word' id='word_1_309' title='bbox 2522 1446 2769 1519; x_wconf 85' lang='lat' dir='ltr'>scripto.)</span> <span class='ocrx_word' id='word_1_310' title='bbox 2823 1449 2903 1503; x_wconf 84' lang='lat' dir='ltr'>Ex</span> <span class='ocrx_word' id='word_1_311' title='bbox 2953 1465 3068 1503; x_wconf 91' lang='lat' dir='ltr'>non</span> <span class='ocrx_word' id='word_1_312' title='bbox 3130 1450 3350 1520; x_wconf 90' lang='lat' dir='ltr'>scripto</span> <span class='ocrx_word' id='word_1_313' title='bbox 3393 1448 3451 1503; x_wconf 93' lang='lat' dir='ltr'>in</span> <span class='ocrx_word' id='word_1_314' title='bbox 3476 1448 3584 1518; x_wconf 85' lang='lat' dir='ltr'>jus</span> <span class='ocrx_word' id='word_1_315' title='bbox 3618 1448 3809 1515; x_wconf 87' lang='lat' dir='ltr'>venit,</span> 
     </span>
    </p>
   </div>
   <div class='ocr_carea' id='block_1_47' title="bbox 2142 1536 3808 1609">
    <p class='ocr_par' dir='ltr' id='par_1_47' title="bbox 2142 1536 3808 1609">
     <span class='ocr_line' id='line_1_49' title="bbox 2142 1536 3808 1609; baseline 0 -18"><span class='ocrx_word' id='word_1_316' title='bbox 2142 1539 2297 1609; x_wconf 91' lang='lat' dir='ltr'>quod</span> <span class='ocrx_word' id='word_1_317' title='bbox 2331 1554 2475 1592; x_wconf 88' lang='lat' dir='ltr'>usus</span> <span class='ocrx_word' id='word_1_318' title='bbox 2509 1537 2793 1608; x_wconf 89' lang='lat' dir='ltr'>probavit.</span> <span class='ocrx_word' id='word_1_319' title='bbox 2820 1536 2965 1592; x_wconf 90' lang='lat' dir='ltr'>Nam</span> <span class='ocrx_word' id='word_1_320' title='bbox 2999 1536 3266 1593; x_wconf 85' lang='lat' dir='ltr'>diuturni</span> <span class='ocrx_word' id='word_1_321' title='bbox 3299 1554 3808 1593; x_wconf 86' lang='lat' dir='ltr'>moresconsensu</span> 
     </span>
    </p>
   </div>
   <div class='ocr_carea' id='block_1_48' title="bbox 2144 1624 3810 1698">
    <p class='ocr_par' dir='ltr' id='par_1_48' title="bbox 2144 1624 3810 1698">
     <span class='ocr_line' id='line_1_50' title="bbox 2144 1624 3810 1698; baseline -0.001 -17"><span class='ocrx_word' id='word_1_322' title='bbox 2144 1624 2436 1681; x_wconf 87' lang='lat' dir='ltr'>utentium</span> <span class='ocrx_word' id='word_1_323' title='bbox 2520 1625 2907 1697; x_wconf 89' lang='lat' dir='ltr'>comprobati,</span> <span class='ocrx_word' id='word_1_324' title='bbox 2982 1625 3169 1698; x_wconf 80' lang='lat' dir='ltr'>legem</span> <span class='ocrx_word' id='word_1_325' title='bbox 3257 1625 3595 1681; x_wconf 89' lang='lat' dir='ltr'>imitantur.</span> <span class='ocrx_word' id='word_1_326' title='bbox 3651 1626 3810 1681; x_wconf 85' lang='lat' dir='ltr'>Item.</span> 
     </span>
    </p>
   </div>
   <div class='ocr_carea' id='block_1_49' title="bbox 2066 1712 3813 1819">
    <p class='ocr_par' dir='ltr' id='par_1_49' title="bbox 2066 1712 3813 1819">
     <span class='ocr_line' id='line_1_51' title="bbox 2066 1712 3813 1819; baseline -0.001 -50"><span class='ocrx_word' id='word_1_327' title='bbox 2066 1753 2116 1819; x_wconf 77' lang='grc' dir='ltr'><strong>Β</strong></span> <span class='ocrx_word' id='word_1_328' title='bbox 2150 1713 2324 1769; x_wconf 86' lang='lat' dir='ltr'>Paulo</span> <span class='ocrx_word' id='word_1_329' title='bbox 2379 1720 2514 1784; x_wconf 84' lang='lat' dir='ltr'>post.</span> <span class='ocrx_word' id='word_1_330' title='bbox 2577 1713 2658 1768; x_wconf 89' lang='lat' dir='ltr'>Ea</span> <span class='ocrx_word' id='word_1_331' title='bbox 2717 1730 2843 1784; x_wconf 72' lang='lat' dir='ltr'>quae</span> <span class='ocrx_word' id='word_1_332' title='bbox 2904 1712 3033 1785; x_wconf 90' lang='lat' dir='ltr'>ipsa</span> <span class='ocrx_word' id='word_1_333' title='bbox 3116 1712 3230 1768; x_wconf 86' lang='lat' dir='ltr'>sibi</span> <span class='ocrx_word' id='word_1_334' title='bbox 3288 1729 3538 1787; x_wconf 67' lang='lat' dir='ltr'>quaeque</span> <span class='ocrx_word' id='word_1_335' title='bbox 3599 1713 3813 1767; x_wconf 86' lang='lat' dir='ltr'>civitas</span> 
     </span>
    </p>
   </div>
   <div class='ocr_carea' id='block_1_50' title="bbox 2148 1799 3810 1873">
    <p class='ocr_par' dir='ltr' id='par_1_50' title="bbox 2148 1799 3810 1873">
     <span class='ocr_line' id='line_1_52' title="bbox 2148 1799 3810 1873; baseline -0.001 -17"><span class='ocrx_word' id='word_1_336' title='bbox 2148 1799 2479 1868; x_wconf 85' lang='lat' dir='ltr'>constituit,</span> <span class='ocrx_word' id='word_1_337' title='bbox 2515 1817 2667 1873; x_wconf 73' lang='lat' dir='ltr'>saepe</span> <span class='ocrx_word' id='word_1_338' title='bbox 2700 1801 2914 1856; x_wconf 88' lang='lat' dir='ltr'>mutari</span> <span class='ocrx_word' id='word_1_339' title='bbox 2949 1800 3160 1868; x_wconf 87' lang='lat' dir='ltr'>solent,</span> <span class='ocrx_word' id='word_1_340' title='bbox 3183 1800 3271 1855; x_wconf 89' lang='lat' dir='ltr'>vel</span> <span class='ocrx_word' id='word_1_341' title='bbox 3302 1801 3479 1855; x_wconf 89' lang='lat' dir='ltr'>tacito</span> <span class='ocrx_word' id='word_1_342' title='bbox 3509 1816 3810 1856; x_wconf 86' lang='lat' dir='ltr'>consensu</span> 
     </span>
    </p>
   </div>
   <div class='ocr_carea' id='block_1_51' title="bbox 2146 1886 3278 1961">
    <p class='ocr_par' dir='ltr' id='par_1_51' title="bbox 2146 1886 3278 1961">
     <span class='ocr_line' id='line_1_53' title="bbox 2146 1886 3278 1961; baseline -0.001 -18"><span class='ocrx_word' id='word_1_343' title='bbox 2146 1888 2451 1960; x_wconf 89' lang='lat' dir='ltr'>principis,</span> <span class='ocrx_word' id='word_1_344' title='bbox 2486 1887 2570 1943; x_wconf 88' lang='lat' dir='ltr'>vel</span> <span class='ocrx_word' id='word_1_345' title='bbox 2604 1887 2719 1943; x_wconf 90' lang='lat' dir='ltr'>alia</span> <span class='ocrx_word' id='word_1_346' title='bbox 2754 1891 2956 1959; x_wconf 88' lang='lat' dir='ltr'>postea</span> <span class='ocrx_word' id='word_1_347' title='bbox 2986 1886 3113 1961; x_wconf 86' lang='lat' dir='ltr'>lege</span> <span class='ocrx_word' id='word_1_348' title='bbox 3144 1887 3278 1943; x_wconf 89' lang='lat' dir='ltr'>lata.</span> 
     </span>
    </p>
   </div>
   <div class='ocr_carea' id='block_1_52' title="bbox 2147 1983 3812 2055">
    <p class='ocr_par' dir='ltr' id='par_1_52' title="bbox 2147 1983 3812 2055">
     <span class='ocr_line' id='line_1_54' title="bbox 2147 1983 3812 2055; baseline -0.001 -14"><span class='ocrx_word' id='word_1_349' title='bbox 2147 1986 2281 2041; x_wconf 92' lang='lat' dir='ltr'>CAP.</span> <span class='ocrx_word' id='word_1_350' title='bbox 2318 1985 2436 2038; x_wconf 87' lang='grc'>185.</span> <span class='ocrx_word' id='word_1_351' title='bbox 2474 2015 2540 2025; x_wconf 91' lang='grc'><strong>-</strong></span> <span class='ocrx_word' id='word_1_352' title='bbox 2575 1985 2646 2039; x_wconf 87' lang='lat' dir='ltr'>De</span> <span class='ocrx_word' id='word_1_353' title='bbox 2671 1984 2755 2039; x_wconf 82' lang='lat' dir='ltr'>his</span> <span class='ocrx_word' id='word_1_354' title='bbox 2786 1984 2881 2055; x_wconf 87' lang='lat' dir='ltr'>qui</span> <span class='ocrx_word' id='word_1_355' title='bbox 2909 1983 2974 2039; x_wconf 88' lang='lat' dir='ltr'>de</span> <span class='ocrx_word' id='word_1_356' title='bbox 3003 1985 3250 2055; x_wconf 85' lang='lat' dir='ltr'>utrisque</span> <span class='ocrx_word' id='word_1_357' title='bbox 3278 1983 3620 2051; x_wconf 82' lang='lat' dir='ltr'>parentibus</span> <span class='ocrx_word' id='word_1_358' title='bbox 3652 1985 3812 2055; x_wconf 86' lang='lat' dir='ltr'>inge-</span> 
     </span>
    </p>
   </div>
   <div class='ocr_carea' id='block_1_53' title="bbox 2219 2055 3747 2125">
    <p class='ocr_par' dir='ltr' id='par_1_53' title="bbox 2219 2055 3747 2125">
     <span class='ocr_line' id='line_1_55' title="bbox 2219 2055 3747 2125; baseline 0 -16"><span class='ocrx_word' id='word_1_359' title='bbox 2219 2057 2368 2125; x_wconf 83' lang='lat' dir='ltr'>nuis,</span> <span class='ocrx_word' id='word_1_360' title='bbox 2402 2058 2484 2110; x_wconf 87' lang='lat' dir='ltr'>vel</span> <span class='ocrx_word' id='word_1_361' title='bbox 2515 2056 2741 2111; x_wconf 82' lang='lat' dir='ltr'>diversa</span> <span class='ocrx_word' id='word_1_362' title='bbox 2783 2055 3102 2111; x_wconf 85' lang='lat' dir='ltr'>conditione</span> <span class='ocrx_word' id='word_1_363' title='bbox 3130 2064 3498 2125; x_wconf 77' lang='lat' dir='ltr'>generantur,</span> <span class='ocrx_word' id='word_1_364' title='bbox 3527 2058 3618 2110; x_wconf 87' lang='lat' dir='ltr'>tit.</span> <span class='ocrx_word' id='word_1_365' title='bbox 3667 2072 3747 2109; x_wconf 77' lang='grc' dir='ltr'>ιν.</span> 
     </span>
    </p>
   </div>
   <div class='ocr_carea' id='block_1_54' title="bbox 2222 2143 3814 2217">
    <p class='ocr_par' dir='ltr' id='par_1_54' title="bbox 2222 2143 3814 2217">
     <span class='ocr_line' id='line_1_56' title="bbox 2222 2143 3814 2217; baseline -0.001 -18"><span class='ocrx_word' id='word_1_366' title='bbox 2222 2146 2273 2212; x_wconf 86' lang='lat'>(§</span> <span class='ocrx_word' id='word_1_367' title='bbox 2302 2144 2633 2217; x_wconf 84' lang='lat' dir='ltr'>Ingenuus.)</span> <span class='ocrx_word' id='word_1_368' title='bbox 2668 2145 2985 2216; x_wconf 88' lang='lat' dir='ltr'>Ingenuus,</span> <span class='ocrx_word' id='word_1_369' title='bbox 3020 2144 3077 2198; x_wconf 92' lang='lat' dir='ltr'>id</span> <span class='ocrx_word' id='word_1_370' title='bbox 3102 2148 3213 2214; x_wconf 88' lang='lat' dir='ltr'>est,</span> <span class='ocrx_word' id='word_1_371' title='bbox 3245 2144 3341 2215; x_wconf 89' lang='lat' dir='ltr'>qui</span> <span class='ocrx_word' id='word_1_372' title='bbox 3372 2143 3578 2198; x_wconf 85' lang='lat' dir='ltr'>statim</span> <span class='ocrx_word' id='word_1_373' title='bbox 3612 2148 3685 2198; x_wconf 89' lang='lat' dir='ltr'>ut</span> <span class='ocrx_word' id='word_1_374' title='bbox 3716 2160 3814 2198; x_wconf 90' lang='lat' dir='ltr'>na-</span> 
     </span>
    </p>
   </div>
   <div class='ocr_carea' id='block_1_55' title="bbox 2152 2231 3820 2305">
    <p class='ocr_par' dir='ltr' id='par_1_55' title="bbox 2152 2231 3820 2305">
     <span class='ocr_line' id='line_1_57' title="bbox 2152 2231 3820 2305; baseline -0.001 -16"><span class='ocrx_word' id='word_1_375' title='bbox 2152 2238 2249 2290; x_wconf 89' lang='lat' dir='ltr'>tus</span> <span class='ocrx_word' id='word_1_376' title='bbox 2282 2237 2393 2300; x_wconf 87' lang='lat' dir='ltr'>est,</span> <span class='ocrx_word' id='word_1_377' title='bbox 2431 2232 2576 2288; x_wconf 90' lang='lat' dir='ltr'>liber</span> <span class='ocrx_word' id='word_1_378' title='bbox 2607 2237 2716 2301; x_wconf 88' lang='lat' dir='ltr'>est,</span> <span class='ocrx_word' id='word_1_379' title='bbox 2750 2233 2869 2287; x_wconf 89' lang='lat' dir='ltr'>sive</span> <span class='ocrx_word' id='word_1_380' title='bbox 2901 2248 2969 2287; x_wconf 90' lang='lat' dir='ltr'>ex</span> <span class='ocrx_word' id='word_1_381' title='bbox 3017 2232 3249 2287; x_wconf 91' lang='lat' dir='ltr'>duobus</span> <span class='ocrx_word' id='word_1_382' title='bbox 3306 2231 3585 2305; x_wconf 85' lang='lat' dir='ltr'>ingenuis</span> <span class='ocrx_word' id='word_1_383' title='bbox 3617 2231 3820 2287; x_wconf 83' lang='lat' dir='ltr'>matri-</span> 
     </span>
    </p>
   </div>
   <div class='ocr_carea' id='block_1_56' title="bbox 2154 2320 3821 2390">
    <p class='ocr_par' dir='ltr' id='par_1_56' title="bbox 2154 2320 3821 2390">
     <span class='ocr_line' id='line_1_58' title="bbox 2154 2320 3821 2390; baseline -0.002 -12"><span class='ocrx_word' id='word_1_384' title='bbox 2154 2322 2351 2378; x_wconf 90' lang='lat' dir='ltr'>monio</span> <span class='ocrx_word' id='word_1_385' title='bbox 2384 2322 2601 2389; x_wconf 88' lang='lat' dir='ltr'>editus,</span> <span class='ocrx_word' id='word_1_386' title='bbox 2635 2320 2755 2376; x_wconf 87' lang='lat' dir='ltr'>sive</span> <span class='ocrx_word' id='word_1_387' title='bbox 2805 2338 2873 2376; x_wconf 89' lang='lat' dir='ltr'>ex</span> <span class='ocrx_word' id='word_1_388' title='bbox 2920 2320 3231 2390; x_wconf 88' lang='lat' dir='ltr'>libertinis,</span> <span class='ocrx_word' id='word_1_389' title='bbox 3266 2320 3386 2376; x_wconf 87' lang='lat' dir='ltr'>sive</span> <span class='ocrx_word' id='word_1_390' title='bbox 3433 2337 3503 2376; x_wconf 86' lang='lat' dir='ltr'>ex</span> <span class='ocrx_word' id='word_1_391' title='bbox 3535 2320 3727 2376; x_wconf 86' lang='lat' dir='ltr'>altero</span> <span class='ocrx_word' id='word_1_392' title='bbox 3759 2320 3821 2375; x_wconf 88' lang='lat' dir='ltr'>li-</span> 
     </span>
    </p>
   </div>
   <div class='ocr_carea' id='block_1_57' title="bbox 2156 2409 3825 2481">
    <p class='ocr_par' dir='ltr' id='par_1_57' title="bbox 2156 2409 3825 2481">
     <span class='ocr_line' id='line_1_59' title="bbox 2156 2409 3825 2481; baseline -0.001 -15"><span class='ocrx_word' id='word_1_393' title='bbox 2156 2411 2383 2467; x_wconf 90' lang='lat' dir='ltr'>bertino</span> <span class='ocrx_word' id='word_1_394' title='bbox 2418 2416 2472 2465; x_wconf 91' lang='lat' dir='ltr'>et</span> <span class='ocrx_word' id='word_1_395' title='bbox 2510 2410 2692 2466; x_wconf 89' lang='lat' dir='ltr'>altero</span> <span class='ocrx_word' id='word_1_396' title='bbox 2724 2410 3001 2481; x_wconf 90' lang='lat' dir='ltr'>ingenuo.</span> <span class='ocrx_word' id='word_1_397' title='bbox 3037 2409 3149 2465; x_wconf 90' lang='lat' dir='ltr'>Sed</span> <span class='ocrx_word' id='word_1_398' title='bbox 3199 2418 3250 2464; x_wconf 88' lang='lat' dir='ltr'>et</span> <span class='ocrx_word' id='word_1_399' title='bbox 3282 2409 3331 2464; x_wconf 92' lang='lat' dir='ltr'>si</span> <span class='ocrx_word' id='word_1_400' title='bbox 3364 2409 3498 2481; x_wconf 90' lang='lat' dir='ltr'>quis</span> <span class='ocrx_word' id='word_1_401' title='bbox 3530 2410 3607 2465; x_wconf 90' lang='lat' dir='ltr'>de</span> <span class='ocrx_word' id='word_1_402' title='bbox 3639 2415 3825 2465; x_wconf 80' lang='lat' dir='ltr'>matre</span> 
     </span>
    </p>
   </div>
   <div class='ocr_carea' id='block_1_58' title="bbox 2158 2498 3824 2570">
    <p class='ocr_par' dir='ltr' id='par_1_58' title="bbox 2158 2498 3824 2570">
     <span class='ocr_line' id='line_1_60' title="bbox 2158 2498 3824 2570; baseline -0.001 -14"><span class='ocrx_word' id='word_1_403' title='bbox 2158 2501 2340 2556; x_wconf 90' lang='lat' dir='ltr'>libera</span> <span class='ocrx_word' id='word_1_404' title='bbox 2366 2498 2631 2555; x_wconf 89' lang='lat' dir='ltr'>nascitur</span> <span class='ocrx_word' id='word_1_405' title='bbox 2662 2504 2823 2570; x_wconf 89' lang='lat' dir='ltr'>patre</span> <span class='ocrx_word' id='word_1_406' title='bbox 2854 2516 3040 2569; x_wconf 90' lang='lat' dir='ltr'>servo,</span> <span class='ocrx_word' id='word_1_407' title='bbox 3075 2499 3368 2569; x_wconf 88' lang='lat' dir='ltr'>ingenuus</span> <span class='ocrx_word' id='word_1_408' title='bbox 3427 2499 3824 2554; x_wconf 87' lang='lat' dir='ltr'>nihilominus</span> 
     </span>
    </p>
   </div>
   <div class='ocr_carea' id='block_1_59' title="bbox 2160 2587 3823 2659">
    <p class='ocr_par' dir='ltr' id='par_1_59' title="bbox 2160 2587 3823 2659">
     <span class='ocr_line' id='line_1_61' title="bbox 2160 2587 3823 2659; baseline -0.001 -15"><span class='ocrx_word' id='word_1_409' title='bbox 2160 2588 2461 2644; x_wconf 84' lang='lat' dir='ltr'>nascitur:</span> <span class='ocrx_word' id='word_1_410' title='bbox 2497 2588 3001 2658; x_wconf 86' lang='lat' dir='ltr'>quemadmodum</span> <span class='ocrx_word' id='word_1_411' title='bbox 3026 2587 3125 2659; x_wconf 94' lang='lat' dir='ltr'>qui</span> <span class='ocrx_word' id='word_1_412' title='bbox 3151 2605 3218 2644; x_wconf 85' lang='lat' dir='ltr'>ex</span> <span class='ocrx_word' id='word_1_413' title='bbox 3240 2593 3428 2642; x_wconf 90' lang='lat' dir='ltr'>matre</span> <span class='ocrx_word' id='word_1_414' title='bbox 3460 2588 3823 2644; x_wconf 72' lang='lat' dir='ltr'>liber-actin-</span> 
     </span>
    </p>
   </div>
   <div class='ocr_carea' id='block_1_60' title="bbox 2162 2676 3822 2749">
    <p class='ocr_par' dir='ltr' id='par_1_60' title="bbox 2162 2676 3822 2749">
     <span class='ocr_line' id='line_1_62' title="bbox 2162 2676 3822 2749; baseline -0.003 -15"><span class='ocrx_word' id='word_1_415' title='bbox 2162 2682 2318 2734; x_wconf 90' lang='lat' dir='ltr'>certo</span> <span class='ocrx_word' id='word_1_416' title='bbox 2342 2685 2501 2749; x_wconf 88' lang='lat' dir='ltr'>patre</span> <span class='ocrx_word' id='word_1_417' title='bbox 2536 2681 2712 2731; x_wconf 87' lang='lat' dir='ltr'>natus</span> <span class='ocrx_word' id='word_1_418' title='bbox 2745 2677 3143 2749; x_wconf 88' lang='lat' dir='ltr'>est,quoniam</span> <span class='ocrx_word' id='word_1_419' title='bbox 3176 2676 3351 2749; x_wconf 84' lang='lat' dir='ltr'>vulgo</span> <span class='ocrx_word' id='word_1_420' title='bbox 3368 2681 3699 2748; x_wconf 88' lang='lat' dir='ltr'>conceptus</span> <span class='ocrx_word' id='word_1_421' title='bbox 3717 2679 3822 2733; x_wconf 85' lang='lat' dir='ltr'>est.</span> 
     </span>
    </p>
   </div>
   <div class='ocr_carea' id='block_1_61' title="bbox 2164 2767 3822 2841">
    <p class='ocr_par' dir='ltr' id='par_1_61' title="bbox 2164 2767 3822 2841">
     <span class='ocr_line' id='line_1_63' title="bbox 2164 2767 3822 2841; baseline -0.001 -16"><span class='ocrx_word' id='word_1_422' title='bbox 2164 2768 2395 2825; x_wconf 82' lang='lat' dir='ltr'>Sufﬁcit</span> <span class='ocrx_word' id='word_1_423' title='bbox 2415 2771 2608 2823; x_wconf 90' lang='lat' dir='ltr'>autem</span> <span class='ocrx_word' id='word_1_424' title='bbox 2626 2767 2870 2823; x_wconf 83' lang='lat' dir='ltr'>liberam</span> <span class='ocrx_word' id='word_1_425' title='bbox 2893 2767 3173 2823; x_wconf 89' lang='lat' dir='ltr'>habuisse</span> <span class='ocrx_word' id='word_1_426' title='bbox 3196 2772 3444 2822; x_wconf 88' lang='lat' dir='ltr'>matrem</span> <span class='ocrx_word' id='word_1_427' title='bbox 3466 2783 3532 2822; x_wconf 91' lang='lat' dir='ltr'>eo</span> <span class='ocrx_word' id='word_1_428' title='bbox 3557 2772 3822 2841; x_wconf 89' lang='lat' dir='ltr'>tempore</span> 
     </span>
    </p>
   </div>
   <div class='ocr_carea' id='block_1_62' title="bbox 2166 2855 3820 2929">
    <p class='ocr_par' dir='ltr' id='par_1_62' title="bbox 2166 2855 3820 2929">
     <span class='ocr_line' id='line_1_64' title="bbox 2166 2855 3820 2929; baseline 0.001 -18"><span class='ocrx_word' id='word_1_429' title='bbox 2166 2875 2281 2929; x_wconf 93' lang='lat' dir='ltr'>quo</span> <span class='ocrx_word' id='word_1_430' title='bbox 2314 2858 2597 2925; x_wconf 89' lang='lat' dir='ltr'>nascitur,</span> <span class='ocrx_word' id='word_1_431' title='bbox 2632 2856 2767 2911; x_wconf 84' lang='lat' dir='ltr'>licet</span> <span class='ocrx_word' id='word_1_432' title='bbox 2796 2855 3013 2911; x_wconf 88' lang='lat' dir='ltr'>ancilla</span> <span class='ocrx_word' id='word_1_433' title='bbox 3043 2856 3393 2928; x_wconf 90' lang='lat' dir='ltr'>conceperit.</span> <span class='ocrx_word' id='word_1_434' title='bbox 3420 2857 3493 2911; x_wconf 89' lang='lat' dir='ltr'>Et</span> <span class='ocrx_word' id='word_1_435' title='bbox 3522 2858 3820 2913; x_wconf 89' lang='lat' dir='ltr'>contrario</span> 
     </span>
    </p>
   </div>
   <div class='ocr_carea' id='block_1_63' title="bbox 2167 2944 3820 3019">
    <p class='ocr_par' dir='ltr' id='par_1_63' title="bbox 2167 2944 3820 3019">
     <span class='ocr_line' id='line_1_65' title="bbox 2167 2944 3820 3019; baseline 0.001 -19"><span class='ocrx_word' id='word_1_436' title='bbox 2167 2946 2216 3001; x_wconf 91' lang='lat' dir='ltr'>si</span> <span class='ocrx_word' id='word_1_437' title='bbox 2248 2945 2432 3000; x_wconf 91' lang='lat' dir='ltr'>libera</span> <span class='ocrx_word' id='word_1_438' title='bbox 2462 2946 3030 3017; x_wconf 84' lang='lat' dir='ltr'>conceperit.deinde</span> <span class='ocrx_word' id='word_1_439' title='bbox 3061 2944 3274 3001; x_wconf 89' lang='lat' dir='ltr'>ancilla</span> <span class='ocrx_word' id='word_1_440' title='bbox 3305 2946 3456 3001; x_wconf 83' lang='lat' dir='ltr'>facta</span> <span class='ocrx_word' id='word_1_441' title='bbox 3478 2947 3820 3019; x_wconf 89' lang='lat' dir='ltr'>pariat,pla-</span> 
     </span>
    </p>
   </div>
   <div class='ocr_carea' id='block_1_64' title="bbox 2167 3033 3820 3106">
    <p class='ocr_par' dir='ltr' id='par_1_64' title="bbox 2167 3033 3820 3106">
     <span class='ocr_line' id='line_1_66' title="bbox 2167 3033 3820 3106; baseline 0.001 -17"><span class='ocrx_word' id='word_1_442' title='bbox 2167 3034 2289 3089; x_wconf 89' lang='lat' dir='ltr'>cuit</span> <span class='ocrx_word' id='word_1_443' title='bbox 2318 3051 2451 3089; x_wconf 89' lang='lat' dir='ltr'>eum</span> <span class='ocrx_word' id='word_1_444' title='bbox 2503 3033 2602 3104; x_wconf 90' lang='lat' dir='ltr'>qui</span> <span class='ocrx_word' id='word_1_445' title='bbox 2661 3035 2927 3089; x_wconf 87' lang='lat' dir='ltr'>nascitur</span> <span class='ocrx_word' id='word_1_446' title='bbox 2957 3034 3210 3089; x_wconf 89' lang='lat' dir='ltr'>liberum</span> <span class='ocrx_word' id='word_1_447' title='bbox 3271 3035 3473 3090; x_wconf 89' lang='lat' dir='ltr'>nasci:</span> <span class='ocrx_word' id='word_1_448' title='bbox 3508 3035 3657 3106; x_wconf 88' lang='lat' dir='ltr'>quia</span> <span class='ocrx_word' id='word_1_449' title='bbox 3710 3052 3820 3090; x_wconf 92' lang='lat' dir='ltr'>non</span> 
     </span>
    </p>
   </div>
   <div class='ocr_carea' id='block_1_65' title="bbox 407 3107 2030 3193">
    <p class='ocr_par' dir='ltr' id='par_1_65' title="bbox 407 3107 2030 3182">
     <span class='ocr_line' id='line_1_67' title="bbox 407 3107 2030 3182; baseline -0.002 -16"><span class='ocrx_word' id='word_1_450' title='bbox 407 3111 469 3166; x_wconf 92' lang='lat' dir='ltr'>in</span> <span class='ocrx_word' id='word_1_451' title='bbox 501 3112 794 3182; x_wconf 85' lang='lat' dir='ltr'>potestate</span> <span class='ocrx_word' id='word_1_452' title='bbox 817 3109 947 3178; x_wconf 88' lang='lat' dir='ltr'>ejus</span> <span class='ocrx_word' id='word_1_453' title='bbox 970 3108 1226 3175; x_wconf 89' lang='lat' dir='ltr'>est,item</span> <span class='ocrx_word' id='word_1_454' title='bbox 1260 3110 1376 3162; x_wconf 93' lang='lat' dir='ltr'>duo</span> <span class='ocrx_word' id='word_1_455' title='bbox 1399 3107 1608 3162; x_wconf 87' lang='lat' dir='ltr'>fratres</span> <span class='ocrx_word' id='word_1_456' title='bbox 1628 3107 1726 3179; x_wconf 89' lang='lat' dir='ltr'>qui</span> <span class='ocrx_word' id='word_1_457' title='bbox 1750 3108 1807 3161; x_wconf 90' lang='lat' dir='ltr'>in</span> <span class='ocrx_word' id='word_1_458' title='bbox 1832 3108 2030 3178; x_wconf 87' lang='lat' dir='ltr'>ejusen</span> 
     </span>
    </p>
   </div>
   <div class='ocr_carea' id='block_1_66' title="bbox 2229 3107 3821 3193">
    <p class='ocr_par' dir='ltr' id='par_1_66' title="bbox 2229 3122 3821 3193">
     <span class='ocr_line' id='line_1_68' title="bbox 2229 3122 3821 3193; baseline 0 -16"><span class='ocrx_word' id='word_1_459' title='bbox 2229 3124 2345 3178; x_wconf 69' lang='lat' dir='ltr'>abet</span> <span class='ocrx_word' id='word_1_460' title='bbox 2391 3122 2699 3178; x_wconf 85' lang='lat' dir='ltr'>calamitas</span> <span class='ocrx_word' id='word_1_461' title='bbox 2732 3123 2940 3178; x_wconf 89' lang='lat' dir='ltr'>matris</span> <span class='ocrx_word' id='word_1_462' title='bbox 2971 3122 3022 3178; x_wconf 91' lang='lat' dir='ltr'>ei</span> <span class='ocrx_word' id='word_1_463' title='bbox 3055 3139 3263 3179; x_wconf 89' lang='lat' dir='ltr'>nocere</span> <span class='ocrx_word' id='word_1_464' title='bbox 3292 3122 3387 3193; x_wconf 90' lang='lat' dir='ltr'>qui</span> <span class='ocrx_word' id='word_1_465' title='bbox 3422 3123 3484 3178; x_wconf 93' lang='lat' dir='ltr'>in</span> <span class='ocrx_word' id='word_1_466' title='bbox 3517 3128 3688 3179; x_wconf 88' lang='lat' dir='ltr'>utero</span> <span class='ocrx_word' id='word_1_467' title='bbox 3719 3128 3821 3179; x_wconf 84' lang='lat' dir='ltr'>est.</span> 
     </span>
    </p>
   </div>
   <div class='ocr_carea' id='block_1_67' title="bbox 411 3196 2061 3272">
    <p class='ocr_par' dir='ltr' id='par_1_67' title="bbox 411 3196 2061 3272">
     <span class='ocr_line' id='line_1_69' title="bbox 411 3196 2061 3272; baseline -0.001 -18"><span class='ocrx_word' id='word_1_468' title='bbox 411 3198 598 3272; x_wconf 89' lang='lat' dir='ltr'>patris</span> <span class='ocrx_word' id='word_1_469' title='bbox 629 3201 915 3270; x_wconf 87' lang='lat' dir='ltr'>potestate</span> <span class='ocrx_word' id='word_1_470' title='bbox 941 3200 1290 3264; x_wconf 86' lang='lat' dir='ltr'>sunt,testes</span> <span class='ocrx_word' id='word_1_471' title='bbox 1322 3196 1558 3268; x_wconf 89' lang='lat' dir='ltr'>utrique</span> <span class='ocrx_word' id='word_1_472' title='bbox 1584 3197 1642 3251; x_wconf 91' lang='lat' dir='ltr'>in</span> <span class='ocrx_word' id='word_1_473' title='bbox 1667 3197 1867 3251; x_wconf 90' lang='lat' dir='ltr'>eodem</span> <span class='ocrx_word' id='word_1_474' title='bbox 1886 3203 2061 3254; x_wconf 89' lang='lat' dir='ltr'>testa-</span> 
     </span>
    </p>
   </div>
   <div class='ocr_carea' id='block_1_68' title="bbox 411 3282 2065 3357">
    <p class='ocr_par' dir='ltr' id='par_1_68' title="bbox 411 3282 2065 3357">
     <span class='ocr_line' id='line_1_70' title="bbox 411 3282 2065 3357; baseline -0.001 -14"><span class='ocrx_word' id='word_1_475' title='bbox 411 3291 637 3355; x_wconf 90' lang='lat' dir='ltr'>mento,</span> <span class='ocrx_word' id='word_1_476' title='bbox 665 3285 758 3342; x_wconf 88' lang='lat' dir='ltr'>vel</span> <span class='ocrx_word' id='word_1_477' title='bbox 790 3285 993 3341; x_wconf 91' lang='lat' dir='ltr'>eodem</span> <span class='ocrx_word' id='word_1_478' title='bbox 1028 3283 1260 3357; x_wconf 89' lang='lat' dir='ltr'>negotio</span> <span class='ocrx_word' id='word_1_479' title='bbox 1291 3282 1432 3339; x_wconf 82' lang='lat' dir='ltr'>.ﬁeri</span> <span class='ocrx_word' id='word_1_480' title='bbox 1462 3289 1747 3355; x_wconf 89' lang='lat' dir='ltr'>possunt:</span> <span class='ocrx_word' id='word_1_481' title='bbox 1786 3285 2065 3355; x_wconf 90' lang='lat' dir='ltr'>quoniam</span> 
     </span>
    </p>
   </div>
   <div class='ocr_carea' id='block_1_69' title="bbox 414 3370 2065 3444">
    <p class='ocr_par' dir='ltr' id='par_1_69' title="bbox 414 3370 2065 3444">
     <span class='ocr_line' id='line_1_71' title="bbox 414 3370 2065 3444; baseline -0.001 -13"><span class='ocrx_word' id='word_1_482' title='bbox 414 3374 559 3431; x_wconf 89' lang='lat' dir='ltr'>nihil</span> <span class='ocrx_word' id='word_1_483' title='bbox 585 3378 753 3432; x_wconf 89' lang='lat' dir='ltr'>nocet</span> <span class='ocrx_word' id='word_1_484' title='bbox 782 3392 851 3431; x_wconf 90' lang='lat' dir='ltr'>ex</span> <span class='ocrx_word' id='word_1_485' title='bbox 878 3391 993 3430; x_wconf 89' lang='lat' dir='ltr'>una</span> <span class='ocrx_word' id='word_1_486' title='bbox 1014 3374 1186 3429; x_wconf 90' lang='lat' dir='ltr'>domo</span> <span class='ocrx_word' id='word_1_487' title='bbox 1208 3372 1406 3444; x_wconf 88' lang='lat' dir='ltr'>plures</span> <span class='ocrx_word' id='word_1_488' title='bbox 1429 3374 1606 3428; x_wconf 86' lang='lat' dir='ltr'>testes</span> <span class='ocrx_word' id='word_1_489' title='bbox 1621 3370 1808 3427; x_wconf 82' lang='lat' dir='ltr'>alieno</span> <span class='ocrx_word' id='word_1_490' title='bbox 1831 3374 2065 3444; x_wconf 86' lang='lat' dir='ltr'>negotio</span> 
     </span>
    </p>
   </div>
   <div class='ocr_carea' id='block_1_70' title="bbox 416 3462 2063 3535">
    <p class='ocr_par' dir='ltr' id='par_1_70' title="bbox 416 3462 2063 3535">
     <span class='ocr_line' id='line_1_72' title="bbox 416 3462 2063 3535; baseline -0.001 -14"><span class='ocrx_word' id='word_1_491' title='bbox 416 3465 701 3521; x_wconf 86' lang='lat' dir='ltr'>adhiberi.</span> <span class='ocrx_word' id='word_1_492' title='bbox 736 3469 873 3521; x_wconf 86' lang='lat' dir='ltr'>Item</span> <span class='ocrx_word' id='word_1_493' title='bbox 902 3463 1060 3535; x_wconf 65' lang='lat' dir='ltr'>(ibid.</span> <span class='ocrx_word' id='word_1_494' title='bbox 1093 3464 1131 3518; x_wconf 94' lang='lat' dir='ltr'>l.</span> <span class='ocrx_word' id='word_1_495' title='bbox 1192 3464 1371 3533; x_wconf 84' lang='lat' dir='ltr'>xvlu).</span> <span class='ocrx_word' id='word_1_496' title='bbox 1405 3463 1485 3518; x_wconf 83' lang='lat' dir='ltr'>Ex</span> <span class='ocrx_word' id='word_1_497' title='bbox 1523 3479 1588 3518; x_wconf 91' lang='lat' dir='ltr'>eo</span> <span class='ocrx_word' id='word_1_498' title='bbox 1650 3462 1804 3534; x_wconf 90' lang='lat' dir='ltr'>quod</span> <span class='ocrx_word' id='word_1_499' title='bbox 1863 3464 2063 3535; x_wconf 91' lang='lat' dir='ltr'>prohi-</span> 
     </span>
    </p>
   </div>
   <div class='ocr_carea' id='block_1_71' title="bbox 418 3550 2064 3609">
    <p class='ocr_par' dir='ltr' id='par_1_71' title="bbox 418 3550 2064 3609">
     <span class='ocr_line' id='line_1_73' title="bbox 418 3550 2064 3609; baseline 0 -1"><span class='ocrx_word' id='word_1_500' title='bbox 418 3555 516 3609; x_wconf 89' lang='lat' dir='ltr'>bet</span> <span class='ocrx_word' id='word_1_501' title='bbox 546 3553 637 3608; x_wconf 85' lang='lat' dir='ltr'>lex</span> <span class='ocrx_word' id='word_1_502' title='bbox 655 3552 815 3609; x_wconf 89' lang='lat' dir='ltr'>Julia</span> <span class='ocrx_word' id='word_1_503' title='bbox 845 3553 916 3607; x_wconf 91' lang='lat' dir='ltr'>de</span> <span class='ocrx_word' id='word_1_504' title='bbox 938 3550 1241 3607; x_wconf 90' lang='lat' dir='ltr'>adulteriis</span> <span class='ocrx_word' id='word_1_505' title='bbox 1274 3550 1678 3607; x_wconf 89' lang='lat' dir='ltr'>testimonium</span> <span class='ocrx_word' id='word_1_506' title='bbox 1712 3551 1902 3607; x_wconf 89' lang='lat' dir='ltr'>dicere</span> <span class='ocrx_word' id='word_1_507' title='bbox 1922 3568 2064 3608; x_wconf 90' lang='lat' dir='ltr'>con-</span> 
     </span>
    </p>
   </div>
   <div class='ocr_carea' id='block_1_72' title="bbox 416 3640 2064 3712">
    <p class='ocr_par' dir='ltr' id='par_1_72' title="bbox 416 3640 2064 3712">
     <span class='ocr_line' id='line_1_74' title="bbox 416 3640 2064 3712; baseline 0.001 -16"><span class='ocrx_word' id='word_1_508' title='bbox 416 3642 757 3697; x_wconf 89' lang='lat' dir='ltr'>demnatam</span> <span class='ocrx_word' id='word_1_509' title='bbox 814 3640 1148 3706; x_wconf 88' lang='lat' dir='ltr'>mulierem,</span> <span class='ocrx_word' id='word_1_510' title='bbox 1198 3640 1497 3712; x_wconf 91' lang='lat' dir='ltr'>colligitur</span> <span class='ocrx_word' id='word_1_511' title='bbox 1551 3640 1727 3696; x_wconf 89' lang='lat' dir='ltr'>etiam</span> <span class='ocrx_word' id='word_1_512' title='bbox 1786 3640 2064 3697; x_wconf 88' lang='lat' dir='ltr'>mulieres</span> 
     </span>
    </p>
   </div>
   <div class='ocr_carea' id='block_1_73' title="bbox 418 3728 1844 3801">
    <p class='ocr_par' dir='ltr' id='par_1_73' title="bbox 418 3728 1844 3801">
     <span class='ocr_line' id='line_1_75' title="bbox 418 3728 1844 3801; baseline -0.002 -15"><span class='ocrx_word' id='word_1_513' title='bbox 418 3730 824 3787; x_wconf 90' lang='lat' dir='ltr'>testimonium</span> <span class='ocrx_word' id='word_1_514' title='bbox 855 3730 913 3786; x_wconf 91' lang='lat' dir='ltr'>in</span> <span class='ocrx_word' id='word_1_515' title='bbox 933 3730 1161 3801; x_wconf 89' lang='lat' dir='ltr'>judicio</span> <span class='ocrx_word' id='word_1_516' title='bbox 1182 3729 1425 3791; x_wconf 86' lang='lat' dir='ltr'>dicendi</span> <span class='ocrx_word' id='word_1_517' title='bbox 1476 3730 1579 3800; x_wconf 89' lang='lat' dir='ltr'>jus</span> <span class='ocrx_word' id='word_1_518' title='bbox 1610 3728 1844 3785; x_wconf 90' lang='lat' dir='ltr'>habere.</span> 
     </span>
    </p>
   </div>
   <div class='ocr_carea' id='block_1_74' title="bbox 418 3827 2062 3900">
    <p class='ocr_par' dir='ltr' id='par_1_74' title="bbox 418 3827 2062 3900">
     <span class='ocr_line' id='line_1_76' title="bbox 418 3827 2062 3900; baseline -0.001 -16"><span class='ocrx_word' id='word_1_519' title='bbox 418 3827 551 3885; x_wconf 90' lang='lat' dir='ltr'>CAP.</span> <span class='ocrx_word' id='word_1_520' title='bbox 590 3829 708 3885; x_wconf 87' lang='lat'>182.</span> <span class='ocrx_word' id='word_1_521' title='bbox 734 3859 805 3871; x_wconf 89' lang='lat'><strong><em>—</em></strong></span> <span class='ocrx_word' id='word_1_522' title='bbox 834 3829 1095 3899; x_wconf 84' lang='lat' dir='ltr'>Qualiter</span> <span class='ocrx_word' id='word_1_523' title='bbox 1118 3828 1409 3900; x_wconf 75' lang='lat' dir='ltr'>sponsalia</span> <span class='ocrx_word' id='word_1_524' title='bbox 1463 3829 1588 3898; x_wconf 83' lang='lat' dir='ltr'>ﬁeri</span> <span class='ocrx_word' id='word_1_525' title='bbox 1634 3828 1883 3883; x_wconf 83' lang='lat' dir='ltr'>debeant.</span> <span class='ocrx_word' id='word_1_526' title='bbox 1924 3829 2062 3882; x_wconf 86' lang='lat' dir='ltr'>Item</span> 
     </span>
    </p>
   </div>
   <div class='ocr_carea' id='block_1_75' title="bbox 905 3900 1596 3971">
    <p class='ocr_par' dir='ltr' id='par_1_75' title="bbox 905 3900 1596 3971">
     <span class='ocr_line' id='line_1_77' title="bbox 905 3900 1596 3971; baseline -0.003 -16"><span class='ocrx_word' id='word_1_527' title='bbox 905 3901 1001 3955; x_wconf 83' lang='lat' dir='ltr'>lib.</span> <span class='ocrx_word' id='word_1_528' title='bbox 1038 3917 1177 3955; x_wconf 83' lang='lat' dir='ltr'>xxm</span> <span class='ocrx_word' id='word_1_529' title='bbox 1214 3900 1322 3971; x_wconf 83' lang='lat' dir='ltr'>(tit.</span> <span class='ocrx_word' id='word_1_530' title='bbox 1356 3918 1397 3967; x_wconf 85' lang='grc' dir='ltr'>ι,</span> <span class='ocrx_word' id='word_1_531' title='bbox 1431 3900 1469 3953; x_wconf 84' lang='grc' dir='ltr'>ι.</span> <span class='ocrx_word' id='word_1_532' title='bbox 1508 3903 1596 3966; x_wconf 86' lang='grc' dir='ltr'>ιι).</span> 
     </span>
    </p>
   </div>
   <div class='ocr_carea' id='block_1_76' title="bbox 482 3988 2058 4064">
    <p class='ocr_par' dir='ltr' id='par_1_76' title="bbox 482 3988 2058 4064">
     <span class='ocr_line' id='line_1_78' title="bbox 482 3988 2058 4064; baseline -0.003 -17"><span class='ocrx_word' id='word_1_533' title='bbox 482 3990 974 4064; x_wconf 88' lang='lat' dir='ltr'>Sponsalia,sicut</span> <span class='ocrx_word' id='word_1_534' title='bbox 990 3989 1524 4061; x_wconf 68' lang='lat' dir='ltr'>nuptize,consensu</span> <span class='ocrx_word' id='word_1_535' title='bbox 1550 3988 1695 4042; x_wconf 82' lang='lat' dir='ltr'>ﬁunt</span> <span class='ocrx_word' id='word_1_536' title='bbox 1717 3988 2058 4044; x_wconf 86' lang='lat' dir='ltr'>contrahen-</span> 
     </span>
    </p>
   </div>
   <div class='ocr_carea' id='block_1_77' title="bbox 409 4076 2058 4149">
    <p class='ocr_par' dir='ltr' id='par_1_77' title="bbox 409 4076 2058 4149">
     <span class='ocr_line' id='line_1_79' title="bbox 409 4076 2058 4149; baseline -0.002 -14"><span class='ocrx_word' id='word_1_537' title='bbox 409 4079 597 4137; x_wconf 87' lang='lat' dir='ltr'>tium:</span> <span class='ocrx_word' id='word_1_538' title='bbox 632 4085 689 4137; x_wconf 87' lang='lat' dir='ltr'>et</span> <span class='ocrx_word' id='word_1_539' title='bbox 719 4080 848 4136; x_wconf 88' lang='lat' dir='ltr'>ideo</span> <span class='ocrx_word' id='word_1_540' title='bbox 878 4080 1032 4135; x_wconf 84' lang='lat' dir='ltr'>sicut</span> <span class='ocrx_word' id='word_1_541' title='bbox 1062 4078 1305 4149; x_wconf 89' lang='lat' dir='ltr'>nuptiis,</span> <span class='ocrx_word' id='word_1_542' title='bbox 1338 4078 1418 4132; x_wconf 91' lang='lat' dir='ltr'>ita</span> <span class='ocrx_word' id='word_1_543' title='bbox 1448 4076 1822 4147; x_wconf 90' lang='lat' dir='ltr'>sponsalibus</span> <span class='ocrx_word' id='word_1_544' title='bbox 1847 4076 2058 4131; x_wconf 85' lang='lat' dir='ltr'>ﬁliam-</span> 
     </span>
    </p>
   </div>
   <div class='ocr_carea' id='block_1_78' title="bbox 408 4166 2060 4240">
    <p class='ocr_par' dir='ltr' id='par_1_78' title="bbox 408 4166 2060 4240">
     <span class='ocr_line' id='line_1_80' title="bbox 408 4166 2060 4240; baseline -0.002 -15"><span class='ocrx_word' id='word_1_545' title='bbox 408 4170 669 4227; x_wconf 86' lang='lat' dir='ltr'>familias</span> <span class='ocrx_word' id='word_1_546' title='bbox 691 4169 1025 4227; x_wconf 89' lang='lat' dir='ltr'>consentire</span> <span class='ocrx_word' id='word_1_547' title='bbox 1055 4169 1441 4240; x_wconf 87' lang='lat' dir='ltr'>oportet.ltem</span> <span class='ocrx_word' id='word_1_548' title='bbox 1472 4166 1862 4239; x_wconf 66' lang='lat' dir='ltr'>(iib.xu).Quae</span> <span class='ocrx_word' id='word_1_549' title='bbox 1884 4166 2060 4235; x_wconf 83' lang='lat' dir='ltr'>patris</span> 
     </span>
    </p>
   </div>
   <div class='ocr_carea' id='block_1_79' title="bbox 402 4256 2059 4332">
    <p class='ocr_par' dir='ltr' id='par_1_79' title="bbox 402 4256 2059 4332">
     <span class='ocr_line' id='line_1_81' title="bbox 402 4256 2059 4332; baseline -0.001 -17"><span class='ocrx_word' id='word_1_550' title='bbox 402 4261 687 4317; x_wconf 84' lang='lat' dir='ltr'>voluntati</span> <span class='ocrx_word' id='word_1_551' title='bbox 705 4278 820 4316; x_wconf 93' lang='lat' dir='ltr'>non</span> <span class='ocrx_word' id='word_1_552' title='bbox 837 4260 1484 4332; x_wconf 88' lang='lat' dir='ltr'>repugnat,consentire</span> <span class='ocrx_word' id='word_1_553' title='bbox 1515 4256 2059 4329; x_wconf 87' lang='lat' dir='ltr'>intelligitur.Tunc</span> 
     </span>
    </p>
   </div>
   <div class='ocr_carea' id='block_1_80' title="bbox 409 4348 2057 4421">
    <p class='ocr_par' dir='ltr' id='par_1_80' title="bbox 409 4348 2057 4421">
     <span class='ocr_line' id='line_1_82' title="bbox 409 4348 2057 4421; baseline -0.003 -14"><span class='ocrx_word' id='word_1_554' title='bbox 409 4357 607 4407; x_wconf 84' lang='lat' dir='ltr'>autem</span> <span class='ocrx_word' id='word_1_555' title='bbox 632 4350 1020 4407; x_wconf 90' lang='lat' dir='ltr'>dissentiendi</span> <span class='ocrx_word' id='word_1_556' title='bbox 1054 4367 1087 4406; x_wconf 89' lang='lat' dir='ltr'>a</span> <span class='ocrx_word' id='word_1_557' title='bbox 1117 4354 1280 4421; x_wconf 86' lang='lat' dir='ltr'>patre</span> <span class='ocrx_word' id='word_1_558' title='bbox 1328 4348 1562 4405; x_wconf 90' lang='lat' dir='ltr'>licentia</span> <span class='ocrx_word' id='word_1_559' title='bbox 1615 4349 1973 4419; x_wconf 87' lang='lat' dir='ltr'>conceditur,</span> <span class='ocrx_word' id='word_1_560' title='bbox 2007 4348 2057 4404; x_wconf 90' lang='lat' dir='ltr'>si</span> 
     </span>
    </p>
   </div>
   <div class='ocr_carea' id='block_1_81' title="bbox 398 4438 2058 4513">
    <p class='ocr_par' dir='ltr' id='par_1_81' title="bbox 398 4438 2058 4513">
     <span class='ocr_line' id='line_1_83' title="bbox 398 4438 2058 4513; baseline -0.002 -17"><span class='ocrx_word' id='word_1_561' title='bbox 398 4441 683 4512; x_wconf 91' lang='lat' dir='ltr'>indignus</span> <span class='ocrx_word' id='word_1_562' title='bbox 715 4440 1095 4512; x_wconf 90' lang='lat' dir='ltr'>moribus,vel</span> <span class='ocrx_word' id='word_1_563' title='bbox 1128 4440 1319 4513; x_wconf 88' lang='lat' dir='ltr'>turpis</span> <span class='ocrx_word' id='word_1_564' title='bbox 1350 4456 1605 4512; x_wconf 89' lang='lat' dir='ltr'>sponsus</span> <span class='ocrx_word' id='word_1_565' title='bbox 1629 4440 1679 4495; x_wconf 92' lang='lat' dir='ltr'>ei</span> <span class='ocrx_word' id='word_1_566' title='bbox 1706 4456 1738 4494; x_wconf 92' lang='lat' dir='ltr'>a</span> <span class='ocrx_word' id='word_1_567' title='bbox 1771 4443 1932 4511; x_wconf 88' lang='lat' dir='ltr'>patre</span> <span class='ocrx_word' id='word_1_568' title='bbox 1951 4438 2058 4494; x_wconf 85' lang='lat' dir='ltr'>eli—</span> 
     </span>
    </p>
   </div>
   <div class='ocr_carea' id='block_1_82' title="bbox 401 4528 584 4600">
    <p class='ocr_par' dir='ltr' id='par_1_82' title="bbox 401 4528 584 4600">
     <span class='ocr_line' id='line_1_84' title="bbox 401 4528 584 4600; baseline 0.005 -18"><span class='ocrx_word' id='word_1_569' title='bbox 401 4528 584 4600; x_wconf 87' lang='lat' dir='ltr'>gitur.</span> 
     </span>
    </p>
   </div>
   <div class='ocr_carea' id='block_1_83' title="bbox 401 4613 2054 4687">
    <p class='ocr_par' dir='ltr' id='par_1_83' title="bbox 401 4613 2054 4687">
     <span class='ocr_line' id='line_1_85' title="bbox 401 4613 2054 4687; baseline 0 -17"><span class='ocrx_word' id='word_1_570' title='bbox 401 4618 534 4671; x_wconf 89' lang='lat' dir='ltr'>CAP.</span> <span class='ocrx_word' id='word_1_571' title='bbox 571 4615 692 4671; x_wconf 89' lang='grc'>183.</span> <span class='ocrx_word' id='word_1_572' title='bbox 728 4647 794 4659; x_wconf 88' lang='grc'><strong>-</strong></span> <span class='ocrx_word' id='word_1_573' title='bbox 826 4618 982 4684; x_wconf 88' lang='lat' dir='ltr'>Item,</span> <span class='ocrx_word' id='word_1_574' title='bbox 1014 4616 1080 4672; x_wconf 85' lang='lat' dir='ltr'>de</span> <span class='ocrx_word' id='word_1_575' title='bbox 1109 4616 1327 4673; x_wconf 87' lang='lat' dir='ltr'>diversa</span> <span class='ocrx_word' id='word_1_576' title='bbox 1369 4616 1638 4687; x_wconf 79' lang='lat' dir='ltr'>qualitate</span> <span class='ocrx_word' id='word_1_577' title='bbox 1666 4618 1716 4671; x_wconf 87' lang='lat' dir='ltr'>et</span> <span class='ocrx_word' id='word_1_578' title='bbox 1745 4613 2054 4671; x_wconf 85' lang='lat' dir='ltr'>conditione</span> 
     </span>
    </p>
   </div>
   <div class='ocr_carea' id='block_1_84' title="bbox 899 4687 1556 4756">
    <p class='ocr_par' dir='ltr' id='par_1_84' title="bbox 899 4687 1556 4756">
     <span class='ocr_line' id='line_1_86' title="bbox 899 4687 1556 4756; baseline 0 -14"><span class='ocrx_word' id='word_1_579' title='bbox 899 4688 1249 4756; x_wconf 82' lang='lat' dir='ltr'>nubentium,</span> <span class='ocrx_word' id='word_1_580' title='bbox 1302 4687 1397 4743; x_wconf 82' lang='lat' dir='ltr'>lib.</span> <span class='ocrx_word' id='word_1_581' title='bbox 1430 4706 1556 4742; x_wconf 83' lang='lat' dir='ltr'>xm.</span> 
     </span>
    </p>
   </div>
   <div class='ocr_carea' id='block_1_85' title="bbox 469 4776 2049 4850">
    <p class='ocr_par' dir='ltr' id='par_1_85' title="bbox 469 4776 2049 4850">
     <span class='ocr_line' id='line_1_87' title="bbox 469 4776 2049 4850; baseline -0.001 -17"><span class='ocrx_word' id='word_1_582' title='bbox 469 4777 870 4835; x_wconf 85' lang='lat' dir='ltr'>Filiofamilias</span> <span class='ocrx_word' id='word_1_583' title='bbox 898 4777 1621 4850; x_wconf 88' lang='lat' dir='ltr'>dissentiente,sponsalia</span> <span class='ocrx_word' id='word_1_584' title='bbox 1650 4778 1779 4847; x_wconf 87' lang='lat' dir='ltr'>ejus</span> <span class='ocrx_word' id='word_1_585' title='bbox 1812 4776 2049 4831; x_wconf 89' lang='lat' dir='ltr'>nomine</span> 
     </span>
    </p>
   </div>
   <div class='ocr_carea' id='block_1_86' title="bbox 392 4864 2046 4939">
    <p class='ocr_par' dir='ltr' id='par_1_86' title="bbox 392 4864 2046 4939">
     <span class='ocr_line' id='line_1_88' title="bbox 392 4864 2046 4939; baseline -0.001 -17"><span class='ocrx_word' id='word_1_586' title='bbox 392 4866 517 4922; x_wconf 85' lang='lat' dir='ltr'>ﬁeri</span> <span class='ocrx_word' id='word_1_587' title='bbox 542 4883 659 4922; x_wconf 91' lang='lat' dir='ltr'>non</span> <span class='ocrx_word' id='word_1_588' title='bbox 691 4875 962 4939; x_wconf 85' lang='lat' dir='ltr'>possunt.</span> <span class='ocrx_word' id='word_1_589' title='bbox 997 4872 1133 4923; x_wconf 86' lang='lat' dir='ltr'>Item</span> <span class='ocrx_word' id='word_1_590' title='bbox 1193 4869 1313 4938; x_wconf 87' lang='lat' dir='ltr'>(lib.</span> <span class='ocrx_word' id='word_1_591' title='bbox 1374 4868 1509 4939; x_wconf 77' lang='lat' dir='ltr'>XIV).</span> <span class='ocrx_word' id='word_1_592' title='bbox 1548 4868 1607 4922; x_wconf 88' lang='lat' dir='ltr'>In</span> <span class='ocrx_word' id='word_1_593' title='bbox 1669 4864 2046 4936; x_wconf 83' lang='lat' dir='ltr'>sponsalibus</span> 
     </span>
    </p>
   </div>
   <div class='ocr_carea' id='block_1_87' title="bbox 388 4957 2044 5028">
    <p class='ocr_par' dir='ltr' id='par_1_87' title="bbox 388 4957 2044 5028">
     <span class='ocr_line' id='line_1_89' title="bbox 388 4957 2044 5028; baseline -0.001 -14"><span class='ocrx_word' id='word_1_594' title='bbox 388 4957 809 5015; x_wconf 91' lang='lat' dir='ltr'>contrahendis</span> <span class='ocrx_word' id='word_1_595' title='bbox 840 4966 976 5015; x_wconf 62' lang='lat' dir='ltr'>aetas</span> <span class='ocrx_word' id='word_1_596' title='bbox 1008 4959 1483 5015; x_wconf 84' lang='lat' dir='ltr'>contrahentium</span> <span class='ocrx_word' id='word_1_597' title='bbox 1518 4958 1755 5014; x_wconf 80' lang='lat' dir='ltr'>definita</span> <span class='ocrx_word' id='word_1_598' title='bbox 1788 4974 1901 5013; x_wconf 91' lang='lat' dir='ltr'>non</span> <span class='ocrx_word' id='word_1_599' title='bbox 1934 4962 2044 5028; x_wconf 88' lang='lat' dir='ltr'>est,</span> 
     </span>
    </p>
   </div>
   <div class='ocr_carea' id='block_1_88' title="bbox 2176 3210 3825 3284">
    <p class='ocr_par' dir='ltr' id='par_1_88' title="bbox 2176 3210 3825 3284">
     <span class='ocr_line' id='line_1_90' title="bbox 2176 3210 3825 3284; baseline 0.001 -17"><span class='ocrx_word' id='word_1_600' title='bbox 2176 3216 2261 3267; x_wconf 82' lang='lat' dir='ltr'><strong>Ex</strong></span> <span class='ocrx_word' id='word_1_601' title='bbox 2291 3210 2384 3265; x_wconf 89' lang='lat' dir='ltr'>bis</span> <span class='ocrx_word' id='word_1_602' title='bbox 2407 3216 2464 3265; x_wconf 90' lang='lat' dir='ltr'>et</span> <span class='ocrx_word' id='word_1_603' title='bbox 2492 3210 2637 3265; x_wconf 91' lang='lat' dir='ltr'>illud</span> <span class='ocrx_word' id='word_1_604' title='bbox 2669 3211 2984 3282; x_wconf 64' lang='lat' dir='ltr'>quaesitum</span> <span class='ocrx_word' id='word_1_605' title='bbox 3026 3217 3137 3280; x_wconf 87' lang='lat' dir='ltr'>est,</span> <span class='ocrx_word' id='word_1_606' title='bbox 3171 3211 3219 3266; x_wconf 90' lang='lat' dir='ltr'>si</span> <span class='ocrx_word' id='word_1_607' title='bbox 3264 3210 3481 3267; x_wconf 89' lang='lat' dir='ltr'>ancilla</span> <span class='ocrx_word' id='word_1_608' title='bbox 3511 3229 3825 3284; x_wconf 67' lang='lat' dir='ltr'>pregnans</span> 
     </span>
    </p>
   </div>
   <div class='ocr_carea' id='block_1_89' title="bbox 2177 3299 3824 3373">
    <p class='ocr_par' dir='ltr' id='par_1_89' title="bbox 2177 3299 3824 3373">
     <span class='ocr_line' id='line_1_91' title="bbox 2177 3299 3824 3373; baseline 0.001 -19"><span class='ocrx_word' id='word_1_609' title='bbox 2177 3300 2547 3355; x_wconf 88' lang='lat' dir='ltr'>manumissa</span> <span class='ocrx_word' id='word_1_610' title='bbox 2576 3300 2674 3369; x_wconf 91' lang='lat' dir='ltr'>sit,</span> <span class='ocrx_word' id='word_1_611' title='bbox 2698 3300 2906 3356; x_wconf 88' lang='lat' dir='ltr'>deinde</span> <span class='ocrx_word' id='word_1_612' title='bbox 2939 3299 3153 3355; x_wconf 90' lang='lat' dir='ltr'>ancilla</span> <span class='ocrx_word' id='word_1_613' title='bbox 3184 3304 3384 3373; x_wconf 89' lang='lat' dir='ltr'>postea</span> <span class='ocrx_word' id='word_1_614' title='bbox 3406 3300 3562 3356; x_wconf 82' lang='lat' dir='ltr'>facta</span> <span class='ocrx_word' id='word_1_615' title='bbox 3581 3303 3824 3373; x_wconf 86' lang='lat' dir='ltr'>peperit,</span> 
     </span>
    </p>
   </div>
   <div class='ocr_carea' id='block_1_90' title="bbox 2174 3387 3824 3460">
    <p class='ocr_par' dir='ltr' id='par_1_90' title="bbox 2174 3387 3824 3460">
     <span class='ocr_line' id='line_1_92' title="bbox 2174 3387 3824 3460; baseline 0.001 -18"><span class='ocrx_word' id='word_1_616' title='bbox 2174 3387 2427 3443; x_wconf 90' lang='lat' dir='ltr'>liberum</span> <span class='ocrx_word' id='word_1_617' title='bbox 2450 3405 2523 3442; x_wconf 90' lang='lat' dir='ltr'>an</span> <span class='ocrx_word' id='word_1_618' title='bbox 2555 3404 2787 3443; x_wconf 89' lang='lat' dir='ltr'>servum</span> <span class='ocrx_word' id='word_1_619' title='bbox 2804 3388 3331 3459; x_wconf 87' lang='lat' dir='ltr'>pariat.Marcellus</span> <span class='ocrx_word' id='word_1_620' title='bbox 3353 3389 3824 3460; x_wconf 88' lang='lat' dir='ltr'>probatliberum</span> 
     </span>
    </p>
   </div>
   <div class='ocr_carea' id='block_1_91' title="bbox 2176 3477 3822 3549">
    <p class='ocr_par' dir='ltr' id='par_1_91' title="bbox 2176 3477 3822 3549">
     <span class='ocr_line' id='line_1_93' title="bbox 2176 3477 3822 3549; baseline 0.001 -17"><span class='ocrx_word' id='word_1_621' title='bbox 2176 3478 2368 3546; x_wconf 88' lang='lat' dir='ltr'>nasci;</span> <span class='ocrx_word' id='word_1_622' title='bbox 2403 3478 2624 3533; x_wconf 82' lang='lat' dir='ltr'>sufficit</span> <span class='ocrx_word' id='word_1_623' title='bbox 2655 3477 2810 3533; x_wconf 88' lang='lat' dir='ltr'>enim</span> <span class='ocrx_word' id='word_1_624' title='bbox 2844 3479 2893 3533; x_wconf 92' lang='lat' dir='ltr'>ei</span> <span class='ocrx_word' id='word_1_625' title='bbox 2944 3478 3037 3549; x_wconf 90' lang='lat' dir='ltr'>qui</span> <span class='ocrx_word' id='word_1_626' title='bbox 3089 3477 3149 3533; x_wconf 93' lang='lat' dir='ltr'>in</span> <span class='ocrx_word' id='word_1_627' title='bbox 3207 3482 3408 3533; x_wconf 91' lang='lat' dir='ltr'>ventre</span> <span class='ocrx_word' id='word_1_628' title='bbox 3436 3482 3547 3547; x_wconf 90' lang='lat' dir='ltr'>est,</span> <span class='ocrx_word' id='word_1_629' title='bbox 3581 3478 3822 3534; x_wconf 85' lang='lat' dir='ltr'>liberam</span> 
     </span>
    </p>
   </div>
   <div class='ocr_carea' id='block_1_92' title="bbox 2175 3566 3820 3640">
    <p class='ocr_par' dir='ltr' id='par_1_92' title="bbox 2175 3566 3820 3640">
     <span class='ocr_line' id='line_1_94' title="bbox 2175 3566 3820 3640; baseline 0.001 -19"><span class='ocrx_word' id='word_1_630' title='bbox 2175 3572 2420 3622; x_wconf 83' lang='lat' dir='ltr'>matrem</span> <span class='ocrx_word' id='word_1_631' title='bbox 2451 3569 2538 3622; x_wconf 89' lang='lat' dir='ltr'>vel</span> <span class='ocrx_word' id='word_1_632' title='bbox 2571 3567 2761 3622; x_wconf 90' lang='lat' dir='ltr'>medio</span> <span class='ocrx_word' id='word_1_633' title='bbox 2792 3571 3053 3638; x_wconf 88' lang='lat' dir='ltr'>tempore</span> <span class='ocrx_word' id='word_1_634' title='bbox 3082 3566 3363 3623; x_wconf 81' lang='lat' dir='ltr'>habuisse</span> <span class='ocrx_word' id='word_1_635' title='bbox 3390 3583 3403 3635; x_wconf 90' lang='lat'><strong>;</strong></span> <span class='ocrx_word' id='word_1_636' title='bbox 3441 3567 3601 3640; x_wconf 88' lang='lat' dir='ltr'>quod</span> <span class='ocrx_word' id='word_1_637' title='bbox 3633 3572 3693 3623; x_wconf 91' lang='lat' dir='ltr'>et</span> <span class='ocrx_word' id='word_1_638' title='bbox 3727 3582 3820 3623; x_wconf 83' lang='lat' dir='ltr'>ve-</span> 
     </span>
    </p>
   </div>
   <div class='ocr_carea' id='block_1_93' title="bbox 2174 3660 2450 3710">
    <p class='ocr_par' dir='ltr' id='par_1_93' title="bbox 2174 3660 2450 3710">
     <span class='ocr_line' id='line_1_95' title="bbox 2174 3660 2450 3710; baseline 0.004 -2"><span class='ocrx_word' id='word_1_639' title='bbox 2174 3670 2304 3709; x_wconf 90' lang='lat' dir='ltr'>rum</span> <span class='ocrx_word' id='word_1_640' title='bbox 2338 3660 2450 3710; x_wconf 91' lang='lat' dir='ltr'>est.</span> 
     </span>
    </p>
   </div>
   <div class='ocr_carea' id='block_1_94' title="bbox 2172 3738 3817 3816">
    <p class='ocr_par' dir='ltr' id='par_1_94' title="bbox 2172 3738 3817 3816">
     <span class='ocr_line' id='line_1_96' title="bbox 2172 3738 3817 3816; baseline 0.001 -16"><span class='ocrx_word' id='word_1_641' title='bbox 2172 3745 2307 3801; x_wconf 89' lang='lat' dir='ltr'>CAP.</span> <span class='ocrx_word' id='word_1_642' title='bbox 2342 3746 2464 3799; x_wconf 85' lang='lat'>186.</span> <span class='ocrx_word' id='word_1_643' title='bbox 2500 3776 2565 3785; x_wconf 91' lang='lat'>—</span> <span class='ocrx_word' id='word_1_644' title='bbox 2596 3746 2748 3813; x_wconf 87' lang='lat' dir='ltr'>Quod</span> <span class='ocrx_word' id='word_1_645' title='bbox 2774 3761 2925 3816; x_wconf 70' lang='lat' dir='ltr'>aeque</span> <span class='ocrx_word' id='word_1_646' title='bbox 2951 3738 3150 3816; x_wconf 87' lang='lat' dir='ltr'>puniri</span> <span class='ocrx_word' id='word_1_647' title='bbox 3167 3744 3357 3801; x_wconf 85' lang='lat' dir='ltr'>debeat</span> <span class='ocrx_word' id='word_1_648' title='bbox 3384 3746 3481 3816; x_wconf 85' lang='lat' dir='ltr'>qui</span> <span class='ocrx_word' id='word_1_649' title='bbox 3508 3745 3637 3800; x_wconf 79' lang='lat' dir='ltr'>sine</span> <span class='ocrx_word' id='word_1_650' title='bbox 3658 3761 3817 3801; x_wconf 68' lang='lat' dir='ltr'>causa</span> 
     </span>
    </p>
   </div>
   <div class='ocr_carea' id='block_1_95' title="bbox 2239 3817 3817 3889">
    <p class='ocr_par' dir='ltr' id='par_1_95' title="bbox 2239 3817 3817 3889">
     <span class='ocr_line' id='line_1_97' title="bbox 2239 3817 3817 3889; baseline 0.001 -18"><span class='ocrx_word' id='word_1_651' title='bbox 2239 3817 2549 3889; x_wconf 84' lang='lat' dir='ltr'>proprium,</span> <span class='ocrx_word' id='word_1_652' title='bbox 2581 3834 2743 3889; x_wconf 85' lang='lat' dir='ltr'>quam</span> <span class='ocrx_word' id='word_1_653' title='bbox 2774 3819 2871 3888; x_wconf 86' lang='lat' dir='ltr'>qui</span> <span class='ocrx_word' id='word_1_654' title='bbox 2924 3817 3184 3873; x_wconf 81' lang='lat' dir='ltr'>alienum</span> <span class='ocrx_word' id='word_1_655' title='bbox 3217 3833 3437 3873; x_wconf 78' lang='lat' dir='ltr'>servum</span> <span class='ocrx_word' id='word_1_656' title='bbox 3464 3817 3817 3886; x_wconf 57' lang='lat' dir='ltr'>occiderit,“</span> 
     </span>
    </p>
   </div>
   <div class='ocr_carea' id='block_1_96' title="bbox 2239 3888 3781 3961">
    <p class='ocr_par' dir='ltr' id='par_1_96' title="bbox 2239 3888 3781 3961">
     <span class='ocr_line' id='line_1_98' title="bbox 2239 3888 3781 3961; baseline 0.001 -18"><span class='ocrx_word' id='word_1_657' title='bbox 2239 3888 2401 3944; x_wconf 71' lang='lat' dir='ltr'>varia</span> <span class='ocrx_word' id='word_1_658' title='bbox 2428 3888 2680 3945; x_wconf 80' lang='lat' dir='ltr'>causatio</span> <span class='ocrx_word' id='word_1_659' title='bbox 2710 3888 2777 3943; x_wconf 89' lang='lat' dir='ltr'>de</span> <span class='ocrx_word' id='word_1_660' title='bbox 2807 3889 3067 3961; x_wconf 78' lang='lat' dir='ltr'>fugitivis</span> <span class='ocrx_word' id='word_1_661' title='bbox 3087 3891 3286 3945; x_wconf 74' lang='lat' dir='ltr'>servis.</span> <span class='ocrx_word' id='word_1_662' title='bbox 3322 3890 3421 3944; x_wconf 85' lang='lat' dir='ltr'>Tit.</span> <span class='ocrx_word' id='word_1_663' title='bbox 3457 3905 3589 3956; x_wconf 83' lang='lat' dir='ltr'>vm,</span> <span class='ocrx_word' id='word_1_664' title='bbox 3621 3890 3723 3944; x_wconf 89' lang='lat' dir='ltr'>lib.</span> <span class='ocrx_word' id='word_1_665' title='bbox 3747 3907 3781 3944; x_wconf 90' lang='grc' dir='ltr'>ι.</span> 
     </span>
    </p>
   </div>
   <div class='ocr_carea' id='block_1_97' title="bbox 2238 3976 3818 4050">
    <p class='ocr_par' dir='ltr' id='par_1_97' title="bbox 2238 3976 3818 4050">
     <span class='ocr_line' id='line_1_99' title="bbox 2238 3976 3818 4050; baseline 0 -19"><span class='ocrx_word' id='word_1_666' title='bbox 2238 3977 2289 4045; x_wconf 88' lang='lat'>(§</span> <span class='ocrx_word' id='word_1_667' title='bbox 2309 3976 2453 4031; x_wconf 84' lang='lat' dir='ltr'>Nam</span> <span class='ocrx_word' id='word_1_668' title='bbox 2472 3977 2619 4047; x_wconf 84' lang='lat' dir='ltr'>apud</span> <span class='ocrx_word' id='word_1_669' title='bbox 2638 3976 2866 4047; x_wconf 80' lang='lat' dir='ltr'>omnes.)</span> <span class='ocrx_word' id='word_1_670' title='bbox 2898 3979 3065 4049; x_wconf 90' lang='lat' dir='ltr'>Apud</span> <span class='ocrx_word' id='word_1_671' title='bbox 3084 3993 3291 4033; x_wconf 91' lang='lat' dir='ltr'>omnes</span> <span class='ocrx_word' id='word_1_672' title='bbox 3307 3976 3600 4048; x_wconf 67' lang='lat' dir='ltr'>plerisque</span> <span class='ocrx_word' id='word_1_673' title='bbox 3619 3982 3818 4050; x_wconf 83' lang='lat' dir='ltr'>gentes</span> 
     </span>
    </p>
   </div>
   <div class='ocr_carea' id='block_1_98' title="bbox 2171 4063 3818 4135">
    <p class='ocr_par' dir='ltr' id='par_1_98' title="bbox 2171 4063 3818 4135">
     <span class='ocr_line' id='line_1_100' title="bbox 2171 4063 3818 4135; baseline -0.001 -15"><span class='ocrx_word' id='word_1_674' title='bbox 2171 4063 2632 4120; x_wconf 88' lang='lat' dir='ltr'>animadvertere</span> <span class='ocrx_word' id='word_1_675' title='bbox 2663 4080 3005 4135; x_wconf 89' lang='lat' dir='ltr'>possumus,</span> <span class='ocrx_word' id='word_1_676' title='bbox 3038 4064 3296 4121; x_wconf 89' lang='lat' dir='ltr'>dominis</span> <span class='ocrx_word' id='word_1_677' title='bbox 3348 4064 3407 4120; x_wconf 91' lang='lat' dir='ltr'>in</span> <span class='ocrx_word' id='word_1_678' title='bbox 3462 4080 3666 4121; x_wconf 89' lang='lat' dir='ltr'>servos</span> <span class='ocrx_word' id='word_1_679' title='bbox 3697 4067 3818 4119; x_wconf 69' lang='lat' dir='ltr'>vita</span> 
     </span>
    </p>
   </div>
   <div class='ocr_carea' id='block_1_99' title="bbox 2170 4154 3819 4227">
    <p class='ocr_par' dir='ltr' id='par_1_99' title="bbox 2170 4154 3819 4227">
     <span class='ocr_line' id='line_1_101' title="bbox 2170 4154 3819 4227; baseline 0.001 -19"><span class='ocrx_word' id='word_1_680' title='bbox 2170 4154 2446 4225; x_wconf 89' lang='lat' dir='ltr'>necisque</span> <span class='ocrx_word' id='word_1_681' title='bbox 2480 4158 2825 4225; x_wconf 90' lang='lat' dir='ltr'>potestatem</span> <span class='ocrx_word' id='word_1_682' title='bbox 2861 4171 3010 4222; x_wconf 89' lang='lat' dir='ltr'>esse,</span> <span class='ocrx_word' id='word_1_683' title='bbox 3047 4159 3104 4210; x_wconf 92' lang='lat' dir='ltr'>et</span> <span class='ocrx_word' id='word_1_684' title='bbox 3135 4155 3529 4226; x_wconf 85' lang='lat' dir='ltr'>quodcunque</span> <span class='ocrx_word' id='word_1_685' title='bbox 3569 4170 3676 4227; x_wconf 89' lang='lat' dir='ltr'>per</span> <span class='ocrx_word' id='word_1_686' title='bbox 3706 4171 3819 4211; x_wconf 90' lang='lat' dir='ltr'>ser-</span> 
     </span>
    </p>
   </div>
   <div class='ocr_carea' id='block_1_100' title="bbox 2167 4242 3317 4316">
    <p class='ocr_par' dir='ltr' id='par_1_100' title="bbox 2167 4242 3317 4316">
     <span class='ocr_line' id='line_1_102' title="bbox 2167 4242 3317 4316; baseline 0.002 -19"><span class='ocrx_word' id='word_1_687' title='bbox 2167 4258 2304 4297; x_wconf 89' lang='lat' dir='ltr'>vum</span> <span class='ocrx_word' id='word_1_688' title='bbox 2338 4242 2683 4313; x_wconf 88' lang='lat' dir='ltr'>acquiritur,</span> <span class='ocrx_word' id='word_1_689' title='bbox 2716 4243 2772 4299; x_wconf 93' lang='lat' dir='ltr'>id</span> <span class='ocrx_word' id='word_1_690' title='bbox 2802 4244 3037 4300; x_wconf 89' lang='lat' dir='ltr'>domino</span> <span class='ocrx_word' id='word_1_691' title='bbox 3069 4244 3317 4316; x_wconf 89' lang='lat' dir='ltr'>acquiri.</span> 
     </span>
    </p>
   </div>
   <div class='ocr_carea' id='block_1_101' title="bbox 2240 4333 3822 4405">
    <p class='ocr_par' dir='ltr' id='par_1_101' title="bbox 2240 4333 3822 4405">
     <span class='ocr_line' id='line_1_103' title="bbox 2240 4333 3822 4405; baseline 0.001 -18"><span class='ocrx_word' id='word_1_692' title='bbox 2240 4335 2391 4389; x_wconf 87' lang='lat' dir='ltr'>Item.</span> <span class='ocrx_word' id='word_1_693' title='bbox 2427 4333 2457 4405; x_wconf 86' lang='lat'>§</span> <span class='ocrx_word' id='word_1_694' title='bbox 2487 4333 2590 4389; x_wconf 86' lang='lat' dir='ltr'>Sed</span> <span class='ocrx_word' id='word_1_695' title='bbox 2628 4335 2727 4389; x_wconf 84' lang='lat' dir='ltr'>hoc</span> <span class='ocrx_word' id='word_1_696' title='bbox 2755 4342 3013 4403; x_wconf 87' lang='lat' dir='ltr'>tempore.</span> <span class='ocrx_word' id='word_1_697' title='bbox 3048 4334 3160 4399; x_wconf 89' lang='lat' dir='ltr'>Qui</span> <span class='ocrx_word' id='word_1_698' title='bbox 3198 4334 3328 4401; x_wconf 83' lang='lat' dir='ltr'>sine</span> <span class='ocrx_word' id='word_1_699' title='bbox 3373 4349 3554 4391; x_wconf 88' lang='lat' dir='ltr'>causa</span> <span class='ocrx_word' id='word_1_700' title='bbox 3586 4350 3822 4391; x_wconf 86' lang='lat' dir='ltr'>servum</span> 
     </span>
    </p>
   </div>
   <div class='ocr_carea' id='block_1_102' title="bbox 2170 4422 3823 4496">
    <p class='ocr_par' dir='ltr' id='par_1_102' title="bbox 2170 4422 3823 4496">
     <span class='ocr_line' id='line_1_104' title="bbox 2170 4422 3823 4496; baseline 0.001 -21"><span class='ocrx_word' id='word_1_701' title='bbox 2170 4438 2343 4476; x_wconf 89' lang='lat' dir='ltr'>suum</span> <span class='ocrx_word' id='word_1_702' title='bbox 2376 4422 2798 4489; x_wconf 90' lang='lat' dir='ltr'>occiderit,non</span> <span class='ocrx_word' id='word_1_703' title='bbox 2824 4422 3025 4480; x_wconf 91' lang='lat' dir='ltr'>minus</span> <span class='ocrx_word' id='word_1_704' title='bbox 3048 4422 3243 4496; x_wconf 90' lang='lat' dir='ltr'>puniri</span> <span class='ocrx_word' id='word_1_705' title='bbox 3261 4423 3505 4495; x_wconf 89' lang='lat' dir='ltr'>jubetur</span> <span class='ocrx_word' id='word_1_706' title='bbox 3524 4439 3711 4495; x_wconf 78' lang='lat' dir='ltr'>quam</span> <span class='ocrx_word' id='word_1_707' title='bbox 3730 4422 3823 4496; x_wconf 79' lang='lat' dir='ltr'>qui</span> 
     </span>
    </p>
   </div>
   <div class='ocr_carea' id='block_1_103' title="bbox 2168 4509 3821 4583">
    <p class='ocr_par' dir='ltr' id='par_1_103' title="bbox 2168 4509 3821 4583">
     <span class='ocr_line' id='line_1_105' title="bbox 2168 4509 3821 4583; baseline 0.002 -20"><span class='ocrx_word' id='word_1_708' title='bbox 2168 4525 2400 4565; x_wconf 88' lang='lat' dir='ltr'>servum</span> <span class='ocrx_word' id='word_1_709' title='bbox 2425 4509 2679 4565; x_wconf 89' lang='lat' dir='ltr'>alienum</span> <span class='ocrx_word' id='word_1_710' title='bbox 2699 4510 3137 4567; x_wconf 87' lang='lat' dir='ltr'>occiderit.Post</span> <span class='ocrx_word' id='word_1_711' title='bbox 3162 4527 3361 4583; x_wconf 83' lang='lat' dir='ltr'>pauca.</span> <span class='ocrx_word' id='word_1_712' title='bbox 3393 4512 3537 4567; x_wconf 87' lang='lat' dir='ltr'>Pius</span> <span class='ocrx_word' id='word_1_713' title='bbox 3566 4514 3821 4569; x_wconf 81' lang='lat' dir='ltr'>Antoni-</span> 
     </span>
    </p>
   </div>
   <div class='ocr_carea' id='block_1_104' title="bbox 2164 4599 3820 4672">
    <p class='ocr_par' dir='ltr' id='par_1_104' title="bbox 2164 4599 3820 4672">
     <span class='ocr_line' id='line_1_106' title="bbox 2164 4599 3820 4672; baseline 0.003 -19"><span class='ocrx_word' id='word_1_714' title='bbox 2164 4616 2277 4655; x_wconf 90' lang='lat' dir='ltr'>nus</span> <span class='ocrx_word' id='word_1_715' title='bbox 2308 4599 2613 4655; x_wconf 91' lang='lat' dir='ltr'>consultus</span> <span class='ocrx_word' id='word_1_716' title='bbox 2647 4617 2680 4655; x_wconf 89' lang='lat' dir='ltr'>a</span> <span class='ocrx_word' id='word_1_717' title='bbox 2711 4601 3067 4672; x_wconf 83' lang='lat' dir='ltr'>quibusdam</span> <span class='ocrx_word' id='word_1_718' title='bbox 3096 4601 3447 4672; x_wconf 61' lang='lat' dir='ltr'>praesidibus</span> <span class='ocrx_word' id='word_1_719' title='bbox 3491 4602 3820 4672; x_wconf 87' lang='lat' dir='ltr'>provincia-</span> 
     </span>
    </p>
   </div>
   <div class='ocr_carea' id='block_1_105' title="bbox 2161 4689 3819 4761">
    <p class='ocr_par' dir='ltr' id='par_1_105' title="bbox 2161 4689 3819 4761">
     <span class='ocr_line' id='line_1_107' title="bbox 2161 4689 3819 4761; baseline 0.002 -18"><span class='ocrx_word' id='word_1_720' title='bbox 2161 4705 2314 4757; x_wconf 92' lang='lat' dir='ltr'>rum,</span> <span class='ocrx_word' id='word_1_721' title='bbox 2347 4689 2418 4743; x_wconf 91' lang='lat' dir='ltr'>de</span> <span class='ocrx_word' id='word_1_722' title='bbox 2449 4689 2541 4745; x_wconf 93' lang='lat' dir='ltr'>his</span> <span class='ocrx_word' id='word_1_723' title='bbox 2574 4689 2756 4745; x_wconf 86' lang='lat' dir='ltr'>servis</span> <span class='ocrx_word' id='word_1_724' title='bbox 2808 4690 2909 4761; x_wconf 92' lang='lat' dir='ltr'>qui</span> <span class='ocrx_word' id='word_1_725' title='bbox 2955 4690 3027 4744; x_wconf 88' lang='lat' dir='ltr'>ad</span> <span class='ocrx_word' id='word_1_726' title='bbox 3087 4691 3269 4746; x_wconf 64' lang='lat' dir='ltr'>edem</span> <span class='ocrx_word' id='word_1_727' title='bbox 3302 4706 3554 4760; x_wconf 89' lang='lat' dir='ltr'>sacram,</span> <span class='ocrx_word' id='word_1_728' title='bbox 3586 4690 3681 4745; x_wconf 86' lang='lat' dir='ltr'>vel</span> <span class='ocrx_word' id='word_1_729' title='bbox 3712 4697 3819 4747; x_wconf 78' lang='lat' dir='ltr'>sta-</span> 
     </span>
    </p>
   </div>
   <div class='ocr_carea' id='block_1_106' title="bbox 2158 4777 3815 4850">
    <p class='ocr_par' dir='ltr' id='par_1_106' title="bbox 2158 4777 3815 4850">
     <span class='ocr_line' id='line_1_108' title="bbox 2158 4777 3815 4850; baseline 0.001 -19"><span class='ocrx_word' id='word_1_730' title='bbox 2158 4781 2318 4832; x_wconf 82' lang='lat' dir='ltr'>tuam</span> <span class='ocrx_word' id='word_1_731' title='bbox 2356 4777 2690 4849; x_wconf 91' lang='lat' dir='ltr'>principum</span> <span class='ocrx_word' id='word_1_732' title='bbox 2717 4778 3090 4850; x_wconf 88' lang='lat' dir='ltr'>confugiunt,</span> <span class='ocrx_word' id='word_1_733' title='bbox 3128 4780 3401 4850; x_wconf 64' lang='lat' dir='ltr'>pracepit</span> <span class='ocrx_word' id='word_1_734' title='bbox 3426 4782 3491 4833; x_wconf 89' lang='lat' dir='ltr'>ut</span> <span class='ocrx_word' id='word_1_735' title='bbox 3520 4781 3573 4833; x_wconf 90' lang='lat' dir='ltr'>si</span> <span class='ocrx_word' id='word_1_736' title='bbox 3605 4778 3815 4836; x_wconf 84' lang='lat' dir='ltr'>intole-</span> 
     </span>
    </p>
   </div>
   <div class='ocr_carea' id='block_1_107' title="bbox 2156 4866 3816 4938">
    <p class='ocr_par' dir='ltr' id='par_1_107' title="bbox 2156 4866 3816 4938">
     <span class='ocr_line' id='line_1_109' title="bbox 2156 4866 3816 4938; baseline 0.002 -19"><span class='ocrx_word' id='word_1_737' title='bbox 2156 4866 2359 4921; x_wconf 89' lang='lat' dir='ltr'>rabilis</span> <span class='ocrx_word' id='word_1_738' title='bbox 2387 4866 2659 4921; x_wconf 89' lang='lat' dir='ltr'>videatur</span> <span class='ocrx_word' id='word_1_739' title='bbox 2675 4866 3047 4921; x_wconf 88' lang='lat' dir='ltr'>dominorum</span> <span class='ocrx_word' id='word_1_740' title='bbox 3065 4866 3600 4938; x_wconf 69' lang='lat' dir='ltr'>saevitia,cogantur</span> <span class='ocrx_word' id='word_1_741' title='bbox 3620 4884 3816 4923; x_wconf 86' lang='lat' dir='ltr'>servos</span> 
     </span>
    </p>
   </div>
   <div class='ocr_carea' id='block_1_108' title="bbox 2151 4954 3817 5028">
    <p class='ocr_par' dir='ltr' id='par_1_108' title="bbox 2151 4954 3817 5028">
     <span class='ocr_line' id='line_1_110' title="bbox 2151 4954 3817 5028; baseline 0.001 -19"><span class='ocrx_word' id='word_1_742' title='bbox 2151 4955 2324 5010; x_wconf 89' lang='lat' dir='ltr'>bonis</span> <span class='ocrx_word' id='word_1_743' title='bbox 2351 4954 2789 5010; x_wconf 86' lang='lat' dir='ltr'>conditionibus</span> <span class='ocrx_word' id='word_1_744' title='bbox 2822 4956 3094 5022; x_wconf 88' lang='lat' dir='ltr'>vendere,</span> <span class='ocrx_word' id='word_1_745' title='bbox 3128 4962 3194 5011; x_wconf 92' lang='lat' dir='ltr'>ut</span> <span class='ocrx_word' id='word_1_746' title='bbox 3249 4956 3503 5028; x_wconf 87' lang='lat' dir='ltr'>pretium</span> <span class='ocrx_word' id='word_1_747' title='bbox 3562 4957 3817 5014; x_wconf 88' lang='lat' dir='ltr'>dominis</span> 
     </span>
    </p>
   </div>
   <div class='ocr_carea' id='block_1_109' title="bbox 389 5044 3814 5119">
    <p class='ocr_par' dir='ltr' id='par_1_109' title="bbox 389 5044 3814 5119">
     <span class='ocr_line' id='line_1_111' title="bbox 389 5044 3814 5119; baseline 0.001 -18"><span class='ocrx_word' id='word_1_748' title='bbox 389 5050 453 5102; x_wconf 89' lang='lat' dir='ltr'>ut</span> <span class='ocrx_word' id='word_1_749' title='bbox 480 5048 538 5101; x_wconf 92' lang='lat' dir='ltr'>in</span> <span class='ocrx_word' id='word_1_750' title='bbox 570 5047 984 5103; x_wconf 88' lang='lat' dir='ltr'>matrimoniis.</span> <span class='ocrx_word' id='word_1_751' title='bbox 1020 5048 1383 5119; x_wconf 89' lang='lat' dir='ltr'>Quapropter</span> <span class='ocrx_word' id='word_1_752' title='bbox 1431 5065 1464 5102; x_wconf 91' lang='lat' dir='ltr'>a</span> <span class='ocrx_word' id='word_1_753' title='bbox 1512 5046 1829 5117; x_wconf 86' lang='lat' dir='ltr'>primordio</span> <span class='ocrx_word' id='word_1_754' title='bbox 1856 5046 2042 5102; x_wconf 77' lang='lat' dir='ltr'>aetatis</span> <span class='ocrx_word' id='word_1_755' title='bbox 2152 5044 2341 5100; x_wconf 89' lang='lat' dir='ltr'>detur.</span> <span class='ocrx_word' id='word_1_756' title='bbox 2377 5045 2445 5099; x_wconf 88' lang='lat' dir='ltr'>Et</span> <span class='ocrx_word' id='word_1_757' title='bbox 2476 5049 2655 5110; x_wconf 90' lang='lat' dir='ltr'>recte,</span> <span class='ocrx_word' id='word_1_758' title='bbox 2680 5045 2914 5116; x_wconf 90' lang='lat' dir='ltr'>expedit</span> <span class='ocrx_word' id='word_1_759' title='bbox 2944 5046 3099 5101; x_wconf 90' lang='lat' dir='ltr'>enim</span> <span class='ocrx_word' id='word_1_760' title='bbox 3129 5046 3468 5118; x_wconf 73' lang='lat' dir='ltr'>reipublicae</span> <span class='ocrx_word' id='word_1_761' title='bbox 3495 5062 3570 5101; x_wconf 88' lang='lat' dir='ltr'>ne</span> <span class='ocrx_word' id='word_1_762' title='bbox 3602 5048 3739 5118; x_wconf 90' lang='lat' dir='ltr'>quis</span> <span class='ocrx_word' id='word_1_763' title='bbox 3764 5063 3814 5103; x_wconf 84' lang='lat' dir='ltr'>re</span> 
     </span>
    </p>
   </div>
   <div class='ocr_carea' id='block_1_110' title="bbox 389 5131 3811 5208">
    <p class='ocr_par' dir='ltr' id='par_1_110' title="bbox 389 5131 3811 5208">
     <span class='ocr_line' id='line_1_112' title="bbox 389 5131 3811 5208; baseline 0 -16"><span class='ocrx_word' id='word_1_764' title='bbox 389 5135 691 5208; x_wconf 88' lang='lat' dir='ltr'>sponsalia</span> <span class='ocrx_word' id='word_1_765' title='bbox 720 5134 867 5191; x_wconf 85' lang='lat' dir='ltr'>efﬁci</span> <span class='ocrx_word' id='word_1_766' title='bbox 898 5134 1223 5206; x_wconf 87' lang='lat' dir='ltr'>possunt,si</span> <span class='ocrx_word' id='word_1_767' title='bbox 1260 5133 1432 5189; x_wconf 90' lang='lat' dir='ltr'>modo</span> <span class='ocrx_word' id='word_1_768' title='bbox 1454 5133 1512 5187; x_wconf 91' lang='lat' dir='ltr'>id</span> <span class='ocrx_word' id='word_1_769' title='bbox 1546 5132 1671 5187; x_wconf 83' lang='lat' dir='ltr'>fieri</span> <span class='ocrx_word' id='word_1_770' title='bbox 1703 5131 1774 5187; x_wconf 89' lang='lat' dir='ltr'>ab</span> <span class='ocrx_word' id='word_1_771' title='bbox 1793 5137 2039 5203; x_wconf 88' lang='lat' dir='ltr'>utraque</span> <span class='ocrx_word' id='word_1_772' title='bbox 2150 5150 2258 5188; x_wconf 91' lang='lat' dir='ltr'>sua</span> <span class='ocrx_word' id='word_1_773' title='bbox 2292 5133 2442 5188; x_wconf 84' lang='lat' dir='ltr'>male</span> <span class='ocrx_word' id='word_1_774' title='bbox 2474 5138 2695 5189; x_wconf 91' lang='lat' dir='ltr'>utatur.</span> <span class='ocrx_word' id='word_1_775' title='bbox 2725 5135 2903 5204; x_wconf 88' lang='lat' dir='ltr'>Cujus</span> <span class='ocrx_word' id='word_1_776' title='bbox 2926 5136 3194 5206; x_wconf 86' lang='lat' dir='ltr'>rescripti</span> <span class='ocrx_word' id='word_1_777' title='bbox 3224 5137 3294 5190; x_wconf 94' lang='lat' dir='ltr'>ad</span> <span class='ocrx_word' id='word_1_778' title='bbox 3326 5136 3539 5193; x_wconf 72' lang='lat' dir='ltr'>Elium</span> <span class='ocrx_word' id='word_1_779' title='bbox 3574 5137 3811 5193; x_wconf 84' lang='lat' dir='ltr'>Martia-</span> 
     </span>
    </p>
   </div>
   <div class='ocr_carea' id='block_1_111' title="bbox 386 5220 3805 5300">
    <p class='ocr_par' dir='ltr' id='par_1_111' title="bbox 386 5220 3805 5300">
     <span class='ocr_line' id='line_1_113' title="bbox 386 5220 3805 5300; baseline -0.001 -17"><span class='ocrx_word' id='word_1_780' title='bbox 386 5242 637 5300; x_wconf 88' lang='lat' dir='ltr'>persona</span> <span class='ocrx_word' id='word_1_781' title='bbox 667 5224 1050 5296; x_wconf 89' lang='lat' dir='ltr'>intelligatur,</span> <span class='ocrx_word' id='word_1_782' title='bbox 1086 5222 1140 5277; x_wconf 92' lang='lat' dir='ltr'>id</span> <span class='ocrx_word' id='word_1_783' title='bbox 1205 5225 1315 5289; x_wconf 88' lang='lat' dir='ltr'>est,</span> <span class='ocrx_word' id='word_1_784' title='bbox 1372 5221 1419 5276; x_wconf 90' lang='lat' dir='ltr'>si</span> <span class='ocrx_word' id='word_1_785' title='bbox 1454 5238 1570 5276; x_wconf 90' lang='lat' dir='ltr'>non</span> <span class='ocrx_word' id='word_1_786' title='bbox 1629 5220 1749 5275; x_wconf 91' lang='lat' dir='ltr'>sint</span> <span class='ocrx_word' id='word_1_787' title='bbox 1780 5221 2037 5276; x_wconf 88' lang='lat' dir='ltr'>minores</span> <span class='ocrx_word' id='word_1_788' title='bbox 2146 5239 2287 5277; x_wconf 89' lang='lat' dir='ltr'>num</span> <span class='ocrx_word' id='word_1_789' title='bbox 2321 5222 2527 5278; x_wconf 88' lang='lat' dir='ltr'>emissi</span> <span class='ocrx_word' id='word_1_790' title='bbox 2558 5223 2735 5278; x_wconf 90' lang='lat' dir='ltr'>verba</span> <span class='ocrx_word' id='word_1_791' title='bbox 2764 5223 2888 5279; x_wconf 70' lang='lat' dir='ltr'>haec</span> <span class='ocrx_word' id='word_1_792' title='bbox 2917 5227 3059 5278; x_wconf 87' lang='lat' dir='ltr'>sunt</span> <span class='ocrx_word' id='word_1_793' title='bbox 3091 5239 3106 5281; x_wconf 90' lang='lat'><strong>:</strong></span> <span class='ocrx_word' id='word_1_794' title='bbox 3147 5223 3538 5280; x_wconf 89' lang='lat' dir='ltr'>Dominorum</span> <span class='ocrx_word' id='word_1_795' title='bbox 3574 5226 3805 5296; x_wconf 86' lang='lat' dir='ltr'>quidem</span> 
     </span>
    </p>
   </div>
   <div class='ocr_carea' id='block_1_112' title="bbox 384 5309 3805 5390">
    <p class='ocr_par' dir='ltr' id='par_1_112' title="bbox 384 5309 3805 5390">
     <span class='ocr_line' id='line_1_114' title="bbox 384 5309 3805 5390; baseline -0.001 -18"><span class='ocrx_word' id='word_1_796' title='bbox 384 5332 563 5390; x_wconf 88' lang='lat' dir='ltr'>quam</span> <span class='ocrx_word' id='word_1_797' title='bbox 593 5316 628 5367; x_wconf 92' lang='lat'><strong>7</strong></span> <span class='ocrx_word' id='word_1_798' title='bbox 658 5315 851 5370; x_wconf 90' lang='lat' dir='ltr'>annis.</span> <span class='ocrx_word' id='word_1_799' title='bbox 884 5314 981 5369; x_wconf 82' lang='lat' dir='ltr'>Tit.</span> <span class='ocrx_word' id='word_1_800' title='bbox 1017 5330 1057 5368; x_wconf 89' lang='grc' dir='ltr'>ιι</span> <span class='ocrx_word' id='word_1_801' title='bbox 1084 5312 1206 5385; x_wconf 87' lang='lat' dir='ltr'>(lib.</span> <span class='ocrx_word' id='word_1_802' title='bbox 1239 5327 1356 5377; x_wconf 79' lang='lat' dir='ltr'>xvr,</span> <span class='ocrx_word' id='word_1_803' title='bbox 1388 5309 1667 5383; x_wconf 84' lang='lat' dir='ltr'>§Furor.)</span> <span class='ocrx_word' id='word_1_804' title='bbox 1698 5310 1880 5364; x_wconf 85' lang='lat' dir='ltr'>Furor</span> <span class='ocrx_word' id='word_1_805' title='bbox 1905 5327 2034 5365; x_wconf 88' lang='lat' dir='ltr'>eon-</span> <span class='ocrx_word' id='word_1_806' title='bbox 2144 5317 2491 5384; x_wconf 88' lang='lat' dir='ltr'>potestatem</span> <span class='ocrx_word' id='word_1_807' title='bbox 2511 5313 2569 5367; x_wconf 93' lang='lat' dir='ltr'>in</span> <span class='ocrx_word' id='word_1_808' title='bbox 2605 5330 2807 5370; x_wconf 90' lang='lat' dir='ltr'>servos</span> <span class='ocrx_word' id='word_1_809' title='bbox 2840 5332 2982 5370; x_wconf 89' lang='lat' dir='ltr'>suos</span> <span class='ocrx_word' id='word_1_810' title='bbox 3004 5313 3293 5371; x_wconf 86' lang='lat' dir='ltr'>illibatam</span> <span class='ocrx_word' id='word_1_811' title='bbox 3310 5331 3441 5371; x_wconf 90' lang='lat' dir='ltr'>esse</span> <span class='ocrx_word' id='word_1_812' title='bbox 3463 5320 3715 5386; x_wconf 89' lang='lat' dir='ltr'>oportet,</span> <span class='ocrx_word' id='word_1_813' title='bbox 3739 5331 3805 5370; x_wconf 88' lang='lat' dir='ltr'>ne</span> 
     </span>
    </p>
   </div>
   <div class='ocr_carea' id='block_1_113' title="bbox 379 5398 3803 5475">
    <p class='ocr_par' dir='ltr' id='par_1_113' title="bbox 379 5398 3803 5475">
     <span class='ocr_line' id='line_1_115' title="bbox 379 5398 3803 5475; baseline 0 -15"><span class='ocrx_word' id='word_1_814' title='bbox 379 5404 535 5461; x_wconf 87' lang='lat' dir='ltr'>trahi</span> <span class='ocrx_word' id='word_1_815' title='bbox 581 5403 1025 5460; x_wconf 88' lang='lat' dir='ltr'>matrimonium</span> <span class='ocrx_word' id='word_1_816' title='bbox 1050 5419 1165 5458; x_wconf 91' lang='lat' dir='ltr'>non</span> <span class='ocrx_word' id='word_1_817' title='bbox 1197 5399 1357 5468; x_wconf 92' lang='lat' dir='ltr'>sinit,</span> <span class='ocrx_word' id='word_1_818' title='bbox 1399 5398 1539 5470; x_wconf 90' lang='lat' dir='ltr'>quia</span> <span class='ocrx_word' id='word_1_819' title='bbox 1556 5413 1850 5454; x_wconf 88' lang='lat' dir='ltr'>consensu</span> <span class='ocrx_word' id='word_1_820' title='bbox 1885 5414 2031 5469; x_wconf 88' lang='lat' dir='ltr'>opus</span> <span class='ocrx_word' id='word_1_821' title='bbox 2143 5401 2420 5472; x_wconf 89' lang='lat' dir='ltr'>cuiquam</span> <span class='ocrx_word' id='word_1_822' title='bbox 2446 5401 2754 5458; x_wconf 89' lang='lat' dir='ltr'>hominum</span> <span class='ocrx_word' id='word_1_823' title='bbox 2782 5404 2886 5475; x_wconf 90' lang='lat' dir='ltr'>jus</span> <span class='ocrx_word' id='word_1_824' title='bbox 2916 5419 3093 5460; x_wconf 90' lang='lat' dir='ltr'>suum</span> <span class='ocrx_word' id='word_1_825' title='bbox 3126 5404 3509 5472; x_wconf 88' lang='lat' dir='ltr'>detrahatur;</span> <span class='ocrx_word' id='word_1_826' title='bbox 3534 5404 3803 5461; x_wconf 86' lang='lat' dir='ltr'>domino-</span> 
     </span>
    </p>
   </div>
   <div class='ocr_carea' id='block_1_114' title="bbox 380 5487 3797 5563">
    <p class='ocr_par' dir='ltr' id='par_1_114' title="bbox 380 5487 3797 5563">
     <span class='ocr_line' id='line_1_116' title="bbox 380 5487 3797 5563; baseline 0.001 -15"><span class='ocrx_word' id='word_1_827' title='bbox 380 5498 467 5549; x_wconf 88' lang='lat' dir='ltr'>est</span> <span class='ocrx_word' id='word_1_828' title='bbox 491 5510 503 5547; x_wconf 87' lang='lat'><strong>:</strong></span> <span class='ocrx_word' id='word_1_829' title='bbox 531 5494 634 5549; x_wconf 89' lang='lat' dir='ltr'>sed</span> <span class='ocrx_word' id='word_1_830' title='bbox 665 5496 819 5550; x_wconf 89' lang='lat' dir='ltr'>recte</span> <span class='ocrx_word' id='word_1_831' title='bbox 850 5494 1213 5547; x_wconf 88' lang='lat' dir='ltr'>contractum</span> <span class='ocrx_word' id='word_1_832' title='bbox 1246 5506 1364 5545; x_wconf 90' lang='lat' dir='ltr'>non</span> <span class='ocrx_word' id='word_1_833' title='bbox 1418 5487 1685 5560; x_wconf 89' lang='lat' dir='ltr'>impedit.</span> <span class='ocrx_word' id='word_1_834' title='bbox 1739 5489 1873 5543; x_wconf 86' lang='lat' dir='ltr'>Item</span> <span class='ocrx_word' id='word_1_835' title='bbox 1904 5487 2023 5559; x_wconf 86' lang='lat' dir='ltr'>(lib.</span> <span class='ocrx_word' id='word_1_836' title='bbox 2137 5489 2614 5547; x_wconf 89' lang='lat' dir='ltr'>ruminterestne</span> <span class='ocrx_word' id='word_1_837' title='bbox 2628 5491 2914 5549; x_wconf 84' lang='lat' dir='ltr'>auxilium</span> <span class='ocrx_word' id='word_1_838' title='bbox 2929 5492 3545 5563; x_wconf 52' lang='lat' dir='ltr'>contrasaivitiamwel</span> <span class='ocrx_word' id='word_1_839' title='bbox 3559 5494 3797 5559; x_wconf 85' lang='lat' dir='ltr'>famem,</span> 
     </span>
    </p>
   </div>
   <div class='ocr_carea' id='block_1_115' title="bbox 378 5577 3796 5654">
    <p class='ocr_par' dir='ltr' id='par_1_115' title="bbox 378 5577 3796 5654">
     <span class='ocr_line' id='line_1_117' title="bbox 378 5577 3796 5654; baseline 0.001 -19"><span class='ocrx_word' id='word_1_840' title='bbox 378 5581 553 5651; x_wconf 78' lang='lat' dir='ltr'>xxiv).</span> <span class='ocrx_word' id='word_1_841' title='bbox 588 5580 650 5637; x_wconf 92' lang='lat' dir='ltr'>In</span> <span class='ocrx_word' id='word_1_842' title='bbox 680 5580 875 5637; x_wconf 80' lang='lat' dir='ltr'>liberae</span> <span class='ocrx_word' id='word_1_843' title='bbox 909 5579 1175 5637; x_wconf 89' lang='lat' dir='ltr'>mulieris</span> <span class='ocrx_word' id='word_1_844' title='bbox 1198 5578 1645 5646; x_wconf 87' lang='lat' dir='ltr'>consuetudine,</span> <span class='ocrx_word' id='word_1_845' title='bbox 1666 5594 1782 5634; x_wconf 93' lang='lat' dir='ltr'>non</span> <span class='ocrx_word' id='word_1_846' title='bbox 1806 5593 2024 5635; x_wconf 87' lang='lat' dir='ltr'>concu-</span> <span class='ocrx_word' id='word_1_847' title='bbox 2133 5577 2222 5634; x_wconf 92' lang='lat' dir='ltr'>vel</span> <span class='ocrx_word' id='word_1_848' title='bbox 2244 5577 2674 5635; x_wconf 89' lang='lat' dir='ltr'>intolerabilem</span> <span class='ocrx_word' id='word_1_849' title='bbox 2708 5580 2990 5652; x_wconf 90' lang='lat' dir='ltr'>injuriam</span> <span class='ocrx_word' id='word_1_850' title='bbox 3024 5581 3343 5654; x_wconf 76' lang='lat' dir='ltr'>denegatur</span> <span class='ocrx_word' id='word_1_851' title='bbox 3398 5580 3474 5638; x_wconf 89' lang='lat' dir='ltr'>iis</span> <span class='ocrx_word' id='word_1_852' title='bbox 3505 5582 3609 5654; x_wconf 89' lang='lat' dir='ltr'>qui</span> <span class='ocrx_word' id='word_1_853' title='bbox 3634 5584 3796 5654; x_wconf 88' lang='lat' dir='ltr'>juste</span> 
     </span>
    </p>
   </div>
  </div>
