4000 6060
174 266 281 321 945

1127 281 1437 334 DECRETI
1475 284 1660 337 PARS
1697 284 1842 337 XVI.
1888 313 1953 323 ——
1984 288 2080 338 DE
2116 286 2424 343 OFFICllS
2462 290 2644 343 LAIC.

3487 299 3594 355 946

170 390 372 446 thema
410 394 483 447 ab
534 394 802 451 omnium
855 397 1323 455 Christianorum
1382 405 1675 459 consortio
1725 407 1828 460 ha-
1857 415 1911 481 Α
1942 406 2075 462 CAP.
2109 409 2237 463 217.
2270 440 2340 453 -
2368 412 2439 467 De
2463 428 2523 467 eo
2552 414 2643 483 qvi
2664 429 3006 471 communem
3052 418 3199 474 viam
3228 420 3416 477 alicui
3446 422 3595 479 clau-

172 478 407 536 beatnr.

169 578 306 634 CAP.
338 580 473 663 207.¹
500 610 567 663 -_-_-
598 583 671 637 De
702 582 1029 663 latronibus,
1058 587 1163 663 qui
1186 590 1341 663 quali
1384 592 1660 663 sententia
1686 607 1826 663 pau-

450 652 610 708 latim
639 656 922 711 multandi
953 652 1087 727 sint,
1120 652 1363 729 Capitul.
1398 661 1436 715 l.
1473 678 1548 718 v1.

240 747 322 803 De
350 747 681 807 latronibus
714 752 795 809 ita
826 754 1202 826 praecipimus
1258 759 1711 828 observandum,
1764 767 1828 817 ut

168 853 275 908 pro
306 839 497 909 prima
528 840 706 913 culpa
736 859 850 898 non
885 844 1194 914 moriatur,
1227 849 1327 902 sed
1364 866 1545 905 unum
1590 850 1824 907 oculum

163 927 393 997 perdat.
427 933 505 985 De
535 929 648 985 alia
680 948 812 987 vero
862 932 1036 1005 culpa
1096 952 1280 992 nasus
1328 937 1520 1009 ipsius
1575 939 1824 997 latronis

166 1020 491 1075 truncetur.
523 1018 605 1077 De
634 1021 809 1078 tertia
864 1022 1064 1095 culpa,
1120 1025 1171 1081 si
1230 1043 1348 1083 non
1405 1030 1823 1098 emendaverit,

164 1105 474 1163 moriatur.

278 1206 413 1259 CAP.
446 1206 573 1263 208.
600 1237 669 1248 —
702 1210 788 1263 Ne
816 1209 1326 1337 infameésogersonz
1355 1222 1513 1271 testes
1540 1216 1701 1285 ﬁant,

866 1297 985 1337 can.
1131 1326 1143 1337 .

866 1297 985 1353 cap.
1018 1297 1143 1337 3W.

234 1362 463 1419 Placuit
493 1370 557 1421 ut
587 1370 769 1424 testes
803 1386 919 1426 non
969 1372 1358 1429 admittantur
1383 1375 1483 1445 qui
1515 1379 1656 1431 sunt
1678 1376 1821 1433 socii

162 1451 452 1521 criminis,
487 1472 592 1511 nec
625 1456 896 1527 infames,
940 1476 1044 1515 nec
1070 1460 1544 1533 calumniatores,
1573 1464 1659 1521 vel
1707 1482 1820 1523 caa-

160 1542 273 1597 teri
304 1559 454 1613 quos
484 1561 740 1601 canones
771 1551 828 1602 et
858 1546 948 1603 lex
980 1549 1268 1619 prohibet.

428 1654 562 1706 CAP.
597 1652 725 1707 209.
753 1685 821 1695 —
853 1656 929 1709 De
951 1655 1150 1711 eadem
1178 1673 1258 1723 re,
1287 1674 1406 1731 cap.
1429 1660 1554 1714 313.

232 1738 480 1805 Placuit,
512 1744 578 1796 ut
606 1742 706 1813 qui
739 1743 809 1798 de
841 1758 902 1799 se
926 1745 1233 1803 confessus
1266 1752 1376 1816 est,
1430 1765 1609 1820 super
1636 1749 1813 1807 alium

160 1843 277 1882 non
311 1829 599 1885 credatur.

154 1932 291 1990 CAP.
345 1936 471 1990 210.
529 1938 818 2007 —-lUnius
872 1940 1247 2015 testimonium
1277 1958 1386 1999 non
1408 1946 1807 2015 recipiendum,

848 2027 967 2083 cap.
1000 2013 1124 2067 314.

229 2094 300 2149 Ut
321 2095 727 2153 testimonium
760 2098 1250 2171 uniusjhominis
1299 2120 1411 2160 non
1464 2106 1807 2178 accipiatur.

152 2182 322 2253 Nam,
358 2184 404 2239 si
437 2201 502 2240 ex
531 2189 779 2258 utraque
811 2194 974 2260 parte
1005 2190 1202 2261 plures
1220 2192 1364 2263 sint,
1387 2194 1710 2251 veraciores
1730 2200 1811 2251 at-

154 2288 271 2343 que
304 2273 699 2346 religiosiores
731 2282 786 2331 et
823 2277 1185 2335 honestiores
1233 2281 1547 2353 eligantur,
1583 2285 1679 2356 qui
1718 2302 1807 2341 sa-

156 2367 457 2419 cramento
488 2381 665 2420 suum
697 2366 1048 2424 conﬁrment
1077 2370 1510 2444 testimonium,
1542 2374 1686 2429 nihil
1746 2390 1809 2430 se

157 2449 290 2507 falsi
322 2468 451 2509 esse
481 2453 764 2511 dicturos.

155 2562 293 2615 CAP.
326 2563 453 2643 211.
486 2592 555 2601 —-
611 2563 965 2643 Nequaquam
1013 2566 1306 2624 homicidii
1350 2584 1465 2624 esse
1505 2586 1683 2643 reum,
1716 2572 1810 2643 qui

227 2640 389 2757 ἔξω
416 2635 604 2704 furem
635 2651 723 2690 res
749 2638 994 2707 furtivas
1022 2644 1321 2708 gestantem
1350 2642 1633 2709 occiderit,
1671 2635 1799 2715 cap.

228 2793 342 2847 Fur
371 2797 656 2850 nocturno
680 2799 945 2868 tempore
972 2802 1183 2869 captus
1232 2800 1290 2855 in
1327 2802 1503 2873 furto,
1536 2804 1678 2859 dum
1714 2821 1806 2861 res

154 2882 403 2937 furtivas
436 2898 637 2938 secum
672 2888 887 2955 portat,
922 2886 971 2941 si
1004 2888 1180 2943 fuerit
1235 2890 1484 2961 occisus,
1548 2892 1709 2949 nulla
1739 2910 1807 2950 ex

152 2968 261 3024 hoc
300 2970 618 3028 homicidio
650 2973 889 3043 querela
919 2981 1217 3034 nascatur.

149 3074 287 3130 CAP.
321 3075 448 3156 212Σ
482 3108 547 3116 -
583 3077 724 3156 Quid
749 3084 915 3156 facta
963 3097 1101 3149 opus
1130 3082 1205 3138 sit
1234 3084 1285 3139 ei
1339 3087 1435 3156 qui
1472 3087 1740 3155 nesciens,
1772 3103 1806 3141 (ι

415 3150 543 3219 fure
568 3148 797 3221 aliquid
824 3148 1245 3223 comparaverit,
1276 3148 1393 3227 cap.
1425 3158 1549 3211 344.

224 3245 284 3301 Si
318 3245 450 3318 quis
508 3248 578 3303 de
606 3248 733 3303 fure
779 3249 1046 3307 nesciens
1092 3249 1310 3324 aliquid
1360 3258 1803 3329 comparaverit,

155 3339 376 3405 quazret
408 3341 645 3407 accepto
671 3338 860 3409 spatio
882 3340 1260 3398 venditorem.
1282 3344 1461 3407 Quem
1486 3346 1535 3401 si
1566 3364 1679 3402 non
1706 3364 1808 3419 po-

155 3424 335 3479 tuerit
365 3423 648 3495 invenire,
682 3428 887 3498 probet
917 3446 978 3485 se
1009 3446 1142 3486 cum
1168 3439 1532 3490 sacramento
1564 3441 1619 3490 et
1643 3437 1805 3491 testi-

157 3513 267 3567 bus
295 3512 690 3584 innocentem,
748 3521 805 3571 et
836 3519 988 3587 quod
1042 3512 1195 3591 apud
1248 3536 1384 3576 eum
1435 3525 1809 3596 cognoscitur

154 3600 447 3669 restituat,
476 3606 533 3658 et
562 3604 750 3659 furem
785 3621 1041 3676 quaerere
1069 3624 1186 3663 non
1238 3610 1509 3666 desistat.
1561 3614 1722 3677 Quod
1756 3614 1804 3669 si

159 3691 348 3746 furem
383 3690 569 3749 celare
598 3692 867 3763 voluerit,
888 3700 944 3751 et
965 3698 1276 3768 perjurans
1307 3704 1435 3771 post
1459 3718 1525 3757 ea
1542 3702 1805 3759 detectus

154 3780 351 3848 fuerit,
386 3786 665 3853 tanquam
699 3782 796 3839 ille
826 3784 920 3840 fur
948 3785 1029 3841 ita
1059 3786 1168 3843 iste
1201 3787 1256 3845 in
1290 3789 1533 3846 crimine
1565 3792 1805 3849 damne-

151 3874 268 3924 tur.

152 3959 287 4013 CAP.
320 3959 447 4014 213.
479 3989 549 4028 έ-
574 3961 648 4017 De
675 3977 735 4016 eo
767 3962 864 4044 qui
906 3965 1137 4044 citerius
1162 3968 1403 4044 animal
1455 3969 1806 4044 quodcunque

681 4035 965 4106 occiderit,
995 4051 1117 4108 cap.
1158 4038 1282 4094 345.

226 4118 444 4190 Siquis
484 4122 733 4188 occulte,
765 4124 853 4180 vel
913 4125 973 4180 in
1030 4127 1144 4197 die,
1196 4127 1440 4185 alterius
1490 4130 1802 4199 caballum,

154 4207 503 4275 authovem,
532 4214 631 4265 aut
663 4211 899 4283 aliquod
934 4215 1149 4271 animal
1202 4217 1499 4288 occiderit,
1534 4224 1589 4274 et
1631 4237 1805 4292 nega-

145 4296 313 4364 verit,
347 4301 404 4352 et
436 4302 640 4369 postea
687 4301 893 4359 exinde
946 4306 1227 4376 probatus
1279 4307 1473 4377 fuerit,
1520 4312 1801 4381 tanquam

150 4384 433 4441 furtivum
467 4394 804 4460 componat.

461 4483 598 4541 CAP.
632 4487 757 4541 214.
792 4518 860 4528 -—
885 4488 961 4544 De
987 4490 1175 4547 eodem
1206 4507 1327 4564 cap.
1361 4494 1488 4550 346.

590 4540 593 4541 ν
676 4540 753 4541 η
885 4540 899 4542 _
935 4540 951 4544 _
989 4540 1174 4547 πη---
1208 4540 1327 4564 --.,..
1362 4540 1488 4550 νη.

224 4570 283 4626 Si
316 4573 449 4642 quis
482 4590 662 4631 causa
696 4576 943 4634 faciente
974 4579 1251 4637 occiderit
1282 4582 1539 4639 alienum
1564 4583 1803 4652 animal,
1835 4540 1880 4605 D

150 4664 210 4715 et
240 4677 355 4715 non
389 4665 705 4733 negaverit,
739 4667 930 4723 simile
955 4669 1093 4724 dare
1119 4687 1235 4726 non
1267 4673 1459 4727 tardet
1490 4679 1546 4729 et
1567 4676 1807 4730 cadaver

152 4750 367 4804 mortui
402 4752 665 4825 accipiat.

145 4859 279 4911 CAP.
312 4858 437 4912 215.
470 4889 538 4899 —-
572 4861 642 4915 De
672 4876 731 4917 eo
750 4863 847 4933 qui
874 4866 1153 4991 furtéigm
1174 4881 1292 4923 rem
1319 4870 1555 4924 scienter
1583 4872 1805 4941 emerit,

839 4951 959 4991 cap.
1104 4982 1116 4991 .

839 4951 959 4994 σαι).
992 4951 1116 4994 541.

839 4952 959 5005 cap.
992 4952 1116 4994 541.

221 5016 279 5069 Si
309 5017 442 5087 quis
467 5018 744 5077 furtivam
792 5040 914 5078 rem
960 5025 1213 5082 scienter
1260 5044 1448 5084 emere
1482 5046 1803 5101 praesump-

151 5104 316 5173 serit,
352 5110 407 5160 et
446 5108 654 5164 exinde
684 5112 965 5180 probatus
997 5114 1192 5185 fuerit,
1224 5117 1477 5173 similem
1498 5120 1699 5176 reddat
1720 5119 1807 5175 illi

148 5195 323 5264 cujus
368 5196 676 5266 pecuniam
708 5203 1091 5273 comparavit,
1155 5203 1317 5261 salva
1366 5206 1637 5263 videlicet
1675 5209 1805 5279 ejus

147 5282 383 5352 iustitia
414 5284 473 5339 in
508 5284 710 5343 altero.

142 5382 275 5435 CAP.
308 5380 434 5437 216.
468 5413 538 5425 -
562 5390 639 5440 De
667 5401 727 5441 eo
756 5388 852 5462 qui
881 5388 1128 5462 latronis
1154 5406 1276 5445 rem
1322 5394 1593 5462 furtivam
1620 5394 1801 5450 scien-

414 5462 496 5510 ter
509 5460 791 5527 acceperit
819 5459 1244 5530 custodiendam,
1277 5459 1397 5535 cap.
1419 5466 1543 5521 248.

220 5541 279 5597 Si
312 5545 445 5614 quis
478 5546 549 5601 de
581 5546 807 5605 latrone
854 5548 1130 5606 furtivam
1162 5567 1282 5607 rem
1319 5554 1569 5609 scienter
1598 5555 1670 5611 ad
1702 5571 1801 5610 cu-

146 5630 527 5689 stodiendum
558 5636 865 5710 acceperit,
901 5639 1072 5710 quasi
1105 5640 1199 5696 fur
1226 5647 1557 5714 componat.

2508 487 2661 550 serit,
2690 502 2808 558 cap.
2843 488 2967 542 353.

2008 568 2217 639 Siquis
2279 572 2431 628 viam
2493 573 2811 645 publicam,
2875 581 2975 631 aut
3023 576 3451 648 lithostratum,
3500 581 3588 637 vel

1934 657 2089 713 viam
2148 676 2522 718 communem
2581 663 2753 721 alicui
2806 666 3083 723 clauserit
3143 676 3344 723 contra
3373 668 3583 742 legem,

1935 761 2068 801 cum
2100 765 2206 803 sua
2238 749 2364 821 lege
2394 758 2728 824 componat,
2789 760 2847 811 et
2894 756 3227 813 clausuram
3260 774 3441 828 quam
3504 758 3585 814 ibi

1934 835 2071 890 fecit
2092 835 2274 893 tollat.
2309 839 2471 903 Quod
2505 841 2553 896 si
2585 857 2795 914 negare
2826 845 3093 912 voluerit,
3126 862 3262 902 cum
3292 849 3359 902 12
3388 864 3584 905 sacra-

1936 930 2130 982 menta
2162 928 2376 984 talibus
2406 930 2585 999 juret.

2236 1028 2363 1082 CAP.
2396 1028 2521 1082 218.
2554 1060 2623 1068 —
2662 1030 2732 1085 De
2760 1030 2975 1097 eodem,
3007 1048 3125 1104 cap.
3157 1033 3283 1088 354.

2004 1113 2064 1169 Si
2094 1114 2407 1187 quisquam
2440 1118 2859 1175 convicinalem
2908 1121 2994 1175 vel
3026 1122 3383 1192 pastoralem
3416 1123 3579 1179 clau-

1932 1204 2096 1269 serit,
2120 1222 2257 1260 cum
2288 1222 2397 1262 sua
2426 1206 2552 1278 lege
2581 1214 2915 1280 componat,
2948 1213 3003 1265 et
3036 1210 3223 1281 ipsam
3254 1212 3408 1269 viam
3441 1229 3577 1285 ape-

1930 1294 2060 1350 riat.
2096 1293 2397 1363 Similiter,
2432 1301 2489 1352 et
2519 1297 2589 1353 de
2620 1298 2831 1354 semita
2870 1298 3202 1355 faciendum
3235 1304 3342 1356 est.

1927 1402 2057 1458 CAP.
2090 1403 2221 1458 219.
2252 1435 2330 1478 -τ-
2350 1405 2423 1459 De
2450 1421 2510 1460 eo
2531 1408 2627 1478 qui
2659 1408 2881 1478 fontem
2938 1406 3019 1462 vel
3046 1411 3272 1478 puteum
3292 1424 3390 1478 per
3418 1410 3574 1466 invi-

2274 1476 2427 1531 diam
2446 1476 2906 1547 coinquinaverit,
2940 1476 3057 1547 cap.
3090 1480 3216 1535 355.

1999 1563 2057 1617 Si
2092 1563 2225 1636 quis
2258 1565 2476 1620 fontem
2509 1582 2860 1637 quacunque
2891 1566 3113 1623 invidia
3159 1568 3571 1641 coinquinave-

1927 1652 2002 1706 rit
2033 1652 2119 1707 vel
2153 1654 2553 1720 maculaverit,
2584 1656 2857 1711 emendet
2903 1672 3037 1711 eum
3071 1657 3281 1729 primo,
3314 1663 3380 1714 ut
3409 1658 3572 1716 nulla

1926 1740 2004 1795 sit
2032 1742 2530 1813 coinquinationis
2558 1744 2615 1798 in
2642 1761 2707 1800 eo
2740 1746 3022 1816 suspicio,
3054 1752 3111 1801 et
3142 1763 3277 1803 cum
3307 1746 3433 1820 lege
3462 1765 3571 1805 sua

1919 1829 2125 1886 vicinis
2155 1831 2263 1886 hoc
2289 1832 2581 1887 emendet.
2616 1834 2673 1888 Si
2706 1839 2903 1889 autem
2937 1834 3328 1905 plurimorum
3346 1836 3567 1893 vicino-

1919 1935 2049 1975 rum
2081 1926 2293 1991 puteus
2322 1921 2517 1991 fuerit,
2574 1922 3057 1994 compositionem
3114 1925 3267 1981 inter
3316 1942 3379 1981 se
3438 1942 3568 1982 mu-

1918 2013 2181 2066 tuentur.

1917 2100 2051 2156 CAP.
2083 2101 2193 2155 220
2214 2131 2290 2175 _——-
2324 2105 2401 2155 De
2430 2115 2491 2156 eo
2519 2102 2611 2175 cui
2636 2102 2927 2175 metallum
2978 2101 3325 2175 aliquodrvel
3356 2104 3570 2175 species

2169 2173 2380 2244 aliqua:
2406 2174 2620 2244 fuerint
2644 2174 3023 2241 commodata),
3056 2190 3173 2246 cap.
3209 2174 3330 2229 356.

1991 2266 2048 2322 Si
2081 2265 2173 2320 cui
2213 2280 2448 2330 aurum,
2479 2264 2568 2319 vel
2592 2270 2923 2337 argentum,
2954 2269 3055 2321 aut
3077 2269 3446 2331 ornamenta,
3478 2264 3567 2320 vel

1920 2370 2281 2427 quascunque
2306 2353 2529 2423 species
2556 2354 2772 2410 fuerint
2794 2356 3197 2423 commodatis,
3222 2354 3343 2410 sive
3356 2354 3427 2409 ad
3442 2370 3569 2409 cus-

1920 2443 2265 2497 todiendum
2302 2443 2529 2497 traditas
2555 2442 2696 2513 sint,
2718 2443 2805 2498 vel
2828 2443 3169 2513 vendendas,
3201 2446 3258 2497 et
3297 2442 3355 2497 in
3393 2443 3565 2499 domo

1918 2533 2107 2604 ipsius
2139 2549 2273 2587 cum
2303 2532 2476 2587 rebus
2498 2533 2623 2588 suis
2646 2532 2889 2588 forsitan
2914 2532 3129 2587 fuerint
3150 2531 3422 2587 incendio
3448 2547 3565 2587 cre-

1918 2626 2109 2691 matas,
2128 2639 2243 2677 una
2258 2639 2389 2678 cum
2408 2621 2774 2694 testibuslqui
2797 2622 3166 2677 commodata
3184 2625 3569 2693 susceperant

1918 2714 2170 2783 praebeat
2190 2718 2556 2769 sacramenta
2572 2713 2719 2768 nihil
2734 2713 2939 2768 exinde
2959 2712 3083 2769 suis
3097 2712 3386 2784 profuisse
3412 2728 3568 2767 com-

1917 2801 2168 2873 pendiis,
2202 2807 2259 2856 et
2289 2802 2434 2857 nihil
2463 2806 2707 2874 cogatur
2734 2802 3048 2869 exsolvere,
3077 2806 3315 2873 excepto
3346 2817 3488 2856 auro
3512 2804 3570 2856 et

1916 2896 2155 2962 argento
2186 2892 2341 2962 quod
2376 2893 2579 2948 ardere
2600 2909 2713 2948 non
2749 2896 2995 2963 poterat.
3021 2890 3079 2946 Si
3103 2907 3234 2947 vero
3262 2907 3391 2961 quae
3414 2906 3571 2945 com-

1917 2982 2153 3037 modata
2186 2982 2438 3051 fuerant,
2464 2983 2618 3037 furto
2646 2983 2971 3053 probantur
2987 2981 3203 3051 ablata,
3223 2980 3385 3051 eiqui
3408 2996 3567 3040 com-

1916 3071 2171 3137 modata,
2190 3070 2524 3142 perdiderat
2546 3071 2801 3142 spatium
2824 3070 3138 3137 tribuatur,
3173 3071 3355 3126 donec
3379 3069 3565 3125 furem

1834 3166 1877 3235 α
1916 3176 2023 3215 sua
2046 3159 2491 3232 investigatione
2522 3160 2834 3232 perquirat,
2885 3164 2940 3215 et
2994 3160 3040 3214 si
3075 3176 3210 3215 eum
3262 3158 3566 3224 invenerit,

1919 3251 2336 3305 commodatori
2371 3267 2462 3305 res
2495 3250 2756 3321 proprias
2800 3249 3206 3305 tantummodo
3252 3247 3569 3303 reformare

1917 3346 2211 3410 procuret.
2247 3339 2603 3409 Compositio
2635 3355 2765 3392 vero
2798 3338 2938 3393 furti
2971 3338 3041 3392 ad
3074 3354 3208 3393 eum
3243 3335 3567 3409 quihabuit

1918 3429 2287 3483 commodata
2317 3428 2620 3499 pertineat.
2655 3426 2815 3491 Quod
2849 3426 2898 3481 si
2932 3427 3024 3481 fur
3054 3443 3168 3481 non
3203 3425 3377 3480 fuerit
3407 3426 3564 3481 intra

1918 3520 2205 3572 statutum
2240 3517 2788 3587 tempusinventus,
2841 3514 3122 3570 medietas
3172 3530 3367 3569 rerum
3401 3530 3560 3569 com-

1918 3607 2278 3661 modatarum
2300 3606 2538 3661 domino
2557 3603 2913 3675 suscipiente
2937 3604 3233 3660 reddatur.
3263 3603 3557 3659 Damnum

1917 3711 2047 3750 vero
2080 3695 2336 3749 medium
2360 3693 2593 3765 utrique
2615 3693 2965 3759 sustineant,
2996 3699 3053 3747 et
3083 3693 3153 3759 si,
3180 3693 3558 3764 postmodum

1916 3783 2193 3839 dominus
2226 3785 2379 3855 apud
2408 3799 2537 3838 eum
2574 3782 2672 3854 qui
2704 3782 3162 3839 commodaverit
3191 3796 3560 3854 quaecunque

1915 3873 2134 3928 fuerint
2163 3890 2501 3945 suppressa,
2553 3874 2854 3945 repererit,
2908 3873 3062 3929 sicut
3120 3871 3333 3928 furtiva
3377 3872 3450 3928 ab
3494 3887 3561 3927 eo

1913 3962 2241 4035 exigantur.

1914 4063 2047 4118 CAP.
2081 4062 2207 4115 221.
2236 4094 2307 4132 7—
2339 4062 2412 4115 De
2440 4077 2499 4116 eo
2547 4061 2643 4132 qui
2701 4076 3089 4132 quamcunque
3147 4076 3261 4115 rem
3320 4058 3563 4132 alienam

2004 4134 2123 4188 sine
2156 4131 2437 4187 voluntate
2465 4130 2677 4187 domini
2704 4130 2794 4187 sui
2822 4130 3148 4197 vendiderit,
3183 4147 3301 4196 cap.
3336 4130 3460 4183 365.

1981 4221 2045 4275 Si
2076 4220 2209 4291 quis
2239 4220 2566 4275 vendiderit
2596 4236 2687 4275 res
2722 4219 2943 4275 alienas
2974 4219 3103 4273 sine
3132 4217 3431 4271 voluntate
3459 4216 3563 4270 do-

1915 4309 2059 4363 mini
2093 4310 2205 4371 sui,
2235 4313 2337 4362 aut
2367 4313 2743 4376 servum,aut
2772 4306 3069 4373 ancillam,
3104 4310 3205 4361 aut
3235 4320 3561 4375 quamcun-

1913 4414 2025 4470 que
2077 4413 2220 4465 rem,
2252 4398 2440 4468 ipsam
2475 4397 2702 4469 legibus
2734 4397 2957 4452 reddat.
2994 4396 3061 4450 Et
3112 4395 3159 4451 si
3209 4394 3399 4466 ipsam
3446 4409 3560 4447 non

1914 4492 2104 4560 potest
2136 4487 2415 4553 invenire,
2449 4487 2594 4541 duos
2625 4485 2961 4541 consimiles
2991 4490 3049 4540 et
3082 4482 3323 4555 aequalis
3369 4480 3563 4537 meriti

1916 4575 2139 4629 reddat.

2133 4668 2265 4719 CAP.
2296 4665 2421 4719 222.
2459 4696 2524 4702 —
2559 4665 2630 4719 De
2659 4663 2857 4718 damno
2888 4662 3038 4729 dato,
3069 4678 3189 4732 cap.
3221 4661 3347 4716 366.

1986 4753 2046 4808 Si
2079 4754 2211 4826 quis
2242 4753 2495 4825 alicujus
2528 4754 2773 4819 caballo,
2825 4751 2911 4807 vel
2944 4752 3096 4819 bovi,
3130 4750 3215 4806 vel
3248 4749 3569 4821 cujuslibet

1917 4844 2281 4914 quadrupedi
2316 4860 2495 4897 unum
2529 4842 2763 4897 oculum
2815 4840 3157 4909 excusserit,
3206 4841 3568 4911 appretietur

1918 4931 2061 4987 illud
2088 4934 2241 5003 quod
2276 4931 2448 4998 valet,
2480 4936 2536 4986 et
2567 4936 2789 5002 partem
2812 4930 3008 4987 tetiam
3043 4933 3377 5001 componat.

1916 5043 2051 5093 CAP.
2084 5038 2206 5092 223.
2241 5057 2310 5089 Ξ
2335 5039 2406 5092 De
2435 5053 2494 5091 eo
2524 5038 2620 5108 qui
2650 5039 2919 5093 latronem
2978 5037 3213 5108 hospitio
3271 5034 3561 5105 receperit.

2262 5107 2660 5180 capitularium
2692 5111 2783 5164 lib.
2821 5127 2896 5179 v1,
2929 5125 3048 5180 cap.
3082 5107 3209 5161 293.

1987 5198 2327 5269 Quicunque
2353 5203 2485 5270 post
2507 5198 2666 5253 illam
2688 5198 2933 5254 missam
2951 5196 3137 5253 sancti
3157 5193 3404 5250 Joannis
3418 5208 3565 5264 prae-

1915 5287 2066 5342 teriti
2099 5287 2236 5342 anni
2269 5288 2500 5342 cuidam
2532 5286 2744 5343 latroni
2790 5285 3155 5340 mansionem
3207 5280 3563 5353 [manumis-

1915 5375 2165 5446 sionem]
2198 5376 2439 5441 dederit,
2492 5375 2540 5431 si
2569 5378 2825 5431 Francus
2849 5379 2959 5440 est,
2991 5388 3125 5428 cum
3170 5374 3235 5425 12
3267 5367 3561 5426 similibus

1914 5464 2149 5520 Francis
2176 5466 2504 5536 juretquod
2525 5465 2809 5520 latronem
2824 5478 2957 5518 eum
2980 5462 3159 5518 fuisse
3190 5476 3305 5516 non
3329 5456 3558 5527 scisset,

1913 5554 2045 5611 licet
2071 5559 2233 5625 pater
2262 5556 2387 5625 ejus
2420 5554 2496 5609 sit
2526 5558 2626 5609 aut
2656 5554 2851 5619 frater,
2903 5550 2991 5606 vel
3042 5548 3264 5620 aliquid
3316 5546 3555 5621 propin-

1912 5661 2086 5715 quus.
2118 5644 2177 5700 Si
2209 5644 2318 5699 hoc
2340 5644 2542 5715 jurare
2573 5659 2687 5697 non
2720 5641 2991 5713 potuerit,
3024 5646 3081 5697 et
3108 5640 3178 5696 ab
3211 5638 3324 5695 alio
3356 5637 3558 5694 convi-
