4000 6060
1481 253 1546 302 D.
1592 244 1834 300 IVONIS
1869 238 2361 298 CARNO’I‘ENSIS
2396 234 2713 289 EPISGOP‘I
3694 215 3808 271 θέε

2502 387 2574 400 --
2601 356 2684 428 Si
2707 350 3087 428 ﬁliofamitias
3132 350 3520 428 inscionpatre
3556 340 3809 417 pecunia

396 265 501 319 9'17

402 391 533 443 ctus
562 384 739 441 fuerit
768 382 925 454 quod
956 379 1242 434 latronem
1274 375 1331 429 in
1365 370 1619 442 hospitio
1664 364 2039 438 suscepisset,
2070 362 2125 429 Α
2153 361 2288 417 CAP.
2327 358 2454 414 230.

406 419 533 443 υιιυο
562 419 739 441 sum”
768 419 925 454 \iuuu
958 419 1242 434 ιυιυιυυν...
1276 419 1331 429 ...
1368 419 1614 442 ...κτηη
1664 419 1795 424 -..--
1823 419 1864 438 τ
1914 419 1921 420 ,
2026 419 2039 433 ,
2070 419 2081 429 ε

406 476 575 547 quasi
604 474 754 530 latro
787 472 884 541 sit,
906 469 1045 541 quia
1071 464 1328 523 infidelis
1359 466 1448 517 est
1478 462 1677 515 noster
1705 461 1761 513 et
1792 460 2044 509 Franco-

2533 419 2716 501 fucrit
2740 419 3113 488 coinmodata,
3144 437 3266 492 cap.
3298 419 3424 474 304.

2226 520 2329 547 n..:
2364 518 2742 547 m:..c......:i:....
2775 520 2974 547 ...πη-,ι
3026 511 3332 547 tntum-lin}.
3389 509 3424 547 ιι

409 504 575 547 quam
606 504 754 530 luu’u
787 504 884 541 Du,
906 504 1045 541 ιίυια
1073 504 1328 523 ιιιιιυυηυ
1359 504 1448 517 νυν
1480 504 1667 515 ..νυ-ν-
1707 504 1761 513 ...-
1793 504 1813 508 -
1834 504 2001 509 -..-_--

409 583 578 633 rum;
610 567 667 619 et
696 561 796 634 qui
829 559 993 614 illum
1026 554 1285 626 suscepit
1331 549 1543 607 similis
1589 551 1680 604 est
1710 545 1817 600 illi.
1853 543 1908 597 Si
1942 558 2045 596 au-

2226 520 2332 585 Qui
2364 518 2744 575 ﬁliotamilias
2774 520 2980 572 contra
3026 511 3337 568 interdicta
3389 509 3586 580 legum
3626 504 3817 560 inscio

2206 608 2643 634 -ι..-.......-..ε......
2680 603 3065 634 “ﬂamma-..”
3120 617 3244 634 nam
3280 614 3385 634 non
3435 596 3664 634 uiuantn
3711 608 3817 634 nam

410 596 541 622 rqu
565 608 578 633 ,
610 596 667 619 ῠι.
696 596 796 634 ιμιι
831 596 993 614 mum
1026 596 1285 626 ουυνυνιν
1331 596 1543 607 ....-..-...
1591 596 1678 604 ---
1710 596 1815 600 -----
1868 596 1901 597 ,,

410 660 530 711 tem
564 652 786 708 audivit
815 648 970 721 quod
1002 647 1150 702 latro
1201 642 1427 711 fuisset,
1461 643 1517 695 et
1562 642 1758 694 tamen
1793 650 1909 689 non
1942 629 2053 686 scit

2206 614 2320 664 atre
2337 608 2647 680 pecuniam
2679 603 3089 669 commodavit,
3119 617 3247 657 eam
3280 614 3387 655 nec
3435 596 3664 651 vivente
3711 608 3823 648 nec

2206 704 2390 721 .-..ι---
2426 702 2585 721 ..-ι-Α
2620 697 2686 721 -L
2724 696 2926 721 -..ΔΑ-...
2964 690 3171 721 ..δικ-ξι
3205 687 3504 721 ,υκαι-ιι...

416 687 530 711 ιῠιυ
564 687 786 708 αυυινιυ
816 687 970 721 LII-lu“
1002 687 1149 702 ιυιιιυ
1201 687 1427 711 ενι-νυν.)
1462 687 1515 695 ν-
1569 687 1757 694 -..----ν-
1796 687 1885 689 πί.

415 743 683 811 ﬁrmiter,
712 743 874 812 juret
898 737 1060 794 solus
1086 734 1238 806 quod
1273 745 1576 801 nunquam
1625 742 1758 781 eum
1792 722 2053 778 audisset

2206 704 2394 753 mrtuo
2425 702 2587 769 patre
2619 697 2690 752 ab
2722 696 2929 751 eodem
2962 690 3173 764 poterit
3205 687 3523 762 postulare.

412 790 519 888 nec
549 790 983 903 ρξξῲξὴξῲᾧ
1018 790 1123 879 nec
1156 839 1258 894 per
1297 790 1671 875 mendacium
1722 813 2009 868 latronem
2036 825 2050 874 ;
2252 811 2383 861 CAP.
2415 806 2540 860 231.
2572 835 2643 844 —
2680 803 2753 858 Dc
2779 800 3035 874 pignoris
3063 795 3399 861 venditione,
3429 808 3551 863 cap.
3584 790 3713 845 313.

413 880 517 977 aut
545 880 917 987 sitpar‘atus,
944 880 993 968 si
1027 911 1125 968 ille
1157 880 1358 982 postea
1390 908 1462 962 de
1491 900 1793 959 latrocinio
1821 896 2051 954 convin-
2234 894 2286 949 Si
2311 894 2442 965 quis
2464 893 2738 960 creditor,
2763 890 3025 946 debitore
3054 887 3113 942 in
3138 884 3489 942 solutionem
3516 880 3819 950 tardante,

414 968 997 1077 ⁷ιιὶᾑέίιιιῖὶήὶὶθιι
1027 968 1360 1057 damnetur.
2166 999 2289 1041 rem
2321 984 2434 1039 sibi
2468 999 2570 1055 pro
2604 981 2803 1037 debito
2852 978 3105 1051 positam
3158 971 3518 1038 distraxerit,
3573 971 3625 1026 si
3676 968 3821 1042 quid

413 1117 545 1170 CAP.
576 1112 703 1167 224.
734 1142 803 1153 --
831 1110 1064 1165 Servum
1093 1123 1204 1162 non
1231 1102 1578 1161 audiendum
1625 1101 1836 1156 crimen
1886 1092 2061 1151 alicui

2206 1071 2422 1145 mplius
2480 1075 2785 1143 acceptum
2835 1066 3013 1123 fuerit
3050 1081 3229 1137 quam
3261 1061 3604 1129 debebatur,
3661 1058 3825 1130 quod

1626 1150 1664 1156 ﬂ
1910 1150 1913 1151 7
2172 1162 2427 1234 amplius
2454 1165 2758 1232 acceptum
2789 1162 2880 1214 est
2912 1159 3211 1212 restuatur
3239 1150 3512 1208 debitori.

485 1279 660 1331 Servo
692 1272 927 1344 penitus
949 1248 1073 1327 non:
1097 1269 1365 1324 credatur
1395 1264 1441 1320 si
1476 1279 1651 1335 super
1668 1260 1925 1331 aliquem
1950 1254 2064 1312 cri-
2173 1264 2309 1320 CAp,
2339 1262 2466 1317 232.
2500 1293 2568 1303 -.
2615 1260 2677 1317 δε
2728 1260 2850 1332 qui;
2903 1256 3150 1344 (111‘qu
3196 1250 3433 1309 minori;
3488 1248 3832 1316 vendiderit,

419 1381 554 1421 men
585 1361 883 1434 objecerit,
912 1364 1013 1416 aut
1037 1358 1087 1414 si
1118 1359 1292 1415 etiam
1318 1354 1621 1411 dominum
1654 1367 1829 1407 suum
1861 1348 1921 1403 in
1950 1344 2067 1401 cri-

422 1454 582 1511 mine
610 1451 950 1524 impetierit.
982 1449 1128 1504 Nam
1162 1447 1211 1502 si
1251 1442 1558 1501 tormentis
1615 1441 1843 1512 positus
1895 1452 2069 1508 expo-

421 1548 524 1599 nat
553 1542 706 1613 quod
738 1539 960 1613 objicit,
984 1536 1139 1594 credi
1171 1539 1365 1592 tamen
1388 1531 1470 1588 illi
1504 1528 1663 1586 nullo
1694 1527 1867 1584 modo
1898 1542 2070 1597 opor-

419 1632 587 1687 tebit.

423 1720 560 1777 CAP.
593 1720 721 1775 225.
748 1750 818 1760 ——
848 1723 927 1800 De
948 1717 1031 1772 his
1062 1715 1213 1800 apud
1236 1728 1389 1800 aqua:
1434 1724 1577 1800 pag
1621 1707 1832 1781 rapina
1879 1704 2070 1775 deprc—
2100 1731 2149 1798 Β

896 1791 1064 1845 hensa
1092 1783 1292 1861 fuerit,
1324 1800 1441 1854 cap.
1476 1783 1600 1837 355.

490 1882 662 1952 Apud
697 1895 873 1951 quem
917 1876 1112 1933 scelus
1173 1872 1536 1946 agnoscitur,
1566 1874 1624 1925 et
1670 1884 1805 1939 pars
1854 1863 2071 1936 rapina:

421 1971 599 2026 fuerit
627 1970 882 2038 inventa,
918 1965 1120 2021 statim
1151 1964 1337 2020 socios
1371 1978 1511 2017 suos
1564 1957 1867 2014 nominare
1896 1970 2090 2026 cogar

421 2066 540 2114 tur.
564 2059 720 2123 Quos
752 2057 801 2114 si
828 2056 1131 2112 nominare
1161 2051 1437 2118 noluerit,
1464 2052 1731 2105 teneatur
1754 2044 2074 2114 ad;vindic-

424 2155 570 2205 tam.
603 2147 766 2211 Quod
806 2146 858 2202 si
889 2144 1189 2201 honestior
1214 2156 1463 2214 persona
1487 2146 1593 2205 est,
1627 2141 1684 2193 et
1713 2152 1817 2208 pro
1857 2132 2076 2190 scelere

426 2238 712 2294 rationem
743 2236 969 2301 reddat,
1003 2238 1060 2290 et
1090 2250 1216 2305 quae
1251 2230 1446 2287 ablata
1472 2227 1563 2285 vel
1602 2241 1802 2281 eversa
1850 2224 2079 2278 fuerant

429 2326 893 2399 quadrupliciter
923 2323 1215 2380 restituat.
1249 2320 1410 2387 Quod
1461 2318 1509 2373 si
1563 2319 1719 2372 certe
1768 2313 1921 2385 apud
1956 2328 2076 2365 ser-

426 2433 568 2472 vum
601 2416 821 2489 rapinis
853 2431 990 2486 pars
1020 2412 1369 2484 reperiatur,
1402 2411 1640 2463 centum
1689 2400 2082 2476 quadraginta

432 2504 660 2576 ﬂagella
690 2504 923 2576 publice
974 2506 1250 2558 extensus
1300 2496 1568 2570 accipiat,
1617 2498 1675 2550 et
1704 2492 1911 2564 [socios
1942 2506 2082 2546 suos

432 2596 737 2653 nominare
765 2612 882 2652 non
914 2594 1168 2649 differat.

435 2694 570 2751 CAP.
601 2696 726 2749 226.
759 2727 827 2735 —
876 2696 951 2749 De
997 2690 1289 2747 levioribus
1332 2688 1569 2759 peccatis
1606 2683 1936 2759 dilationem
1957 2694 2085 2759 esse

501 2769 903 2837 praestandam,
927 2768 981 2819 et
1007 2764 1080 2837 de
1098 2753 1401 2837 sceleribus
1428 2759 1721 2837 convictus
1737 2756 1790 2837 si
1809 2753 2088 2826 appellare

503 2826 797 2964 ἷιέιῖιθνίηι,
829 2826 940 2893 non
972 2834 1290 2892 audiendos.
1336 2831 1670 2903 Capitular.,
1704 2826 1799 2882 lib.
1834 2842 1930 2894 vn,
1966 2840 2083 2896 cap.

508 2997 574 3050 In
608 2996 886 3053 civilibus
917 2995 1114 3051 causis
1139 2994 1227 3049 vel
1259 2992 1574 3049 levioribus
1605 2986 1952 3045 criminibus
2008 2984 2088 3039 le—

2868 1346 2987 1401 cap.
3014 1328 3141 1384 308.

2250 1424 2308 1481 Si
2341 1422 2475 1495 quis
2506 1421 2750 1478 cuilibet
2779 1419 3017 1475 mandet
3066 1420 3131 1472 ut
3159 1431 3283 1471 rem
3347 1427 3517 1469 suam
3550 1410 3619 1466 10
3650 1408 3825 1467 eolid.

2178 1514 2409 1580 vendat,
2433 1516 2491 1568 et
2520 1511 2617 1566 ille
2637 1525 2767 1566 eam
2789 1513 2918 1565 octo
2938 1503 3288 1574 vendiderit,
3310 1501 3565 1576 pretium
3594 1499 3753 1571 quod
3777 1497 3827 1554 ei

2180 1603 2527 1658 mandatum
2554 1604 2665 1666 est,
2697 1597 2986 1671 quidquid
3016 1596 3216 1652 minus
3237 1593 3310 1649 ab
3338 1594 3599 1663 emptore
3631 1603 3834 1660 perce-

2184 1691 2271 1764 pit
2300 1689 2630 1746 mandatori
2663 1686 2954 1760 complere
2984 1681 3409 1756 compellatur;
3458 1676 3723 1734 venditio
3744 1680 3832 1732 ta-

2180 1798 2313 1837 men
2345 1778 2599 1836 rescindi
2632 1795 2749 1834 non
2780 1779 2991 1848 potest.

2181 1871 2318 1927 CAP.
2348 1870 2474 1926 233.
2507 1899 2577 1910 ——-
2611 1868 2674 1926 Ut
2693 1882 2852 1923 nemo
2884 1872 3075 1921 contra
3106 1862 3441 1918 voluntatem
3461 1856 3719 1928 defuncti
3734 1856 3827 1928 fa-

2260 1962 2263 1963 ν
2783 1937 2915 2004 ciat,
2947 1952 3066 2008 cap.
3100 1934 3227 1989 326.

2254 2029 2542 2086 Omnibus
2574 2028 2675 2101 qui
2697 2033 2902 2083 contra
2930 2025 3291 2081 voluntatem
3323 2017 3582 2076 defuncti
3608 2015 3837 2073 faciunt

2184 2125 2249 2175 ut
2280 2118 2541 2191 indignis
2571 2118 2872 2174 auferatur
2895 2114 3226 2171 hereditas.

2487 2207 2621 2263 CAP.
2654 2207 2779 2261 234.
2814 2236 2883 2246 -
2910 2204 2986 2259 Dc
3013 2201 3222 2268 eodem,
3252 2214 3375 2270 cap.
3406 2196 3532 2252 327.

2260 2297 2367 2365 Qui
2401 2312 2504 2369 per
2530 2299 2952 2352 testamentum
2985 2290 3099 2347 sibi
3118 2288 3342 2360 aliquid
3373 2284 3721 2342 derelictum
3752 2296 3842 2338 ac-

2189 2386 2496 2459 ceperitfet
2524 2384 2923 2451 vindicaverit,
2966 2386 3022 2436 et
3048 2378 3298 2435 voluerit
3321 2380 3527 2432 contra
3563 2372 3841 2430 volunta-

2190 2479 2303 2531 tem
2340 2474 2599 2531 defuncti
2622 2488 2814 2546 agere,
2847 2470 3142 2526 licentiam
3177 2467 3411 2538 penitus
3436 2480 3553 2520 non
3571 2462 3835 2521 habebit.

2192 2583 2326 2639 CAP.
2352 2583 2478 2638 235.
2504 2611 2575 2624 --
2604 2582 2678 2636 Dc
2704 2596 2764 2637 eo
2794 2580 2891 2653 qui
2906 2576 2990 2653 ad
3012 2573 3322 2653 laedendum
3348 2572 3585 2653 alterius
3602 2573 3841 2653 famam,

2307 2655 2639 2726 scripturam
2669 2661 2770 2708 aut
2798 2643 2960 2707 verba
2985 2645 3385 2704 contumeliosa
3413 2643 3728 2713 conﬁxcrit.

2265 2744 2375 2810 Qui
2408 2745 2466 2799 in
2495 2742 2737 2799 alterius
2760 2742 2982 2797 famam
3002 2739 3063 2793 in
3094 2734 3331 2809 publico
3363 2732 3720 2804 scripturam
3744 2738 3849 2788 aut

2196 2835 2371 2891 verba
2396 2831 2822 2889 contumeliosa
2867 2826 3215 2885 confinxerit
3244 2821 3616 2897 [conﬁxerit],
3664 2826 3727 2877 et
3755 2837 3847 2879 re-

2198 2928 2399 2996 pertus
2430 2922 2649 2993 scripta
2678 2936 2792 2976 non
2822 2915 3171 2991 probaverit,
3204 2908 3851 2986 ﬂagelletur._Etea:qui

2199 3013 2363 3083 prius
2391 3010 2697 3081 invenerit,
2726 3012 3001 3080 rumpat;
3031 3004 3081 3062 si
3113 3020 3229 3060 non
3253 3000 3378 3060 vult
3406 2998 3665 3057 auctoris
3728 2998 3849 3055 ﬁcti

437 3101 580 3158 gum
642 3085 844 3140 dilatio
901 3084 1229 3155 praestanda
1275 3087 1383 3137 est.
1433 3078 1769 3147 Homicida,
1816 3073 2087 3165 adulteri,
2122 3097 2164 3165 α
2199 3073 2441 3159 ‘causam
2472 3073 2791 3159 ίηουηὲτθ,

440 3174 717 3241 malefici,
746 3174 1012 3244 venefici;
1044 3172 1313 3242 convicti,
1363 3170 1412 3226 si
1443 3167 1736 3242 appellare
1776 3163 2085 3235 voluerint,

439 3279 560 3320 non
589 3263 923 3320 audiantur.

443 3355 576 3411 CAP.
599 3354 727 3409 227.
759 3384 830 3395 -
858 3353 919 3407 Si
946 3352 1066 3423 quis
1097 3352 1270 3407 alicui
1297 3366 1413 3406 rem
1458 3365 1618 3423 suam
1659 3346 1959 3403 tradiderit
1996 3362 2088 3402 vc—

919 3422 1307 3490 nundandam,
1333 3438 1452 3493 cap.
1482 3422 1607 3475 298.

516 3515 571 3569 Si
606 3515 756 3570 facto
790 3515 974 3585 pretio
1006 3529 1128 3568 rem
1162 3510 1527 3567 vendendam
1586 3508 1799 3579 aliquis
1844 3506 2087 3562 cuicun-

445 3619 561 3674 que
592 3602 917 3671 tradiderit,
951 3605 1005 3656 et
1034 3603 1171 3657 dum
1206 3601 1277 3656 ab
1312 3616 1377 3656 eo
1426 3598 1729 3654 vendenda
1773 3596 2084 3668 profertur,

444 3708 794 3763 quacunque
824 3690 1127 3747 occasione
1154 3689 1410 3761 perierit,
1442 3686 1492 3743 ei
1525 3686 1674 3759 perit
1703 3685 1802 3757 qui
1834 3701 1960 3740 eam
1986 3684 2087 3739 de-

442 3781 607 3835 derat
642 3779 1105 3835 distrahendam.
1146 3782 1429 3833 Caeterum
1482 3775 1531 3831 si
1589 3791 1711 3830 rem
1764 3778 2085 3845 acceptam,

441 3885 557 3924 non
591 3872 831 3939 rogante
858 3867 1116 3936 domino,
1148 3867 1250 3921 sed
1282 3865 1655 3937 permittente
1684 3878 1749 3918 eo
1798 3862 1898 3934 qui
1922 3879 2088 3918 acce-

440 3957 546 4029 pit,
581 3957 721 4012 dum
753 3955 925 4012 vellet
954 3955 1309 4021 venundare,
1344 3951 1679 4025 perdiderit,
1712 3951 1821 4007 sibi
1846 3951 1925 4006 rei
1953 3966 2087 4022 per-

440 4046 572 4103 ditae
605 4045 819 4119 ingerit
845 4044 1284 4101 detrimentum.

593 4149 728 4202 CAP.
762 4176 830 4186 —-
861 4145 985 4200 228.
1019 4175 1086 4185 —
1120 4145 1190 4199 De
1213 4141 1435 4199 creditis
1463 4140 1786 4210 rebus,cap.
1808 4138 1933 4195 299.

514 4235 778 4291 Creditor
807 4234 857 4290 si
888 4234 1015 4289 sine
1046 4231 1376 4288 conditione
1434 4229 1650 4302 pignus
1692 4228 1806 4284 sibi
1854 4226 2087 4300 deposi-

440 4328 569 4378 tum
602 4327 831 4389 tenens,
891 4328 982 4378 ter
1029 4322 1353 4378 debitorem
1412 4318 1744 4375 convenerit
1792 4322 1858 4373 ut
1898 4317 2086 4373 soluto

2196 3197 2327 3249 CVP.
2357 3192 2485 3247 236.
2517 3222 2587 3232 —
2612 3191 2685 3246 De
2708 3204 2843 3262 pace
2870 3183 3164 3312 scrvaigtla.
3193 3179 3613 3252 Capitutarium
3634 3177 3740 3235 lib.
3764 3194 3851 3247 ιιι,

2894 3274 3015 3312 can.
3125 3296 3139 3311 .

2894 3274 3015 3330 cap.
3047 3274 3139 3312 οι.

2268 3353 2348 3409 De
2378 3352 2710 3409 latronibus
2732 3348 2832 3422 qui
2858 3362 3130 3420 magnam
3152 3343 3373 3400 habent
3385 3338 3845 3413 blasphemiam,

2196 3446 2530 3519 quicunque
2560 3442 2814 3515 aliquem
2838 3458 2909 3497 ex
2936 3439 3029 3495 his
3051 3431 3575 3509 comprehenderit,
3608 3430 3845 3487 nullum

2197 3539 2471 3594 damnum
2504 3535 2711 3593 exinde
2733 3534 3008 3605 patiatur.

2197 3632 2325 3688 CAP.
2358 3628 2486 3685 237.
2525 3656 2596 3667 —
2624 3626 2697 3681 Dc
2732 3638 2863 3696 pace
2890 3630 2942 3677 ct
2992 3615 3209 3746 iiéstitia
3249 3616 3399 3671 intra
3443 3610 3692 3686 patriam
3721 3624 3841 3665 scr-

2914 3708 3017 3746 van
3061 3707 3111 3746 a.

2914 3708 3017 3747 van
3024 3707 3111 3747 aa.

2268 3790 2349 3846 De
2378 3802 2518 3860 pace
2549 3790 2605 3842 et
2629 3777 2860 3856 justitia
2888 3780 3043 3836 intra
3072 3775 3345 3850 patriam,
3376 3774 3532 3831 sicut
3560 3786 3715 3843 saepe
3743 3784 3846 3842 per

2197 3879 2314 3937 alia
2339 3874 2599 3949 capitula
2621 3872 2778 3946 jussi
2812 3868 3194 3940 adimpletum
3221 3866 3342 3921 ﬁat.

2194 3984 2330 4037 CAP.
2361 3978 2486 4033 238.
2528 4005 2597 4016 ——
2627 3978 2707 4029 De
2735 3970 2946 4098 virgata
2973 3960 3630 4093 immuniistatc'Ecclcsic.
3663 3958 3841 4030 Capit.

2801 4060 2819 4097 ι
2863 4084 2877 4097 .
2910 4057 2987 4098 1v.
3017 4055 3135 4098 can.
3244 4077 3260 4093 .

2801 4055 2877 4097 ιο.
2910 4057 2987 4106 1v,
3017 4055 3135 4111 cap.
3171 4055 3260 4093 ω.

2267 4138 2325 4195 Si
2356 4138 2486 4209 quis
2511 4136 2613 4191 aut
2641 4149 2710 4189 ex
2740 4129 2851 4188 levi
2881 4145 3081 4198 causa,
3114 4130 3217 4182 aut
3248 4124 3374 4181 sine
3403 4124 3625 4187 'causa,
3657 4116 3847 4175 homi-

2197 4244 2329 4285 nem
2359 4205 2420 4282 i—n
2469 4223 2715 4281 ecclesia
2744 4217 3118 4283 interfecerit,
3150 4215 3223 4271 de
3249 4214 3369 4269 vita
3395 4210 3732 4283 componat.
3780 4205 3846 4262 Si

2195 4333 2328 4373 vero
2363 4314 2503 4371 foris
2535 4311 2707 4368 rixati
2737 4308 2976 4374 fuerint,
3007 4311 3066 4363 et
3097 4320 3253 4360 unus
3279 4301 3532 4358 alterum
3562 4298 3623 4353 in
3652 4294 3845 4353 eccle-

441 4411 637 4467 debito
670 4384 912 4484 pignora
934 4428 1043 4466 sua
1063 4411 1323 4481 recipiat,
1356 4413 1412 4465 et
1434 4408 1658 4464 debitor
1680 4406 1930 4463 noluerit
1953 4409 2088 4479 post
2120 4468 2160 4484 ﬁ
2197 4406 2286 4461 sia
2307 4404 2541 4477 fugerit,
2573 4400 2725 4456 etibi
2759 4393 3192 4455 sedefendendo
3224 4407 3360 4448 eum
3390 4384 3768 4454 interfecerit,
3789 4387 3849 4439 et

439 4506 560 4556 tres
591 4468 1021 4555 admonitiones
1050 4468 1242 4554 soluto
1273 4468 1469 4553 debito
1514 4497 1757 4569 pignora
1787 4511 1894 4551 sua
1936 4468 2085 4549 reci-
2120 4468 2164 4534 D
2197 4494 2247 4551 si
2268 4468 2447 4564 hujus
2480 4468 2615 4546 facti
2647 4492 2825 4545 testes
2858 4502 2973 4542 non
3006 4479 3306 4549 habuerit,
3328 4495 3461 4535 cum
3487 4472 3851 4547 thuratori-

441 4605 599 4661 pere,
634 4588 885 4645 creditor
914 4587 1279 4644 distrahendi
1329 4586 1594 4659 pignoris
1649 4584 1889 4641 habebit
1936 4582 2085 4639 libe-

442 4694 566 4733 ram
598 4682 966 4751 potestatem.

441 4786 577 4841 CAP.
602 4784 728 4839 229.
764 4815 831 4826 —
882 4786 956 4839 De
982 4783 1179 4839 debitis
1214 4782 1505 4847 solvendis,
1549 4790 1598 4837 et
1649 4781 1713 4836 de
1767 4794 2085 4851 compensa-

1038 4858 1208 4924 tione,
1238 4871 1357 4927 cap.
1381 4854 1506 4909 303.

512 4945 570 5003 Si
599 4945 734 5018 quis
763 4944 970 5000 debeat
999 4942 1174 4999 alicui
1222 4944 1441 5000 solidos
1495 4944 1716 5007 decem,
1750 4943 1807 4996 et
1854 4939 1953 4995 ille
1984 4940 2083 5011 qui

442 5036 614 5092 debet
642 5036 713 5090 de
744 5050 1093 5105 quacunque
1120 5034 1345 5089 ratione
1376 5032 1695 5088 debeantur
1728 5030 1811 5083 illi
1837 5047 1870 5085 a
1902 5030 2085 5085 credi-

438 5129 563 5181 tore
594 5141 700 5181 suo
730 5123 901 5179 solidi
923 5125 958 5177 5
978 5128 1035 5178 et
1055 5123 1291 5177 veniens
1312 5121 1566 5175 creditor
1590 5125 1745 5174 totos
1780 5120 1845 5172 10
1867 5118 2083 5174 solidos

439 5233 473 5272 a
504 5215 766 5270 debitore
790 5216 980 5285 petat;
1015 5211 1061 5267 si
1094 5210 1428 5282 probaverit
1456 5208 1553 5263 ille
1600 5208 1826 5263 debitor
1869 5208 1979 5263 sibi
2011 5208 2082 5263 ab

439 5320 505 5360 eo
528 5304 792 5376 quinque
820 5300 1038 5356 solidos
1072 5298 1292 5367 deberi,
1326 5313 1507 5369 quare
1537 5295 1705 5351 illum
1735 5295 1795 5350 in
1827 5297 2081 5351 solidum

438 5409 542 5465 pro
574 5391 711 5447 totis
743 5392 808 5445 tO
837 5388 1040 5447 solidis
1089 5386 1378 5451 convenit,
1438 5400 1677 5439 causam
1724 5382 1947 5456 perdat,
1981 5384 2084 5455 qui

439 5480 630 5535 noluit
659 5479 922 5535 debitum
981 5490 1384 5546 compensare.
1412 5470 1632 5528 Similis
1682 5472 1829 5528 ratio
1879 5477 1969 5529 est
2012 5472 2083 5528 de

442 5568 762 5634 frumento,
794 5567 882 5623 vel
914 5568 986 5622 de
1016 5564 1146 5621 aliis
1174 5563 1504 5635 speciebus.

2194 4584 2306 4639 bus
2337 4561 2613 4654 legitimis
2644 4594 2747 4651 per
2775 4575 3212 4634 sacramentum
3248 4568 3500 4625 affirmet
3544 4580 3607 4620 se
3636 4561 3849 4654 defen-

2196 4650 2550 4729 dendo'eum
2600 4650 2987 4732 interfecisse,
3020 4666 3078 4718 et
3134 4665 3267 4730 post
3321 4657 3443 4712 haec
3494 4653 3561 4709 10
3608 4650 3719 4708 sol.
3773 4650 3848 4706 ad

2196 4767 2421 4835 partem
2451 4757 2708 4816 ecclesia:
2740 4770 2917 4828 quam
2934 4752 3035 4808 illo
3069 4747 3384 4806 homicidio
3429 4742 3737 4835 polluerat,
3791 4743 3849 4795 et

2193 4830 2434 4922 insuper
2461 4849 2725 4904 bannum
2755 4846 3012 4899 nostrum
3064 4837 3287 4896 solvere
3314 4837 3573 4906 cogatur.
3623 4830 3680 4885 le
3706 4843 3847 4883 vero

2194 4940 2295 5012 qui
2327 4921 2664 4993 interfectus
2685 4936 2795 5002 est,
2827 4930 3053 5001 absque
3081 4921 3727 4998 compositionejaceat.
3764 4921 3845 4971 Ac

2193 5028 2403 5085 deinde
2433 5025 2770 5080 interfector
2798 5018 3122 5076 secundum
3155 5012 3448 5087 judicium
3494 5005 3848 5065 canonicum

2194 5131 2509 5190 congruam
2535 5111 2777 5170 facinori
2800 5109 2955 5182 quod
2988 5104 3232 5162 admisit
3262 5096 3666 5175 paenitentiam
3694 5093 3849 5149 acci-

2194 5182 2335 5280 piat:
2367 5206 2428 5262 Si
2461 5202 2732 5276 proprius
2789 5213 2992 5255 servus
3035 5194 3146 5251 hoc
3196 5188 3579 5257 commiserit,
3618 5182 3849 5257 judicio

2194 5279 2357 5368 aquae
2389 5292 2666 5350 ferventis
2696 5288 3086 5355 examinetur,
3130 5287 3333 5339 utrum
3366 5280 3474 5336 hoc
3506 5279 3735 5349 sponte,
3772 5288 3849 5328 an

2192 5360 2266 5440 se.
2284 5380 2649 5438 defendendo
2670 5376 2926 5446 fecisset,
2949 5378 3006 5430 et
3035 5372 3086 5429 si
3111 5387 3324 5428 manus
3345 5368 3473 5440 ejus
3501 5364 3707 5423 exusta
3725 5360 3851 5416 fue-

2190 5471 2289 5539 rit,
2322 5468 2728 5527 interficiatur.
2749 5465 2808 5521 8i
2838 5471 3034 5519 autem
3056 5477 3170 5518 non
3195 5459 3393 5524 fuerit,
3409 5451 3689 5513 dominus
3710 5449 3846 5539 ejus

2182 5536 2360 5633 juita
2382 5559 2537 5633 quod
2554 5552 2801 5628 wergelt
2817 5551 2977 5611 illius
2993 5553 3104 5620 est,
3126 5548 3199 5607 ad
3220 5545 3528 5607 ecclesiam
3546 5536 3853 5615 persolvat
