4000 6060
252 261 358 318 949

251 659 374 709 tera
401 653 528 708 vice
554 654 679 724 ipse
704 669 904 708 servus
938 654 1008 708 ad
1034 653 1391 724 supplicium
1415 655 1703 708 tradatur.
1724 659 1903 708 Hiere-

247 744 400 797 ditas
430 748 626 798 tamen
662 743 829 798 liberi
855 743 1134 810 hominis,
1160 744 1255 814 qui
1283 748 1517 814 propter
1539 743 1650 798 tale
1677 743 1903 799 facinus

247 833 319 886 ad
353 837 600 887 mortem
637 833 1160 903 fueritjudicatus,
1207 833 1278 887 ad
1313 832 1608 903 legitimos
1646 834 1901 888 haeredes

243 921 408 976 illius
441 923 758 993 perveniat.
792 922 849 976 Si
875 921 930 975 in
957 922 1103 978 atrio
1129 921 1411 990 ecclesias,
1439 923 1608 992 cujus
1635 928 1799 993 porta
1821 940 1902 977 re-

242 1011 446 1082 liquiis
478 1015 816 1066 sanctorum
850 1016 1190 1066 consecrata
1221 1015 1328 1075 est,
1359 1011 1767 1081 hujuscemodi
1799 1011 1900 1066 ho-

245 1099 551 1155 micidium
588 1105 985 1171 perpetratum
1009 1100 1200 1169 fuerit,
1232 1100 1413 1154 simili
1440 1102 1612 1155 modo
1635 1102 1901 1155 emende-

243 1194 361 1257 tur,
392 1189 483 1243 vel
515 1195 922 1260 componatur.
957 1190 1013 1243 Si
1039 1206 1174 1244 vero
1208 1193 1373 1260 porta
1396 1189 1651 1244 ecclesiae
1677 1207 1788 1244 non
1815 1193 1901 1244 est

243 1281 492 1342 sacrata,
516 1277 718 1332 eodem
744 1278 917 1332 modo
939 1283 1317 1347 componatur
1339 1278 1492 1333 sicut
1514 1277 1782 1349 componi
1807 1279 1901 1332 de-

243 1367 341 1421 bet
371 1367 528 1438 quod
560 1365 931 1421 immunitate
962 1365 1175 1421 violata
1206 1367 1612 1421 committitur.

243 1491 372 1547 CAP.
405 1491 529 1546 239.
562 1522 631 1531 —
665 1492 824 1545 Liber
865 1490 1021 1545 homo
1052 1506 1145 1544 seu
1193 1507 1388 1546 servus
1438 1491 1702 1562 quomodo
1733 1507 1790 1547 se
1835 1493 1899 1548 de

598 1566 751 1632 furto
778 1578 1023 1634 purgare
1051 1562 1263 1632 debeat,
1293 1579 1413 1631 cap.
1447 1565 1538 1618 27.

315 1660 371 1714 Si
404 1659 552 1714 liber
580 1659 754 1715 homo
787 1661 857 1714 de
901 1660 1051 1714 furto
1098 1665 1410 1716 accusatus
1459 1661 1651 1731 fuerit,
1698 1665 1756 1716 et
1806 1678 1896 1716 res

244 1750 513 1821 proprias
543 1749 835 1817 habuerit,
870 1749 928 1803 in
963 1749 1139 1804 mallo
1165 1750 1236 1804 ad
1263 1750 1632 1820 praesentiam
1666 1749 1896 1805 comitis
1927 1763 1972 1826 Β

243 1855 306 1894 se
337 1838 668 1893 adhramiat
691 1838 1091 1910 [adharmiat].
1117 1843 1183 1893 Et
1206 1839 1255 1893 si
1279 1856 1367 1894 res
1393 1856 1504 1894 non
1530 1839 1726 1904 habet,
1752 1839 1891 1894 fide-

235 1929 505 1998 jussores
539 1929 734 1996 donet,
768 1928 863 1998 qui
895 1944 1028 1982 eum
1064 1928 1817 1998 adhramire[adharmire],
1839 1933 1894 1983 et

242 2017 302 2072 in
337 2017 616 2088 placitum
651 2017 862 2072 adduci
896 2017 1127 2072 faciant.
1166 2019 1232 2073 Et
1262 2017 1433 2072 liceat
1465 2017 1514 2072 ei
1548 2017 1738 2087 prima
1771 2017 1893 2072 vice

240 2123 345 2178 per
365 2111 804 2162 sacramentum
839 2123 901 2162 se
934 2108 1260 2162 secundum
1295 2106 1482 2178 legem
1513 2106 1808 2173 idoneare,
1843 2107 1892 2161 si

239 2197 518 2269 potuerit,
550 2201 651 2251 aut
680 2196 729 2251 si
758 2195 871 2251 alia
901 2196 1048 2266 vice,
1083 2197 1196 2252 duo
1220 2201 1311 2251 vet
1333 2201 1448 2251 tres
1479 2212 1613 2250 eum
1649 2196 1717 2250 de
1738 2195 1892 2251 furto

241 2286 664 2354 accusaverint,
701 2285 870 2340 liceat
924 2285 973 2341 ei
1021 2290 1222 2341 contra
1266 2302 1449 2340 unum
1497 2301 1564 2339 ex
1615 2285 1709 2339 his
1757 2301 1890 2340 cum

243 2381 409 2431 scuto
442 2378 496 2430 et
523 2375 678 2430 fuste
710 2374 764 2428 in
799 2391 1006 2444 campo
1037 2375 1407 2430 contendere.
1433 2373 1593 2436 Quod
1619 2373 1666 2428 si
1690 2389 1893 2430 servus

241 2463 313 2517 de
365 2463 520 2519 furto
573 2468 886 2519 aecusatus
935 2461 1129 2528 fuerit,
1179 2463 1454 2517 dominus
1497 2463 1624 2532 ejus
1674 2480 1776 2533 pro
1827 2480 1892 2518 eo

243 2552 534 2620 emendet,
571 2557 671 2607 aut
698 2568 832 2607 eum
883 2556 1251 2607 sacramento
1300 2557 1569 2620 excuset;
1622 2551 1735 2606 nisi
1779 2552 1893 2608 tale

243 2642 463 2695 furtum
499 2645 896 2712 perpetratum
928 2641 1160 2708 habeat,
1195 2645 1431 2713 propter
1457 2641 1611 2712 quod
1645 2641 1714 2696 ad
1751 2659 1890 2713 sup-

242 2729 481 2800 plicium
515 2730 670 2785 tradi
700 2731 931 2785 debeat.

239 2844 374 2899 CAP.
402 2845 526 2899 240.
561 2875 628 2886 -
665 2845 728 2900 Ut
754 2843 978 2913 injustas
1007 2844 1431 2900 consuetudines
1468 2847 1683 2901 naviter
1710 2847 1893 2902 ίιιαιω

787 2917 1076 2982 tollantur,
1109 2932 1227 2987 cap.
1263 2918 1350 2971 45.

309 3015 390 3069 De
417 3013 656 3085 injustis
687 3015 1097 3070 occasionibus
1147 3020 1202 3070 et
1228 3017 1755 3072 consuetudinibus
1787 3033 1890 3071 no-

234 3102 384 3157 viter
413 3102 723 3170 institutis,
751 3103 904 3158 sicut
933 3108 1071 3159 sunt
1102 3103 1343 3172 tributa,
1365 3109 1421 3159 et
1447 3105 1663 3160 telonia
1686 3105 1742 3158 in
1768 3119 1886 3159 me-

237 3191 335 3247 dia
367 3191 478 3259 via,
511 3192 609 3247 ubi
643 3208 748 3247 nec
781 3208 955 3257 aqua,
981 3209 1086 3247 nec
1119 3192 1310 3264 palus,
1337 3210 1440 3248 nec
1472 3211 1640 3264 pons,
1666 3210 1770 3248 nec
1788 3193 1890 3248 ali-

237 3280 379 3352 quid
413 3281 529 3336 tale
561 3281 754 3348 fuerit,
791 3283 943 3336 unde
966 3283 1127 3351 juste
1159 3299 1370 3338 census
1401 3282 1550 3355 exigi
1570 3283 1778 3354 possit,
1801 3282 1888 3337 vel

241 3369 342 3425 ubi
373 3387 548 3426 naves
580 3371 791 3425 subtus
814 3376 1021 3441 pontes
1039 3371 1289 3426 transire
1312 3371 1524 3440 solent,
1546 3373 1665 3427 sive
1687 3372 1746 3426 in
1775 3387 1892 3426 me-

240 3459 334 3514 dio
369 3459 610 3514 flumine
629 3460 726 3515 ubi
753 3459 980 3515 nullum
1004 3459 1370 3516 obstaculum
1395 3465 1503 3531 est,
1529 3466 1592 3515 ut
1614 3462 1887 3516 auferan-

233 3552 346 3603 tur.
381 3547 638 3620 Antiqua
669 3553 865 3603 autem
898 3549 970 3604 ad
1008 3553 1268 3604 nostram
1315 3549 1586 3605 notitiam
1622 3550 1884 3604 deferan-

237 3641 352 3693 tur.

227 3756 360 3807 CAP.
393 3753 519 3807 241.
557 3784 618 3794 -
655 3754 716 3809 Ut
763 3755 988 3823 [orestes
1018 3767 1180 3808 nova?
1233 3753 1611 3820 dimittantur,
1645 3769 1760 3824 cap.
1791 3754 1880 3807 63.

306 3852 380 3904 De
416 3850 731 3906 forestibus
765 3851 1004 3919 nostris,
1038 3855 1101 3904 ut
1133 3851 1471 3920 ubicunque
1491 3851 1726 3916 fuerint,
1750 3851 1882 3905 dili-

227 3938 576 4009 gentissime
592 3939 1196 4009 inquirantquomodo
1212 3938 1382 3994 salvae
1397 3940 1515 3993 sint
1532 3944 1588 3994 et
1610 3939 1879 4010 defensa},

228 4031 287 4081 et
316 4033 381 4082 ut
410 4027 724 4082 comitibus
757 4028 1121 4095 denuntient,
1160 4044 1228 4082 ne
1261 4027 1441 4082 ullam
1475 4029 1745 4084 forestem
1775 4047 1881 4084 no-

226 4117 374 4171 viter
405 4117 738 4181 instituant,
764 4121 819 4170 et
838 4117 935 4172 ubi
962 4117 1190 4172 noviter
1208 4117 1512 4174 institutas
1533 4119 1660 4175 sine
1682 4125 1882 4175 nostra

217 4207 491 4277 jussione
523 4205 874 4274 invenerint,
903 4206 1200 4274 dimittere
1221 4208 1487 4262 debeant.

593 4331 728 4386 CAP.
760 4332 886 4385 242.
921 4362 989 4372 -
1021 4336 1100 4387 De
1120 4335 1275 4403 pacto
1304 4332 1505 4400 legum.

298 4419 652 4474 Communes
699 4435 906 4476 causas
957 4420 1302 4477 absentibus
1352 4421 1728 4476 consortibus
1779 4420 1876 4476 alii

223 4513 526 4565 consortes
549 4525 718 4580 agere
749 4515 1022 4581 possunt,
1058 4509 1105 4565 si
1142 4510 1224 4564 illi
1259 4510 1359 4580 qui
1394 4514 1710 4581 priesentes
1743 4513 1882 4565 sunt
1914 4488 1956 4552 Ῑ)

226 4606 464 4654 caveant
493 4603 798 4668 acceptum
822 4615 952 4654 esse
977 4598 1095 4654 illis
1119 4599 1220 4670 qui
1243 4600 1514 4654 absentes
1537 4603 1696 4668 sunt,
1720 4599 1885 4670 quid-

227 4688 368 4760 quid
405 4687 954 4758 fueritjudicatum,
981 4693 1083 4742 aut
1104 4688 1161 4742 in
1183 4689 1452 4759 praesenti
1477 4689 1879 4758 ﬁdejussorem

226 4776 519 4844 dederint,
545 4781 608 4832 ut
632 4777 831 4832 omnia
852 4793 979 4846 quas
1004 4777 1245 4832 definita
1265 4777 1482 4832 fuerint
1503 4777 1746 4850 implere
1768 4793 1880 4832 non

229 4867 523 4922 differant.

551 4966 687 5020 CAP.
723 4965 849 5020 243.
882 4996 951 5004 -
985 4966 1054 5019 De
1079 4981 1368 5036 pervasere
1387 4964 1604 5034 ﬁnium.

299 5055 356 5110 Si
374 5056 507 5127 quis
529 5072 802 5128 pervasor
823 5057 1030 5111 finium
1056 5057 1623 5128 fueritapprobatus,
1641 5071 1706 5108 eo
1728 5055 1881 5124 quod

227 5145 572 5217 priusquam
609 5145 832 5217 aliquid
872 5147 1097 5216 judicio
1130 5147 1416 5210 finiretur,
1463 5145 1517 5198 id
1547 5144 1702 5214 quod
1737 5143 1884 5198 alter

223 5238 496 5290 tenuerat
522 5236 992 5302 invasisset,non
1019 5235 1209 5291 solum
1235 5235 1373 5288 illud
1402 5233 1555 5304 quod
1583 5232 1735 5287 male
1753 5248 1882 5302 per-

226 5323 400 5390 vasit,
432 5325 688 5393 amittat,
729 5324 828 5379 sed
882 5340 955 5378 ne
1003 5323 1414 5393 unusquisque
1461 5337 1582 5377 rem
1629 5320 1880 5376 alienam

229 5417 494 5483 occupet,
527 5429 662 5469 cum
691 5412 866 5468 fuerit
894 5411 954 5466 in
989 5428 1166 5466 causa
1190 5410 1470 5477 devictus,
1495 5410 1880 5482 pervasorju-

230 5500 311 5556 ris
354 5500 524 5557 alieni
575 5506 808 5557 tantum
853 5500 1029 5574 spatii
1080 5499 1369 5567 restituat,
1397 5505 1685 5570 quantum
1735 5516 1879 5570 prae-

230 5590 488 5662 sumpsit
515 5590 808 5646 invadere.

1211 266 1519 320 DECRETI
1560 267 1743 319 PARS
1779 265 1928 318 XVI.
1967 293 2030 304 —
2063 267 2158 318 DE
2196 266 2496 321 OFFICIIS
2534 268 2716 321 LAIC.

250 390 354 443 aut
384 401 518 441 eum
553 385 602 442 si
633 385 878 441 voluerit
906 385 1095 442 eidem
1131 386 1386 442 ecclesiis
1430 388 1642 443 tradat.
1696 388 1775 443 De
1808 403 1904 442 ec-
1936 389 1990 456 Α

249 476 576 532 clesiastico
607 479 664 530 et
693 474 954 530 fiscalino
981 475 1353 531 beneficiario
1379 492 1505 530 vero
1533 477 1809 531 volumus
1844 481 1908 531 ut

245 582 349 638 pro
384 582 501 620 una
529 565 652 619 vice
673 564 990 635 wergeldis
1017 565 1145 635 ejus
1175 583 1276 636 pro
1302 582 1366 619 eo
1390 571 1795 636 componatur,
1822 566 1904 620 al-

3554 268 3664 324 950

2321 394 2450 444 CAP.
2487 391 2618 444 244.
2654 422 2721 431 -
2754 391 2827 445 De
2857 392 3021 445 rebus
3049 391 3345 446 venalibus.

2087 477 2230 532 Cum
2267 479 2420 534 inter
2443 483 2734 534 ementem
2767 484 2943 550 atque
2973 481 3316 535 vendentem
3351 480 3525 536 fuerit
3573 497 3665 537 res

2011 566 2249 621 definito
2299 569 2483 638 pretio
2567 573 2922 638 comparata,
2973 569 3242 639 quamvis
3289 569 3424 640 plus
3472 571 3666 626 valeat

2016 671 2191 724 quam
2220 658 2288 710 ad
2315 673 2569 727 praesens
2597 657 2884 723 venditur,
2912 657 3018 713 hoc
3040 659 3660 730 tantummodoirequi-

2018 747 2262 800 rendum
2297 752 2405 809 est,
2441 747 2488 800 si
2524 746 2669 801 nihil
2703 748 2925 802 fraudis
2973 748 3057 802 vel
3084 748 3511 820 violentiaiiegit
3564 749 3663 805 ille

2015 835 2114 904 qui
2145 851 2518 906 comparasse
2551 837 2871 906 probatur;
2905 841 2960 891 et
3009 836 3054 891 si
3090 838 3336 893 voluerit
3393 855 3662 894 revocare

2013 923 2111 993 qui
2145 924 2426 994 vendidit,
2462 924 2804 980 nullatenus
2835 925 3230 994 permittatur.

2394 1032 2529 1085 CAP.
2559 1033 2685 1085 245.
2717 1063 2786 1072 -
2817 1035 2953 1086 Item
2983 1033 3048 1087 de
3069 1033 3276 1089 eodem.

2082 1117 2244 1173 Prior
2274 1118 2566 1173 ordinatio
2590 1118 2736 1190 legis
2771 1119 2976 1184 fueral,
3012 1125 3075 1174 ut
3108 1122 3156 1174 si
3207 1139 3362 1176 unus
3423 1138 3490 1178 ex
3521 1139 3662 1177 con-

2010 1208 2270 1262 sortibus
2303 1224 2407 1278 pro
2462 1224 2811 1278 quacunque
2857 1209 3198 1267 necessitate
3249 1227 3372 1266 rem
3411 1212 3662 1268 vendere

2007 1295 2304 1365 voluisset,
2338 1301 2647 1351 extraneas
2678 1297 2907 1352 emendi
2957 1297 3254 1352 licentiam
3305 1316 3419 1354 non
3476 1299 3661 1357 habe-

2009 1388 2114 1454 ret,
2147 1385 2249 1439 sed
2281 1384 2390 1439 hoc
2419 1384 2633 1439 melius
2667 1385 3285 1454 probaturindultum,
3320 1392 3385 1442 ut
3415 1388 3661 1459 quicun-

2007 1490 2118 1544 que
2142 1474 2212 1528 de
2243 1473 2367 1528 suis
2401 1474 2575 1528 rebus
2597 1473 2778 1527 libero
2807 1477 3008 1528 utatur
3037 1475 3299 1542 arbitrio,
3336 1480 3391 1530 et
3423 1481 3657 1548 praeter-

2007 1563 2206 1618 missis
2237 1563 2609 1618 consortibus
2632 1562 2718 1618 vel
2742 1564 3104 1635 propinquis,
3140 1567 3231 1620 cui
3253 1565 3655 1622 volueritven-

2005 1651 2179 1707 dendi
2213 1651 2457 1708 liberam
2493 1652 2706 1707 habeat
2738 1657 3141 1724 protestatem.

2419 1763 2553 1815 CAP.
2583 1760 2709 1813 246.
2744 1791 2810 1800 —
2833 1761 2906 1814 De
2927 1761 3225 1815 dotalibus.

2072 1848 2127 1902 Si
2160 1848 2469 1920 contigerit
2500 1853 2565 1904 ut
2596 1849 2847 1904 maritus
2871 1865 3045 1904 uxore
3076 1850 3392 1921 superstite
3437 1851 3655 1907 moria-

2002 1940 2120 2004 tur,
2152 1953 2513 2008 quzecunque
2544 1954 2575 1992 a
2604 1937 2850 1992 muliere
2883 1937 3092 1992 marito
3117 1937 3173 1991 in
3209 1938 3341 1992 dote
3373 1939 3511 1994 data
3533 1940 3658 1994 fue-

2004 2029 2156 2091 rant,
2189 2026 2257 2079 ad
2291 2042 2465 2080 suum
2499 2026 2827 2081 dominium
2863 2025 3095 2080 feminae
3139 2027 3510 2091 revocabunt,
3553 2043 3657 2082 nec

2003 2111 2261 2168 haeredes
2282 2114 2542 2169 defuncti
2575 2114 2770 2169 mariti
2802 2114 2910 2169 hoc
2940 2115 3248 2169 vendicare
3269 2120 3653 2187 praesumant.

2003 2221 2136 2275 CAP.
2167 2220 2294 2274 247.
2328 2251 2396 2262 -—
2427 2221 2501 2275 De
2531 2236 2589 2276 eo
2613 2238 2704 2292 qui
2725 2222 2977 2346 lcgpitali
3028 2221 3332 2292 objections
3373 2224 3647 2293 pulsatur,

2747 2310 2764 2346 ι
2808 2334 2820 2345 .
2856 2309 2934 2346 1x.

2747 2309 2820 2346 ιο.
2856 2309 2934 2347 IX.

2072 2380 2415 2451 Quicunque
2434 2380 2614 2436 alium
2645 2382 2716 2436 de
2739 2381 3042 2436 homicidii
3068 2381 3311 2437 crimine
3327 2383 3657 2454 periculosa

2001 2469 2085 2523 vel
2119 2469 2350 2541 capitali
2384 2470 2710 2539 objections
2742 2469 3078 2539 pulsaverit,
3107 2488 3218 2525 non
3245 2472 3408 2542 prius
3441 2490 3473 2526 a
3497 2473 3655 2543 judi-

2002 2558 2169 2614 cibus
2200 2559 2474 2613 audiatur
2506 2575 2680 2627 quam
2716 2574 2776 2613 se
2818 2559 3074 2614 similem
3107 2577 3362 2631 poenam,
3395 2577 3529 2615 cum
3556 2578 3654 2616 reo

2000 2647 2273 2716 intendit,
2307 2647 2726 2718 conscripserit
2749 2648 3084 2703 subiturum
3114 2667 3126 2716 ;
3155 2653 3210 2703 et
3227 2649 3276 2704 si
3297 2665 3493 2706 servos
3513 2649 3654 2706 alie-

2003 2753 2108 2791 nos
2140 2738 2505 2792 accusandos
2538 2753 2665 2791 esse
2698 2737 3028 2804 crediderit,
3063 2754 3125 2792 se
3174 2738 3354 2792 simili
3404 2739 3655 2811 inscrip-

2001 2826 2157 2881 tione
2178 2826 2563 2896 constringat,
2588 2827 2849 2882 futurum
2871 2831 2935 2881 ut
2962 2827 3251 2898 supplicia
3271 2826 3653 2884 innocentum

2003 2931 2302 2970 servorum
2338 2918 2438 2969 aut
2481 2931 2651 2985 poena
2709 2913 2919 2986 capitis
2977 2914 3093 2980 sui,
3155 2918 3255 2969 aut
3311 2915 3651 2970 facultatem

2001 3002 2316 3058 amissione
2367 3008 2727 3074 compenset.
2788 3006 2937 3057 Ante
2985 3003 3429 3073 inscriptionem
3479 3020 3652 3059 nemo

2001 3092 2296 3147 efficiatur
2327 3093 2706 3158 criminosus,
2740 3109 2875 3147 nam
2926 3091 3308 3163 inscriptione
3366 3109 3468 3164 per
3498 3093 3654 3147 ordi-

2002 3196 2134 3235 nem
2168 3182 2340 3248 iacta,
2378 3188 2515 3236 tunc
2548 3181 2802 3251 ajudice
2826 3181 3239 3253 suscipiendus
3287 3185 3372 3236 est
3398 3197 3554 3249 reus,
3596 3186 3653 3237 et

2000 3270 2277 3325 custodite
2312 3287 2446 3325 cum
2481 3276 2820 3326 accusatore
2839 3271 3184 3336 tradendus,
3221 3273 3328 3340 est,
3354 3286 3421 3325 ea
3450 3274 3650 3326 tamen

1999 3360 2223 3414 ratione
2255 3364 2320 3414 ut
2350 3364 2468 3414 tam
2503 3359 2758 3414 accusati
2794 3375 2971 3430 quam
3007 3358 3362 3414 accusatoris
3393 3359 3649 3429 dignitas

1997 3449 2344 3515 aestimetur,
2367 3452 2423 3502 et
2457 3464 2942 3519 unumquemque
2967 3451 3098 3502 ante
3121 3447 3648 3504 discussionemita

1987 3542 2173 3610 judex
2205 3539 2376 3594 faciat
2397 3539 2712 3606 custodire,
2747 3543 2811 3592 ut
2841 3555 3044 3593 eorum
3078 3536 3290 3593 natalis
3324 3543 3425 3593 aut
3456 3539 3645 3610 digni-

1995 3634 2085 3684 tas
2118 3630 2445 3699 patiuntur.
2464 3628 2615 3682 Sane
2641 3627 2676 3680 ii
2703 3627 2803 3699 qui
2827 3626 3074 3683 crimina
3101 3644 3208 3683 sua
3240 3627 3298 3682 in
3324 3628 3645 3699 quzsstione

1991 3716 2239 3773 confessi
2276 3722 2435 3785 sunt,
2469 3717 2539 3772 de
2571 3717 2702 3771 aliis
2733 3716 2780 3771 si
2813 3716 3004 3770 dicere
3029 3716 3340 3786 voluerint,
3373 3735 3406 3772 a
3429 3718 3635 3788 judice

1993 3823 2105 3861 non
2131 3806 2462 3876 credantur,
2481 3805 2764 3876 quiajure
2788 3808 2843 3859 et
2864 3803 3090 3875 legibus
3109 3805 3496 3860 constitutum
3520 3810 3632 3874 est,

1992 3901 2057 3949 ut
2086 3899 2407 3966 spontanee
2437 3894 2800 3966 professione
2834 3910 2968 3949 reus
3001 3911 3162 3949 reum
3197 3911 3311 3949 non
3344 3895 3518 3949 faciat
3549 3911 3647 3949 ne-

1993 4001 2105 4055 que
2137 3982 2219 4037 illi
2251 3984 2321 4038 de
2352 3983 2532 4039 altero
2568 3984 2862 4052 credatur,
2889 3983 2988 4054 qui
3021 3999 3083 4038 se
3113 3982 3496 4038 criminosum
3519 3999 3646 4039 esse

1991 4074 2290 4128 confessus
2320 4077 2427 4128 est.

2309 4166 2450 4218 CAP.
2485 4162 2610 4217 248.
2645 4192 2713 4201 —-
2743 4163 2816 4216 De
2842 4161 3072 4232 famosis
3102 4159 3320 4215 libellis.

2061 4254 2168 4319 Qui
2202 4255 2485 4310 famosam
2519 4253 2783 4307 chartam
2817 4253 2888 4306 ad
2922 4251 3331 4321 cujuscunque
3363 4249 3643 4320 injuriam

1989 4347 2046 4398 et
2078 4342 2372 4397 maculam
2407 4341 2844 4411 conscripserit,
2899 4339 3039 4395 etin
3070 4344 3293 4394 secreto
3322 4338 3409 4394 vel
3441 4340 3500 4394 in
3532 4355 3644 4410 pu-

1989 4430 2139 4486 blico
2173 4431 2444 4497 afﬁxerit,
2506 4428 3036 4498 inveniendamque
3083 4427 3414 4500 projecerit,
3471 4426 3643 4484 illum

1991 4524 2192 4574 contra
2224 4536 2396 4588 quem
2432 4518 2731 4589 proposita
2781 4522 2870 4573 est
2898 4517 3168 4574 chartula
3218 4534 3332 4572 non
3385 4517 3641 4572 nocebit.

1992 4624 2095 4663 nec
2131 4609 2299 4661 famae
2332 4609 2459 4677 ejus
2492 4607 2712 4678 aliquid
2771 4608 3096 4677 derogabit.
3131 4607 3240 4661 Sed
3291 4606 3340 4661 si
3397 4605 3646 4661 inveniri

1995 4698 2251 4769 potuerit
2283 4697 2381 4769 qui
2414 4695 2754 4766 hujusmodi
2786 4696 3118 4751 chartulam
3161 4695 3317 4762 fecit,
3351 4694 3644 4750 constrin-

1992 4791 2164 4857 gatur
2216 4790 2280 4839 ut
2329 4785 2531 4854 probet
2563 4800 2741 4856 quam
2792 4784 3180 4856 conscripsit;
3234 4783 3334 4854 qui
3367 4783 3415 4838 si
3467 4785 3644 4838 etiam

1993 4893 2114 4946 quae
2148 4875 2386 4945 scripsit
2417 4875 2662 4945 probare
2693 4890 2808 4928 non
2842 4874 3119 4944 potuerit,
3169 4872 3507 4943 fastigatur,
3541 4871 3642 4942 qui

1991 4965 2277 5017 infamare
2311 4962 2520 5017 maluit
2552 4979 2726 5033 quam
2760 4978 3055 5017 accusare.

1991 5070 2124 5124 CAP.
2151 5069 2278 5124 249.
2311 5098 2380 5110 -
2427 5070 2501 5123 De
2537 5085 2596 5123 eo
2645 5069 2741 5140 qui
2783 5085 2881 5138 per
2936 5071 3355 5139 inscriptionem
3401 5067 3643 5136 aliquem

2523 5143 2880 5206 accusaverit,
2912 5140 3010 5194 lib.
3044 5156 3121 5193 1x.

2064 5229 2409 5300 Quicunque
2442 5229 2822 5299 inscriptione
2871 5227 3175 5299 praemissa
3231 5227 3639 5297 cujuscunque

1992 5318 2258 5374 criminis
2290 5333 2454 5373 reum
2489 5333 2767 5373 accusare
2797 5315 3066 5379 voluerit,
3101 5315 3172 5369 ab
3206 5330 3271 5368 eo
3303 5314 3396 5368 die
3427 5312 3643 5383 quoin-

1992 5407 2228 5478 scripsit
2259 5408 2415 5463 intra
2448 5425 2668 5463 annum
2704 5409 2942 5477 peragat
2986 5404 3319 5476 propositas
3359 5402 3638 5458 actiones.

1991 5496 2095 5562 Qui
2127 5496 2172 5550 si
2209 5497 2523 5558 distulerit,
2559 5495 2794 5551 infamis
2826 5493 3132 5559 eflfi‘ectus,
3165 5493 3454 5546 bonorum
3498 5505 3637 5547 suo-

1993 5600 2120 5638 rum
2153 5589 2364 5655 quarta
2396 5590 2556 5656 parte
2590 5583 2958 5637 multabitur.
