3948 6072
347 222 445 278 951

1431 215 1496 263 ι).
1538 209 1780 262 lVONlS
1817 205 2314 260 caauo'rnusrs
2350 167 2674 258 nP1s00Pi

3676 203 3783 257 %2

343 347 454 400 CAP
482 342 618 400 250.
651 370 720 381 —-
753 341 996 411 Utzintra
1024 352 1241 393 annum
1271 333 1592 411 criminatio
1639 329 1860 399 negotia
1886 333 1994 383 ter-
2024 331 2079 395 Α
2107 327 2237 381 CAP.
2273 326 2397 380 254.
2420 355 2497 411 ‘—‘-
2530 325 2590 378 Si
2618 324 2997 411 qualecunque
3039 325 3257 411 animal
3285 326 3352 411 ab
3381 326 3584 399 aliqua
3638 329 3786 382 irri-

878 413 1189 478 minentur,
1221 424 1338 476 cap.
1372 407 1456 460 18.

415 523 652 578 Judices
681 520 779 591 qui
813 517 1195 588 inscriptione
1218 512 1520 586 praemissa
1551 507 1878 564 criminalia
1902 521 1996 560 ne-

345 612 506 684 gotia
533 611 736 667 audire
767 606 1065 678 cmperint,
1101 621 1134 659 a
1164 603 1255 657 die
1307 597 1707 671 inscriptionis
1737 597 1785 652 si
1817 595 1993 650 indu-

350 702 472 757 cias
494 704 597 756 aut
646 702 949 754 accusator
1007 698 1107 748 aut
1132 708 1267 747 reus
1298 689 1548 762 petierit,
1585 687 1739 741 intra
1771 700 1991 740 annum

352 792 629 862 prastare
655 785 966 849 debebunt,
1000 787 1065 837 ut
1096 781 1218 836 hzec
1267 778 1414 833 actio
1455 777 1608 832 intra
1637 776 1776 831 anni
1808 774 1993 829 circu-

352 879 477 934 lum
510 877 766 932 ﬁniatur.
803 873 963 936 Quod
996 872 1046 926 si
1078 875 1384 926 accusator
1415 869 1571 922 intra
1600 881 1821 922 annum
1869 879 1995 936 quae

354 968 658 1042 proposuit
683 966 928 1038 probare
959 961 1275 1028 distulerit,
1310 959 1578 1015 absoluto
1629 974 1725 1013 reo
1767 971 1995 1028 pmnam

355 1056 641 1128 suscipiat
657 1055 884 1127 legibus
898 1051 1300 1124 superioribus
1319 1047 1818 1120 comprehensam.
1839 1043 1998 1108 Quod

357 1149 406 1204 si
436 1145 573 1202 talis
604 1160 858 1217 persona
879 1143 957 1197 sit
988 1142 1058 1196 ad
1083 1141 1248 1209 cujus
1277 1137 1708 1194 deformitatem
1761 1134 2007 1189 infamia

361 1252 479 1292 non
508 1233 819 1306 pertineat,
874 1229 1076 1285 exsilio
1109 1230 1438 1300 deputetur.
1473 1227 1717 1292 Tamen,
1751 1224 1798 1279 si
1857 1223 2010 1276 inter

359 1326 760 1382 accusatorem
787 1324 844 1376 et
874 1335 1037 1374 reum
1073 1318 1153 1372 ita
1174 1317 1376 1387 judice
1408 1318 1692 1386 praesente
1725 1327 2006 1368 convene-

361 1416 458 1482 rit,
492 1417 556 1468 ut
583 1428 686 1484 pro
719 1407 1102 1480 inscriptione
1127 1405 1432 1476 utriusque
1463 1403 1648 1474 partis
1671 1403 1911 1473 integra:
1931 1401 2012 1456 in-

363 1501 547 1558 ducias
577 1499 939 1565 tribuantur,
969 1497 1140 1551 debet
1188 1511 1221 1549 a
1245 1494 1444 1565 judice
1475 1510 1589 1548 non
1628 1490 1825 1563 negari
1859 1493 2014 1544 futu-

365 1607 520 1661 rum,
552 1597 770 1661 utpars
792 1603 919 1658 qua
952 1593 1078 1657 post
1109 1583 1347 1638 inducia
1379 1581 1552 1637 fuerit
1581 1583 1876 1651 superata,
1899 1577 2018 1634 dis-

365 1679 614 1736 trictiori
644 1675 940 1734 sententia
975 1673 1234 1730 feriatur.

365 1807 500 1864 CAP.
530 1804 657 1859 251.
686 1832 754 1843 -
783 1803 846 1858 Si
875 1815 1034 1871 quem
1062 1799 1383 1870 pwnituerit
1411 1796 1673 1871 scalium
1700 1795 2016 1851 criminali-

843 1869 944 1941 ter,
977 1869 1280 1938 accusasse,
1314 1885 1435 1939 cap.
1467 1869 1556 1922 20.

438 1990 498 2046 Si
541 2004 717 2062 quem
751 1986 1109 2059 paenituerit,
1161 2000 1472 2040 accusasse
1506 1982 1906 2051 criminaliter,
1963 1987 2021 2038 et

369 2077 817 2150 inscriptionem
851 2075 1061 2132 fecisse
1092 2075 1162 2130 de
1205 2090 1270 2129 eo
1302 2074 1455 2144 quod
1493 2073 1740 2144 probare
1771 2089 1883 2126 non
1920 2088 2017 2143 po-

369 2168 568 2234 tuerit,
606 2167 656 2222 si
682 2165 734 2222 ei
767 2183 901 2221 cum
924 2168 1197 2220 accusato
1220 2162 1534 2217 innocente
1558 2161 1910 2230 convenerit,
1933 2161 2020 2215 in-

371 2255 558 2312 vicem
592 2270 654 2311 se
684 2255 1011 2310 absolvant.
1040 2252 1098 2308 Si
1135 2251 1459 2320 verojudex
1487 2267 1621 2305 eum
1655 2249 1752 2321 qui
1781 2265 2020 2306 accusa-

371 2348 468 2401 tus
499 2348 588 2400 est
618 2343 1009 2398 criminosum
1042 2358 1172 2398 esse
1204 2340 1558 2412 cognoverit,
1582 2343 1639 2394 et
1680 2340 1831 2395 inter
1860 2355 2021 2394 reum

371 2439 432 2491 et
461 2436 862 2490 accusatorem
897 2432 1115 2486 factum
1166 2445 1270 2502 per
1298 2428 1730 2498 corruptionem
1774 2444 2021 2484 consen~

378 2539 514 2580 sum
546 2522 618 2576 de
649 2519 904 2577 colludio
937 2535 1171 2592 pcenam
1198 2517 1450 2588 excipiat
1480 2517 1710 2588 legibus
1739 2517 2022 2573 constitu-

372 2615 518 2668 tam.
550 2609 944 2665 Abolitionem
975 2608 1156 2664 invito
1189 2624 1283 2663 reo
1315 2611 1627 2678 postquam
1651 2605 1826 2661 fuerit
1847 2606 2025 2662 officii

373 2699 654 2756 custodiae
690 2697 966 2766 traditus,
999 2697 1154 2752 intra
1183 2697 1308 2751 dies
1326 2696 1414 2763 30,
1449 2694 1774 2750 accusatori
1806 2696 2025 2766 petenti

373 2789 502 2845 dari
565 2787 984 2859 permittimus,
1020 2789 1151 2857 post
1181 2785 1289 2841 hoc
1319 2789 1544 2855 tempus
1577 2783 1690 2838 nisi
1723 2799 1856 2839 reus
1886 2802 2028 2841 con-

371 2876 606 2943 sentiat,
633 2891 942 2931 censemus
968 2891 1080 2928 non
1111 2889 1240 2929 esse
1261 2873 1655 2927 tribuendam.
1688 2873 1744 2926 Si
1765 2873 2024 2930 criminis

373 2965 858 3022 accusatorintra
889 2964 1014 3018 dies
1043 2964 1112 3018 30
1143 2962 1520 3018 abolitionem
1550 2961 1801 3033 petierit,
1849 2963 2022 3019 etiam

2411 405 2586 451 totum
2617 397 2880 452 damnum
2910 398 3196 452 intulerit.
3228 399 3347 453 Lib.
3384 416 3455 454 ιν.

2175 495 2238 550 Ei
2262 494 2362 566 qui
2391 493 2616 549 irritatu
2642 511 2750 550 suo
2775 494 2954 550 feram
2977 495 3224 550 bestiam
3249 495 3333 550 vel
3353 511 3789 568 quamcunque

2107 583 2278 639 aliam
2299 583 2735 654 quadrupedem
2751 582 2811 637 in
2834 599 2897 638 se
2915 583 3250 654 irritaverit,
3272 600 3458 656 eaque
3478 586 3786 641 damnum

2104 673 2344 733 dederit.
2380 687 2567 743 neque
2594 671 2653 726 in
2687 672 2813 742 ejus
2845 672 3174 743 dominum,
3207 689 3396 746 neque
3442 675 3503 729 in
3579 681 3791 732 custo-

2105 764 2241 818 dem
2275 761 2422 817 actio
2457 761 2650 817 datur.

2106 861 2238 917 CAP.
2268 861 2394 916 255.
2426 891 2495 901 —
2528 861 2588 916 Ut
2617 860 2960 935 ﬁdeiussores
2985 861 3312 935 solutionem
3331 862 3508 919 debiti
3537 863 3793 935 aequali-
3867 876 3869 888 '

2534 943 2618 988 ter
2661 935 2810 988 inter
2835 949 2892 988 se
2921 933 3200 1002 dividant,
3234 934 3330 988 lib.
3363 951 3417 990 v.

2181 1023 2325 1077 Cum
2355 1021 2525 1077 multi
2558 1021 2937 1092 ﬁdejussores
2984 1022 3326 1093 institerint,
3361 1024 3546 1080 etiam
3611 1024 3666 1079 si
3703 1025 3776 1080 ad

2115 1110 2466 1167 solvendum
2500 1127 2629 1181 quae
2659 1111 3062 1182 promiserunt
3092 1113 3422 1183 probantur
3469 1113 3705 1180 idonei,
3737 1119 3792 1169 et

2118 1201 2346 1272 possint
2376 1216 2580 1255 omnes
2612 1199 2670 1254 in
2695 1199 2954 1255 solidum
2988 1201 3254 1269 retineri,
3276 1204 3478 1257 tamen
3532 1203 3788 1257 restntio

2121 1289 2300 1344 debiti
2329 1289 2481 1343 inter
2505 1305 2604 1344 eos
2636 1287 2952 1344 dividenda
3000 1295 3112 1356 est,
3163 1293 3228 1345 ut
3275 1290 3702 1362 unusquisque
3728 1291 3784 1345 id

2123 1379 2274 1449 quod
2309 1395 2441 1434 eum
2475 1395 2578 1449 pro
2610 1377 2875 1449 portione
2907 1395 3017 1434 sua
3045 1379 3314 1452 contigit,
3347 1378 3638 1436 exsolvat.

2124 1487 2258 1542 CAP.
2291 1486 2416 1540 256.
2452 1517 2518 1525 —
2550 1485 2620 1541 De
2652 1485 2743 1539 his
2765 1485 2862 1556 qui
2894 1485 2948 1539 in
2981 1486 3378 1542 contumeliam
3405 1487 3791 1558 alicujusscri-

2423 1565 2646 1627 pturam
2675 1559 3104 1628 composuerint.
3142 1559 3221 1612 Ea:
3251 1558 3394 1614 libro
3426 1575 3487 1614 v.

2201 1647 2266 1702 In
2296 1663 2394 1702 eos
2425 1651 2691 1702 auctores
2722 1646 2822 1716 qui
2848 1647 3110 1702 famosos
3131 1645 3362 1703 libellos
3395 1648 3456 1702 in
3489 1652 3788 1704 contume-

2056 1697 2102 1762 Β
2134 1736 2270 1792 liam
2303 1735 2543 1791 alterius
2565 1697 2998 1808 propdsuerint,
3020 1739 3184 1792 extra
3201 1735 3470 1792 ordinem
3503 1753 3703 1808 usque
3723 1738 3784 1793 ad

2129 1825 2536 1898 relegationem
2566 1823 2772 1881 insulae
2805 1824 3137 1880 vindicatur
3166 1824 3284 1880 ista
3309 1826 3651 1882 temeritas.

2129 1934 2262 1989 CAP.
2292 1933 2418 1987 257.
2454 1962 2521 1972 -
2551 1932 2626 1987 Ne
2653 1933 2779 2004 quis
2797 1931 2982 2003 judici
3009 1932 3321 2006 canoicium
3343 1933 3560 2005 inferre
3575 1949 3784 2006 praesu-

2744 2009 2878 2070 mat,
2908 2019 3033 2076 cap.
3074 2005 3157 2059 ll.

2201 2093 2538 2150 Convicium
2586 2093 2772 2164 judici
2829 2093 2900 2148 ab
2963 2092 3424 2165 appellatoribus
3483 2095 3616 2150 fieri
3677 2111 3784 2150 non

2132 2187 2381 2256 oportet,
2415 2181 2675 2254 alioquin
2704 2181 2950 2238 infamia
2981 2187 3280 2239 notantur.
3311 2183 3584 2239 Confessi
3632 2183 3784 2239 debi-

2134 2277 2286 2328 tores
2321 2289 2424 2344 pro
2449 2272 2731 2343 judicatis
2757 2271 3122 2340 habeantur;
3156 2273 3404 2344 ideoque
3427 2289 3500 2328 ex
3526 2273 3626 2328 die
3656 2289 3781 2328 con-

2134 2363 2405 2418 fessionis
2437 2367 2702 2433 tempera
2727 2360 3038 2417 solutionis
3085 2361 3384 2433 ptestituta
3431 2366 3782 2434 computan-

2132 2456 2246 2507 tur.

2133 2543 2266 2597 CAP.
2295 2542 2420 2595 258.
2450 2571 2518 2582 -—
2543 2541 2614 2594 De
2641 2555 2701 2595 eo
2733 2538 2829 2611 qui
2889 2540 3134 2608 legitime
3168 2543 3392 2596 vocatus
3432 2538 3520 2596 ad
3537 2541 3783 2612 judice»:

2580 2611 2770 2666 venire
2799 2611 3065 2680 noluerit,
3099 2627 3216 2683 cap.
3244 2612 3330 2666 16.

2216 2702 2558 2774 Quicunque
2591 2701 2776 2756 tribus
2802 2700 3253 2756 auctoritatibus
3283 2700 3780 2772 [actionibus]ju-

2137 2792 2280 2848 dicis
2314 2795 2655 2855 conventus,
2687 2788 2775 2844 vel
2806 2789 2995 2845 tribus
3024 2789 3232 2845 edictis
3262 2790 3333 2844 ad
3358 2789 3630 2860 judicem
3663 2790 3781 2845 fue-

2136 2882 2210 2936 rit
2242 2885 2612 2952 provocatus,
2642 2882 2744 2934 aut
2775 2895 2888 2933 uno
2921 2895 3024 2949 pro
3056 2878 3331 2934 omnibus
3363 2879 3783 2950 peremptorio,

2136 2972 2192 3025 id
2225 2975 2314 3026 est
2341 2970 2496 3041 quod
2521 2984 2757 3024 causam
2784 2967 3124 3038 exstinguit,
3178 2967 3349 3024 fuerit
3395 2973 3676 3024 evocatus
3734 2973 3786 3023 et

374 3054 558 3109 invito
591 3069 687 3108 reo
710 3069 744 3108 a
765 3053 967 3123 judice
997 3051 1369 3118 concedatur,
1403 3056 1459 3105 et
1489 3051 1652 3106 liberi
1703 3055 1758 3106 et
1788 3068 2026 3108 accusa—
2055 3062 2098 3129 α
2139 3058 2507 3132 prensantium
2539 3073 2707 3112 suam
2736 3056 2889 3123 apud
2921 3071 3054 3111 eum
3079 3056 3365 3127 judicem,
3398 3073 3433 3111 a
3462 3073 3585 3128 quo
3617 3057 3669 3113 ei
3692 3057 3784 3111 de.

378 3147 500 3211 tus,
525 3149 578 3197 et
599 3145 905 3198 accusator
927 3141 1261 3196 abscedant.
1290 3141 1422 3195 Post
1437 3141 1506 3193 30
1527 3155 1659 3195 vero
1691 3140 1816 3196 dies
1849 3157 2024 3212 quam

381 3234 695 3289 accusatus
723 3229 1000 3285 custodiae
1025 3229 1196 3284 fuerit
1216 3228 1484 3295 traditus,
1512 3227 1624 3283 nisi
1656 3227 2028 3285 abolitionem

383 3323 440 3377 et
471 3335 606 3376 reus
631 3322 688 3374 et
717 3322 1024 3374 accusator
1061 3335 1094 3373 a
1114 3317 1314 3388 judice
1370 3315 1663 3387 petierint,
1706 3320 2029 3374 accusatori

385 3409 495 3466 soli
527 3425 641 3464 non
674 3423 802 3464 esse
833 3407 1245 3480 prastandam.
1299 3405 1462 3469 Quod
1493 3405 1541 3461 si
1576 3409 1756 3462 testes
1785 3406 2028 3463 exhibiti

381 3499 451 3555 ad
486 3497 826 3570 petitionem
861 3497 1220 3552 accusatoris
1253 3495 1491 3564 fuerint,
1523 3500 1578 3550 et
1610 3496 1666 3550 in
1699 3496 2027 3552 custodiam

379 3588 549 3645 missi
581 3589 815 3658 fuerint,
844 3593 900 3643 et
958 3587 1196 3643 abolitio
1256 3586 1515 3660 praestita
1571 3585 1880 3658 penitaque
1909 3589 2029 3657 (sic)

376 3678 612 3748 fuerint,
646 3685 918 3749 sumplus
943 3694 1091 3748 quos
1119 3678 1599 3746 fccerunttestes,
1617 3676 1699 3731 eis
1725 3682 2029 3732 accusator

376 3767 653 3823 exsolvat.
689 3767 833 3825 Nam
861 3768 908 3823 si
946 3772 1126 3822 testes
1157 3766 1398 3821 exhibiti
1433 3768 1503 3820 ab
1537 3771 1873 3820 accusatore
1904 3782 2024 3837 pos-

376 3872 465 3912 naa
495 3856 920 3928 subjacuerint,
953 3855 1187 3911 etiamsi
1221 3853 1591 3910 consentiant
1639 3858 1852 3924 partes,
1888 3855 2027 3908 abo-

372 3945 495 4001 litio
531 3963 564 4002 a
585 3945 893 4017 judicibus
924 3945 1282 4015 denegatur;
1315 3943 1417 3997 sed
1448 3948 1550 3997 aut
1582 3943 1640 3996 in
1683 3949 2023 3998 accusatum

372 4035 421 4090 si
454 4036 755 4091 convictus
786 4033 982 4098 fuerit,
1011 4035 1110 4086 aut
1141 4032 1198 4086 in
1233 4035 1630 4086 accusatorem
1664 4031 1710 4084 si
1747 4049 1862 4085 non
1888 4048 2024 4086 con-

371 4124 598 4194 vicerit,
626 4123 854 4196 legibus
888 4120 1182 4176 sententia
1228 4136 1456 4191 poenam
1515 4136 1690 4190 quam
1738 4137 2022 4190 passurus

375 4218 498 4269 erat
528 4229 686 4281 reus,
719 4213 1026 4267 accusator
1055 4208 1324 4280 excipiat.

370 4335 501 4390 CAP.
532 4336 657 4390 252.
690 4364 760 4374 ——
811 4335 872 4389 Ut
918 4333 1124 4403 iudices
1158 4335 1474 4405 praecipites
1534 4350 1641 4388 non
1671 4334 1785 4388 sint
1815 4333 1885 4388 ad
1914 4350 2014 4389 ox-

363 4405 626 4476 plendam
654 4406 985 4461 sententiam
1013 4408 1286 4477 principis
1327 4407 1410 4459 ira
1441 4405 1727 4473 dictatam,
1775 4423 1892 4478 cap.
1926 4408 2018 4460 30.

437 4520 496 4574 Si
533 4521 808 4592 princeps
838 4521 1245 4592 cujuscunque
1275 4521 1435 4593 gravi
1469 4521 1839 4577 accusatione
1862 4538 2022 4577 com-

367 4612 562 4665 motus
593 4625 949 4681 quemquam
982 4611 1166 4667 occidi
1194 4613 1556 4683 praeceperit,
1593 4629 1706 4666 non
1755 4611 1955 4666 statim
1989 4628 2023 4666 a

359 4697 675 4768 judicibus
709 4714 836 4770 quas
870 4700 940 4754 ab
994 4699 1141 4755 irato
1175 4701 1629 4772 priucipejussa
1669 4705 1831 4764 sunt,
1863 4715 2019 4754 com-

366 4784 670 4858 pleantur,
725 4788 825 4842 sed
857 4790 926 4841 30
952 4790 1078 4844 dies
1107 4790 1208 4859 qui
1242 4789 1433 4860 puniri
1461 4792 1667 4860 jussus
1690 4795 1798 4856 est,
1835 4804 2019 4844 rescr-

363 4878 531 4931 vetur
559 4877 742 4932 donec
770 4877 955 4947 pietas
987 4876 1359 4933 dominorum
1385 4877 1628 4947 justitiae
1664 4879 1856 4934 amica
1881 4879 2020 4933 sub-

364 4966 580 5021 veniat.

365 5080 499 5136 CAP.
529 5081 656 5136 253.
688 5111 756 5122 —
790 5082 860 5136 Dc
889 5095 948 5136 eo
978 5081 1028 5134 si
1047 5081 1298 5134 alienum
1345 5084 1555 5138 animat
1614 5082 1880 5138 damnum
1911 5083 2017 5138 ali-

537 5153 632 5208 cui
657 5154 874 5223 fecerit.
909 5154 1002 5206 Ea;
1030 5150 1126 5206 lib.
1164 5168 1180 5204 ι
1212 5152 1634 5209 Sententiarum
1660 5156 1848 5210 Pauli.

440 5269 497 5324 Si
528 5269 787 5324 alienum
821 5267 1040 5323 animal
1073 5266 1350 5338 cuiquam
1404 5269 1689 5324 damnum
1732 5270 2020 5339 intulerit,

370 5362 472 5412 aut
500 5357 749 5430 alicujus
782 5359 1006 5412 fructus
1029 5356 1262 5424 laeserit,
1292 5357 1568 5413 dominus
1591 5359 1717 5429 ejus
1737 5366 1838 5414 aut
1863 5359 2018 5414 aesti-

370 5446 686 5503 mationem
717 5447 918 5510 damni
948 5447 1174 5513 reddat,
1200 5451 1302 5502 aut
1331 5447 1530 5519 ipsum
1563 5447 1780 5502 animal
1804 5448 2016 5519 tradat;

370 5534 529 5604 quod
560 5535 735 5593 etiam
765 5537 836 5593 de
866 5551 1007 5592 cane
1033 5535 1304 5594 similiter
1334 5541 1423 5593 est
1453 5541 1766 5594 statutum.

2139 3147 2472 3203 nuntiatum
2521 3150 2612 3202 est
2657 3145 2915 3201 exhiberi
2973 3144 3246 3212 noluerit,
3307 3146 3595 3202 adversus
3655 3161 3784 3201 eum

2137 3236 2305 3308 quasi
2337 3237 2395 3291 in
2417 3240 2818 3291 contumacem
2846 3233 3098 3304 judicari
3133 3240 3344 3304 potest,
3379 3233 3655 3306 quinimo
3688 3249 3787 3290 nec

2137 3325 2436 3382 retractari
2468 3341 2569 3396 per
2590 3323 3044 3396 appellationem
3080 3324 3314 3396 negotia
3336 3330 3618 3396 possunt,
3644 3341 3785 3395 quo-

2136 3415 2246 3470 ties
2277 3415 2335 3469 in
2369 3419 2775 3470 contumacem
2807 3411 3348 3482 fueritjudicatum.

2135 3523 2269 3577 CAP.
2299 3522 2422 3575 259.
2459 3550 2527 3560 —
2548 3520 2623 3574 De
2668 3534 2731 3574 eo
2761 3520 2857 3590 qni
2884 3519 2940 3573 in
2962 3517 3176 3644 jrgicio
3208 3519 3492 3591 appellare
3526 3520 3782 3585 voluerit,

2839 3606 2958 3644 can.
3063 3633 3074 3644 .

2839 3606 2958 3661 cap.
2991 3606 3074 3645 19.

2202 3681 2258 3736 Si
2291 3681 2680 3753 quandoldum
2698 3696 2877 3735 causa
2896 3696 2928 3734 a
2951 3679 3154 3750 judice
3174 3679 3784 3751 auditur,fsacramen-

2133 3775 2258 3825 tum
2292 3774 2522 3841 petente
2554 3785 2622 3824 ex
2664 3768 3061 3840 litigatoribus
3111 3785 3251 3838 uno,
3310 3767 3457 3824 alter
3507 3770 3782 3825 obtulerit

2134 3859 2412 3931 litigator,
2447 3858 2546 3929 qui
2573 3857 2878 3928 judicibus
2909 3856 3204 3930 appellare
3235 3856 3678 3928 voluerit,jtunc
3699 3876 3788 3932 ap-

2132 3947 2350 4020 pellare
2379 3947 2570 4014 debet,
2603 3947 2840 4017 quando
2871 3950 3309 4002 sacramentum
3358 3947 3628 4017 offertur,
3675 3964 3784 4004 non

2132 4041 2444 4110 postquam
2477 4035 2725 4105 iuratur.

2202 4138 2333 4189 CAP.
2367 4135 2492 4188 260.
2524 4163 2592 4174 -ο
2623 4133 2695 4188 De
2724 4147 2782 4188 eo
2811 4132 2906 4204 qui
2951 4132 3347 4204 prwjudicium
3394 4134 3597 4188 timens
3653 4133 3788 4202 ﬁde—

2464 4206 2730 4274 iussorem
2759 4204 2894 4259 dare
2921 4204 3187 4272 noluerit,
3219 4221 3339 4276 cap.
3371 4205 3461 4260 30.

2197 4295 2255 4350 Si
2290 4297 2526 4366 quando
2560 4294 2716 4349 inter
2746 4293 3081 4365 litigatores
3117 4295 3187 4348 de
3219 4294 3434 4348 damno
3464 4294 3790 4364 praesentia:

2131 4385 2221 4440 sui
2246 4383 2614 4454 ﬁdejussoris
2647 4381 2944 4438 contentio
2971 4387 3080 4451 est,
3115 4383 3164 4438 si
3189 4382 3409 4454 aliquis
3439 4382 3498 4436 in
3513 4383 3792 4438 cautione

2131 4475 2437 4529 verborum
2473 4471 2878 4544 praeiudicium
2907 4472 3134 4540 timeat,
3161 4475 3219 4528 et
3250 4475 3484 4544 propter
3505 4471 3620 4526 hoc
3648 4471 3793 4527 tide-

2123 4564 2420 4634 jussorem
2454 4562 2592 4617 dare
2615 4561 2782 4632 nolit,
2818 4565 3010 4632 potest
3059 4566 3284 4617 certum
3338 4559 3564 4631 aliquid
3597 4561 3673 4616 de
3701 4577 3793 4617 re~

2132 4655 2242 4706 bus
2272 4651 2396 4706 suis
2453 4666 2633 4722 poenae
2695 4665 2876 4704 causa
2928 4649 3260 4720 deponere;
3314 4649 3437 4719 sed,
3497 4649 3550 4704 si
3583 4654 3794 4704 contra

2131 4756 2263 4795 eum
2306 4740 2479 4794 fuerit
2529 4737 2888 4809 judicatum,
2950 4743 3007 4793 et
3064 4738 3190 4810 ipse
3251 4736 3526 4806 defuerit,
3587 4737 3794 4809 perdet

2131 4829 2285 4901 quod
2316 4827 2604 4900 deposuit.

2130 4930 2258 4985 CAP.
2289 4929 2416 4982 201.
2451 4955 2513 4966 ——
2547 4927 2621 4980 De
2643 4925 2898 4998 personis
2927 4943 2961 4981 a
3002 4926 3204 4997 quibus
3241 4941 3355 4982 non
3383 4927 3521 4998 sunt
3544 4939 3663 4998 _res
3692 4941 3790 4981 ne-

2334 4997 2622 5070 cipiendw.
2645 4996 3071 5069 w(.‘apitularium
3099 4997 3242 5054 libro
3273 5015 3316 5069 ι,
3347 5013 3465 5066 cap.
3496 4996 3590 5050 83.

2198 5093 2497 5144 statutum
2530 5092 2619 5142 est
2657 5093 2721 5142 ut
2750 5086 2951 5142 nullus
3012 5086 3265 5158 quilibet
3311 5083 3787 5142 eccclesiasticus

2130 5177 2200 5233 ab
2250 5177 2341 5233 his
2373 5175 2639 5248 personis
2682 5192 2773 5232 res
2805 5175 3090 5248 deinceps
3123 5177 3388 5248 accipere
3439 5175 3785 5246 praesumat,

2129 5283 2383 5340 quarum
2414 5265 2580 5321 liberi
2614 5269 2715 5320 aut
2745 5265 3060 5337 propinqui
3094 5265 3204 5320 hac
3258 5263 3598 5320 inconsulta
3629 5260 3786 5317 obla-

2128 5360 2284 5414 tione
2317 5359 2564 5428 possunt
2595 5371 2794 5410 rerum
2818 5355 3189 5426 propriarum
3211 5352 3594 5410 exhaaredari.
3625 5349 3783 5416 Quod

2128 5447 2177 5503 si
2209 5445 2424 5516 aliquis
2463 5445 2737 5515 deinceps
2768 5443 2876 5500 hoc
2903 5443 3090 5500 facere
3126 5441 3468 5514 ,tentaverit,
3519 5435 3786 5513 synodali

2129 5535 2216 5593 vel
2263 5533 2556 5607 imperiali
2613 5532 2913 5591 sententia
2963 5532 3155 5590 modis
3205 5531 3484 5590 omnibus
3527 5529 3772 5588 feriatur
