4000 6060
265 132 382 187 953

1229 141 1537 195 DECRETI
1576 143 1762 196 PARS
1798 142 1949 198 XVI.
1977 172 2045 182 -—
2074 145 2171 197 DE
2206 142 2509 198 OFFICIIS
2543 145 2726 198 LAIC.

3574 144 3680 201 954

267 264 408 316 CAP.
464 260 590 318 262.
651 291 725 303 ——
775 263 850 317 De
900 264 1111 318 mensis
1139 267 1631 344 “uniuscuiusqaue
1658 268 1921 335 ecclesiae,
1953 266 2005 334 Α
2036 284 2133 323 rex
2160 268 2568 341 interrogetur,
2603 273 2668 324 ut
2697 268 2985 341 quidquid
3007 269 3528 344 indejudicaverit,
3553 273 3673 330 ﬁat.

987 352 1106 407 cap.
1135 337 1205 390 85

346 421 648 478 Sancitum
670 425 779 493 est,
795 426 860 478 ut
876 422 1198 496 unicuique
1222 425 1475 481 ecclesiae
1500 443 1655 482 unus
1678 443 1923 484 mansus

266 510 502 582 integer
532 511 756 582 absque
787 510 900 567 alio
929 512 1165 569 servitio
1198 514 1574 584 attribuatur,
1601 520 1660 571 et
1688 517 1925 588 presby-

264 601 384 655 teri
414 599 475 655 in
507 600 589 657 eis
620 600 921 656 constituti
942 618 1060 657 non
1084 603 1153 658 de
1172 604 1438 675 decimis,
1460 621 1649 675 neque
1671 606 1740 661 de
1758 605 1923 660 obla-

264 689 537 746 tionibus
569 690 856 759 ﬁdelium,
889 707 1004 747 non
1024 692 1094 747 de
1112 692 1409 763 domibus,
1428 710 1617 765 neque
1639 696 1710 749 de
1733 693 1918 765 atriis,

268 778 361 835 vel
394 779 465 836 de
487 779 673 835 hortis
688 781 858 851 juxta
888 780 1194 837 ecclesiam
1218 782 1446 854 positis,
1488 799 1677 855 neque
1696 784 1765 838 de
1782 801 1919 856 pras-

263 867 490 940 scripto
514 884 720 925 manso
743 868 983 941 aliquod
1017 872 1315 927 servitium
1341 871 1575 941 faciant,
1599 876 1807 944 praater
1826 888 1919 928 ec-

265 956 691 1028 clesiasticum,
725 963 781 1014 et
811 959 860 1015 si
892 959 1114 1032 aliquid
1148 960 1402 1032 amplius
1426 961 1758 1031 habuerint,
1783 962 1919 1018 inde

263 1045 602 1103 senioribus
633 1046 757 1102 suis
789 1047 1052 1104 debitum
1084 1049 1387 1106 servitium
1421 1049 1818 1122 impendatur.

263 1152 404 1209 CAP.
438 1153 565 1209 263.
601 1184 672 1196 -—-
699 1154 771 1211 De
801 1155 949 1209 villis
978 1157 1137 1211 novis
1166 1160 1217 1211 et
1247 1156 1487 1212 ecclesiis
1506 1158 1564 1212 in
1596 1157 1679 1213 eis
1707 1159 1918 1214 uoviter

796 1228 1128 1298 constitutis,
1162 1244 1282 1299 cap.
1316 1228 1386 1281 85

340 1313 639 1369 Sancitum
672 1317 762 1370 est
793 1316 862 1370 de
892 1315 1046 1371 villis
1080 1316 1242 1372 novis
1262 1320 1317 1371 et
1337 1316 1600 1374 ecclesiis
1620 1317 1679 1373 in
1706 1318 1789 1375 eis
1812 1336 1916 1375 no-

265 1403 418 1459 viter
438 1403 799 1471 constitutis,
818 1408 883 1458 ut
906 1405 1142 1461 decimae
1167 1406 1237 1460 de
1257 1406 1402 1478 ipsis
1424 1406 1579 1463 villis
1593 1408 1663 1462 ad
1678 1407 1913 1464 easdem

262 1492 547 1549 ecclesias
579 1494 976 1549 conferantur.

255 1598 396 1655 CAP.
428 1600 554 1655 264.
586 1629 655 1643 -
685 1601 761 1656 Ne
790 1602 913 1671 quis
942 1617 1100 1655 sacra
1146 1618 1277 1677 vasa
1298 1603 1359 1657 in
1380 1605 1582 1675 pignus
1612 1603 1744 1660 dare
1760 1621 1910 1677 prae-

844 1680 1056 1737 sumat,
1088 1690 1208 1744 cap.
1240 1675 1329 1730 87.

332 1759 415 1816 De
437 1759 620 1816 sacris
646 1760 801 1816 vasis
815 1760 1066 1817 ecclesia;
1087 1780 1211 1834 qua:
1236 1763 1294 1817 in
1321 1764 1535 1835 pignus
1560 1782 1594 1820 a
1616 1766 1914 1824 nonnullis

263 1848 324 1903 in
348 1848 704 1919 quibusdam
725 1849 870 1906 locis
893 1851 1019 1906 dari
1043 1852 1461 1923 comperimus,
1485 1854 1797 1910 inhibitum
1824 1860 1914 1912 est

262 1954 338 1993 ne
370 1938 646 2011 deinceps
668 1956 701 1994 a
747 1956 1048 2012 quoquam
1086 1940 1207 1995 fieri
1232 1947 1641 2012 praesumetur,
1667 1943 1779 2000 nisi
1813 1962 1912 2000 so-

259 2028 567 2084 lummodo
617 2028 969 2084 necessitate
1012 2029 1486 2086 redimendorum
1540 2032 1906 2105 captivorum

258 2117 666 2189 compellente.

254 2226 391 2279 CAP.
422 2225 549 2280 265.
582 2256 648 2266 —
678 2225 754 2280 De
783 2224 870 2280 his
903 2240 1023 2296 quae
1053 2225 1126 2280 ad
1169 2242 1394 2281 causam
1417 2228 1513 2283 Dei
1528 2243 1611 2283 res
1636 2244 1763 2284 suas
1785 2232 1904 2285 tra-

772 2297 899 2352 dere
930 2298 1135 2365 volunl,
1168 2314 1289 2368 cap.
1314 2299 1403 2353 35.

329 2381 437 2445 Qui
470 2399 561 2438 res
594 2400 733 2440 suas
766 2401 871 2456 pro
902 2383 1101 2440 anima
1133 2402 1241 2441 sua
1270 2386 1341 2440 ad
1384 2404 1624 2443 causam
1655 2388 1756 2444 Dei
1788 2393 1905 2444 tra-

255 2470 394 2526 dere
424 2470 693 2539 voluerit,
725 2472 884 2529 domi
912 2473 1288 2530 traditionem
1323 2476 1498 2531 faciat
1520 2493 1715 2532 coram
1738 2479 1904 2533 testi-

254 2559 370 2615 bus
398 2558 697 2632 legitimis.
731 2562 800 2617 Et
832 2578 957 2633 qua:
986 2562 1244 2619 honestaa
1275 2563 1437 2619 factae
1470 2570 1609 2621 sunt
1635 2566 1902 2623 traditio-

256 2665 385 2719 nes,
417 2650 486 2705 de
517 2650 736 2722 quibus
777 2651 940 2707 nulla
970 2657 1059 2707 est
1098 2653 1368 2724 quaestio.
1402 2654 1643 2711 stabiles
1676 2672 1904 2728 perma-

254 2742 453 2794 neant.

254 2827 389 2879 CAP.
421 2825 551 2881 266.
606 2856 676 2866 —
733 2827 807 2882 De
857 2825 1221 2970 teloglz'lis.1§x
1250 2846 1312 2885 III
1344 2829 1441 2886 lib.
1476 2830 1903 2904 Capilularium,

326 2986 521 3043 Placet
552 2986 721 3043 nobis
744 2991 810 3043 ut
829 2988 1073 3060 antiqua
1093 2993 1151 3045 et
1170 2991 1192 3060 j
1203 2998 1331 3045 usta
1353 2991 1571 3048 telonia
1591 3010 1624 3048 a
1646 2993 1899 3065 negotia-
1929 3004 1972 3072 α

251 3075 480 3131 toribus
505 3076 831 3148 exigantur,
854 3081 975 3133 tam
992 3078 1063 3133 de
1077 3080 1356 3150 pontibus
1371 3097 1549 3152 quam
1564 3083 1633 3138 de
1651 3083 1901 3156 navigiis

254 3178 357 3218 seu
391 3164 683 3220 marcetis.
734 3164 893 3221 Nova
924 3180 1061 3237 ergo
1092 3182 1196 3221 seu
1228 3166 1448 3237 injusta
1481 3168 1580 3224 ubi
1610 3169 1701 3225 vel
1730 3170 1901 3227 funes

255 3253 597 3323 tenduntur,
616 3253 701 3308 vel
724 3270 858 3309 cum
885 3256 1131 3310 navibus
1157 3257 1266 3311 sub
1291 3258 1570 3327 pontibus
1592 3260 1898 3330 transitur,

252 3356 355 3396 seu
379 3340 473 3396 his
499 3341 713 3397 similia
734 3343 794 3397 in
826 3344 1045 3414 quibus
1078 3343 1306 3400 nullum
1337 3347 1696 3416 adjutorium
1729 3348 1901 3405 itine-

254 3430 527 3485 rantibus
561 3435 894 3502 praestatur,
927 3432 1206 3487 similiter
1235 3433 1410 3489 etiam
1442 3451 1546 3490 nec
1574 3436 1645 3491 de
1676 3435 1767 3492 his
1800 3437 1902 3509 qui

254 3517 381 3574 sine
403 3519 738 3591 negotiandi
763 3537 940 3576 causa
962 3521 1356 3577 substantiam
1383 3540 1549 3578 suam
1574 3525 1643 3580 de
1664 3542 1782 3580 una
1794 3527 1901 3582 do-

254 3623 348 3662 mo
380 3623 487 3663 sua
517 3608 587 3663 ad
621 3607 819 3678 aliam,
856 3614 959 3664 aut
990 3610 1061 3664 ad
1096 3609 1405 3681 palatium,
1440 3617 1542 3667 aut
1570 3613 1631 3668 in
1678 3615 1899 3669 exerci-

250 3700 376 3751 tum
408 3697 650 3767 ducunt,
682 3697 967 3753 telonium
1002 3698 1340 3756 nullatenus
1397 3701 1467 3757 ab
1499 3701 1583 3757 eis
1615 3702 1897 3775 exigatur.

250 3804 385 3859 CAP.
415 3803 541 3860 267.
573 3835 640 3845 —
673 3808 753 3860 De
782 3819 933 3860 servo
964 3807 1063 3878 qui
1090 3805 1357 3882 domuum
1396 3807 1674 3879 quodlibet
1700 3825 1899 3882 perpe-

872 3882 1002 3945 trat,
1036 3894 1155 3949 cap.
1191 3879 1279 3933 44.

318 3963 620 4019 Neminem
642 3963 814 4020 liceat
827 3980 1058 4021 servum
1074 3982 1246 4021 suum
1275 3970 1512 4039 propter
1526 3968 1810 4025 damnum
1826 3970 1897 4026 ab

248 4050 345 4108 illo
377 4052 618 4108 cuilibet
650 4052 879 4109 illatum
905 4053 1219 4124 dimittere,
1244 4057 1341 4111 sed
1358 4057 1528 4126 juxta
1548 4057 1895 4129 qualitatem

248 4140 443 4196 damni
466 4140 739 4197 dominus
763 4158 865 4213 pro
890 4141 988 4197 illo
1012 4143 1384 4214 respondeat,
1407 4144 1495 4199 vel
1519 4161 1652 4201 eum
1668 4146 1727 4201 in
1743 4163 1897 4203 com-

247 4230 619 4302 positionem,
654 4234 755 4286 aut
784 4248 1016 4303 poenam
1048 4231 1280 4302 petitori
1311 4233 1535 4288 offerat.
1586 4235 1642 4289 Si
1694 4240 1891 4291 autem

248 4335 448 4374 servus
480 4323 811 4390 perpetrato
864 4320 1080 4376 scelere
1110 4321 1347 4394 fugerit,
1378 4322 1461 4378 ita
1489 4326 1554 4377 ut
1584 4339 1617 4379 a
1656 4324 1892 4379 domino

250 4408 478 4479 penitus
496 4409 743 4463 inveniri
768 4426 883 4465 non
907 4411 1113 4481 possit,
1140 4416 1509 4467 sacramento
1534 4429 1597 4468 se
1619 4413 1893 4469 dominus

248 4497 371 4568 ejus
407 4513 685 4553 excusare
709 4499 966 4565 studeat,
992 4500 1145 4570 quod
1172 4499 1283 4554 hoc
1304 4517 1423 4555 suae
1445 4502 1768 4557 voluntatis
1789 4517 1894 4557 nec

249 4588 611 4644 conscientiae
669 4587 865 4655 fuerit,
925 4589 1078 4659 quod
1112 4604 1314 4645 servus
1343 4589 1474 4659 ejus
1516 4590 1633 4647 tale
1663 4591 1892 4649 facinus

249 4677 563 4732 commisit.

246 4786 371 4838 CAP.
402 4783 529 4839 268.
563 4814 632 4824 —
665 4788 746 4839 De
776 4784 1095 4840 bannitione
1122 4784 1431 4841 secundum
1460 4786 1632 4855 legem
1660 4785 1730 4840 ad
1747 4786 1891 4841 mal-

859 4856 996 4927 lum,
1028 4872 1149 4927 cap.
1184 4857 1273 4912 45.

312 4941 370 4998 Si
396 4942 529 5013 quis
550 4943 623 4998 ad
648 4944 889 4999 mallum
922 4943 1150 5015 legibus
1174 4946 1459 5002 bannitus
1478 4946 1670 5012 fuerit,
1695 4951 1751 5002 et
1771 4964 1887 5003 non

241 5031 478 5101 venerit,
503 5033 705 5088 sieum
730 5032 1006 5087 bannitus
1039 5050 1154 5090 non
1185 5038 1442 5092 tenuerit
1475 5035 1540 5091 l5
1572 5035 1659 5091 sol
1682 5035 1883 5107 culpa-

243 5120 372 5176 bilis
382 5120 407 5190 j
419 5120 711 5189 udicetur;
729 5120 811 5177 sic
826 5137 892 5176 ac
906 5124 1226 5179 secundam
1250 5128 1306 5180 et
1330 5124 1583 5181 tertiam.
1609 5124 1665 5180 Si
1688 5129 1885 5180 autem

244 5210 310 5265 ad
340 5214 611 5280 quartam
639 5210 836 5266 venire
867 5213 1309 5283 contempserit,
1342 5213 1638 5285 possessio
1669 5215 1798 5283 ejus
1823 5214 1884 5271 in

241 5300 498 5356 bannum
530 5298 820 5366 mittatur,
854 5300 1040 5355 donec
1072 5301 1281 5367 veniat,
1308 5307 1364 5356 et
1384 5304 1455 5358 de
1485 5319 1546 5358 re
1568 5302 1885 5373 quainter-

242 5386 488 5462 pellatus
510 5388 704 5456 fuerit,
721 5387 1022 5459 justitiam
1040 5388 1235 5444 faciat.
1262 5389 1322 5444 Si
1347 5388 1501 5445 infra
1524 5407 1745 5446 annum
1768 5408 1881 5447 non

242 5478 481 5546 venerit,
504 5478 577 5535 de
606 5478 783 5535 rebus
812 5478 942 5549 ejus
970 5493 1102 5549 quae
1134 5478 1191 5533 in
1224 5478 1488 5535 bannum
1520 5480 1718 5537 missas
1746 5485 1885 5538 sunt

2033 357 2226 413 Prima
2248 359 2510 414 hannitio
2523 375 2698 431 super
2720 362 2918 415 noctes
2937 359 2995 428 7,
3010 360 3347 416 secundasu
3358 378 3459 433 per
3477 365 3675 418 noctes

2030 442 2120 509 44,
2143 445 2315 500 tertia
2338 462 2515 517 super
2544 450 2742 502 noctes
2770 446 2862 515 2t,
2886 450 3095 517 quarta
3144 464 3321 519 super
3368 453 3569 506 noctes
3602 451 3671 504 42

2032 534 2154 588 ﬁat.
2182 533 2466 590 Similiter
2494 538 2551 590 et
2581 536 2651 590 de
2682 534 2963 590 beneficio
2994 534 3271 604 hominis,
3321 536 3371 593 si
3405 539 3548 594 forte
3579 555 3673 595 res

2032 622 2302 694 proprias
2332 640 2443 678 non
2479 624 2764 691 habuerit,
2799 623 3070 679 mittatur
3098 624 3156 680 in
3188 626 3452 681 bannum
3487 644 3673 699 usque

2032 712 2171 766 dum
2206 728 2304 767 rex
2332 712 2742 785 interrogetur.

2030 817 2165 873 CAP.
2198 818 2324 874 269.
2358 851 2427 893 -τ-
2453 820 2528 874 De
2556 819 2872 875 hominibus
2918 820 2990 875 ad
3042 829 3271 877 mortem
3301 822 3589 893 judicatis,
3619 827 3675 878 ct

2096 898 2319 1017 poster);7
2336 892 2411 947 eis
2467 893 2583 947 vita
2633 907 2899 962 concessa,
2930 894 2980 948 si
3006 893 3286 961 iustitiam
3306 892 3665 965 quaesierint,

2097 977 2219 1017 can.
2329 1004 2342 1017 .

2097 977 2219 1033 cap.
2253 977 2342 1017 λιι.

2102 1052 2179 1106 De
2207 1050 2323 1107 illis
2354 1051 2697 1108 hominibus
2740 1052 2837 1122 qui
2871 1058 3106 1125 propter
3133 1069 3335 1110 eorum
3366 1054 3570 1126 culpas
3597 1056 3669 1111 ad

2028 1143 2275 1195 mortem
2326 1140 2581 1211 judicati
2644 1140 2879 1207 fuerint,
2911 1146 2967 1197 et
2997 1145 3199 1213 postea
3228 1142 3313 1198 eis
3352 1142 3469 1198 vita
3501 1144 3673 1199 fuerit

2026 1242 2326 1293 concessa,
2355 1226 2402 1283 si
2426 1228 2540 1300 ipsi
2568 1228 2861 1297 justitiam
2891 1229 2964 1283 ab
2997 1228 3127 1286 aliis
3150 1228 3545 1300 requisierint,
3570 1236 3670 1286 aut

2025 1315 2110 1370 eis
2134 1316 2424 1385 justitiam
2458 1332 2716 1389 quaerere
2746 1316 3054 1388 voluerint,
3086 1318 3338 1389 qualiter
3367 1319 3518 1374 inter
3538 1318 3669 1376 illos

2017 1404 2312 1474 judicium
2344 1406 2713 1461 terminetur.
2743 1405 2935 1461 Primo
2952 1406 3216 1462 omnium
3243 1407 3312 1463 de
3332 1407 3449 1464 illis
3472 1407 3669 1465 causis

2025 1508 2129 1563 pro
2144 1494 2668 1565 quibusjudieatus
2682 1495 2870 1550 fuerat
2882 1495 2953 1550 ad
2971 1500 3215 1551 mortem
3228 1495 3469 1562 ,nullam
3484 1501 3671 1568 potest

2027 1581 2213 1638 facere
2234 1583 2665 1655 repetitionem,
2692 1583 2829 1655 quia
2859 1600 3063 1640 omnes
3087 1600 3179 1640 res
3200 1602 3319 1640 sum
3343 1585 3667 1641 secundum

2021 1672 2315 1741 judicium
2334 1673 2762 1729 Francorumin
2782 1672 3015 1746 publico
3039 1673 3256 1729 fuerint
3279 1679 3578 1731 revocata).
3603 1677 3672 1730 Et

2026 1761 2075 1817 si
2089 1761 2313 1832 aliquid
2329 1762 2728 1833 postmodum,
2746 1766 3055 1834 postquam
3071 1762 3120 1817 ei
3138 1763 3255 1819 vita
3268 1779 3544 1819 concessa
3556 1768 3666 1832 est,

2024 1867 2158 1906 cum
2217 1850 2444 1922 iustitia
2500 1854 2802 1922 acquirere
2861 1852 3136 1923 potuerit,
3169 1852 3226 1907 in
3270 1869 3376 1907 sua
3401 1852 3666 1909 libertate

2018 1943 2213 1995 teneat
2232 1944 2288 1995 et
2308 1941 2582 1996 defendat
2598 1945 2923 1996 secundum
2941 1940 3121 2012 legem
3145 1959 3160 2011 ;
3184 1941 3243 1995 in
3262 1940 3663 1997 testimonium

2019 2033 2361 2099 autem,non
2385 2030 2762 2101 suscipiatur,
2795 2045 2899 2085 nec
2922 2029 3074 2085 inter
3094 2028 3365 2085 scabinos
3387 2029 3459 2085 ad
3482 2027 3664 2100 legem

2010 2118 2398 2188 judicandam
2412 2122 2699 2175 teneatur.
2726 2118 2793 2172 Et
2815 2118 2865 2173 si
2884 2118 2953 2173 ad
2979 2122 3415 2174 sacramentum
3437 2117 3661 2189 aliquid

2005 2207 2333 2276 judicatum
2350 2208 2525 2264 fuerit
2546 2208 2911 2279 quodjurare
2925 2207 3150 2277 debeat,
3167 2206 3215 2263 si
3232 2206 3658 2280 aliquisipsum

2012 2300 2451 2352 sacramentum
2511 2296 2726 2352 falsum
2779 2297 2972 2352 dicere
3000 2295 3267 2365 voluerit,
3299 2298 3661 2353 contendant

2015 2386 2430 2459 [concedatur].

2012 2505 2148 2561 CAP.
2201 2505 2330 2559 270.
2390 2504 2466 2558 De
2519 2519 2632 2558 non
2688 2503 2918 2574 cogendo
2974 2502 3046 2557 ad
3100 2506 3321 2572 pontem
3376 2504 3458 2558 ire
3482 2516 3659 2559 causa

2586 2574 2800 2629 telonii.
2832 2591 2953 2645 cap.
2985 2575 3076 2629 54.

2086 2665 2157 2721 Ut
2187 2663 2387 2719 nullus
2418 2666 2660 2736 cogatur
2710 2664 2779 2718 ad
2813 2669 3051 2734 pontem
3079 2662 3161 2718 ire
3193 2663 3277 2717 vel
3308 2663 3379 2718 ad
3414 2661 3656 2718 ﬂuvium

2013 2753 2441 2810 transeundum
2476 2757 2714 2825 propter
2745 2752 2945 2809 telonii
2968 2770 3200 2823 causas,
3224 2753 3459 2825 quando
3478 2750 3575 2817 ille
3595 2751 3655 2806 in

2012 2843 2124 2899 alio
2156 2843 2281 2899 loco
2340 2842 2713 2915 compensius
2746 2843 3211 2915 [competentius]
3245 2842 3386 2896 illud
3438 2840 3655 2896 ﬂumen

2013 2932 2267 2987 transire
2291 2936 2497 3003 potest.
2521 2930 2804 2987 Similiter
2822 2930 2881 2986 in
2906 2930 3078 3002 plano
3102 2947 3329 3002 campo,
3354 2930 3485 2985 ubis
3508 2945 3656 3000 pons

2012 3037 2118 3077 nec
2149 3021 2429 3091 trajectus
2460 3024 2567 3087 est,
2600 3020 2878 3076 omnibus
2908 3019 3281 3091 praecipimus
3303 3022 3367 3075 ut
3396 3018 3476 3074 ibi
3506 3017 3655 3074 telo-

2011 3109 2177 3165 nium
2208 3126 2324 3165 non
2356 3110 2641 3182 exigatur.

2009 3220 2141 3272 CAP.
2163 3217 2260 3273 271
2276 3246 2364 3271 .-
2386 3217 2457 3271 De
2473 3216 2719 3271 nimium
2732 3215 3064 3284 blasphemis
3082 3213 3407 3283 latronibus,
3422 3230 3548 3287 cap.
3561 3214 3656 3269 61.

2082 3324 2162 3379 De
2184 3322 2517 3377 latronibus
2540 3321 2640 3393 qui
2664 3337 2937 3393 magnam
2964 3321 3180 3376 habent
3199 3319 3652 3392 blasphemiam,

2011 3412 2351 3484 quicunque
2382 3410 2637 3481 aliquem
2668 3426 2737 3465 ex
2758 3408 2849 3465 his
2873 3408 3400 3481 comprehenderit,
3423 3409 3654 3465 nullum

2009 3502 2293 3557 damnum
2324 3498 2531 3555 exinde
2557 3499 2831 3570 patiatur.

2009 3617 2144 3674 CAP.
2199 3616 2330 3670 2'72.
2389 3646 2458 3656 -—
2510 3615 2587 3670 De
2616 3630 2676 3669 eo
2704 3613 2799 3685 qui
2828 3612 3049 3669 domum
3090 3614 3333 3669 alienam
3364 3613 3655 3686 cujuslibet

2566 3688 2825 3758 fregerit.
2858 3702 2978 3757 cap.
3012 3687 3100 3741 65.

2078 3786 2134 3841 Si
2194 3784 2328 3858 quis
2376 3786 2619 3841 domum
2669 3783 2923 3840 alienam
2974 3781 3291 3853 cujuslibet
3330 3782 3651 3856 infregerit,

2009 3874 2297 3949 quidquid
2320 3874 2525 3930 exinde
2548 3890 2650 3946 per
2668 3872 2784 3929 vim
2804 3872 3113 3929 abstulerit
3130 3876 3229 3928 aut
3252 3873 3533 3945 rapuerit,
3553 3875 3657 3928 aut

2006 3966 2235 4020 furatus
2269 3963 2464 4030 fuerit,
2489 3963 2809 4018 secundum
2837 3962 3023 4034 legem
3044 3966 3100 4017 et
3122 3961 3342 4028 vadios,
3371 3962 3454 4017 illi
3476 3961 3652 4031 cujus

2007 4055 2218 4111 domus
2243 4052 2417 4107 fuerit
2438 4052 2680 4106 infracta
2702 4056 2759 4106 et
2780 4050 3048 4121 spoliata,
3072 4050 3131 4104 in
3154 4048 3392 4120 triplum
3415 4065 3653 4121 compo-

2005 4147 2126 4207 nat,
2150 4147 2207 4198 et
2228 4141 2470 4213 insuper
2486 4140 2746 4194 bannum
2770 4139 3141 4194 Dominicum
3157 4137 3360 4193 solvat.
3376 4137 3653 4195 Siservus

2002 4232 2112 4287 hoc
2135 4231 2356 4298 fecerit,
2370 4229 2661 4301 justitiam
2685 4226 3086 4299 [sententiam]
3112 4225 3473 4298 superiorem
3499 4227 3651 4283 acci-

2003 4321 2146 4393 piat,
2171 4326 2229 4376 et
2252 4320 2513 4390 insuper,
2542 4317 2868 4372 secundum
2916 4332 3085 4372 suam
3110 4316 3320 4388 legem,
3355 4317 3651 4389 composi-

2003 4410 2224 4466 tionem
2256 4406 2449 4463 faciat.
2474 4406 2534 4461 Si
2558 4405 2839 4478 quislibet
2868 4405 3043 4462 homo
3076 4404 3313 4477 aliquod
3339 4404 3453 4461 tale
3483 4408 3651 4463 dam—

2004 4514 2145 4555 num
2176 4497 2349 4553 alicui
2381 4495 2601 4562 fecerit,
2626 4511 2730 4567 pro
2750 4511 2864 4566 quo
2902 4495 3137 4567 plenam
3162 4493 3648 4565 compositionem

2001 4590 2186 4643 facere
2219 4603 2332 4641 non
2360 4584 2568 4653 valeat,
2599 4583 2984 4655 semetipsum
3018 4583 3075 4639 in
3117 4584 3315 4640 wadio
3349 4600 3450 4655 pro
3482 4600 3647 4640 servo

2001 4679 2140 4733 dare
2171 4676 2424 4737 studeat,
2479 4687 2668 4744 usque
2699 4672 2843 4728 dum
2875 4672 3109 4744 plenam
3159 4673 3647 4745 compositionem

2000 4764 2338 4835 adimpleat.

1997 4882 2132 4937 CAP.
2164 4880 2390 4957 273.7—
2425 4878 2498 4933 De
2542 4878 2816 4957 umoribus
2852 4878 3199 4957 defunctorm
3224 4895 3407 4957 quam
3433 4880 3644 4957 partem

2064 4960 2184 5024 post
2213 4952 2423 5006 obitum
2447 4952 2793 5024 maritorum
2833 4950 2899 5005 de
2928 4952 3362 5008 collaboralione
3391 4950 3645 5021 accipere

2066 5021 2315 5094 debeant,
2338 5038 2407 5079 ea:
2437 5021 2535 5077 lib.
2570 5038 2649 5089 1v,
2678 5038 2798 5094 cap.
2832 5024 2886 5078 9.

2065 5121 2347 5177 Volumus
2360 5125 2424 5176 ut
2441 5136 2648 5176 uxores
2670 5121 3087 5177 defunctorum
3109 5125 3245 5191 post
3266 5121 3493 5176 obitum
3513 5134 3645 5174 ma-

1995 5212 2241 5267 ritorum
2262 5210 2497 5265 tertiam
2522 5213 2741 5281 partem
2759 5208 3257 5279 eollaborationis,
3274 5224 3448 5280 quam
3464 5207 3643 5264 simul

1992 5301 2051 5357 in
2082 5300 2367 5356 beneﬁcio
2413 5298 2937 5365 collaboraverunt,
2992 5298 3303 5369 accipiant.
3351 5297 3417 5351 Et
3447 5296 3519 5351 de
3548 5294 3644 5353 his

1992 5391 2168 5446 rebus
2192 5405 2340 5461 quas
2390 5387 2440 5443 is
2472 5387 2574 5458 Qui
2598 5387 2741 5441 illud
2774 5386 3124 5443 beneficium
3164 5385 3371 5440 habuit
3400 5384 3641 5443 aliunde

1992 5479 2238 5535 adduxit
2267 5476 2356 5534 vel
2388 5474 2773 5547 comparavit,
2804 5474 2892 5530 vel
2912 5475 2964 5531 ei
2990 5475 3062 5530 ab
3083 5473 3291 5530 amicis
3314 5474 3440 5532 suis
3460 5474 3639 5535 colla-
