3948 6072
381 203 490 261 955

386 332 635 401 tumeat,
658 329 765 387 has
785 330 1057 386 volumus
1078 332 1198 385 tam
1222 330 1292 384 ad
1307 328 1600 400 orphanos
1612 326 2020 381 defunctorum
2054 324 2106 391 Α

386 431 563 488 quam
596 418 669 474 ad
701 434 911 474 uxores
942 434 1143 474 eorum
1179 416 1496 490 pervenire.

455 524 589 582 CAP.
619 527 746 582 274.
777 558 847 567 —
876 526 949 582 De
992 525 1194 594 viduis,
1222 523 1479 649 piigiillis,
1510 527 1561 580 et
1596 521 1955 594 pauperibus.

1087 613 1207 649 can.
1316 640 1327 649 .

1087 613 1207 666 cap.
1244 613 1327 650 ιο.

456 686 828 759 Precipimus
880 693 940 741 ut
997 687 1469 757 quandocumque
1518 685 1574 739 in
1620 682 1863 738 mallum
1897 684 2030 736 ante

388 775 652 830 comitem
684 775 890 843 vidue,
916 774 1123 846 pupilli
1145 779 1202 829 et
1223 790 1511 846 pauperes
1530 772 1817 841 venerint,
1842 771 2029 843 primo

391 880 594 919 eorum
625 880 802 919 causa
823 864 1098 919 audiatur
1115 868 1174 919 et
1193 863 1523 918 deﬁniatur.
1550 866 1635 931 Et,
1656 861 1702 917 si
1729 865 1907 916 testes
1929 874 2032 933 per

386 970 451 1009 se
472 954 543 1007 ad
564 969 772 1008 causas
803 969 942 1007 suas
974 953 1321 1024 querendas
1354 952 1566 1007 habere
1585 967 1699 1006 non
1736 949 2031 1022 potuerint

389 1041 693 1113 legemque
724 1042 1059 1109 nescierint,
1092 1057 1288 1097 comes
1318 1041 1450 1096 illos
1482 1040 1570 1096 vel
1610 1039 1743 1095 illas
1774 1040 2029 1110 adjuvet,

387 1130 580 1185 dando
602 1130 684 1185 eis
706 1130 881 1185 talem
902 1129 1202 1185 hominem
1222 1129 1321 1201 qui
1347 1129 1632 1185 rationem
1652 1144 1851 1185 eorum
1870 1132 2030 1183 tene-

387 1223 446 1274 at
472 1218 560 1275 vel
589 1236 692 1292 pro
722 1219 806 1275 eis
837 1220 1132 1291 loquatur.

546 1330 679 1382 CAP.
711 1327 837 1382 275.
870 1360 937 1367 —
966 1328 1039 1383 De
1069 1333 1237 1397 raptu
1266 1327 1589 1394 viduarum,
1619 1342 1737 1397 cap.
1776 1326 1859 1381 16.

458 1415 566 1483 Qui
590 1416 820 1472 viduam
844 1416 999 1472 intra
1022 1415 1242 1488 primos
1266 1418 1333 1471 40
1349 1417 1473 1472 dies
1496 1415 1819 1481 viduitatis,
1840 1413 1928 1469 vel
1951 1413 2035 1469 in-

388 1506 593 1573 vitam,
620 1504 709 1561 vel
741 1506 1028 1561 volentem
1063 1506 1173 1560 sibi
1208 1505 1586 1577 c0pulaverit,
1631 1505 1891 1559 bannum
1926 1520 2033 1559 no-

389 1599 603 1665 strum,
634 1593 694 1649 id
727 1598 817 1650 est
844 1595 915 1649 60
946 1594 1054 1649 sol.
1088 1594 1147 1649 in
1172 1594 1346 1665 triplo
1369 1598 1716 1665 componat;
1741 1596 1796 1648 et
1818 1592 1865 1648 ei
1887 1590 2034 1645 invi-

1470 207 1539 260 D.
1579 199 1823 260 ΝΟΝΙΒ
1856 198 2351 257 CABNOTENSIS
2388 202 2709 259 ΕΡῙΒΟΟΡῙ

3884 126 3887 151 l

3701 205 3811 259 956

2306 324 2436 381 CAP.
2469 326 2595 381 279.
2628 357 2697 367 -—
2731 330 2812 382 De
2841 334 2991 383 terra
3020 327 3344 395 tributaria,
3381 344 3500 400 cap.
3533 329 3628 384 35-

2210 414 2555 485 Quicunque
2582 420 2798 470 terram
2831 416 3200 472 tributariam
3225 418 3383 473 unde
3403 418 3708 473 tributum
3734 420 3803 473 ad

2141 507 2363 573 partem
2396 509 2655 559 nostram
2678 504 2831 559 exire
2848 504 3089 573 solebat,
3113 506 3199 561 vel
3223 507 3295 561 ad
3320 507 3657 575 ecclesiam,
3682 509 3806 562 cui-

2137 591 2279 647 libet
2309 592 2475 647 alteri
2506 594 2833 659 tradiderit,
2868 594 2916 649 is
2938 594 3039 665 qui
3066 611 3194 649 eam
3224 596 3574 667 susceperit,
3598 596 3798 651 tribu-

2137 684 2264 735 tum
2298 682 2451 751 quod
2488 680 2623 736 inde
2654 680 3009 748 solvebatur,
3042 682 3203 737 omni
3237 684 3411 738 modo
3457 684 3526 739 ad
3563 688 3796 755 partem

2141 773 2401 824 nostram
2436 769 2747 841 persolvat,
2782 770 2895 825 nisi
2956 771 3100 825 forte
3144 772 3318 826 talem
3354 772 3705 827 ﬁrmitatem
3734 774 3804 827 de

2140 863 2302 929 parte
2332 858 2637 914 Dominica
2658 858 2891 925 habeat,
2925 875 3028 931 per
3058 876 3235 931 quam
3270 860 3467 932 ipsum
3500 862 3797 917 tributum

2141 948 2253 1004 sibi
2290 965 2393 1021 per
2421 948 2705 1004 donatum
2740 947 2927 1021 possit
2956 950 3289 1004 ostendere.

2353 1057 2486 1113 CAP.
2521 1056 2643 1111 280.
2677 1087 2746 1096 —-
2774 1056 2849 1112 De
2876 1064 3026 1111 terra
3058 1057 3313 1111 censuali
3338 1073 3458 1128 cap.
3490 1058 3582 1113 3‘7.

2211 1145 2271 1201 Si
2299 1145 2431 1216 quis
2460 1148 2675 1200 terram
2707 1144 3045 1201 censualezn
3088 1144 3381 1213 habuerit,
3418 1163 3594 1218 quam
3627 1152 3801 1202 ante-

2141 1250 2404 1291 cessores
2425 1234 2538 1300 sui,
2554 1232 2641 1289 vel
2663 1234 2735 1288 ad
2749 1232 3001 1304 aliquam
3026 1233 3357 1304 ecclesiam,
3381 1234 3470 1290 vel
3494 1235 3569 1290 ad
3599 1234 3805 1291 villam

2141 1323 2724 1391 nostramdederunt,
2750 1321 3083 1378 nullatenus
3106 1338 3234 1379 eam
3260 1325 3591 1379 secundum
3613 1324 3803 1396 legem

2141 1417 2338 1469 tenere
2360 1417 2574 1485 potest,
2597 1412 2711 1467 nisi
2730 1411 2827 1467 ille
2849 1410 3095 1467 voluerit
3143 1413 3215 1467 ad
3239 1429 3411 1484 cujus
3446 1418 3800 1485 potestatem

2142 1504 2229 1560 vel
2262 1504 2362 1559 illa
2391 1502 2656 1570 ecclesia,
2689 1502 2777 1558 vel
2811 1503 2911 1558 illa
2937 1502 3077 1558 villa
3108 1503 3383 1574 pertinet,
3415 1504 3533 1559 nisi
3561 1506 3711 1560 forte
3734 1504 3803 1558 {i-

2146 1594 2262 1649 lius
2276 1595 2516 1663 autejus
2541 1609 2723 1665 nepos
2745 1591 2820 1647 sit
2842 1591 2943 1663 qui
2958 1609 3088 1647 eam
3103 1593 3430 1661 tradiderit,
3455 1599 3512 1649 et
3527 1594 3801 1650 eieadem

390 1687 513 1738 tam
569 1699 637 1738 ea
692 1683 942 1754 duxerit,
974 1682 1161 1755 legem
1193 1700 1361 1739 suam
1394 1687 1725 1755 componat,
1765 1680 1867 1735 illa
1898 1696 2031 1736 vero
2062 1696 2108 1760 B
2136 1688 2292 1739 terra
2322 1682 2393 1737 ad
2424 1681 2743 1736 tenendum
2776 1679 3050 1752 placitata
3080 1682 3178 1737 sit.
3209 1682 3317 1736 Sed
3347 1680 3407 1736 in
3441 1681 3635 1737 hacre
3663 1699 3799 1738 con-

390 1771 639 1829 ulterius
670 1790 783 1828 non
817 1773 1083 1843 attingat.

391 1883 522 1936 CAP.
541 1880 669 1935 276.
692 1881 847 1935 —De
878 1879 1099 1934 homine
1125 1878 1406 1949 publicam
1436 1879 1815 1947 paenitentiam
1844 1878 2038 1947 agente

923 1953 1227 2020 interfecto,
1256 1966 1378 2021 cap.
1418 1950 1501 2003 17.

465 2038 573 2104 Qui
595 2038 893 2095 hominem
917 2039 1212 2111 publicam
1238 2038 1639 2111 pmnitentiam
1664 2044 1933 2111 agentem
1954 2037 2037 2092 in-

394 2127 707 2196 terfecerit,
737 2129 1000 2184 bannum
1032 2132 1296 2183 nostrum
1330 2128 1387 2182 in
1420 2127 1594 2200 triplo
1626 2130 1954 2199 componat,
1981 2129 2037 2181 et

394 2216 634 2289 wergelt
663 2216 943 2289 proximis
972 2218 1097 2289 ejus
1128 2215 1437 2289 persolvat.

391 2332 524 2388 CAP.
547 2333 674 2388 277.
726 2363 795 2373 —
816 2335 889 2389 De
919 2333 1145 2389 homine
1176 2334 1350 2389 libero
1381 2341 1440 2388 ut
1468 2336 1783 2404 potestatem
1813 2333 2036 2400 habeat,

460 2404 776 2475 ubicunque
820 2406 1054 2461 voluerit
1108 2422 1195 2461 res
1221 2422 1347 2461 suas
1376 2405 1527 2475 dare,
1558 2414 1610 2460 et
1652 2405 1895 2476 qualiter
1937 2404 2037 2460 hoc

457 2478 641 2545 facere
668 2476 860 2532 debeat
889 2493 1006 2549 cap.
1040 2478 1126 2531 t8.

457 2564 516 2619 Si
542 2565 676 2637 quis
696 2581 789 2621 res
806 2582 949 2622 suas
973 2581 1075 2638 pro
1099 2564 1293 2621 salute
1319 2565 1530 2621 anime
1554 2582 1696 2633 sue,
1720 2563 1809 2620 vel
1840 2564 1909 2619 ad
1937 2562 2037 2619 ali-

387 2668 562 2725 quem
594 2654 989 2711 venerabilem
1019 2654 1238 2720 locum,
1270 2653 1358 2709 vel
1408 2654 1739 2726 propinquo
1773 2669 1900 2723 suo,
1931 2657 2035 2708 aut

386 2740 627 2797 cuilibet
646 2742 812 2799 alteri
840 2744 1070 2798 tradere
1090 2742 1355 2809 voluerit,
1381 2758 1447 2798 eo
1480 2747 1765 2814 tempore,
1799 2741 2035 2813 quando

387 2830 543 2885 intra
564 2831 757 2901 ipsum
782 2832 1124 2887 comitatum
1148 2832 1342 2897 fuerit,
1364 2830 1422 2885 in
1448 2848 1564 2903 quo
1586 2830 1698 2887 ille
1718 2847 1812 2886 res
1835 2830 2033 2903 posite

384 2922 547 2986 sunt,
568 2918 891 2991 legitimam
914 2920 1291 2977 traditionem
1318 2921 1502 2976 facere
1526 2920 1780 2975 studeat.
1798 2919 1959 2985 Quod
1983 2918 2033 2974 si

387 3008 873 3080 eodemtempore
898 3008 1158 3081 quoillas
1172 3009 1401 3065 tradere
1421 3009 1568 3075 vult,
1584 3014 1746 3065 extra
1759 3008 2029 3065 eumdem

387 3097 730 3153 comitatum
766 3098 961 3166 fuerit,
990 3099 1109 3153 sive
1143 3099 1200 3153 in
1232 3099 1508 3168 exercitu,
1547 3099 1667 3154 sive
1699 3098 1757 3152 in
1790 3097 2027 3171 palatio,

385 3185 507 3242 sive
534 3185 592 3241 in
623 3185 738 3241 alio
770 3185 1032 3257 quolibet
1056 3186 1499 3257 loco,adhibeat
1531 3187 1666 3254 sibi,
1698 3186 1788 3242 vel
1815 3188 1885 3243 de
1903 3188 2029 3243 suis

382 3275 765 3345 pagensibus,
788 3274 875 3330 vel
908 3276 977 3330 de
1009 3274 1143 3331 aliis
1172 3275 1272 3347 qui
1304 3275 1507 3331 eadem
1543 3274 1669 3345 lege
1697 3275 1894 3331 vivant
1915 3292 2031 3347 qua

386 3363 513 3435 ipse
541 3363 699 3430 vivit,
729 3368 905 3421 testes
924 3365 1187 3433 idoneos,
1211 3364 1300 3420 vel
1323 3365 1372 3421 ei
1396 3363 1529 3420 illos
1550 3364 1766 3421 habere
1787 3381 1900 3421 non
1926 3382 2030 3437 po-

383 3453 583 3519 tuerit,
603 3458 744 3509 tunc
773 3454 845 3509 de
877 3453 1009 3509 aliis
1040 3454 1245 3526 quales
1302 3453 1415 3510 sibi
1467 3454 1738 3510 meliores
1769 3454 2032 3510 invenire

385 3541 590 3612 possit,
621 3547 679 3597 et
706 3559 903 3597 coram
935 3544 1019 3598 eis
1051 3560 1245 3599 rerum
1278 3560 1519 3600 suarum
1540 3543 1915 3600 traditionem
1949 3544 2030 3598 fa-

382 3629 523 3685 ciat.
544 3633 610 3683 Et
630 3634 943 3701 postquam
961 3630 1082 3687 hec
1105 3632 1339 3688 traditio
1368 3632 1448 3688 ita
1471 3632 1621 3687 facta
1635 3632 1831 3701 fuerit,
1847 3631 2031 3687 heres

383 3715 544 3772 illius
574 3717 799 3773 nullam
830 3721 900 3775 de
933 3720 1227 3791 praedictis
1254 3722 1429 3777 rebus
1448 3721 1642 3777 valeat
1665 3722 1852 3777 facere
1874 3737 2033 3792 repe-

382 3805 673 3863 titionem.
720 3811 967 3881 Insuper
986 3815 1042 3864 et
1064 3810 1189 3883 ipse
1213 3810 1623 3881 ﬁdejussorem
1652 3826 1756 3881 per
1777 3826 1837 3865 se
1860 3809 2034 3864 faciat

381 3896 651 3967 ejusdem
684 3896 1067 3969 investiture,
1094 3916 1163 3954 ne
1194 3900 1409 3955 heredi
1442 3899 1557 3954 ulla
1593 3898 1819 3955 occasio
1844 3915 2031 3955 rema-

387 3990 525 4042 neat
548 3985 1084 4044 hanotraditionem
1100 3988 1477 4057 immutandi,
1501 3988 1602 4044 sed
1624 3988 1818 4059 potius
1841 4002 2035 4043 neces.

390 4076 536 4132 sitas
560 4076 869 4134 incumbat
892 4077 1055 4133 illam
1088 4078 1425 4149 perficiendi
1453 4095 1467 4146 ;
1501 4082 1560 4132 et
1578 4078 1628 4133 si
1653 4077 1912 4133 nondum
1941 4093 2033 4132 res

388 4180 530 4221 suae
560 4182 695 4222 cum
728 4166 1059 4223 heredibus
1082 4166 1206 4223 suis
1226 4167 1445 4223 divisas
1466 4165 1693 4237 habuit,
1718 4182 1832 4222 non
1855 4166 1905 4222 ei
1924 4165 2034 4221 hoc

386 4253 467 4309 sit
495 4253 938 4327 impedimento,
962 4257 1062 4312 sed
1096 4256 1352 4313 coheres
1373 4258 1523 4329 ejus,
1546 4256 1597 4311 si
1614 4260 1821 4327 sponte
1838 4253 2035 4311 nolue-

386 4342 484 4408 rit,
499 4346 600 4397 aut
620 4359 724 4415 per
746 4344 1021 4401 comitem
1046 4351 1147 4401 aut
1166 4362 1269 4417 per
1291 4346 1541 4401 missum
1564 4346 1693 4415 ejus
1715 4345 2033 4417 distringa-

384 4434 504 4496 tur,
532 4436 595 4485 ut
612 4431 959 4489 divisionem
978 4450 1111 4490 cum
1132 4434 1231 4490 illo
1253 4436 1429 4490 faciat
1440 4435 1511 4489 ad
1530 4450 1703 4505 quem
1720 4434 2036 4490 defunctus
2067 4436 2113 4503 ι)

386 4517 785 4574 hereditatem
819 4537 989 4577 suam
1018 4522 1204 4579 voluit
1232 4521 1550 4593 pervenire.
1602 4523 1671 4578 Et
1713 4522 1762 4578 si
1793 4522 2036 4578 cuilibet

324 4626 333 4635 ο
385 4603 644 4662 ecclesie
674 4624 803 4664 eam
833 4611 1065 4667 tradere
1096 4612 1344 4684 rogavit,
1369 4612 1627 4668 coheres
1657 4612 1785 4682 ejus
1802 4628 1931 4667 eam
1950 4611 2032 4666 1e-

386 4709 520 4766 gem
535 4711 667 4751 cum
688 4695 789 4754 illa
810 4699 1057 4756 ecclesia
1069 4702 1139 4758 de
1161 4701 1437 4774 predicta
1449 4701 1789 4757 hereditate
1801 4700 2033 4772 habeat,

388 4801 570 4856 quam
592 4802 725 4843 cum
744 4788 856 4844 alio
883 4790 1181 4847 coherede
1212 4808 1317 4847 suo
1350 4792 1564 4849 habere
1595 4792 1815 4847 debuit.
1837 4792 1906 4846 Et
1926 4791 2035 4847 hoc

387 4875 726 4931 observetur
746 4893 883 4949 erga
903 4883 1127 4950 patrem
1158 4885 1215 4936 et
1245 4880 1431 4935 filium
1464 4885 1521 4936 et
1552 4886 1823 4953 nepotem
1849 4896 2036 4951 usque

387 4964 458 5019 ad
474 4980 661 5020 annos
680 4964 994 5037 legitimos,
1012 4972 1213 5037 postea
1236 4971 1372 5041 ipse
1394 4985 1486 5025 res
1510 4971 1580 5026 ad
1598 4968 2033 5025 immunitatem

386 5051 578 5123 ipsius
610 5053 867 5110 ecclesie
899 5056 1160 5113 redeant.

432 5170 570 5227 CAP.
604 5170 730 5226 278.
764 5203 834 5213 —-
864 5173 937 5229 De
964 5172 1438 5229 adulteratoribus
1466 5175 1722 5243 monetae,
1753 5188 1873 5244 cap.
1903 5172 1994 5229 31.

458 5260 809 5334 Quicunque
830 5262 1035 5319 falsam
1060 5266 1354 5319 monetam
1376 5262 1740 5334 percussisse
1752 5263 2032 5334 probatus

387 5349 585 5419 fuerit,
614 5367 824 5407 manus
847 5353 972 5423 ejus
993 5357 1347 5426 amputetur.
1371 5352 1439 5407 Et
1458 5351 1557 5424 qui
1582 5350 1687 5409 hoc
1701 5352 2028 5409 consensit:

392 5438 445 5495 si
476 5439 627 5496 liber
654 5445 769 5516 est,
795 5442 866 5498 60
894 5442 1001 5500 sol.
1030 5447 1346 5516 componat
1373 5458 1387 5498 :
1421 5440 1473 5497 si
1520 5455 1745 5512 servus,
1777 5440 1847 5497 60
1876 5440 2030 5498 ictus

388 5527 658 5599 occipiat.
734 5560 739 5565 ι

2144 1771 2523 1830 siderandum
2554 1774 2646 1826 est
2677 1774 2873 1824 utrum
2907 1769 3004 1824 ille
3034 1771 3135 1841 qui
3167 1769 3319 1825 hanc
3347 1775 3511 1827 tenet
3541 1772 3712 1828 dives
3733 1789 3803 1827 an

2144 1878 2368 1935 pauper
2397 1860 2491 1924 sit,
2542 1864 2598 1915 et
2641 1865 2837 1915 utrum
2863 1857 3018 1913 aliud
3052 1859 3404 1915 beneficium
3439 1860 3685 1924 habeat,
3718 1860 3803 1915 vel

2143 1952 2322 2007 etiam
2346 1949 2669 2022 proprium.
2694 1952 2766 2003 Et
2788 1948 2883 2018 qui
2899 1948 3110 2003 horum
3135 1954 3409 2004 neutrum
3429 1949 3633 2019 habet,
3650 1950 3804 2005 circa

2145 2041 2301 2095 hunc
2332 2038 2790 2094 misericorditer
2810 2039 3104 2110 agendum
3127 2042 3235 2105 est,
3262 2055 3332 2094 ne
3357 2054 3426 2094 ex
3450 2043 3576 2095 toto
3599 2038 3803 2111 dispo-

2144 2128 2324 2184 liatus
2357 2128 2415 2182 in
2447 2131 2761 2197 egestatem
2807 2126 3048 2190 incidat,
3085 2132 3187 2182 aut
3215 2127 3391 2182 talem
3424 2126 3523 2182 ille
3556 2144 3800 2182 censum

2145 2218 2282 2273 inde
2314 2215 2622 2289 persolvat,
2657 2214 2845 2286 qualis
2867 2215 2920 2269 ei
2947 2215 3123 2271 fuerit
3144 2217 3529 2283 constitutus,
3559 2215 3652 2271 vel
3675 2234 3803 2289 por-

2144 2309 2363 2363 tionem
2396 2304 2654 2375 aliquam
2669 2303 2804 2359 inde
2824 2303 2883 2360 in
2900 2303 3249 2361 beneﬁcium
3268 2305 3538 2378 accipiat,
3560 2306 3721 2362 unde
3742 2322 3800 2362 se

2144 2400 2476 2453 sustentare
2507 2393 2712 2450 valeat.

2142 2486 2277 2543 CAP.
2333 2483 2459 2540 281.
2514 2484 2588 2539 De
2635 2482 2815 2538 debito
2871 2482 2951 2538 ad
3005 2498 3139 2555 ορατ

2747 2556 2919 2625 dialo,
2950 2570 3072 2627 cap.
3095 2556 3186 2610 56.

2215 2650 2291 2703 Ut
2320 2644 2537 2714 debito,
2570 2644 2725 2715 quod
2747 2644 2817 2698 ad
2842 2661 2990 2715 opus
3013 2649 3284 2700 nostrum
3310 2645 3487 2701 l‘uerit
3508 2646 3796 2701 rewadia-

2142 2740 2294 2803 tum,
2324 2733 2460 2789 talis
2491 2732 2882 2788 consideratio
2916 2732 3035 2801 fiat,
3071 2738 3135 2789 ut
3196 2736 3244 2789 is
3303 2734 3402 2806 qui
3453 2733 3797 2806 ignoranter

2143 2823 2423 2895 peccavit,
2444 2839 2557 2877 non
2584 2826 2773 2877 totum
2796 2823 3119 2878 secundum
3143 2822 3330 2894 legem
3363 2821 3591 2880 solvere
3621 2840 3793 2895 coga-

2141 2917 2260 2978 tur,
2284 2913 2385 2968 sed
2404 2912 2574 2982 juxta
2604 2910 2759 2982 quod
2794 2910 3074 2982 possibile
3104 2911 3299 2966 visum
3322 2916 3430 2967 est.
3455 2914 3511 2967 Is
3533 2927 3673 2967 vero
3700 2912 3797 2983 qui

2143 3005 2372 3057 tantum
2392 2999 2859 3055 malavoluntate
2877 3000 3157 3071 peccavit,
3175 3004 3361 3057 totam
3388 3000 3536 3073 legis
3559 3017 3693 3056 com
3705 3018 3800 3073 p0-

2142 3090 2415 3146 sitionem
2446 3094 2688 3157 cogatur
2716 3089 3033 3145 exsolvere.

2139 3197 2275 3253 CAP.
2304 3198 2431 3251 282.
2466 3226 2534 3236 —
2568 3198 2643 3251 De
2670 3212 2730 3251 eo
2759 3195 2857 3268 qui
2881 3212 2978 3267 per
3007 3197 3299 3267 invidiam,
3330 3196 3415 3252 vel
3452 3212 3557 3268 per
3586 3198 3796 3265 dolum,

2212 3268 2375 3342 liberi
2400 3268 2484 3323 vel
2513 3268 2900 3342 serviidomum
2929 3268 3258 3325 incenderit.
3290 3268 3376 3324 Ea:
3396 3268 3495 3323 lib.
3519 3286 3553 3323 v
3577 3269 3796 3342 ϐαρέεαὴ

2210 3341 2444 3407 larium,
2472 3356 2590 3409 cap.
2625 3340 2748 3394 351.

2208 3428 2265 3483 Si
2298 3428 2432 3500 quis
2458 3444 2558 3500 per
2588 3427 2846 3499 aliquam
2881 3427 3184 3495 invidiam,
3206 3427 3295 3484 vel
3320 3427 3521 3483 dolum
3544 3428 3607 3484 in
3630 3434 3794 3484 nocte

2137 3516 2226 3573 vel
2258 3518 2316 3572 in
2349 3518 2442 3572 die
2473 3516 2667 3588 ignem
2698 3517 3067 3589 imposuerit,
3090 3522 3147 3573 et
3170 3518 3496 3574 incenderit
3516 3516 3688 3573 liberi
3710 3517 3794 3572 vel

2140 3606 2291 3663 servi
2322 3608 2585 3676 domum,
2646 3606 2834 3678 primo
2864 3606 3065 3663 omnia
3100 3606 3345 3663 ediﬁcia
3397 3606 3697 3671 restituat,
3731 3605 3795 3660 Et

3213 2485 3564 2541 Dominicum
3618 2500 3796 2541 rewa-

2140 3696 2526 3767 quidquidibi
2553 3695 2761 3751 arserit
2791 3699 3123 3767 componat,
3148 3700 3205 3751 et
3235 3695 3481 3768 insuper
3502 3694 3571 3749 40
3593 3694 3796 3750 solidis

2140 3783 2564 3856 sitculpabilis,
2589 3787 2645 3839 et
2667 3784 2905 3855 publica
2928 3783 3269 3856 pmnitentia
3292 3783 3621 3840 secundum
3646 3782 3793 3855 iudi-

2141 3874 2299 3928 cium
2332 3874 2703 3929 sacerdotum
2740 3874 3023 3929 multetur
3076 3874 3146 3928 Et
3172 3873 3379 3944 quanti
3428 3872 3701 3928 homines
3731 3872 3795 3926 de

2141 3961 2552 4035 ipsoincendio
2573 3960 2885 4029 evaserint,
2916 3962 3235 4034 unicuique
3255 3961 3583 4017 secundum
3609 3960 3793 4033 legem

2142 4054 2474 4122 componat,
2505 4054 2563 4106 et
2591 4050 2792 4107 omnia
2823 4067 2949 4122 que
2980 4050 3063 4106 ibi
3103 4048 3471 4123 perdiderint
3499 4050 3792 4106 restituat.

2142 4156 2270 4214 CAP.
2301 4157 2425 4211 283.
2461 4187 2529 4229 -τ-
2562 4158 2625 4214 Ut
2655 4158 2708 4212 si
2738 4157 2862 4229 quis
2893 4174 3113 4214 servum
3133 4156 3381 4212 alienum
3401 4156 3607 4229 injuste
3631 4172 3796 4211 accu-

2212 4230 2438 4296 saverit,
2470 4228 2695 4284 domino
2750 4228 2945 4285 simile
2999 4229 3341 4301 mancipium
3369 4244 3470 4301 pro
3525 4228 3628 4284 hoc
3653 4231 3796 4299 facta

2213 4301 2430 4366 reddat,
2460 4317 2560 4372 cap
2588 4302 2712 4356 352.

2214 4390 2273 4445 Si
2288 4390 2421 4461 quis
2433 4404 2667 4445 servum
2694 4389 2915 4460 injuste
2936 4388 3298 4447 accusaverit
3314 4387 3601 4459 alienum,
3624 4392 3684 4443 et
3702 4390 3793 4444 in-

2142 4494 2359 4537 nocens
2390 4482 2679 4534 tormenta
2710 4478 3040 4551 pertulerit,
3072 4478 3312 4534 domino
3358 4477 3548 4534 simile
3573 4478 3797 4533 manci-

2144 4568 2307 4640 pium
2341 4583 2444 4639 pro
2476 4568 2585 4623 hoc
2617 4568 2769 4624 facto
2800 4569 3029 4624 reddat.
3063 4568 3119 4623 Si
3141 4567 3578 4623 veroinnocens
3600 4566 3659 4622 in
3683 4572 3798 4623 tor-

2142 4659 2359 4714 mentis
2390 4661 2659 4714 mortuus
2702 4661 2812 4727 est,
2862 4658 3011 4714 duos
3063 4674 3261 4714 servos
3291 4658 3557 4728 ejusdem
3601 4656 3795 4713 meriti

2143 4747 2271 4804 sine
2302 4746 2581 4803 dilatione
2612 4746 2849 4803 domino
2881 4746 3173 4803 restituat.

2212 4858 2349 4912 CAP.
2381 4853 2508 4910 284.
2540 4885 2611 4894 —
2640 4855 2715 4909 De
2746 4869 2808 4909 eo
2837 4855 2936 4924 qui
2962 4869 3189 4909 causam
3221 4854 3457 4910 alterius
3508 4853 3704 4909 tulerit
3731 4852 3793 4909 de

2679 4925 2796 4981 loco
2826 4940 2945 4993 suo,
2977 4938 3099 4996 cap.
3134 4927 3258 4981 340.

2214 5014 2274 5070 Si
2307 5013 2438 5085 quis
2462 5029 2705 5070 causam
2731 5011 2973 5069 alterius
2995 5013 3199 5069 tulerit
3218 5015 3289 5069 de
3305 5013 3432 5069 loco
3453 5029 3584 5083 suo,
3603 5014 3791 5086 ipsam

2140 5102 2385 5158 illesam
2419 5103 2626 5159 reddat
2656 5106 2761 5159 aut
2790 5102 3064 5158 similem.
3099 5103 3157 5159 Si
3190 5119 3325 5159 vero
3356 5103 3515 5159 foras
3536 5101 3792 5175 aliquam

2139 5192 2381 5248 traxerit
2411 5196 2467 5248 et
2497 5186 2892 5261 absconderit,
2926 5197 3103 5265 atque
3134 5190 3435 5266 negaverit
3473 5191 3793 5265 interroga-

2141 5285 2259 5351 tus,
2294 5282 2571 5338 furtivam
2604 5286 2936 5352 componat.

2139 5373 2277 5427 CAP.
2305 5370 2433 5425 285.
2461 5400 2531 5411 -—-
2561 5372 2634 5426 De
2661 5370 3071 5427 venditionibus
3119 5372 3227 5427 vili
3242 5372 3420 5442 pretio
3445 5370 3532 5427 vel
3559 5387 3687 5428 cum
3710 5372 3789 5427 vi-

2600 5444 2681 5499 tio
2710 5443 3016 5515 distractis,
3046 5460 3167 5516 cap.
3198 5444 3325 5499 352.

2212 5529 2444 5588 Placuit
2472 5531 2534 5588 in
2580 5531 2916 5589 venditione
2969 5533 3127 5590 hanc
3153 5533 3406 5591 formam
3445 5531 3691 5591 servari.
3722 5530 3789 5589 Ut
