3948 6072
301 183 410 239 959

1387 185 1455 235 D.
1493 179 1736 234 IVONlS
1772 173 2267 230 CARNOTENSIS
2304 173 2620 229 EPISGOPI

3615 171 3729 224 960

307 309 587 368 ecclesias
613 312 753 365 sunt
773 309 1116 376 constituta,
1143 307 1235 364 vel
1258 305 1479 379 singuli
1497 305 1715 378 quique
1733 300 1958 357 antisti-
1983 307 2038 372 Α
2070 302 2218 365 tum,
2250 298 2337 353 vel
2370 298 2528 353 aliud
2559 298 2800 369 animal,
2834 297 2948 354 nisi
2976 295 3145 354 illum
3179 295 3483 354 hominem
3501 311 3735 369 cogno-

308 405 396 457 tes
417 418 520 473 pro
546 400 742 456 causis
764 398 1179 455 ecclesiasticis
1202 397 1613 469 impetrarunt,
1644 394 1754 449 sub
1785 408 1958 473 poma

310 472 600 560 sacrilegii
619 489 750 561 jugi
783 487 1035 544 solidata
1057 485 1382 542 aeternitate
1402 487 1728 540 serventur.
1753 472 1959 534 Clerici

309 577 487 634 etiam
510 594 624 633 non
649 576 1026 634 saecularibus
1041 574 1368 647 judicibus,
1394 573 1494 628 sed
1517 567 1835 644 episcopali
1855 583 1959 622 au-

311 665 544 723 dientia
575 669 981 732 reserventur;
1033 664 1121 719 fas
1163 663 1320 718 enim
1371 678 1486 717 non
1537 664 1623 716 est
1669 663 1734 713 ut
1780 655 1960 712 divini

313 756 580 811 muneris
609 753 863 810 ministri
896 750 1204 824 temporali
1237 751 1510 823 potestati
1541 749 1889 806 subdantur.

315 863 448 920 CAP.
479 862 604 918 298.
635 891 708 902 —
731 861 806 915 De
834 859 921 914 his
960 860 1056 930 qui
1084 858 1452 930 ecclesiastica
1505 855 1801 928 privilegia
1844 853 1962 908 vio-

658 933 776 987 lant
802 932 887 988 vel
910 929 1301 998 dissimulant,
1334 946 1454 1001 cap.
1489 929 1612 984 116.

386 1022 446 1078 Si
476 1020 732 1078 ecclesiaa
753 1019 1104 1076 venerabilis
1126 1018 1431 1092 privilegia
1461 1018 1814 1088 cujusquam
1838 1015 1962 1068 fue-

316 1112 434 1167 rint
463 1109 794 1166 temeritate
813 1109 1050 1176 violata,
1071 1107 1162 1164 vel
1184 1107 1657 1165 dissimulatione
1677 1103 1961 1176 neglecta,

315 1200 700 1256 commissum
733 1198 842 1255 hoc
874 1199 933 1254 in
954 1198 1336 1270 triplo,juxta
1355 1197 1551 1269 legum
1575 1193 1963 1258 sanctionem,

315 1288 569 1345 ecclesiae
600 1288 693 1344 cui
726 1288 947 1344 factum
970 1291 1079 1358 est,
1100 1283 1802 1358 componatur,nobisque
1818 1281 1964 1335 ban-

316 1394 428 1434 nus
458 1381 657 1435 noster
676 1377 734 1432 in
756 1376 951 1450 triplo,
975 1376 1086 1432 hoc
1107 1381 1196 1432 est
1231 1380 1320 1430 ter
1357 1375 1426 1429 40
1445 1373 1552 1429 sol.
1578 1371 1962 1446 persolvatur.

317 1485 450 1542 CAP.
481 1485 608 1540 299.
641 1515 708 1526 -
743 1485 804 1540 Ut
833 1483 1003 1538 socios
1030 1498 1152 1538 suos
1181 1483 1426 1537 nominet
1454 1479 1601 1550 apud
1632 1494 1792 1549 quem
1831 1491 1966 1550 pars

590 1557 807 1628 rapinae
827 1557 1000 1626 fuerit
1021 1555 1266 1620 inventa,
1296 1553 1534 1624 capitulo
1568 1551 1688 1606 137.

388 1646 557 1744 Apud
589 1661 762 1716 quem
787 1643 981 1744 scelus
997 1643 1356 1742 agnoscitur,
1380 1645 1436 1697 et
1453 1657 1588 1739 pars
1611 1638 1826 1710 rapina:
1851 1636 1968 1744 iue-
1998 1679 2046 1744 Β

319 1733 397 1789 rit
425 1733 678 1801 inventa,
711 1733 912 1790 statim
944 1732 1136 1788 socios
1167 1747 1307 1787 suos
1349 1729 1654 1785 nominare
1703 1730 1964 1798 cogatur.

319 1823 482 1890 Quod
513 1823 563 1878 si
595 1823 900 1879 nominare
933 1821 1208 1890 noluerit,
1232 1823 1501 1876 teneatur
1531 1818 1600 1873 ad
1625 1816 1965 1872 vindictam.

319 1915 453 1966 CAP.
485 1911 614 1966 300.
641 1942 710 1952 -—
742 1910 938 1966 Contra
988 1908 1242 1980 priorum
1289 1908 1668 1980 deﬁnitionem
1717 1904 1840 1976 ﬁlio
1887 1903 1970 1958 vel

594 1982 808 2039 ngredi
833 1997 942 2037 non
977 1981 1143 2036 licere
1171 1982 1378 2050 venire,
1419 1996 1537 2051 cap.
1569 1979 1694 2033 450.

392 2070 536 2126 Filio
556 2070 646 2126 vel
680 2069 893 2126 heredi
927 2073 1129 2125 contra
1158 2069 1420 2141 priorum
1443 2070 1671 2139 justam
1696 2068 1796 2120 aut
1824 2062 1969 2134 legi-

318 2160 524 2216 timam
557 2159 952 2216 deﬁnitionem
986 2159 1182 2214 venire
1236 2175 1350 2215 non
1399 2156 1591 2224 liceat,
1635 2153 1775 2226 quia
1807 2153 1969 2223 juste

320 2247 629 2321 repellitur
666 2248 1048 2321 praesumptio
1095 2247 1257 2304 illius
1310 2246 1411 2319 qui
1458 2246 1611 2301 facta
1669 2241 1966 2299 seniorum

321 2337 542 2408 injuste
574 2341 822 2394 conatur
851 2341 1195 2408 irrumpere.

320 2427 451 2482 CAP.
483 2427 608 2483 301.
666 2457 735 2468 --
782 2427 858 2482 De
915 2425 1004 2481 his
1063 2425 1186 2550 qui1
1196 2425 1435 2551 6[avibus
1491 2422 1700 2479 conscii
1755 2420 1972 2491 fuerint

1009 2513 1130 2551 σαι).
1273 2536 1284 2549 .

1009 2513 1130 2568 cap.
1167 2513 1284 2551 ιυυ.

391 2585 516 2643 Non
548 2585 739 2642 solum
766 2584 863 2643 ille
895 2585 995 2656 qui
1026 2585 1248 2640 furtum
1284 2583 1502 2653 fecerit,
1547 2584 1646 2639 sed
1699 2581 1873 2637 etiam
1915 2582 1972 2634 et

321 2675 658 2748 quicunque
688 2675 958 2732 conscius
993 2675 1186 2742 fuerit,
1228 2674 1317 2729 vel
1349 2675 1502 2729 furto
1533 2672 1729 2728 ablata
1781 2667 1971 2725 sciens

321 2765 664 2837 susceperit,
696 2764 755 2818 in
801 2780 1046 2819 numero
1099 2763 1422 2819 iurantium
1465 2763 1775 2826 habeatur,
1807 2762 1864 2813 et
1894 2755 1973 2812 si-

321 2854 444 2908 mili
479 2853 749 2908 vindicta:
783 2853 1112 2922 subjaceat.

322 2945 456 2998 CAP.
487 2940 614 2996 302.
645 2971 714 2982 —
745 2945 824 2996 De
852 2955 911 2996 eo
940 2939 1046 3012 qui
1058 2938 1210 3012 ﬁlios
1257 2955 1368 2996 non
1400 2938 1684 3008 habuerit,
1715 2941 1766 2992 et
1788 2936 1854 3012 in
1884 2951 1974 3012 co-

391 3028 524 3066 rum
561 3012 738 3067 locum
783 3012 962 3067 alium
999 3011 1107 3066 sibi
1161 3011 1434 3068 hicredem
1469 3015 1592 3082 [acc

392 3099 519 3154 cap.
545 3084 671 3137 212.

395 3171 500 3234 Qui
534 3170 687 3226 ﬁlios
717 3187 831 3225 non
858 3169 1151 3234 habuerit,
1184 3174 1240 3224 et
1270 3170 1446 3226 alium
1489 3169 1813 3241 quemlibet
1860 3169 1972 3223 hie-

326 3259 522 3315 redem
555 3258 668 3316 sibi
695 3259 882 3315 facere
911 3258 1176 3326 voluerit,
1210 3275 1402 3316 coram
1431 3275 1585 3332 rege,
1635 3257 1720 3314 vel
1773 3275 1970 3314 coram

324 3349 536 3404 comite
565 3353 622 3404 et
642 3347 922 3419 scabinis,
954 3346 1040 3403 vel
1082 3349 1283 3404 missis
1313 3347 1627 3404 dominicis
1658 3349 1757 3422 qui
1801 3349 1872 3404 ab
1904 3363 1971 3403 eo

326 3439 396 3494 ad
421 3438 685 3510 justitias
716 3438 1015 3494 faciendas
1047 3437 1104 3493 in
1138 3439 1438 3511 provincia
1469 3439 1686 3495 fuerint
1734 3443 1971 3501 ordina-

326 3531 394 3597 ti,
429 3531 801 3586 traditionem
835 3530 1033 3585 faciat.

329 3618 464 3673 CAP.
493 3620 618 3673 303.
652 3649 720 3659 —
750 3620 824 3674 De
847 3620 1178 3746 fugtzzivizae:
1207 3621 1535 3746 pggeprinis,
1560 3626 1617 3678 ut
1637 3623 1975 3696 distringun-

959 3707 1043 3757 ur,
1077 3708 1195 3762 cap.
1245 3698 1368 3746 222.

401 3777 483 3833 De
513 3776 776 3850 fugitivis
817 3794 883 3834 ac
941 3779 1265 3851 peregrinis
1317 3785 1380 3834 ut
1428 3782 1880 3855 distringantur,
1913 3788 1978 3841 ut

332 3865 480 3924 scire
511 3883 828 3938 possumus
861 3866 960 3940 qui
994 3868 1134 3934 sint,
1167 3872 1269 3924 aut
1300 3871 1454 3925 unde
1482 3879 1787 3928 venerunt.

333 3957 468 4015 CAP.
499 3957 625 4012 304.
657 3987 727 3998 -
764 3959 836 4013 De
884 3956 1138 4034 armillis
1175 3961 1227 4012 et
1281 3958 1498 4034 bruniis
1544 3963 1980 4034 negotiatoribus

828 4044 939 4084 non
967 4028 1183 4097 dandis,
1214 4045 1333 4102 cap.
1355 4031 1480 4086 223.

406 4117 480 4173 Ut
508 4117 750 4174 armillis
781 4122 837 4173 et
867 4117 1090 4173 bruniae
1116 4135 1228 4173 non
1261 4119 1476 4174 dentur
1497 4121 1980 4192 negotiatoribus.

336 4228 468 4280 CAP.
503 4225 630 4281 305.
663 4225 837 4297 —-,Ne
867 4227 990 4296 quis
1014 4229 1327 4297 prazsumat
1356 4225 1632 4283 hominem
1661 4230 1781 4286 sine
1809 4246 1984 4286 causa

687 4296 756 4352 ad
775 4296 1058 4369 judicium
1085 4300 1323 4369 mittere,
1356 4315 1476 4371 cap.
1509 4300 1636 4355 2‘28.

409 4384 482 4440 Ut
513 4383 712 4441 nullus
743 4391 1063 4457 praesumat
1093 4386 1393 4441 hominem
1434 4387 1504 4442 ad
1530 4388 1824 4458 judicium
1859 4390 1987 4446 mit-
2016 4404 2064 4470 ι)

335 4477 457 4530 tere
486 4474 614 4531 sine
644 4491 843 4538 causa,
879 4475 992 4529 nisi
1016 4474 1353 4544 judicatum
1388 4475 1509 4530 ﬁat.

337 4563 472 4620 CAP.
505 4565 630 4618 306.
661 4595 730 4605 —
765 4565 827 4620 Ut
857 4564 1042 4618 nullus
1067 4566 1366 4633 praesumat
1392 4565 1654 4620 telonium
1681 4567 1988 4622 rodaticum

574 4637 662 4690 vel
692 4638 1101 4704 pulveraticum
1141 4637 1413 4706 recipere,
1445 4652 1572 4710 cap.
1605 4638 1732 4692 2/13.

409 4723 484 4778 Ut
511 4721 713 4777 nullus
745 4722 920 4778 homo
951 4728 1270 4794 praesumat
1301 4723 1589 4781 telonium
1624 4743 1726 4799 per
1754 4726 1881 4781 vias
1899 4724 1988 4781 vel

339 4827 444 4885 per
470 4809 640 4866 villas
672 4810 1023 4880 rodaticum,
1057 4827 1162 4867 nec
1200 4811 1620 4883 pulveraticum
1673 4814 1950 4888 recipere.

339 4901 474 4957 CAP.
497 4899 625 4955 307.
657 4931 724 4941 —
755 4899 829 4955 De
853 4915 914 4955 eo
943 4901 1035 4956 cui
1061 4917 1172 4957 non
1201 4906 1344 4958 recte
1377 4902 1674 4974 iudicatur,
1707 4921 1825 4976 cap.
1858 4905 1984 4960 253.

410 4989 482 5045 Ut
511 4989 561 5045 si
592 4987 808 5060 aliquis
857 4987 1106 5044 voluerit
1162 4990 1354 5046 dicere
1401 4993 1558 5062 quod
1593 4994 1756 5065 juste
1789 4993 1839 5048 ei
1872 5010 1988 5049 non

331 5079 653 5151 judicetur,
685 5083 826 5134 tunc
855 5078 912 5134 in
945 5078 1314 5150 praesentiam
1352 5086 1612 5136 nostram
1637 5081 1850 5151 veniat,
1885 5080 1989 5137 ali-

338 5173 429 5225 ter
457 5185 590 5225 vero
623 5185 734 5224 non
767 5173 1086 5241 praesumat
1115 5169 1174 5224 in
1209 5170 1582 5241 praesentiam
1616 5175 1878 5226 nostram
1903 5185 1991 5226 ve-

341 5258 466 5315 nire
495 5275 600 5331 pro
631 5256 876 5314 alterius
899 5257 1136 5329 justitia
1165 5257 1486 5315 dilatanda.

342 5346 476 5403 CAP.
507 5348 632 5430 308.
665 5377 734 5388 -—
761 5348 839 5404 Ne
859 5347 1090 5430 _atiquis
1146 5347 1216 5430 ab
1279 5351 1474 5430 ignoto
1505 5347 1991 5430 homine-equum,

550 5419 754 5486 bovem,
785 5419 870 5475 vel
901 5418 1058 5474 aliud
1086 5418 1312 5475 animal
1330 5425 1498 5487 emat,
1521 5437 1639 5491 cap.
1671 5420 1796 5474 294.

413 5505 489 5562 Ut
508 5507 710 5565 nullus
732 5514 1032 5582 comparet
1051 5508 1365 5579 caballum,
1391 5510 1615 5578 bovem,
1637 5513 1737 5566 aut
1753 5509 1994 5581 jumen-

2069 393 2192 445 scat
2223 388 2322 459 qui
2353 403 2488 443 eum
2544 389 2826 455 vendidit,
2859 391 2916 444 et
2945 388 3017 443 de
3047 403 3164 459 quo
3207 392 3316 455 est,
3350 389 3410 442 et
3439 386 3542 442 ubi
3597 402 3734 442 ma-

2069 481 2187 548 net,
2219 481 2277 532 et
2308 479 2443 549 quis
2473 481 2565 532 est
2594 478 2722 548 ejus
2753 478 2966 534 senior.

2069 584 2204 640 CAP.
2235 584 2360 655 309.
2391 609 2464 627 —
2491 585 2568 639 De
2596 583 2840 655 episcopo
2871 585 2969 654 qui
2997 584 3064 639 ab
3093 583 3280 655 aliquo
3311 582 3633 654 impetitur,
3663 585 3732 637 ut

2140 672 2190 710 St
2220 654 2336 728 ipse
2364 654 2717 728 questionem
2745 654 2994 727 aliquam
3024 654 3301 720 retulerit,
3321 671 3424 727 per
3442 657 3730 727 episcopos

2132 727 2349 798 judices
2375 727 2541 784 causa
2562 729 2917 794 terminetnr,
2941 743 3061 799 cap.
3093 728 3219 782 309.

2143 825 2202 881 Si
2235 825 2366 898 quis
2407 827 2719 898 episcopus
2750 843 2784 881 a
2813 841 3110 897 quoquam
3143 824 3471 896 impetitur,
3504 823 3595 879 vel
3631 821 3735 879 ille

2071 912 2330 986 aliquam
2349 915 2731 986 quastionem
2755 914 3150 986 retulerit,per
3170 913 3477 986 episcopos
3491 912 3739 983 judices

2070 1019 2252 1059 causa
2283 1003 2542 1073 finiatur,
2574 1003 2693 1060 sive
2710 1019 2858 1075 quos
2879 1003 2964 1060 eis
2984 1002 3269 1074 primates
3290 1002 3583 1067 dederint,
3609 1001 3737 1058 sive

2073 1108 2220 1164 quos
2251 1091 2378 1164 ipse
2407 1092 2630 1149 vicinos
2661 1109 2729 1150 ex
2759 1107 3054 1149 consensu
3086 1091 3434 1164 delegerint.

2071 1201 2205 1256 CAP.
2245 1199 2370 1255 310.
2403 1229 2474 1240 -
2502 1199 2563 1255 Si
2585 1215 2861 1272 possessor
2885 1199 3337 1327 pigllviolentiam
3384 1198 3733 1270 expellatur,

2753 1289 2872 1327 cav.
3020 1313 3033 1326 .

2753 1289 2872 1344 cap.
2906 1289 3033 1327 eos.

2145 1360 2485 1432 Quicunque
2496 1359 2778 1417 violenter
2800 1359 3089 1432 expulerit
3113 1357 3515 1431 possidentem
3541 1357 3734 1429 priuso

2075 1465 2254 1520 quam
2286 1465 2389 1521 pro
2413 1449 2540 1521 ipso
2559 1450 2781 1520 judicis
2803 1448 3094 1506 sententia
3115 1447 3469 1520 procedat,si
3483 1462 3729 1502 causam

2078 1537 2378 1593 meliorem
2411 1537 2706 1604 habuerit,
2737 1537 2928 1610 ipsam
2978 1554 3220 1594 causam
3265 1537 3337 1592 de
3381 1553 3502 1608 qua
3533 1536 3734 1608 agitur

2077 1628 2296 1697 perdat.
2324 1625 2425 1682 Ille
2445 1642 2580 1682 vero
2607 1627 2708 1698 qul
2725 1626 3064 1682 violentiam
3088 1624 3348 1698 pertulit,
3375 1625 3656 1681 universa
3674 1624 3733 1679 in

2077 1720 2236 1771 statu
2269 1731 2384 1787 quo
2417 1716 2647 1772 fuerant
2678 1715 2936 1788 recipiat,
2969 1720 3028 1772 et
3052 1732 3181 1788 quas
3205 1715 3468 1787 possedit
3483 1731 3736 1771 securus

2078 1809 2288 1861 teneat.
2322 1805 2379 1860 Si
2410 1821 2542 1861 vero
2574 1805 2719 1860 illud
2752 1805 2974 1861 invadit
3004 1805 3160 1876 quod
3193 1804 3608 1876 perjudicium
3634 1805 3735 1859 ob-

2076 1895 2262 1950 tinere
2293 1894 2503 1966 potuit,
2535 1899 2592 1950 et
2621 1911 2864 1950 causam
2894 1894 3146 1964 amittat,
3201 1897 3261 1950 et
3293 1893 3454 1950 aliud
3499 1897 3734 1950 tantum

2077 1988 2364 2055 quantum
2399 1982 2614 2039 invasit
2641 1983 2847 2039 reddat
2875 1982 3142 2056 expulso.

2077 2090 2210 2146 CAP.
2245 2091 2369 2146 311.
2403 2123 2469 2132 -
2501 2089 2565 2145 Si
2592 2090 2664 2146 ad
2709 2090 3086 2162 diripiendum
3117 2091 3345 2162 quisque
3387 2091 3539 2146 alios
3589 2091 3737 2145 invi-

2494 2165 2636 2219 tasse
2661 2163 2998 2234 reperiatur,
3029 2179 3149 2234 cap.
3181 2163 3308 2218 353.

2151 2250 2208 2306 Si
2229 2251 2363 2321 quis
2387 2251 2458 2306 ad
2486 2251 2886 2322 diripiendum
2902 2251 3050 2308 alios
3072 2251 3422 2317 invitaverit,
3449 2255 3514 2306 ut
3535 2252 3734 2322 cujus-

2079 2355 2313 2411 cunque
2344 2356 2464 2396 rem
2499 2343 2741 2410 evertat,
2776 2344 2877 2396 aut
2908 2357 3117 2413 pecora
3145 2340 3234 2396 vel
3265 2339 3549 2396 animalia
3575 2355 3736 2411 quae-

2079 2443 2310 2498 cunque
2343 2426 2599 2498 diripiat,
2634 2428 2719 2484 illi
2750 2429 2920 2499 cujus
2953 2446 3047 2484 res
3079 2429 3309 2500 direpta
3338 2432 3428 2484 est
3458 2429 3519 2483 in
3539 2433 3735 2499 septu-

2082 2513 2244 2585 plum
2265 2531 2390 2586 qua:
2406 2514 2639 2571 sublata
2652 2520 2790 2572 sunt
2806 2517 3081 2572 restituat
3096 2533 3110 2571 :
3126 2516 3176 2572 si
3189 2533 3323 2572 vero
3340 2516 3439 2588 qui
3453 2533 3522 2572 cu
3535 2533 3589 2571 m
3606 2516 3736 2588 ipso

2084 2603 2322 2668 fuerint,
2356 2603 2597 2676 ingenui
2651 2604 2790 2672 sint,
2852 2606 3064 2676 quinos
3119 2605 3341 2662 solidos
3382 2620 3740 2677 componere

2083 2691 2532 2764 compellantur.
2570 2694 2704 2761 Aut,
2737 2693 2785 2750 si
2817 2711 2930 2750 non
2966 2695 3281 2751 habuerint
3311 2695 3468 2750 unde
3497 2710 3739 2765 compo-

2085 2786 2248 2850 nant,
2284 2783 2384 2836 150
2415 2781 2644 2854 ﬂagella
2674 2782 3022 2855 suscipiant.
3055 2783 3114 2838 Si
3143 2799 3279 2838 vero
3311 2783 3462 2840 servi
3518 2783 3629 2838 hoc
3667 2783 3743 2836 si-

2084 2887 2157 2925 ne
2188 2871 2412 2926 domini
2445 2870 2744 2927 voluntate
2774 2871 3198 2939 commiserint,
3253 2872 3517 2928 centenis
3566 2871 3744 2943 quin-

2085 2959 2370 3032 quagenis
2405 2959 2650 3032 ﬂagellis
2679 2960 3085 3032 verberentur,
3108 2964 3166 3016 et
3195 2961 3268 3017 ab
3300 2960 3384 3017 eis
3415 2978 3508 3018 res
3531 2977 3741 3016 omnes

1671 3006 1677 3008 ⁷
1917 3006 1927 3016 '
2088 3006 2369 3032 Ἰ“”“”Ον“⁴”“¹
2405 3006 2650 3032 ⁸⁸“”0“¹’”““”
2690 3006 2957 3016 """""'""

1597 3027 1662 3065 re
1707 3007 1971 3074 valueru’
2004 3034 2047 3102 C
2086 3049 2311 3122 integro
2339 3049 2398 3104 in
2431 3052 2586 3104 statu
2622 3049 2961 3107 reddantur.

2077 3157 2212 3214 CAP.
2248 3157 2373 3212 312.
2397 3187 2478 3229 A—_
2509 3158 2573 3229 Ut
2591 3157 2930 3229 judicandus
2958 3160 3009 3214 si
3037 3159 3118 3212 ita
3148 3157 3440 3226 maluerit,
3473 3157 3545 3212 ad
3581 3157 3737 3228 epis-

2150 3244 2292 3298 copa
2303 3229 2354 3284 te
2375 3227 2656 3298 judicium
2679 3229 2982 3299 dirigatur,
2999 3233 3047 3285 et
3069 3229 3337 3300 quidquid
3358 3227 3738 3300 episcoporum

2149 3301 2320 3370 fuerit
2367 3302 2640 3355 sententia
2696 3300 3009 3371 definitum,
3059 3301 3342 3356 immobile
3382 3309 3732 3369 permaneat.

2148 3375 2202 3426 et
2234 3373 2485 3497 utBtégius
2516 3373 2687 3427 etiam
2716 3374 2954 3446 episcOpi
2983 3373 3363 3429 testimonium
3407 3381 3595 3428 ratum
3634 3375 3730 3441 sit,

2149 3458 2269 3497 can.
2403 3484 2416 3497 .

2149 3458 2269 3513 cap.
2290 3458 2416 3498 suo.

2159 3542 2506 3612 Quicunque
2528 3541 2688 3596 litem
2722 3540 2948 3598 habens
2979 3541 3100 3598 sive
3119 3558 3426 3613 possessor
3445 3541 3568 3596 sive
3589 3541 3740 3613 peti-

2083 3637 2176 3687 tor
2199 3631 2390 3697 fuerit,
2423 3630 2511 3685 vel
2543 3630 2600 3684 in
2637 3629 2804 3685 initio
2834 3630 2974 3701 litis,
3007 3631 3095 3686 vel
3118 3631 3380 3687 decursis
3400 3635 3738 3702 temporum

2085 3719 2417 3785 curriculis,
2453 3719 2573 3774 sive
2603 3735 2735 3774 cum
2771 3719 3073 3792 negotium
3097 3725 3426 3792 peroratur,
3459 3719 3584 3775 sive
3603 3736 3742 3775 cum

2079 3808 2205 3878 jam
2238 3805 2474 3878 coeperit
2503 3805 2694 3878 promi
2725 3807 3041 3873 sententia,
3071 3808 3122 3863 si
3148 3807 3440 3878 judicium
3501 3806 3744 3878 elegerit

2087 3898 2470 3953 sacrosancte
2500 3893 2646 3967 legis
2676 3895 2980 3964 antistitis,
3011 3894 3168 3951 illico
3198 3896 3324 3952 sine
3349 3895 3550 3968 aliqua
3571 3896 3743 3951 dubi-

2087 3983 2326 4052 tatione,
2357 3982 2587 4038 etiamsi
2634 3982 2748 4038 alia
2781 4000 2916 4054 pars
2949 3983 3295 4056 refragatur,
3327 3985 3399 4039 ad
3433 3985 3741 4057 episcopo-

2091 4087 2221 4126 rum
2247 4070 2543 4142 judicium
2575 4086 2708 4126 cum
2742 4087 3014 4127 sermone
3045 4071 3407 4144 litigantium
3431 4072 3742 4145 dirigatur.

2093 4157 2275 4215 Multa
2304 4158 2485 4229 enim,
2512 4173 2638 4229 qum
2668 4157 2968 4229 injudicio
2995 4159 3263 4230 captione
3285 4159 3746 4232 praescriptionis

2091 4248 2326 4308 vincula
2361 4248 2551 4319 promi
2583 4264 2699 4302 non
2733 4247 3059 4318 patiuntur,
3093 4247 3409 4321 investigat
3437 4253 3496 4304 et
3526 4247 3748 4320 promit

2094 4342 2477 4400 sacrosanctae
2500 4337 2800 4409 religionis
2821 4337 3385 4396 auctoritas.0mnes
3405 4339 3603 4411 itaque
3617 4355 3749 4395 can-

2096 4449 2172 4488 saa
2193 4446 2317 4503 quas
2339 4427 2426 4484 vel
2457 4427 2722 4500 praetorio
2747 4429 2880 4498 jure
2909 4427 2999 4483 vel
3020 4428 3175 4484 civili
3205 4433 3558 4500 tractantur,
3592 4429 3749 4500 epis-

2097 4536 2374 4593 coporum
2403 4517 2712 4574 sententiis
2730 4518 3074 4588 terminatis,
3107 4523 3388 4591 perpetuo
3409 4519 3750 4574 stabilitatis

2091 4614 2224 4684 jure
2254 4611 2581 4666 ﬁrmentur.
2616 4609 2731 4666 Nec
2764 4608 2936 4664 liceat
2967 4608 3221 4666 ulterius
3243 4610 3547 4666 retractari
3570 4625 3752 4682 nego-

2095 4701 2243 4756 tium
2277 4699 2430 4770 quod
2463 4698 2870 4770 episcoporum
2903 4697 3212 4754 sententiis
3244 4697 3546 4754 deciderit.
3567 4699 3754 4755 Testi-

2099 4788 2365 4846 monium
2395 4792 2569 4844 etiam
2603 4786 2675 4842 ab
2708 4803 2844 4854 uno,
2876 4785 3014 4843 licet
3043 4787 3340 4859 episcopo,
3363 4787 3747 4859 perhibitum.

2097 4895 2305 4936 omnes
2330 4878 2560 4949 judices
2593 4875 2999 4932 indubitanter
3023 4877 3334 4948 accipiant,
3359 4892 3467 4932 nec
3481 4875 3636 4933 alius
3654 4893 3754 4933 au-

2099 4968 2313 5037 diatur,
2347 4983 2480 5022 cum
2512 4965 2916 5022 testimonium
2950 4965 3213 5038 episcopi
3244 4984 3278 5022 a
3309 4966 3570 5038 qualibet
3590 4971 3751 5038 parte

2099 5059 2274 5114 fuerit
2303 5056 2746 5128 repromissum.
2782 5054 2930 5112 Illud
2961 5060 3053 5112 est
3070 5055 3228 5112 enim
3257 5056 3522 5112 veritatis
3550 5061 3754 5113 aucto-

2101 5146 2274 5202 ritate
2302 5146 2625 5211 tirmatum,
2655 5143 2802 5200 illud
2829 5144 3259 5216 incorruptum,
3303 5144 3459 5215 quod
3492 5161 3526 5200 a
3555 5160 3751 5200 sacro-

2101 5240 2304 5291 sancto
2334 5234 2572 5290 homine
2603 5233 2966 5290 conscientia
2997 5233 3214 5290 mentis
3233 5233 3471 5290 illibatae
3495 5233 3752 5304 protule-

2103 5327 2198 5381 rit.
2232 5326 2350 5381 Hoc
2383 5341 2488 5381 nos
2520 5324 2710 5380 edicto
2741 5323 2964 5380 salubri
3013 5324 3332 5396 aliquando
3389 5325 3754 5400 censuimus,

2102 5418 2211 5472 hoc
2243 5419 2528 5486 perpetua
2557 5414 2684 5486 lege
2710 5415 3042 5484 firmamus,
3078 5414 3377 5471 malitiosa
3433 5412 3631 5470 litium
3665 5431 3754 5470 ee-

2104 5504 2267 5561 mina
2296 5503 2773 5576 comprimentes.
