4000 6060
204 289 311 344 961

1165 299 1481 352 DECRETI
1520 302 1702 357 PARS
1738 304 1882 358 XVI.
1926 333 1995 343 —
2026 309 2123 361 DE
2158 310 2461 371 OFFICIIS
2496 318 2679 374 LAIC.

3518 337 3626 392 962

209 419 341 472 CAP.
376 415 501 472 213.
532 447 602 456 ——
632 418 1367 533 Exdiibiqlfqitmprtfoﬁqsrii
1387 424 1569 491 tertio,
1601 440 1723 497 cap.
1757 443 1859 497 xu,
1892 428 1946 496 Α
2114 433 2256 533 dum
2279 436 2455 533 vellet
2482 443 2842 533 venundare,
2877 448 3215 518 perdiderit,
3239 454 3350 511 sibi
3376 459 3455 514 rei
3489 477 3621 533 per-

713 490 777 545 de
806 492 1050 559 incestis,
1080 510 1203 564 cap.
1236 495 1362 548 410.

282 578 448 641 Quod
487 577 696 635 incesti
743 597 857 635 non
890 581 1011 636 sint
1040 582 1285 654 legitimi
1321 583 1598 653 heredes,
1634 586 1735 641 sed
1768 586 1859 642 in-

210 667 392 723 famia
422 665 541 723 sint
570 672 780 724 notatas
812 674 1072 743 utraeque
1102 688 1385 742 personae.

211 774 344 831 CAP.
377 775 504 832 314.
536 805 606 817 —-
639 777 702 832 Ut
730 778 813 833 ita
845 779 1028 833 valeat
1056 782 1432 849 commutatio,
1465 783 1606 839 sicut
1651 791 1700 840 et
1744 801 1861 840 em-

816 852 955 920 ptio,
979 867 1097 921 cap.
1130 852 1256 908 417.

285 935 680 1011 Commutatio
730 936 780 991 si
833 954 954 1011 _non
1006 939 1181 995 fuerit
1236 957 1340 1011 per
1381 943 1497 997 vim
1548 947 1606 999 et
1636 948 1862 1001 metum

212 1011 459 1077 extorta,
486 1007 663 1064 talem
711 1009 947 1081 qualem
988 1016 1044 1066 et
1081 1007 1304 1084 emptio
1355 1014 1565 1071 habeat
1613 1016 1863 1074 ﬁrmita-

210 1100 355 1152 tem.

214 1185 350 1263 ΟΑΡ.
385 1186 509 1263 315.
540 1216 610 1225 —-
636 1186 710 1263 De
741 1186 1053 1263 homicidis,
1098 1192 1387 1261 maleﬁcis,
1419 1194 1692 1263 veneﬁcis,
1733 1212 1860 1251 con-

285 1256 471 1324 victis,
506 1259 788 1383 app8eﬁlare
815 1261 1122 1317 volentibus
1163 1256 1273 1319 non
1302 1256 1615 1336 audiendis,
1648 1256 1716 1322 etc
1762 1268 1858 1323 lib.

285 1345 385 1383 vn.
417 1344 536 1383 can.
682 1370 695 1383 .

285 1345 385 1395 vn,
417 1344 536 1399 cap.
575 1344 695 1383 161.

286 1417 350 1471 In
382 1416 651 1473 civilibus
682 1419 877 1475 causis
910 1420 997 1477 vel
1037 1420 1355 1481 levioribus
1395 1425 1745 1482 criminibus
1775 1426 1862 1483 le-

214 1505 391 1578 gibus
423 1505 624 1563 dilatio
673 1511 1005 1580 praestanda
1032 1516 1143 1567 est.
1187 1512 1533 1582 Homicida,
1587 1515 1862 1582 adulteri,

214 1596 481 1663 venefici,
514 1597 786 1670 convicti,
818 1598 867 1654 si
900 1600 1191 1673 appellare
1236 1603 1545 1676 voluerint,
1594 1622 1709 1661 non
1758 1623 1864 1662 au-

216 1684 419 1740 diantu
429 1703 474 1741 r.

213 1793 351 1870 CAP.
384 1792 519 1870 316.
547 1795 720 1870 --_De
763 1796 949 1870 causis
997 1799 1059 1852 in
1106 1799 1309 1866 iudicio
1353 1803 1763 1870 convincendis,
1813 1803 1941 1867 etB

1975 518 2111 575 ditas
2148 522 2366 596 ingerit
2398 529 2844 590 detrimentum.

1973 626 2112 727 Ολξδί
2294 666 2361 727 Γ
2388 636 2467 727 ης
2494 636 2580 727 his
2608 641 2704 727 qui
2731 641 2861 727 aliis
2878 644 3099 727 aliquid
3118 648 3344 727 debent,
3390 662 3442 709 et
3492 657 3623 727 ipsis

2046 701 2113 826 ΖΞ)
2146 704 2225 757 eis
2255 706 2467 831 atiquaiél
2496 701 2739 781 debetur,
2770 722 2832 768 ut
2864 715 2925 769 in
2955 701 3625 798 s'olutz'oneinvvéomputen:

2110 790 2160 839 r,
2192 790 2313 846 cap.
2464 819 2475 832 .

2046 861 2104 961 Si
2137 863 2272 933 quis
2298 866 2508 922 debeat
2538 868 2710 925 alicui
2745 872 2967 932 solidos
3016 879 3241 944 decem,
3273 887 3330 939 et
3378 885 3472 942 ille
3521 890 3622 961 qui

1975 948 2146 1005 debet
2178 969 2525 1026 quacunque
2558 960 2781 1016 ratione
2805 964 3129 1023 debeantur
3174 969 3258 1024 illi
3306 990 3339 1028 a
3370 948 3623 1036 credito-

1972 1054 2034 1093 re
2065 1056 2171 1094 suo
2203 1041 2374 1097 solidi
2410 1046 2691 1117 quinque,
2728 1054 2783 1104 et
2814 1053 3009 1109 veniat
3032 1058 3307 1128 creditor,
3340 1064 3493 1120 totos
3523 1067 3622 1123 de-

1972 1142 2094 1182 cem
2130 1128 2350 1186 solidos
2373 1150 2406 1187 a
2438 1134 2698 1192 debitore
2730 1143 2917 1209 petat;
2947 1143 2996 1197 si
3018 1146 3353 1214 probaverit
3389 1151 3486 1209 ille
3518 1156 3623 1211 de-

1976 1216 2126 1310 bitor
2151 1220 2264 1275 sibi
2296 1222 2367 1277 ab
2400 1239 2465 1279 eo
2498 1225 2760 1297 quinque
2783 1229 3000 1287 solidos
3028 1234 3421 1310 deberiquare
3452 1242 3621 1301 illum

1974 1306 2230 1363 solidum
2267 1327 2370 1381 pro
2412 1313 2552 1369 totis
2586 1315 2785 1371 decem
2819 1318 3025 1376 solidis
3056 1306 3349 1395 convenit,
3382 1346 3623 1389 causam

1975 1397 2166 1467 perdit
2195 1399 2297 1468 qui
2330 1400 2516 1457 noluit
2546 1404 2810 1461 debitum
2840 1424 3241 1482 compensare.
3276 1416 3497 1477 Similis
3528 1438 3621 1478 ra-

1971 1483 2051 1539 tio
2083 1490 2173 1541 est
2204 1487 2273 1542 de
2313 1489 2629 1560 frumento,
2659 1493 2747 1548 vel
2782 1497 2853 1551 de
2883 1496 3016 1554 aliis
3047 1503 3378 1572 speciebus.

1971 1592 2107 1649 CAP.
2139 1594 2367 1682 3.23.,—
2388 1597 2461 1680 De
2493 1598 2583 1682 nis
2610 1602 2711 1682 qui
2738 1602 2882 1682 ﬁliis
2916 1608 3172 1682 familias
3220 1612 3439 1682 aliquid
3475 1632 3620 1674 com-

2166 1666 2517 1726 modaverint
2544 1666 2678 1743 quid
2708 1666 2981 1745 agendum
3008 1679 3105 1749 sit,
3136 1666 3418 1754 cap.”3](_)-4;

2044 1755 2154 1820 Qui
2185 1754 2563 1814 ﬁliofamilias
2593 1765 2798 1818 contra
2850 1765 3161 1825 interdicta
3192 1771 3387 1844 legum
3433 1775 3620 1835 inscio

287 1845 353 1920 de
391 1845 712 1921 sententi;
733 1845 1304 1927 adpersusnab's'e'ntve's
1895 1845 1941 1867 υ
1974 1846 2136 1943 patre
2160 1845 2476 1943 pecu-niam.
2501 1852 2915 1943 commodavit,
2950 1871 3076 1912 eam
3123 1875 3227 1915 nec
3256 1861 3483 1941 vivente
3514 1883 3620 1923 Πθο

289 1936 357 2012 de
410 1939 588 1992 causis
644 1939 703 1993 in
750 1939 966 2012 judicio
1040 1957 1149 1997 non
1212 1936 1555 2001 revolvendis
1580 1989 1598 2012 ,
1672 1936 1738 2001 et
1800 1952 1859 2002 ut

289 2008 540 2088 absentes
621 2008 762 2065 non,
814 2011 1180 2084 damnentur,
1266 2024 1317 2071 et
1390 2017 1531 2088 quod
1580 2008 1592 2012 ⁷
1615 2017 1861 2075 absentes

285 2096 396 2206 562
415 2081 602 2136 alium
628 2098 726 2138 nec
754 2098 1017 2140 accusare
1064 2081 1172 2141 nec
1204 2081 1460 2144 accusa-ri
1482 2090 1695 2161 possint
1739 2108 1858 2162 cap.

290 2241 563 2298 Convinci
595 2259 767 2300 nemo
800 2249 994 2317 potest
1011 2245 1070 2300 in
1096 2247 1321 2317 judicio
1344 2249 1472 2305 sine
1498 2250 1750 2306 testibus
1767 2254 1868 2306 aut

229 2330 545 2404 scriptura.
568 2333 888 2401 Sententia,
908 2335 1149 2392 absente
1179 2343 1344 2409 parte
1367 2338 1501 2408 alia,
1518 2340 1749 2409 ajudici
1769 2341 1865 2395 da-

217 2424 298 2488 ta,
332 2420 554 2478 nullam
587 2423 811 2479 obtinet
840 2424 1197 2481 firmitatem.
1227 2426 1417 2483 Causa
1436 2427 1591 2484 inter
1612 2446 1863 2500 praesen-

216 2513 306 2567 tes
328 2510 615 2581 judicata,
661 2517 794 2584 post
842 2514 1185 2570 decendium
1235 2516 1470 2587 revolvi,
1503 2534 1618 2573 non
1650 2524 1862 2590 potest,

220 2616 325 2657 nec
356 2600 511 2657 inter
540 2603 813 2659 absentes
845 2609 976 2675 post
1004 2604 1360 2663 vicendium-
1400 2609 1462 2663 ln
1495 2625 1673 2666 causa
1703 2613 1861 2685 capi-

217 2688 322 2745 tali
381 2690 595 2746 absens
655 2708 827 2747 nemo
886 2693 1219 2762 damnetur,
1281 2712 1472 2769 neque
1518 2699 1732 2757 absens
1762 2718 1866 2773 per

218 2778 401 2834 alium
432 2784 832 2836 accusatorem
868 2784 1134 2839 accusari
1166 2789 1380 2856 potest.

218 2885 354 2965 CAP.
412 2886 537 2942 317.
579 2918 649 2965 4—
681 2890 760 2965 _Ut
796 2904 893 2965 _ea
967 2905 1092 2961 quae
1143 2893 1211 2946 ad
1264 2897 1589 2965 perpetuam
1646 2898 1864 2952 utilita-

290 2962 397 3011 tem
440 2963 598 3083 2s2u7nt
668 2959 925 3016 instituta
959 2959 989 3029 ξ
1059 2959 1381 3020 ἰηοοηυῐιιδὰ
1451 2972 1861 3038 permaneant,

290 3045 408 3083 can.
479 3044 488 3051 ·
554 3073 567 3083 .

287 3045 408 3100 cap.
440 3044 567 3086 2:41.

289 3118 425 3183 Quae
446 3118 517 3173 ad
552 3122 892 3191 perpetuam
925 3122 1239 3179 utilitatem
1260 3129 1399 3180 sunt
1417 3126 1711 3199 instituta,
1737 3127 1865 3183 nul-

216 3203 273 3259 la
288 3208 748 3264 commutatione
779 3210 1098 3268 varientur.
1134 3213 1249 3268 Nec
1296 3214 1369 3269 ad
1405 3215 1693 3286 privatum
1741 3222 1858 3273 tra-

216 3294 435 3349 hantur
464 3299 863 3369 commodum,
884 3316 1013 3371 quae
1035 3302 1106 3357 ad
1130 3302 1354 3358 bonum
1376 3310 1519 3359 sunt
1539 3322 1855 3362 commune

219 3386 473 3456 praeﬁxa.
498 3387 565 3441 Et
586 3390 962 3445 manentibus
1013 3392 1283 3448 terminis
1329 3410 1475 3465 quos
1526 3398 1862 3452 statuerunt

215 3482 433 3545 patres,
467 3490 639 3532 nemo
671 3478 909 3534 damnet
940 3479 1220 3550 alienum,
1245 3482 1348 3536 sed
1371 3482 1529 3538 intra
1559 3484 1705 3539 ﬁnes
1733 3502 1861 3556 pro-

217 3563 378 3635 prios
410 3569 586 3636 atque
615 3564 932 3638 legitimos,
966 3574 1141 3640 prout
1171 3571 1306 3641 quis
1335 3571 1604 3641 voluerit,
1640 3573 1699 3627 in
1730 3573 1858 3630 lati-

215 3652 422 3708 tudine
452 3668 514 3708 se
544 3654 847 3711 cbaritatis
878 3662 1160 3713 exerceat.

218 3758 353 3815 CAP.
386 3761 510 3815 318.
541 3791 609 3839 -_-
638 3762 711 3817 De
744 3762 1020 3839 iudicibus
1048 3770 1240 3839 contra
1272 3767 1444 3837 legem
1482 3768 1862 3839 judicantibus

468 3841 520 3887 et
553 3834 724 3904 legem
751 3835 947 3889 audire
976 3836 1304 3904 nolentibus,
1325 3834 1455 3910 cap.
1482 3834 1612 3895 249.

290 3918 637 3993 Quicunque
686 3923 869 3993 judex
926 3923 1151 3980 oblatas
1210 3927 1320 3981 sibi
1381 3927 1440 3982 in
1490 3928 1719 3999 judicio
1776 3930 1861 3987 le-

217 4024 318 4079 ges
350 4008 432 4064 vel
458 4010 613 4081 juris
646 4012 871 4081 species
906 4013 1108 4069 audire
1142 4013 1503 4086 noluerit,‘et
1533 4024 1734 4075 contra
1765 4036 1863 4076 eas

204 4098 578 4169 judicaverit,
610 4116 678 4156 ex
709 4100 814 4156 hac
855 4118 918 4157 re
947 4103 1269 4174 convictus,
1320 4105 1378 4161 in
1430 4123 1722 4165 carcerem
1770 4112 1865 4166 de-

215 4190 501 4258 portetur.

214 4296 341 4349 CAP.
374 4295 502 4349 319.
535 4325 605 4336 —-
635 4297 789 4371 Quod
813 4297 880 4352 de
906 4299 1243 4356 criminibus
1286 4302 1532 4371 deﬁnitis
1560 4322 1671 4361 non
1702 4308 1864 4363 liceat

419 4369 761 4437 postmodum
794 4386 1009 4426 movere
1037 4376 1333 4441 certamen,
1356 4369 1489 4447 cap.
1521 4378 1646 4433 291.

1972 1935 2203 1988 mortuo
2236 1939 2395 2005 patre
2428 1936 2499 1991 ab
2533 1939 2737 1994 eodem
2772 1943 2986 2013 poterit
3016 1948 3331 2015 postulare.

1973 2037 2108 2093 CAP.
2142 2040 2267 2095 324.
2296 2072 2362 2123 —.
2390 2043 2465 2130 Dp
2479 2049 2873 2130 perpasoribus
2891 2050 3094 2120 ﬁnium
3110 2057 3437 2130 priusquam
3450 2077 3621 2121 causa

2331 2113 2544 2184 judicio
2575 2113 2928 2193 terminetur,
2952 2140 3074 2195 cap.
3110 2113 3240 2183 .425.

2041 2198 2101 2296 Si
2133 2216 2406 2270 pervasor
2435 2204 2646 2262 finium
2692 2208 2869 2265 fuerit
2918 2215 3298 2287 approbatus,
3350 2236 3417 2277 eo
3460 2226 3616 2296 quod

1973 2287 2321 2360 priusquam
2355 2292 2576 2364 aliquid
2603 2296 2831 2367 judicio
2862 2304 3229 2377 terminatur,
3256 2307 3312 2364 id
3345 2287 3500 2381 quod
3532 2313 3617 2370 al-

1974 2381 2064 2432 ter
2094 2382 2361 2435 tenuerat
2390 2381 2698 2453 invasisse,
2734 2404 2850 2444 non
2880 2389 3071 2448 solum
3104 2394 3249 2451 illud
3280 2401 3431 2468 quod
3466 2403 3619 2461 male

1974 2469 2415 2539 praesumpserit
2445 2473 2714 2543 amittat;
2757 2479 2858 2533 sed
2908 2496 2979 2536 ne
3034 2487 3445 2561 unusquisque
3494 2509 3614 2549 rem

1973 2554 2225 2611 alienam
2254 2564 2516 2629 occupet,
2537 2578 2671 2617 cum
2705 2565 2882 2621 fuerit
2914 2567 2970 2623 in
3004 2586 3181 2628 causa
3201 2554 3466 2635 devictus
3486 2596 3616 2652 per-

1972 2645 2322 2715 vasorjuris
2362 2647 2558 2720 alieni,
2590 2655 2823 2709 tantum
2876 2659 3049 2727 spatii
3109 2663 3378 2722 restituat
3422 2645 3614 2741 quan-

1972 2736 2097 2788 tum
2131 2738 2573 2809 praesumpserit
2607 2741 2894 2801 invadere.

1972 2838 2271 2936 (ΖΔΕ-1335.
2302 2874 2371 2926 -έ-
2403 2846 2555 2936 Quod
2579 2864 2704 2936 non
2741 2852 2917 2936 solum
2948 2856 3084 2936 qui“
3097 2857 3313 2936 furtum
3364 2864 3615 2936 fecerint,

2041 2912 2141 2997 sed.
2161 2921 2217 2967 et
2246 2918 2343 2997 qui
2356 2919 2430 2997 _ad
2446 2919 2553 2997 _hoc
2570 2912 2967 2997 perﬁciendum
2984 2912 3333 2997 adiutorium

2033 2984 2236 3109 ggtgum
2264 2987 2534 3060 dederint,
2565 2984 2705 3060 furti
2735 2996 2964 3052 actione
3014 2984 3143 3055 sunt
3184 2984 3462 3075 tenendi,"

1890 3173 1933 3239 α
1977 3232 1989 3239 Δ
2043 3144 2167 3199 Non
2202 3148 2430 3202 tantum
2464 3149 2565 3222 qui
2595 3151 2816 3210 furtum
2850 3156 3069 3228 fecerit,
3102 3162 3201 3217 sed
3232 3164 3409 3222 etiam
3432 3166 3482 3223 is
3513 3186 3615 3227 cu-

1965 3232 2275 3327 jus‘opere
2307 3241 2409 3292 aut
2439 3240 2685 3297 consilio
2719 3243 2938 3303 furtum
2972 3249 3189 3307 factum
3222 3253 3419 3327 fuerit,
3477 3260 3619 3316 furti

1977 3322 2210 3379 actione
2241 3328 2558 3384 tenebitur.

1971 3428 2103 3483 CAP.
2139 3430 2263 3487 326.
2297 3462 2364 3472 -ο
2394 3436 2503 3503 Qui
2530 3438 2645 3491 sint
2683 3443 2906 3567 agiagi]:i
2957 3454 3009 3499 et
3061 3450 3159 3518 qui
3199 3450 3313 3506 sint
3368 3458 3617 3529 cognati,

2650 3525 2771 3567 cap.
2920 3558 2932 3567 .

2650 3525 2771 3570 σαι).
2806 3525 2932 3570 541.

2650 3528 2771 3581 cap.
2806 3528 2932 3570 341.
3602 3528 3607 3529 “

2042 3589 2253 3659 Agnati
2282 3597 2441 3662 sunt,
2478 3596 2577 3665 qui
2612 3614 2716 3669 per
2744 3600 2970 3658 virilem
3003 3622 3203 3663 sexum
3231 3610 3619 3674 descendunt.

1970 3674 2215 3747 Cognati
2247 3682 2442 3771 autem
2476 3700 2577 3754 per
2606 3686 2949 3745 femineum.
3000 3696 3067 3748 Et
3122 3695 3250 3753 ideo
3292 3704 3485 3771 patrui
3532 3706 3620 3763 vel

1972 3768 2317 3836 patruorum
2350 3770 2454 3825 filii
2480 3776 2674 3843 agnati
2707 3783 2867 3846 sunt,
2892 3784 2948 3835 et
2978 3799 3093 3839 non
3125 3768 3359 3859 cognati
3386 3809 3398 3859 ;
3433 3810 3619 3851 avun-

1971 3852 2089 3907 culi
2118 3872 2249 3911 vero
2270 3863 2327 3912 et
2358 3862 2782 3922 avunculorum
2815 3867 2943 3937 filii,
2977 3852 3469 3944 cognatisuntet
3502 3900 3616 3939 non

1973 3944 2189 4011 agnati.

1973 4050 2366 4142 ΟΑξπᾷῖξξῖζηέ
2396 4056 2474 4142 De.
2497 4056 2582 4111 his
2608 4062 2706 4142 qui
2734 4061 2919 4119 domos
2951 4068 3288 4142 eﬂregerint,
3324 4075 3409 4129 vel
3453 4078 3621 4133 villas

2044 4124 2511 4221 effpp‘lz'aperint,
2527 4124 2629 4221 aut
2672 4124 3137 4221 expugnaverint,
3166 4124 3623 4221 vez}d,3indi'féi

2044 4198 2242 4265 cerint,
2283 4198 2417 4267 quid
2446 4201 2714 4270 agendum
2742 4198 2841 4275 3a;
2870 4223 2997 4279 cap.
3030 4198 3160 4267 343.

2046 4281 2105 4375 Si
2138 4282 2238 4353 qui
2261 4286 2412 4342 aedes
2437 4288 2667 4360 aliquas
2690 4292 2931 4352 villasve
2953 4301 3430 4375 exspoliaverint,
3454 4310 3624 4366 etfre-

1974 4370 2185 4440 gerint,
2220 4379 2701 4446 expugnaverint,
2736 4383 2823 4437 vel
2865 4387 3104 4458 rapinas
3128 4392 3388 4465 fecerint,
3418 4398 3466 4452 si
3491 4400 3625 4471 qui-

289 4453 371 4509 De
404 4454 497 4510 his
529 4457 876 4514 criminibus
909 4460 978 4515 de
1029 4461 1245 4532 quibus
1295 4466 1603 4521 absolutus
1649 4471 1759 4535 est,
1793 4469 1864 4524 ab
1896 4544 1937 4561 ἢ
1974 4460 2104 4558 ἀξὶῐη
2142 4461 2194 4513 id
2233 4463 2405 4561 “LPb-*1
2438 4482 2569 4521 cum
2605 4468 2733 4524 telis
2776 4453 2975 4529 COBCt—a
3007 4478 3265 4553 fecerint:
3299 4453 3625 4561 cal’itelpll'

219 4557 286 4598 eo
317 4545 417 4615 qui
450 4545 745 4601 accusavit
776 4547 1033 4604 refricari
1059 4551 1356 4607 accusatio
1390 4570 1506 4609 non
1539 4560 1750 4627 potest.

217 4654 350 4706 CAP.
382 4652 508 4707 320.
542 4682 610 4695 —
636 4654 709 4709 De
730 4655 979 4733 tenendis
1009 4661 1082 4733 ad
1109 4658 1435 4733 solutionem
1482 4662 1578 4733 qui
1618 4663 1866 4719 debitum

716 4726 1065 4796 promittunt,
1090 4745 1211 4800 cap.
1239 4732 1364 4785 297.

292 4810 353 4866 Si
386 4812 521 4881 quis
551 4830 655 4885 pro
687 4815 930 4873 alterius
962 4818 1156 4875 debito
1188 4836 1249 4875 se
1298 4821 1609 4891 pecuniam
1654 4825 1866 4894 promi-

218 4900 362 4956 serit
412 4902 806 4973 redditurum,
840 4906 910 4961 ad
961 4907 1311 4964 solutionem
1344 4913 1577 4966 statutae
1609 4914 1863 4983 promis-

220 4987 405 5046 sionis
437 4995 527 5045 est
556 4992 821 5049 retinend
835 5012 924 5050 us.

217 5096 354 5151 CAP.
406 5097 529 5153 321.
563 5128 631 5137 —
664 5103 745 5173 De
774 5099 860 5154 his
888 5102 984 5173 qui
1009 5102 1082 5157 ad
1102 5104 1443 5160 vendendum
1473 5107 1706 5162 alterius
1752 5125 1864 5164 rem

436 5172 767 5241 acceperint,
796 5172 927 5243 quid
956 5176 1227 5243 agendum
1246 5178 1338 5245 sit,
1370 5192 1491 5249 cap.
1523 5180 1648 5233 298.

292 5255 353 5311 Si
385 5256 534 5312 facto
566 5259 752 5329 pretio
784 5277 902 5316 rem
934 5264 1297 5319 vendendam
1347 5264 1563 5338 aliquis
1615 5267 1862 5339 quicun-

221 5359 336 5415 que
370 5345 694 5413 tradiderit,
726 5354 783 5403 et
814 5349 954 5403 dum
990 5350 1062 5403 ab
1092 5366 1158 5406 eo
1199 5355 1502 5410 vendenda
1551 5358 1861 5429 profertur,

223 5448 579 5505 quacunque
610 5436 915 5492 occasione
945 5436 1205 5508 perierit,
1238 5440 1289 5494 ei
1320 5444 1471 5513 perit
1486 5446 1586 5516 qui
1612 5463 1740 5502 eam
1773 5449 1866 5505 de-

221 5520 389 5575 derat
418 5520 883 5580 distrahendam.
934 5528 1243 5593 Caeterum,
1274 5528 1323 5584 si
1368 5545 1490 5587 rem
1540 5540 1861 5607 acceptam,

223 5624 339 5664 non
372 5615 614 5681 rogante
646 5611 902 5681 domino,
934 5614 1033 5670 sed
1070 5617 1447 5687 promittente
1478 5636 1545 5677 eo
1575 5623 1676 5693 qui
1707 5642 1865 5682 acce-

1893 4544 1940 4608 D
1975 4548 2234 4603 niantur.
2273 4551 2548 4609 Telorum
2611 4563 2809 4614 autem
2875 4544 3266 4637 appellatione
3315 4544 3534 4633 omnia;
3556 4544 3626 4635 ex

1978 4637 2193 4708 quibus
2225 4638 2403 4696 saluti
2434 4642 2689 4702 hominis
2722 4652 2915 4706 noceri
2951 4656 3135 4725 possit
3165 4660 3548 4734 accipientur.

1975 4746 2101 4798 CAP.
2135 4744 2266 4803 3'28.
2308 4777 2384 4840 -ἓ
2403 4754 2484 4840 ρᾳ
2513 4752 2600 4840 bis
2627 4756 2725 4824 qui
2758 4754 3003 4840 latrones
3048 4764 3409 4840 velgreliquos
3446 4774 3622 4829 male-

2326 4822 2561 4890 factores
2591 4822 2953 4901 susceperint,
2982 4849 3103 4907 cap.
3139 4837 3263 4894 344.

2046 4904 2392 4977 Receptores
2424 4927 2862 4990 aggressorum,
2888 4904 3149 4997 itemque
3178 4926 3498 5001 latronum,
3531 4948 3624 4989 ea-

1973 4992 2105 5083 dem
2141 5011 2312 5065 paena
2356 4999 2696 5060 afficiuntur
2753 5022 2873 5078 qua
2930 4992 3069 5083 ipsi—
3102 5013 3378 5075 latrones.
3413 4992 3623 5078 Subla-

1975 5082 2052 5137 tis
2100 5085 2255 5142 enim
2300 5093 2745 5161 susceptoribus
2795 5082 3191 5170 grassantium
3242 5108 3457 5179 cupido
3489 5128 3625 5167 con-

1975 5172 2248 5242 quiescit.

1973 5281 2109 5373 CAp,
2138 5280 2263 5373 339.
2296 5311 2364 5373 τ-
2394 5285 2467 5340 De
2492 5288 2580 5343 his
2606 5291 2704 5360 qui
2722 5293 3045 5350 incendium
3062 5298 3315 5366 fecerint,
3341 5318 3458 5373 cap.
3494 5305 3620 5363 345.

2045 5366 2106 5420 Si
2136 5366 2349 5440 aliquis
2385 5373 2623 5432 malitia;
2655 5380 2854 5435 studio
2888 5382 3222 5441 incendium
3268 5366 3516 5462 miserit,
3551 5394 3622 5451 de

1974 5453 2083 5510 hoc
2113 5456 2354 5515 crimine
2385 5464 2691 5523 convictus
2733 5471 2923 5539 poenis
2972 5474 3337 5543 gravissimis
3382 5480 3624 5549 jubetur

1973 5542 2242 5601 interﬁci.
2278 5548 2438 5612 Quod
2476 5553 2525 5608 si
2558 5571 2660 5626 per
2691 5542 3104 5630 negligentiam
3152 5542 3624 5631 factum'incen-

1975 5630 2138 5688 dium
2175 5642 2614 5710 comprobatur,
2652 5646 2935 5703 damnum
2967 5652 3120 5720 quod
3142 5655 3477 5732 cuicunque
3504 5630 3624 5721 illa-
