3948 6072
378 284 487 340 963

1461 279 1530 331 D.
1570 274 1817 329 IVONIS
1850 271 2355 329 CARNOTENSIS
2391 271 2712 327 EPISGOPI

3688 272 3808 327 964

379 413 507 467 tum
540 404 738 473 fuerit,
767 417 983 476 resque
1011 417 1135 473 quas
1184 398 1455 457 incendio
1497 397 1757 472 perierit,
1799 394 2021 469 duplici
2047 396 2103 465 Α
2129 393 2516 466 Eleemosyna
2529 394 2688 451 enim
2712 394 3033 469 exstinguit
3055 395 3681 468 peccatadnxtainud:
3695 399 3809 454 Αν.

381 496 783 556 satisfactione
814 490 1120 549 sarciatur.

378 590 514 646 CAP.
547 586 672 641 330.
720 611 791 626 —
841 581 1001 650 Quod
1056 578 1137 645 hi,
1187 577 1286 650 qui
1336 592 1438 649 pro
1491 576 1706 647 injuria
1762 574 2028 650 mediocri

454 647 883 784 damgasgubire
927 647 1349 723 compelluntur,
1398 650 1643 716 infames
1687 647 2025 719 efﬁciantur,

447 746 569 802 cap.
717 768 730 781 .

450 818 559 884 Qui
596 833 697 889 pro
728 812 947 884 injuria
977 808 1258 866 mediocri
1291 805 2027 879 sestimataeinjuriaadam-

379 926 455 964 na
484 906 683 964 subire
712 900 1109 973 compellitur,
1142 898 1414 971 quamvis
1462 897 1712 953 civiliter
1755 895 2024 951 videatur

377 996 668 1059 addictus,
699 995 898 1046 tamen
932 987 1172 1043 infamis
1214 987 1490 1043 efﬁcitur.

382 1102 514 1158 CAP.
547 1099 672 1154 331.
703 1127 774 1138 —
815 1096 890 1151 De
948 1094 1033 1149 his
1077 1095 1178 1165 qui
1228 1094 1575 1165 resalienas
1612 1091 1881 1165 violenter
1920 1105 2025 1165 oc-

452 1178 677 1249 cupant,
718 1166 1017 1249 .quidquid
1074 1163 1155 1221 ibi
1205 1164 1488 1249 perditum
1563 1164 1652 1249 uel
1716 1163 2026 1249 alienatum

449 1237 768 1367 fuerigéesis'
785 1238 981 1311 quibus
1010 1237 1379 1309 competebant
1420 1237 1659 1310 pleniter
1681 1238 2021 1301 restaurent,

449 1331 575 1367 can.
720 1352 736 1367 .

445 1331 553 1377 cap
562 1354 575 1368 .
608 1331 736 1368 6’10.

443 1404 503 1460 Si
545 1418 615 1458 ex
662 1400 840 1456 rebus
888 1414 1034 1469 quas
1076 1396 1361 1453 violenter
1421 1395 1635 1467 aliquis
1694 1394 2019 1467 occupavit,

371 1492 650 1565 quaelibet
678 1488 788 1545 sub
826 1502 1181 1559 quacunque
1224 1484 1531 1543 occasione
1586 1482 1864 1557 perierint
1919 1485 2023 1538 aut

372 1580 648 1649 arserint,
677 1577 767 1634 vel
795 1576 947 1633 servi
976 1575 1263 1632 violenter
1304 1574 1571 1645 occupati
1631 1572 1846 1628 mortui
1896 1571 2020 1627 fue-

371 1669 511 1737 rint,
544 1666 809 1740 qualibet
834 1665 1040 1721 fraude
1072 1663 1233 1719 illius
1268 1662 1371 1734 qui
1411 1661 1722 1733 occupavit
1766 1660 1823 1715 id
1864 1660 2017 1731 quod

370 1758 523 1831 perit
551 1757 770 1812 factum
807 1770 921 1810 non
954 1753 1243 1818 videatur,
1265 1756 1465 1807 tamen
1492 1751 1565 1806 ab
1590 1749 1719 1822 ipso
1748 1765 2017 1821 quaecun-
2049 1767 2097 1834 Β

369 1864 485 1920 que
515 1845 796 1919 perierint
825 1842 1122 1898 reddenda
1152 1846 1314 1912 sunt,
1346 1840 1447 1912 qui
1475 1856 1597 1897 rem
1639 1839 1790 1910 juris
1836 1838 2012 1895 alieni

369 1920 657 1992 violenter
684 1933 846 1989 visus
877 1939 968 1987 est
997 1946 1337 2002 occupasse.

371 2047 506 2101 CAP.
539 2044 665 2099 332.
698 2073 767 2084 --
800 2043 873 2098 De
924 2040 1333 2112 familiaribus,
1380 2039 1465 2095 vel
1520 2037 1836 2112 hominibus
1891 2047 2014 2112 tam

442 2116 633 2172 liberis
680 2131 845 2186 quam
898 2109 1071 2186 servis
1103 2184 1109 2186 _
1124 2111 1411 2186 dominum
1464 2111 1870 2186 accusantibus,
1928 2109 2013 2165 vel

439 2190 644 2314 ﬁgam
687 2182 821 2257 eius
854 2184 1228 2255 prodentibus,
1279 2183 1412 2256 quid
1456 2182 1735 2252 agendum
1763 2183 1859 2250 sit,
1889 2196 2010 2253 cap.

440 2346 653 2419 Siquis
684 2360 753 2402 ex
783 2344 1176 2401 familiaribus
1213 2343 1307 2399 vel
1355 2360 1424 2400 ex
1471 2342 1659 2398 servis
1695 2340 2014 2413 cujuslibet

372 2437 584 2493 domus
615 2437 1033 2507 cujusqunque
1062 2432 1328 2489 criminis
1367 2431 1592 2489 delator
1620 2436 1795 2502 atque
1842 2446 2015 2486 accu-

371 2530 532 2581 sator
560 2525 885 2592 emerserit,
919 2524 1052 2596 ejus
1083 2520 1597 2588 existimationem,
1631 2524 1810 2592 caput
1838 2524 2017 2590 atque

371 2614 645 2671 fortunas
675 2612 971 2685 petiturus
1004 2612 1175 2683 cujus
1235 2609 1555 2665 familiariti
1608 2608 1698 2665 vel
1753 2608 2013 2664 dominio

368 2701 693 2773 inhaeserit,
725 2706 861 2757 ante
918 2700 1313 2756 exhibitonem
1370 2699 1630 2768 testium,
1690 2701 1825 2753 ante
1880 2714 2013 2753 exa-

372 2793 662 2848 minatum
711 2790 1025 2861 judicium,
1087 2789 1146 2843 in
1216 2789 1345 2859 ipsa
1403 2786 1764 2860 expositione
1816 2785 2012 2841 crimi-

373 2897 515 2936 num
546 2884 720 2951 atque
742 2876 1141 2934 accusationis
1170 2875 1406 2932 exordio
1462 2875 1653 2932 ultore
1704 2873 1901 2947 gladio
1934 2874 2013 2929 fe-

372 2968 582 3025 riatur.
617 2972 831 3024 Vocem
892 2966 1048 3022 enim
1118 2967 1413 3022 tunestam
1489 2965 1688 3037 potius
1745 2960 2014 3019 intercidi

370 3074 547 3131 quam
596 3057 786 3113 audiri
836 3060 1081 3129 oportet.
1111 3055 1322 3112 Eorum
1373 3070 1506 3110 vero
1552 3053 1871 3110 accusandi
1916 3069 2014 3109 sa-

2134 484 2347 541 dentem
2369 484 2551 556 ignem
2566 486 2885 554 exstinguit
2918 501 3090 558 aqua,
3137 494 3191 542 et
3209 486 3554 557 eleemosyna
3572 488 3801 543 exstin-

2133 574 2254 646 guit
2274 581 2499 647 peccata
2542 575 2711 645 (Eccl.
2745 576 2852 646 tu);
2892 575 2993 631 sed
3025 591 3090 630 ea
3113 591 3239 648 quae
3278 580 3382 631 aut
3420 576 3804 647 necessitate,

2136 667 2238 719 aut
2267 679 2430 731 casu,
2464 668 2565 719 aut
2616 663 2881 735 qualibet
2936 663 3089 720 ﬁunt
3146 664 3487 737 fragilitate.
3534 669 3614 739 Ba
3658 682 3805 723 vero

2135 769 2263 824 quas
2289 770 2358 810 ex
2387 753 2683 810 industria
2710 754 2783 809 ad
2836 752 3156 825 cujuslibet
3202 752 3510 811 libidinem
3556 755 3805 828 explen-

2133 844 2271 897 dam
2304 842 2525 898 idcirco
2558 843 2707 898 fiunt
2738 845 2805 897 ut
2836 842 3224 914 eleemosynis
3268 844 3666 911 redimantur,
3700 862 3806 901 ne-

2135 948 2437 1003 quaquam
2468 931 2553 987 eis
2586 931 2795 987 redimi
2844 936 3113 1004 possunt.
3150 931 3317 999 Quia,
3349 933 3446 1004 qui
3496 933 3609 989 hoc
3663 949 3802 1005 per-

2134 1025 2390 1091 petrant,
2419 1020 2697 1075 videntur
2725 1020 2910 1075 Deum
2946 1022 3212 1076 mercede
3231 1022 3580 1093 conducere,
3615 1027 3685 1078 ut
3714 1023 3803 1079 eis

2132 1109 2376 1181 impune
2406 1125 2649 1181 peccare
2680 1109 2873 1165 liceat.
2905 1109 3033 1165 Non
3067 1126 3205 1182 ergo
3236 1110 3454 1167 idcirco
3484 1112 3624 1183 quis
3656 1128 3797 1183 pec-

2134 1215 2263 1254 care
2288 1199 2461 1253 debet
2492 1202 2557 1253 ut
2607 1197 3044 1271 eleemosynam
3086 1198 3284 1269 faciat,
3326 1200 3427 1256 sed
3462 1200 3594 1257 ideo
3638 1201 3795 1257 elec-

2132 1302 2433 1359 mosynam
2469 1287 2657 1342 facere
2674 1287 2866 1356 debet,
2883 1285 3023 1359 quia
3039 1290 3320 1359 peccavit.
3348 1287 3606 1346 Mentem
3627 1291 3793 1346 enim

2130 1380 2187 1432 et
2217 1392 2432 1447 corpus
2464 1392 2590 1448 quae
2622 1375 2804 1432 libido
2844 1375 3023 1431 traxit
3060 1378 3134 1434 ad
3178 1376 3437 1449 culpam,
3463 1378 3712 1436 afﬂictio
3742 1384 3800 1435 et

2130 1464 2402 1521 contritio
2436 1465 2715 1522 reducere
2745 1465 2818 1521 ad
2851 1464 3105 1521 veniam.

2127 1574 2251 1628 CAP.
2283 1571 2411 1626 337.
2437 1599 2513 1644 _—-
2544 1572 2607 1629 Ut
2637 1572 2863 1644 comites
2891 1578 2946 1626 et
2968 1570 3189 1643 judices
3220 1571 3353 1627 viles
3380 1587 3649 1644 personas
3682 1590 3796 1629 non

2379 1642 2677 1698 admittant
2713 1642 2783 1697 ad
2826 1644 3225 1710 testimonium,
3256 1642 3391 1715 cap;
3414 1644 3541 1700 374.

2196 1735 2579 1803 Summopere
2609 1730 2966 1786 admonendi
2999 1735 3140 1786 sunt
3170 1733 3417 1789 comites
3458 1737 3516 1789 et
3548 1732 3789 1804 judices

2098 1820 2197 1877 'ne
2226 1820 2372 1879 viles
2402 1824 2460 1875 et
2490 1819 2766 1893 indignas
2802 1835 3085 1892 personas
3116 1836 3310 1876 coram
3344 1837 3407 1877 se
3437 1820 3787 1894 permittant

2122 1910 2195 1965 ad
2226 1908 2631 1965 testimonium
2660 1908 2959 1979 accedere,
2989 1908 3277 1981 quoniam
3302 1908 3475 1965 multi
3506 1915 3655 1968 sunt
3681 1912 3784 1982 qui

2121 1999 2423 2071 perjurare
2454 2014 2558 2070 pro
2576 1996 2761 2054 nihilo
2784 1998 3031 2065 ducunt,
3052 1997 3111 2052 in
3125 2000 3357 2054 tantum
3380 2002 3445 2054 ut
3474 2016 3582 2072 pro
3601 1999 3782 2056 unius

2122 2086 2236 2142 diei
2258 2086 2546 2157 satietate,
2570 2090 2671 2142 aut
2697 2103 2800 2159 pro
2837 2085 3103 2158 quolibet
3130 2103 3306 2159 parvo
3339 2089 3525 2160 pretio
3576 2089 3651 2144 ad
3677 2090 3776 2161 ju-

2121 2179 2451 2231 ramentum
2484 2174 2733 2231 conduci
2780 2174 3039 2246 possint,
3084 2175 3315 2232 animas
3348 2193 3490 2233 suas
3523 2178 3783 2250 perjurio

2120 2266 2360 2338 perdere
2400 2263 2645 2320 minime
2685 2264 3041 2321 formidant.
3083 2266 3474 2333 Quamobrem
3504 2266 3657 2323 tales
3688 2283 3783 2323 ne-

2124 2371 2422 2428 quaquam
2480 2354 2551 2410 ad
2593 2352 2897 2427 quodlibet
2937 2355 3345 2411 testimonium
3406 2356 3783 2413 admitttendi

2123 2449 2279 2502 sunt.
2312 2446 2381 2500 Et
2409 2444 2518 2500 hoc
2549 2445 2874 2500 notandum
2924 2445 3079 2517 quod
3131 2462 3246 2501 non
3296 2444 3486 2502 solum
3540 2445 3628 2501 illi
3684 2446 3783 2517 qui

2123 2538 2446 2609 perjurant,
2493 2534 2595 2591 sed
2624 2534 2801 2590 etiam
2835 2535 2937 2606 qui
2978 2535 3231 2607 perjuris
3261 2536 3668 2605 consentiunt,
3702 2538 3775 2593 si-

2126 2624 2250 2679 mili
2282 2622 2573 2696 plectendi
2604 2628 2743 2678 sunt
2773 2623 3174 2680 damnatione'

2123 2713 2257 2771 CAP.
2290 2714 2415 2769 338.
2448 2743 2517 2754 --
2550 2715 2624 2768 De
2653 2729 2713 2769 eo
2743 2715 2843 2785 qui
2868 2713 3137 2770 decimam
3165 2714 3301 2769 dare
3330 2716 3646 2783 neglexerit
3695 2732 3774 2772 ec-

2189 2786 2371 2858 clesiae
2397 2785 2555 2856 cujus
2578 2801 2704 2858 esse
2717 2785 2892 2852 debet,
2926 2786 3197 2858 alterique
3239 2787 3487 2844 ecclesiae
3516 2787 3774 2843 eamdem

2192 2857 2425 2926 dederit,
2454 2872 2579 2929 cap.
2610 2856 2738 2913 377.

2192 2946 2536 3019 Quicunque
2593 2945 2883 3003 decimam
2934 2945 3228 3003 abstrahit
3274 2946 3347 3003 de
3403 2946 3669 3003 Ecclesia
3708 2947 3778 3003 ad

2125 3054 2301 3110 quam
2332 3053 2436 3110 per
2469 3035 2765 3109 justitiam
2795 3036 2922 3091 dari
2975 3036 3172 3103 debet,
3205 3040 3265 3092 et
3308 3053 3437 3094 eam
3492 3053 3779 3110 presum-

372 3125 636 3203 cerdotes
692 3145 781 3201 vel
844 3125 1194 3200 testificandi
1245 3145 1301 3199 in
1353 3159 1452 3199 eos
1501 3160 1565 3199 os
1624 3142 2009 3209 obstruimus,

2176 3142 2352 3191 :uose,
2368 3127 2459 3181 vel
2484 3129 2722 3199 propter
2743 3141 2988 3181 munera
3011 3125 3447 3182 autamicitiam
3478 3125 3566 3182 vel
3592 3125 3773 3181 aliam

372 3252 522 3309 quos
554 3250 671 3292 non
703 3233 1004 3303 humanis,
1037 3234 1139 3289 sed
1193 3231 1409 3288 divinis
1460 3232 1702 3288 vocibus
1751 3235 2010 3288 mortuos

370 3341 500 3381 esse
531 3324 776 3381 scimus.

362 3415 496 3472 CAP.
525 3413 652 3469 333.
684 3443 754 3455 —-
784 3414 861 3469 De
889 3411 1073 3467 causis
1101 3410 1343 3538 @152;th
1382 3410 1622 3466 minime
1662 3408 2010 3479 renovandis,
2060 3484 2065 3489 '

614 3510 617 3511 ν
1038 3499 1158 3538 can.
1321 3525 1333 3537 .

614 3510 617 3511 ν
1038 3499 1158 3555 cap.
1209 3499 1333 3538 acu.

439 3571 718 3646 Flagitari
742 3571 1028 3644 judicium
1061 3588 1176 3628 non
1199 3571 1371 3627 debet
1399 3570 1469 3626 de
1499 3586 1680 3625 causa
1708 3585 1835 3641 quis
1862 3568 2010 3624 deﬁ-

367 3662 511 3731 nita,
542 3660 631 3717 vel
655 3660 918 3729 judicata
948 3666 1060 3717 est.

367 3769 496 3827 CAP.
529 3768 653 3826 334.
686 3798 755 3808 -
786 3768 858 3823 De
886 3783 946 3824 eo
975 3768 1072 3839 qui
1099 3770 1217 3837 post
1244 3764 1535 3822 veritatem
1572 3772 1861 3839 repertam
1900 3764 2011 3820 ali-

682 3839 811 3912 quid
838 3838 1098 3910 deinceps
1135 3839 1387 3904 discutit,
1416 3854 1537 3908 cap.
1561 3838 1687 3892 370.

430 3928 711 4001 Quisquis
740 3930 896 3985 enim
932 3933 1067 4000 post
1096 3926 1400 3986 veritatem
1454 3929 1744 3997 repertam
1786 3923 2010 3996 aliquid

355 4018 604 4075 ulterius
633 4017 896 4088 discutit,
948 4015 1323 4073 mendacium
1375 4014 1607 4086 quaerit.
1667 4013 1889 4069 Idcirco
1936 4013 2009 4070 ab

355 4107 635 4165 omnibus
666 4111 836 4164 caute
865 4104 1167 4178 agendum
1200 4107 1310 4159 est.

359 4214 491 4271 CAP.
522 4215 651 4270 335.
682 4243 752 4255 ——
783 4213 858 4268 De
890 4210 973 4265 his
1004 4208 1101 4281 qui
1148 4224 1431 4281 servorum
1474 4206 1829 4263 matrimonia
1860 4205 2007 4262 diri-

930 4280 1110 4352 munt,
1155 4296 1276 4352 cap.
1314 4280 1437 4336 472.

435 4373 669 4430 Dictum
701 4371 872 4428 nobis
901 4375 991 4427 est
1037 4371 1193 4443 quod
1227 4370 1469 4441 quidam
1520 4366 1786 4441 legitima
1815 4382 2009 4423 servo-

363 4480 497 4521 rum
565 4460 943 4519 matrimonia
1000 4459 1346 4533 potestativa
1403 4457 1657 4529 quadam
1719 4473 2007 4529 prmsum-

360 4553 560 4625 ptione
591 4550 895 4616 dirimant,
947 4566 1059 4607 non
1107 4548 1479 4605 attendentes
1522 4545 1665 4602 illud
1718 4545 2013 4618 evangeli-

362 4657 498 4698 cum
563 4657 576 4697 :
642 4639 792 4708 Quod
851 4639 991 4694 Deus
1047 4638 1365 4710 conjunxit,
1425 4640 1585 4692 homo
1639 4652 1757 4691 non
1802 4638 2014 4706 separet

366 4732 575 4801 (Matth.
591 4748 706 4799 xu;
732 4736 903 4787 Marc.
925 4730 1004 4801 x).
1026 4729 1184 4787 Unde
1206 4727 1376 4785 nobis
1394 4726 1584 4783 visum
1606 4730 1697 4781 est
1722 4729 1787 4781 ut
1808 4727 2010 4797 conju-

364 4821 461 4894 gia
493 4835 795 4877 servorum
828 4836 943 4874 non
967 4818 1341 4886 dirimentur,
1372 4814 1601 4873 etiamsi
1625 4815 1886 4871 diversos
1909 4815 2010 4870 do-

369 4910 562 4967 minos
592 4909 869 4977 habeant,
894 4906 996 4963 sed
1038 4907 1097 4961 in
1130 4923 1248 4962 uno
1283 4904 1558 4977 conjugio
1602 4908 2011 4976 permanentes

365 4998 623 5056 dominis
649 4996 777 5054 suis
797 4994 1074 5052 serviant.
1108 4999 1181 5050 Et
1209 4995 1320 5050 hoc
1346 4995 1405 5049 in
1438 4993 1557 5050 illis
1578 4994 2009 5050 observandum

2122 3216 2445 3288 quamlibet
2462 3214 2833 3271 occasionem
2875 3215 2947 3269 ad
2994 3213 3239 3271 alteram
3265 3214 3578 3271 ecclesiam
3600 3215 3781 3271 dede-

2118 3306 2215 3376 rit,
2232 3322 2260 3361 s
2287 3305 2501 3361 comite
2518 3304 2605 3361 vel
2637 3321 2671 3360 a
2692 3304 2874 3360 misso
2898 3308 3097 3360 nostro
3120 3304 3543 3377 distringatur,
3564 3309 3631 3361 ut
3649 3305 3780 3377 ejus

2119 3394 2253 3449 dem
2273 3393 2515 3450 decima:
2535 3393 2927 3465 quantitatem
2954 3409 3086 3447 cum
3112 3409 3221 3449 sua
3245 3392 3371 3466 lege
3391 3394 3689 3449 restituat.

2118 3483 2252 3539 CAP.
2287 3483 2412 3538 339.
2447 3514 2513 3524 —
2546 3482 2622 3537 De
2647 3481 2819 3537 malis
2846 3482 3093 3537 scabinis
3131 3480 3438 3553 ejiciendis,
3470 3498 3593 3554 cap.
3637 3483 3761 3538 3’78.

2195 3572 2266 3627 Ut
2286 3571 2451 3628 missi
2483 3570 2668 3627 nostri
2691 3569 3027 3641 ubicunque
3061 3570 3249 3626 malos
3298 3572 3575 3627 scabinos
3607 3571 3767 3627 inve-

2120 3661 2292 3717 niunt
2319 3660 2577 3732 ejiciant,
2601 3664 2658 3717 et
2678 3659 2863 3717 totius
2886 3659 3087 3733 populi
3120 3676 3412 3717 consensu
3438 3659 3499 3716 in
3525 3661 3652 3718 loco
3674 3677 3770 3717 eo-

2119 3766 2249 3806 rum
2280 3751 2467 3807 bonos
2488 3749 2730 3821 eligant,
2750 3753 2807 3805 et
2832 3765 2966 3804 cum
2990 3748 3156 3805 electi
3189 3748 3429 3805 fuerunt
3445 3750 3654 3821 jurare
3684 3748 3768 3805 ia-

2120 3839 2278 3896 ciant
2308 3843 2373 3894 ut
2402 3838 2655 3894 scienter
2678 3838 2899 3910 injuste
2924 3837 3191 3909 judicare
3224 3856 3339 3894 non
3371 3838 3647 3895 debeant.

2118 3946 2255 4003 CAP.
2288 3946 2413 4001 340.
2445 3974 2515 3988 —-
2550 3946 2625 4000 De
2655 3945 3069 4072 melioribuq3
3094 3947 3335 4001 veracia:
3355 3945 3481 4002 ibus
3507 3946 3776 4018 eligendis

2794 4033 2920 4072 can.
3074 4060 3088 4072 .
3398 4048 3406 4055 ~

2794 4033 2920 4083 cap.
2961 4033 3025 4072 δί
3035 4033 3088 4074 υ.
3398 4048 3406 4055 -

2190 4106 2263 4162 Ut
2293 4105 2449 4161 omni
2483 4105 2765 4162 comitatu
2801 4104 2860 4160 hi
2893 4107 2993 4177 qui
3023 4104 3297 4162 meliores
3346 4109 3404 4161 et
3451 4104 3778 4162 veraciores

2115 4195 2364 4251 inveniri
2378 4198 2627 4267 possunt
2647 4193 2944 4266 eligantur
2967 4211 3001 4249 a
3021 4192 3227 4251 missis
3252 4194 3471 4250 nostris
3487 4195 3559 4250 ad
3582 4195 3776 4267 inqui-

2119 4286 2363 4343 sitiones
2387 4284 2683 4340 faciendas
2701 4287 2759 4338 et
2779 4282 2860 4339 rei
2883 4282 3193 4340 veritatem
3216 4283 3551 4351 dicendam,
3574 4288 3635 4340 et
3665 4286 3765 4340 ad-

2110 4376 2340 4447 jutores
2370 4372 2651 4429 comitum
2685 4372 2807 4428 sint
2835 4370 3193 4443 adjustitias
3216 4371 3538 4428 faciendas.

2046 4510 2091 4576 υ
2121 4482 2257 4538 CAP.
2288 4480 2421 4564 3111.
2448 4510 2523 4576 τ’
2548 4480 2623 4535 De
2651 4479 2925 4576 .scabinis
2941 4480 3067 4576 Aqui
3119 4486 3350 4576 propter
3396 4494 3634 4576 mrigera
3679 4489 3779 4535 aut

2303 4552 2615 4607 amicitiam
2639 4552 2846 4623 injuste
2875 4550 3273 4621 iudicaverint,
3305 4566 3426 4622 cap.
3460 4551 3586 4606 380.

2192 4640 2482 4698 Volumus
2513 4644 2579 4696 ut
2607 4639 2947 4711 quicunque
2978 4639 3049 4695 de
3078 4638 3773 4712 scabinisdeprehensns

2123 4730 2556 4802 fueritpropter
2596 4744 2844 4784 munera
2892 4732 2995 4783 aut
3042 4731 3282 4801 propter
3330 4727 3658 4784 amicitiam
3688 4729 3778 4786 vel

2121 4818 2491 4876 inimicitiam
2514 4818 2735 4889 injuste
2749 4816 3076 4889 judicasse,
3111 4834 3214 4889 per
3239 4816 3614 4888 ﬁdejussores
3635 4818 3772 4875 mis-

2119 4927 2220 4967 sus
2250 4909 2322 4965 ad
2354 4907 2710 4979 presentiam
2761 4909 3024 4961 nostram
3054 4904 3273 4961 veniat.
3308 4906 3385 4961 De
3407 4908 3615 4962 caetero
3648 4922 3774 4963 om-

2119 5000 2294 5056 nibus
2324 4996 2582 5054 scahinis
2612 4995 3013 5061 denuntietur,
3038 5010 3109 5051 ne
3132 4994 3266 5067 quis
3288 4995 3563 5069 deinceps
3587 4997 3764 5052 etiam

361 5093 470 5158 est,
500 5086 603 5143 ubi
632 5084 837 5160 legalis
874 5083 1211 5156 conjunctio
1250 5083 1361 5139 fuit
1392 5087 1449 5139 et
1499 5099 1599 5153 per
1646 5082 2006 5139 voluntatem
2109 5086 2342 5157 justum
2369 5081 2665 5155 judicium
2687 5082 2938 5137 vendere
2968 5084 3304 5152 praesumat.

364 5177 766 5234 dominorum.

734 5294 805 5306 --
861 5265 933 5321 De
1000 5263 1088 5319 his
1144 5263 1243 5334 qui
1297 5276 1368 5317 ea:
1420 5259 1699 5317 industria
1756 5264 2004 5333 peccant,

1036 5352 1165 5407 cap.
1197 5333 1325 5389 375.

426 5428 538 5484 Sed
564 5443 669 5483 nec
698 5425 808 5482 hoc
852 5424 1325 5499 praetereundum
1359 5424 1661 5494 putamus,
1695 5421 1849 5494 quod
1882 5421 2007 5493 qui-

358 5270 488 5325 CAP.
549 5268 675 5323 336.

2116 5192 2251 5249 CAP.
2282 5190 2410 5245 342.
2441 5219 2510 5229 -
2539 5189 2615 5244 De
2642 5202 2705 5244 eo
2733 5188 2832 5260 qui
2862 5203 2947 5243 res
2978 5187 3194 5242 alienas
3221 5187 3369 5243 malo
3399 5188 3628 5256 ingenio
3656 5204 3768 5243 em-

2186 5272 2304 5334 ptas
2334 5260 2451 5333 ﬁtio
2484 5276 2582 5316 suo
2611 5260 2967 5334 auecuilibet
2994 5273 3251 5334 personae
3278 5260 3555 5330 legitimos
3582 5275 3757 5315 annos

2184 5330 2297 5392 non
2325 5330 2551 5389 habenti
2580 5331 2901 5400 tradiderit,
2931 5347 3053 5402 cap.
3080 5330 3206 5386 38L

2186 5423 2531 5494 Quicunque
2542 5437 2635 5478 res
2654 5420 2879 5478 alienas
2900 5418 3148 5475 cuilibet
3163 5418 3388 5475 homini
3408 5418 3757 5490 vendiderit,

356 5516 493 5572 dam
512 5533 580 5571 ex
601 5514 893 5572 industria
916 5518 1223 5587 peccantes
1244 5517 1480 5586 propter
1500 5509 2003 5585 eleemosynarum
2113 5517 2169 5568 et
2189 5510 2315 5584 ipse
2337 5510 2514 5569 homo
2532 5509 2769 5569 easdem
2794 5525 2888 5566 res
2917 5506 3615 5581 oomparatas-habetper
3640 5524 3761 5565 ma-

358 5603 728 5685 largitioan
741 5605 1057 5683 quamdam
1074 5603 1186 5660 sibi
1203 5602 1553 5676 promittunt
1566 5601 2004 5676 impunitatem,

2114 5600 2238 5659 lum
2269 5599 2597 5674 ingenium,
2624 5600 2859 5674 proprio
2892 5596 3010 5657 filio
3040 5600 3146 5657 aut
3162 5596 3332 5655 alteri
3351 5596 3620 5667 cuilibet,
3639 5612 3766 5656 nec-
