4000 6060
184 256 294 312 965

1142 259 1455 315 ΒΕΟΒΕΤῙ
1493 262 1679 316 PARS
1714 262 1865 319 XVI.
1890 289 1961 304 —
1995 266 2093 319 DE
2127 264 2431 322 OFFICIIS
2466 269 2651 325 LAlC.

3493 280 3615 337 966,

189 384 333 438 dum
372 380 667 454 legitimos
725 396 914 436 annos
980 380 1243 453 habenti,
1278 384 1527 453 justitiae
1572 384 1840 442 tollenda)
1868 387 1929 457 Α
1954 388 2150 457 fuerit,
2175 393 2232 445 et
2255 390 2505 460 jacuerit
2534 392 2596 450 in
2630 392 2803 464 lecto,
2836 396 2884 453 si
2916 400 3234 458 surrexerit
3258 407 3311 459 et
3333 406 3600 465 ambula-

189 488 370 527 causa
382 469 710 537 tradiderit,
728 468 1001 525 volumus
1018 474 1193 542 atque
1211 472 1459 529 firmiter
1473 474 1845 546 praecipimus

190 564 277 629 ut,
312 560 360 615 si
390 564 559 630 pater
586 559 852 630 ejusdem
888 559 1117 631 parvuli
1154 561 1378 633 vixerit,
1403 564 1530 635 ipse
1576 562 1756 619 intret
1786 565 1843 619 in

189 665 431 706 causam
460 648 744 705 rationem
778 648 1061 704 reddendi
1094 666 1199 721 pro
1231 649 1353 705 filio
1377 668 1508 708 suo.
1543 652 1603 707 Si
1647 658 1845 708 autem

186 739 315 810 ipse
348 742 516 809 pater
537 742 803 793 mortuus
823 741 933 807 est,
958 742 1099 793 tunc
1124 738 1427 811 legitimos
1450 740 1577 812 ejus
1604 742 1845 814 pr0pin-

189 844 368 900 quus,
400 827 503 899 qui
526 827 689 898 juste
710 827 759 883 ei
786 831 963 895 tutor,
998 831 1100 882 aut
1128 828 1401 884 defensor
1432 846 1561 885 esse
1592 831 1845 899 videtur,

188 934 293 988 pro
323 917 451 988 ipso
467 916 749 971 rationem
767 916 1010 972 reddere
1034 916 1442 990 compellatur.
1477 919 1760 975 Similiter
1777 921 1847 975 de

191 1004 328 1061 aliis
342 1004 877 1075 omnibusjustitiis
901 1005 972 1060 ad
988 1022 1122 1061 eum
1139 1006 1595 1077 pertinentibus,
1609 1014 1848 1081 excepta

193 1111 303 1151 sua
335 1084 598 1166 legitima
627 1094 968 1150 haereditate
990 1111 1120 1166 quis
1162 1095 1215 1152 ei
1260 1112 1363 1168 per
1409 1099 1845 1153 successionem

191 1188 503 1255 parentum
539 1199 783 1239 suorum
811 1181 1079 1255 legitime
1102 1184 1336 1241 evenire
1366 1186 1587 1243 debuit.
1609 1187 1771 1250 Quod
1797 1188 1845 1243 si

163 1336 171 1344 _
193 1272 331 1344 quis
360 1271 512 1327 hanc
534 1275 797 1327 nostram
813 1272 1147 1343 jussionem
1171 1276 1595 1346 contempserit
1625 1275 1712 1331 vel
1747 1292 1847 1332 ne-

194 1359 459 1433 glexerit,
493 1359 651 1416 sicut
677 1361 750 1416 de
770 1361 994 1417 caateris
1020 1363 1549 1435 contemptoribus,
1572 1364 1655 1420 ita
1682 1366 1755 1420 de
1781 1380 1847 1422 eo

193 1454 425 1521 agatur.
461 1450 514 1505 Is
544 1464 678 1505 vero
710 1450 808 1521 qui
842 1450 1079 1506 easdem
1104 1467 1198 1506 res
1225 1450 1454 1522 primus
1483 1452 1848 1537 invasitunec

192 1554 309 1594 non
340 1541 397 1593 et
427 1541 721 1610 emptores
751 1543 993 1611 excepta
1029 1538 1155 1595 sola
1176 1557 1427 1612 persona
1458 1542 1708 1613 parvuli,
1738 1542 1848 1600 hoc

199 1627 354 1696 quod
388 1627 791 1683 fraudulenter
820 1628 1191 1685 admiserunt
1210 1629 1364 1686 intra
1382 1632 1635 1702 patriam
1656 1647 1848 1688 emen-

193 1716 335 1772 dare
365 1720 667 1787 cogantur,
692 1720 750 1772 et
780 1722 985 1788 postea
1004 1718 1161 1774 sicut
1191 1720 1850 1791 contemptoresjussio-

1953 479 2099 534 verit
2129 479 2269 535 foris
2292 497 2471 553 super
2499 481 2777 540 baculum
2811 503 3009 557 suum,
3043 489 3326 549 innocens
3358 496 3487 563 erit,
3519 500 3602 556 ita

1954 570 2150 624 tamen
2186 572 2251 624 ut
2280 586 2486 642 operas
2518 576 2574 627 et
2603 572 2901 645 impensas
2932 577 3060 648 ejus
3086 578 3145 634 in
3169 582 3413 640 medicis
3431 589 3600 643 resti-

1954 660 2105 712 tuat.

1956 745 2090 802 CAP.
2122 747 2350 828 349._—_-
2382 748 2446 805 Si
2490 750 2856 828 inexpertam
2897 756 3252 828 negligenter
3297 764 3602 824 cisternam

2133 819 2403 891 quoddam
2431 819 2692 879 ceciderit
2712 819 3201 903 jumentuinfcap.
3235 833 3323 890 l6.

2027 906 2086 962 Si
2136 908 2269 978 quis
2317 911 2610 980 aperuerit
2653 912 2971 972 cisternam
3024 922 3081 973 et
3127 920 3356 990 foderit,
3389 928 3447 980 et
3490 944 3605 984 non

1955 994 2251 1064 operuerit
2280 1012 2430 1063 eam,
2464 998 2859 1073 occideritque
2886 1002 2991 1060 bos
3019 1005 3108 1060 vel
3139 1007 3340 1065 asinus
3360 1010 3418 1066 in
3451 1029 3604 1086 eam,

1956 1082 2231 1139 dominus
2248 1084 2514 1141 cisternae
2537 1087 3004 1161 reddetpretium
3031 1112 3043 1163 ;
3061 1097 3214 1167 quod
3231 1102 3428 1156 autem
3450 1082 3607 1159 mor;

1957 1174 2124 1227 tuum
2157 1177 2267 1243 est,
2299 1173 2489 1246 ipsius
2522 1176 2653 1232 erit.

1954 1276 2088 1332 CAP.
2114 1278 2341 1354 350._--
2366 1280 2432 1354 εἰ
2455 1282 2549 1337 bos
2582 1284 2802 1340 alienus
2832 1285 3014 1341 bovem
3060 1290 3298 1347 alterius
3348 1296 3608 1354 vulnera-

2030 1351 2197 1475 verit,1
2205 1350 2448 1475 gemino
2476 1355 2684 1411 sciente
2726 1359 2983 1414 vitiosum
3030 1375 3144 1417 esse
3186 1363 3369 1421 bovem
3406 1350 3605 1440 suum,

2030 1436 2145 1475 can.
2247 1463 2260 1475 .

2027 1436 2145 1491 cap.
2173 1436 2260 1477 1‘1.

2029 1508 2087 1564 Si
2110 1510 2216 1565 bos
2242 1510 2472 1567 alienus
2503 1513 2708 1571 bovem
2731 1516 2974 1574 alterius
2996 1520 3407 1597 vulneraverit,
3430 1534 3488 1586 et
3509 1530 3609 1588 ille

1957 1602 2228 1655 mortuus
2270 1601 2467 1672 fuerit,
2497 1604 2752 1660 vendent
2778 1606 2980 1663 bovem
3012 1609 3229 1683 vivum,
3262 1619 3319 1671 et
3347 1616 3610 1677 dividant

1957 1687 2213 1758 pretium
2235 1693 2292 1744 et
2320 1690 2585 1747 cadaver.
2620 1693 2680 1749 Si
2708 1709 2844 1751 vero
2884 1697 3106 1755 sciebat
3151 1702 3428 1764 dominus
3477 1710 3607 1781 ejus

195 1804 289 1860 nis
319 1777 531 1860 nostra:
561 1777 673 1860 sub
696 1777 1150 1875 ﬁdejussoribus
1181 1808 1253 1863 ad
1296 1777 1556 1865 nostram
1590 1777 1846 1882 prasen-

1978 1777 2115 1847 ιυοὰ
2146 1777 2253 1833 bos
2281 1778 2530 1836 vitiosus
2551 1786 2695 1850 erat,
2745 1794 2803 1839 et
2850 1785 3040 1842 noluit
3097 1807 3232 1848 eum
3290 1777 3605 1872 custodire,

195 1892 343 1949 tiam
371 1893 568 1950 venire
598 1892 1051 1965 compellantur.

310 1985 443 2037 CAP.
476 1982 602 2038 343.
635 2013 704 2024 —
734 1988 815 2064 De
834 1998 894 2039 eo
925 1984 1020 2064 qui
1047 1984 1112 2040 de
1141 1985 1364 2064 objectis
1386 2002 1441 2043 se
1462 2002 1777 2060 expurgare

718 2056 981 2124 noluerit,
1015 2072 1135 2128 cap.
1168 2058 1292 2113 382.

275 2141 489 2198 Probat
516 2141 617 2199 illa
658 2159 790 2199 vera
836 2161 989 2210 esse,
1043 2162 1168 2216 quae
1213 2146 1523 2203 adversum
1572 2164 1635 2204 se
1692 2149 1848 2205 dicta

198 2234 360 2302 sunt,
395 2231 495 2304 qui
523 2233 595 2287 ad
644 2248 713 2287 ea
763 2234 1120 2290 confutanda
1159 2236 1397 2293 minime
1450 2236 1575 2292 vult
1617 2239 1844 2294 adesse.

201 2318 370 2375 Unde
401 2321 460 2375 in
492 2320 875 2377 saecularibus
907 2321 1137 2395 legibus
1178 2324 1473 2380 invenitur
1519 2326 1803 2398 scriptum
1831 2342 1844 2381 :

195 2409 421 2479 Injuste
452 2410 642 2466 victus
674 2410 828 2466 infra
858 2416 975 2466 tres
1029 2428 1262 2469 menses
1306 2420 1535 2485 reparet
1582 2431 1843 2485 causam,

192 2499 351 2569 quod
385 2498 433 2553 si
470 2498 658 2554 facere
689 2498 1026 2571 neglexerit,
1061 2502 1353 2558 sententia
1390 2520 1515 2575 quae
1564 2506 1846 2561 adversus

192 2602 332 2643 eum
364 2585 575 2642 collata
605 2587 780 2643 fuerit
810 2594 1159 2660 perseveret.
1191 2594 1258 2645 Et
1283 2607 1353 2646 ne
1386 2593 1463 2647 sit
1509 2593 1675 2649 vobis
1705 2610 1844 2649 con-

192 2674 468 2740 trarium,
496 2675 584 2731 vel
607 2677 784 2732 etiam
807 2678 1354 2751 nemireminiquod
1382 2681 1845 2739 desazcularibus

193 2763 429 2836 legibus
454 2763 687 2821 locutus
718 2782 851 2821 sum
884 2765 943 2821 in
977 2773 1181 2824 nostro
1203 2770 1453 2839 judicio,
1488 2771 1628 2843 quia
1656 2771 1842 2829 eccle~

192 2853 444 2909 siasticae
475 2854 633 2924 leges
664 2859 721 2910 et
746 2854 955 2911 divina:
987 2872 1085 2912 eas
1117 2857 1430 2929 recipiunt.

192 2942 329 2999 CAP.
357 2943 485 3018 344.
515 2973 588 3018 7-
620 2945 685 3000 Ut
713 2959 844 3015 quos
878 2947 1033 3014 regia
1071 2955 1311 3018 potestas
1349 2951 1409 3004 in
1458 2950 1703 3018 gratiam
1754 2968 1842 3008 re-

266 3013 601 3141 cepergtéézis
628 3013 804 3071 etiam
836 3013 1083 3074 minores
1105 3024 1392 3091 potestates
1420 3013 1840 3095 communicent,

266 3101 392 3141 can.
536 3126 551 3141 .

262 3101 392 3157 cap.
426 3101 551 3141 363.

1959 1866 2167 1954 reddat
2202 1867 2407 1923 bovem
2437 1885 2542 1941 pro
2565 1871 2732 1938 bove,
2765 1877 2822 1929 et
2844 1876 3088 1933 cadaver
3115 1878 3406 1954 integrum
3455 1866 3607 1945 acci;

1957 2043 2086 2099 CAP.
2118 2045 2243 2102 351.
2302 2047 2475 2103 —De
2528 2064 2588 2128 eo
2642 2052 2739 2121 qui
2790 2053 3013 2128 furatus
3067 2056 3245 2128 fuerit
3300 2076 3456 2118 ovem
3511 2073 3610 2123 aut

2527 2122 2733 2189 bovem,
2765 2122 2885 2195 cap.
2923 2127 3009 2182 18.

2028 2204 2135 2270 Qui
2184 2205 2415 2262 furatus
2466 2208 2643 2265 fuerit
2682 2211 2912 2282 bovem,
2956 2220 3059 2272 aut
3101 2233 3291 2288 ovem,
3344 2222 3605 2298 quinque

1957 2293 2130 2349 boves
2162 2310 2265 2365 pro
2299 2312 2417 2352 uno
2437 2298 2728 2368 restituat,
2756 2305 2812 2356 et
2841 2309 3095 2374 quatuor
3132 2323 3268 2365 oves
3308 2293 3413 2383 pro
3463 2293 3600 2371 una.

1957 2398 2090 2456 CAP.
2118 2401 2244 2455 352.
2278 2432 2347 2443 --
2376 2406 2460 2459 De
2484 2408 2712 2531 [ure,tsi
2738 2409 2886 2464 inter
2889 2412 3221 2535 9furandum
3241 2419 3452 2475 occisus
3477 2424 3601 2493 fue-

2574 2494 2627 2532 rz
2658 2520 2671 2545 ,
2702 2495 2821 2551 cap.
2857 2493 2881 2535 1
2931 2524 2943 2536 .

2025 2559 2084 2614 Si
2114 2560 2402 2630 effregerit
2426 2563 2520 2619 fur
2540 2520 2806 2638 domum:
2833 2569 2953 2626 sive
2978 2573 3302 2633 sutfodiens
3324 2578 3500 2636 fuerit
3520 2580 3603 2637 in-

1952 2653 2178 2719 ventus,
2212 2655 2269 2705 et
2298 2658 2534 2725 accepto
2564 2654 2805 2712 vulnere
2838 2664 3107 2717 mortuus
3128 2663 3321 2732 fuerit,
3356 2684 3601 2739 percus-

1952 2753 2051 2792 sor
2079 2754 2195 2793 non
2230 2741 2341 2795 erit
2370 2758 2504 2798 reus
2539 2746 2871 2816 sanguinis.
2905 2748 3067 2812 Quod
3101 2751 3152 2807 si
3182 2758 3307 2811 orto
3340 2757 3463 2814 sole
3489 2758 3599 2817 hoc

1953 2825 2177 2895 fecerit,
2209 2827 2597 2886 homicidium
2639 2838 3014 2906 perpetravit.

1952 2934 2085 3022 CAP.
2270 2966 2339 2975 —
2367 2938 2442 3022 pe
2469 2953 2532 2993 eo
2561 2940 2657 3009 qui
2704 2942 2860 3022 Laedit
2906 2961 3104 3022 agrum
3131 2948 3214 3003 vel
3267 2952 3513 3022 vineam,
3542 2963 3602 3012 et

2021 3005 2152 3061 sinit
2172 3008 2490 3077 jumentum
2515 3005 2676 3066 suum
2704 3013 2895 3070 aliena
2922 3005 3229 3089 depascere,
3255 3005 3389 3095 cap.
3406 3005 3495 3081 ἑὸ.

2024 3093 2082 3148 Si
2114 3094 2326 3152 laeserit
2346 3099 2639 3171 quispiam
2668 3118 2873 3175 agrum
2896 3105 2983 3162 vel
3011 3108 3256 3178 vineam,
3281 3093 3338 3168 et
3364 3114 3601 3173 dimise-

264 3154 504 3245 Siiquos
527 3172 898 3246 culpatorum
926 3176 1086 3249 regia
1107 3182 1363 3249 potestas
1384 3186 1486 3238 aut
1508 3181 1567 3238 in
1589 3183 1840 3255 gratiam
1871 3154 1913 3222 C
1954 3182 2028 3238 rit
2048 3154 2385 3254 jumenturn
2409 3154 3598 3277 suumutdepascaturalieh.a,vq;i.(;q:;d

191 3262 572 3335 benignitatis
604 3264 908 3337 receperit,
930 3272 1031 3321 aut
1050 3283 1263 3324 mensae
1286 3286 1404 3329 suas
1427 3272 1743 3345 participes
1759 3274 1840 3330 ef-

189 3352 413 3422 fecerit,
445 3351 554 3407 hos
584 3350 761 3407 etiam
794 3355 1160 3412 sacerdotum
1202 3362 1258 3412 et
1307 3358 1659 3431 populorum
1704 3380 1843 3418 con-

188 3445 401 3497 ventus
425 3440 797 3513 susciperein
819 3442 1219 3501 ecclesiastica
1232 3450 1646 3507 communione
1668 3452 1842 3509 debe-

192 3530 297 3601 bit,
331 3534 389 3585 et
417 3530 569 3601 quod
603 3530 945 3603 principalis
979 3533 1165 3604 pietas
1196 3536 1421 3608 recipit,
1455 3553 1559 3594 nec
1590 3556 1622 3593 a
1652 3557 1843 3600 sacer-

194 3619 433 3676 dotibus
456 3617 556 3675 Dei
589 3622 932 3676 extraneum
956 3621 1263 3679 habeatur.

196 3708 332 3764 CAP.
527 3738 593 3749 --
619 3710 682 3765 Ut
702 3710 973 3791 saeculari
996 3711 1706 3791 potentiacompescantur
1749 3721 1847 3791 qui

268 3780 497 3835 monitis
527 3780 868 3836 sacerdotum
896 3780 1119 3838 obedire
1142 3780 1522 3843 contemnunt.
1551 3780 1845 3848 Libelli}:-

267 3850 446 3906 cnndi
473 3868 565 3918 xn,
597 3867 726 3923 cap.
758 3852 884 3908 384.

270 3939 379 4005 Qui
412 3940 785 3996 sacerdotum
819 3942 1320 4003 admonitionibus
1352 3948 1560 4005 nolunt
1587 3951 1844 4025 obedire,

194 4028 454 4085 volentes
483 4028 544 4083 in
571 4029 696 4085 suis
726 4030 1074 4089 criminibus
1105 4036 1443 4110 perdurare,
1476 4045 1706 4112 oportet
1747 4060 1846 4100 eos

196 4132 300 4189 per
328 4115 706 4187 disciplinam
760 4118 1063 4175 saecularis
1106 4125 1380 4194 potentia;
1422 4144 1454 4182 a
1495 4131 1617 4184 tam
1668 4147 1847 4202 prava

193 4206 448 4261 coerceri
480 4210 765 4262 consuetu
775 4207 928 4263 dine.

189 4295 326 4351 CAP.
360 4295 486 4350 346.
518 4325 590 4337 —
619 4296 693 4351 De
728 4296 1043 4371 hominibus
1085 4300 1298 4371 impari
1356 4304 1670 4365 conditione
1718 4326 1847 4367 con-

766 4369 989 4440 iugatis,
1017 4387 1136 4443 cap.
1174 4369 1264 4430 '16.

267 4454 549 4513 Homines
579 4454 751 4512 liberi
796 4458 895 4529 qui
942 4476 1152 4518 uxores
1201 4463 1494 4523 ﬁscalinas
1546 4470 1758 4542 regias,
1793 4475 1850 4527 et

197 4544 432 4602 feminas
459 4545 657 4602 liberae
689 4563 815 4619 quis
846 4548 1143 4607 ﬁscalinos
1175 4554 1365 4626 regios
1396 4519 1711 4631 accipiu‘ht,
1742 4519 1852 4618 hec
1882 4519 1932 4582 Β

198 4635 271 4690 de
300 4633 639 4691 haereditate
671 4640 1009 4707 parentum,
1041 4654 1146 4695 nec
1177 4643 1248 4697 de
1290 4659 1469 4701 causa
1513 4651 1850 4720 quaerenda,

202 4737 309 4778 nec
339 4723 410 4779 ds
430 4723 769 4780 testimonio
800 4742 904 4797 pro
934 4726 1043 4783 hac
1064 4744 1125 4783 re
1158 4731 1529 4802 abjiciantur.

198 4811 336 4868 CAP.
370 4813 497 4868 347.
528 4844 599 4855 -—
630 4818 708 4871 De
735 4830 795 4871 eo
824 4816 923 4886 qui
950 4816 1170 4945 ιαιὲἒηί
1217 4821 1433 4879 dederit
1476 4829 1850 4900 mansionem,

904 4905 1024 4945 can.
1126 4934 1138 4945 .

904 4905 1024 4961 cap.
1049 4905 1138 4947 κδ.

268 4970 835 5045 Quicunquelatroni
859 4978 1216 5036 mansionem
1232 4982 1475 5054 dederit,
1500 4985 1549 5042 si
1566 4987 1846 5057 Francus,

192 5076 329 5116 cum
361 5061 664 5119 duodecim
698 5062 993 5123 similibus
1018 5067 1256 5127 Francis
1292 5072 1453 5143 juret
1508 5078 1665 5147 quod
1719 5079 1848 5152 ipse

196 5149 487 5207 latronem
504 5167 638 5208 eum
659 5152 844 5210 fuisse
860 5171 975 5211 non
995 5158 1225 5216 scisset.
1258 5161 1529 5233 Sijurare
1547 5183 1661 5223 non
1686 5149 1850 5241 pote-

192 5239 293 5306 rit,
328 5241 505 5311 quasi
538 5241 684 5297 latro
707 5243 1028 5313 judicetur.

194 5328 328 5384 CAP.
363 5329 486 5385 348.
524 5335 697 5420 —jDe
726 5333 1145 5420 rimantibus,_si
1170 5338 1331 5420 alter
1367 5357 1559 5420 eorum
1604 5361 1848 5420 quoqua.

484 5401 641 5457 modo
668 5418 963 5473 percussus
985 5401 1119 5464 lecto
1148 5408 1479 5470 decubuerit.

273 5488 333 5545 Si
361 5489 569 5547 rixatia
599 5492 817 5549 fuerint
846 5492 973 5562 viri,
998 5499 1055 5555 et
1079 5502 1439 5569 percusserit
1475 5504 1623 5563 alter
1652 5512 1847 5580 proxi-

206 5595 373 5635 mum
398 5597 577 5638 suum
616 5582 811 5655 lapide
839 5582 928 5640 vel
959 5601 1178 5661 pugno,
1211 5594 1269 5647 et
1298 5590 1393 5649 ille
1426 5598 1696 5656 mortuus
1728 5617 1845 5660 non

1952 3272 2243 3344 optimum
2276 3276 2549 3332 habuerit
2576 3279 2636 3334 in
2675 3297 2810 3352 agro
2840 3283 2929 3339 vel
2960 3286 3019 3342 in
3048 3288 3238 3355 vinea,
3272 3272 3376 3363 pro
3396 3272 3600 3351 damni

1951 3362 2341 3419 sastimatione
2372 3367 2662 3423 restituat.

1952 3453 2080 3505 CAP.
2108 3452 2233 3506 354.
2266 3484 2335 3492 —
2366 3454 2440 3534 De
2466 3471 2526 3540 eo
2556 3459 2654 3526 qui
2680 3459 2866 3527 ignem
2894 3465 3152 3540 accendit
3176 3482 3279 3533 per
3298 3484 3455 3540 quem
3485 3473 3601 3528 ali-

2326 3525 2420 3579 cui
2447 3525 2718 3583 damnum
2744 3534 2949 3604 cvenit,
2978 3551 3098 3606 cap.
3132 3525 3221 3594 2i.

2024 3609 2081 3664 Si
2112 3626 2386 3684 egressus
2416 3613 2875 3685 ignisinvenerit
2895 3625 3107 3695 spicas,
3136 3631 3193 3683 et
3218 3632 3600 3703 comprehen-

1954 3699 2107 3755 derit
2136 3717 2371 3759 acervos
2404 3704 2660 3776 frugum,
2696 3708 2815 3764 sive
2833 3715 3055 3770 stantes
3077 3722 3303 3789 segetes
3334 3699 3395 3777 in
3420 3724 3599 3797 agris,

1955 3790 2165 3845 reddat
2193 3791 2470 3848 damnum
2507 3793 2607 3866 qui
2638 3795 2831 3868 ignem
2862 3805 3258 3867 succenderit.

1953 3890 2087 3944 CAP.
2151 3888 2276 3943 355.
2339 3921 2405 3932 —
2484 3892 2732 3950 Vindicta
2801 3898 2881 4024 i517
2936 3900 3256 3962 advocatum
3322 3909 3602 3981 cupidum,

2658 3983 2776 4024 can.
2887 4013 2899 4024 .

2658 3983 2776 4040 cap.
2809 3983 2899 4027 δί.

2026 4048 2085 4103 Si
2117 4049 2434 4106 advocatus
2467 4052 2526 4107 in
2554 4069 2731 4111 causa
2763 4065 3037 4132 suscepta
3059 4063 3264 4136 iniqua
3283 4068 3606 4141 cupiditate

1957 4136 2132 4193 fuerit
2146 4142 2432 4209 repertus,
2452 4158 2485 4196 a
2503 4148 2785 4199 conventu
2804 4136 3605 4225 honestorum,judiciorum-

1957 4241 2067 4297 que
2097 4228 2514 4285 communione
2538 4237 2863 4306 separetur,
2883 4243 2939 4292 et
2956 4240 3188 4297 videant
3205 4259 3276 4299 ne
3292 4245 3529 4317 iudicis,
3549 4254 3608 4307 et

1958 4315 2268 4371 assertoris
2299 4333 2611 4388 personam
2634 4322 2906 4395 accipiat.

1960 4414 2094 4467 CAP.
2153 4412 2278 4468 356.
2337 4445 2407 4456 -ο
2461 4417 3157 4548 Ριεηαεεθνυῖἣίειαιονίε
3225 4431 3441 4491 domini
3491 4439 3605 4508 sui,

2683 4508 2773 4548 an.
2918 4538 2930 4548 .

2712 4510 2773 4564 ρ.
2809 4510 2930 4550 1H.

2033 4572 2246 4629 Servus
2269 4573 2318 4628 si
2360 4591 2537 4646 super
2584 4578 2891 4638 dominum
2944 4601 3122 4644 suum
3174 4590 3344 4649 fuerit
3386 4595 3610 4654 delator

1960 4661 2135 4718 etiam
2160 4663 2207 4718 si
2239 4664 2467 4735 objecta
2497 4668 2849 4740 probaverit,
2882 4676 3183 4746 puniatur.

1961 4766 2093 4823 CAP.
2122 4768 2248 4825 357.
2283 4800 2352 4811 —
2377 4770 2574 4863 (gemes
2602 4775 2701 4863 qui
2725 4787 2856 4835 sunt
2899 4784 3197 4863 anatltema
3232 4804 3300 4845 ne
3330 4792 3610 4863 publicam

2384 4844 2632 4901 habeant
2660 4864 2860 4921 vocem,
2891 4869 3011 4927 cap.
3043 4858 3167 4914 215.

2032 4927 2309 4984 Omnium
2361 4933 2798 4995 anathematum
2850 4959 2956 4999 vox
3004 4944 3061 5000 in
3116 4952 3487 5009 accusatione
3519 4953 3606 5011 vel

1961 5018 2322 5087 testimonio,
2356 5026 2457 5077 aut
2491 5022 2752 5084 humano
2786 5029 3010 5101 judicio
3054 5039 3288 5109 plenius
3336 5059 3451 5100 non
3504 5061 3609 5101 au-

1961 5105 2175 5162 diatur.

1959 5194 2252 5283 CAP."358.
2306 5232 2373 5241 -—
2426 5203 2698 5283 lli-fures
2742 5213 2799 5283 et,
2838 5214 3224 5283 male/actores
3266 5218 3477 5277 idoneis
3528 5230 3607 5278 te-

2028 5268 2550 5396 stibu§57convicti
2600 5281 2899 5337 secundum
2986 5268 3218 5357 'aigéni'
3270 5268 3604 5366 moriuntur,

2028 5355 2146 5396 can.
2287 5381 2300 5396 .

2027 5355 2146 5412 cap.
2177 5355 2300 5396 25'].

2034 5428 2109 5485 De
2140 5430 2371 5488 furibus
2401 5438 2460 5489 et
2487 5436 2985 5513 malefactoribus,
3020 5445 3383 5508 decrevimus
3404 5453 3604 5512 obser-

1955 5518 2076 5574 vari
2100 5522 2164 5575 ut
2184 5519 2235 5577 si
2267 5522 2531 5597 quinque
2561 5531 2663 5582 aut
2686 5534 2911 5603 septem
2952 5534 3117 5592 bona
3158 5538 3292 5597 fidei
3336 5541 3605 5606 homines

1956 5606 2182 5680 absque
2199 5608 2514 5670 inimicitia
2526 5618 2840 5689 praeposita
2861 5622 3243 5688 criminosum
3258 5647 3393 5692 cum
3415 5652 3610 5696 sacra-
