3948 6072
368 318 474 374 967

1459 306 1524 356 Ι).
1568 301 1807 356 IVONIS
1841 296 2340 353 CARNOTENSIS
2376 294 2695 349 EPISCOPI

3681 285 3797 339 968

368 439 552 498 menti
585 434 1027 508 interpositione
1057 448 1185 488 esse
1216 427 1486 495 dixerint,
1522 425 1676 482 sicut
1707 426 1913 480 contra
1934 421 2012 478 le-
2039 427 2097 494 Α
2124 422 2281 487 terte,
2316 434 2415 475 seu
2440 433 2641 473 eorum
2664 416 2794 484 ﬁlii,
2825 414 2966 471 item
3000 417 3260 508 nepotes,
3311 415 3537 485 neptes,
3582 428 3796 508 conso-

367 547 500 604 gem
533 528 688 593 fecit,
722 526 807 582 sic
840 524 1166 580 secundum
1201 519 1386 589 legem
1432 516 1736 571 moriatur.

364 600 502 677 CAP.
544 617 670 673 359.
702 646 770 656 -—-
790 615 866 671 Ne
886 613 1005 684 quis
1020 609 1320 664 debitorem
1341 609 1525 684 teneat
1554 605 1855 673 contempto
1886 600 2018 670 ﬁde-

927 684 1157 752 iussere.
1190 696 1309 749 cap.
1339 678 1463 731 337i.

437 780 492 835 Si
525 777 655 848 quis
673 776 1008 842 contempto
1027 769 1376 839 fidejussore
1397 764 1719 820 debitorem
1737 779 1911 819 suum
1933 765 2018 817 te-

368 883 508 925 nere
524 862 819 932 maluerit,
836 859 1148 929 ﬁdejussor
1161 860 1225 911 ut
1238 856 1423 911 haeres
1441 855 1569 925 ejus
1588 870 1621 909 a
1638 851 2019 924 fidejussione

368 957 668 1013 liberatur.

365 1046 499 1102 CAP.
556 1043 680 1097 360.
741 1070 809 1081 —
869 1040 943 1093 De
999 1034 1591 1161 conscii§3gtienorum
1649 1034 2016 1102 peccatorum.

1031 1124 1149 1161 can.
1312 1148 1324 1159 .

1031 1124 1149 1178 cap.
1198 1124 1324 1161 eoo.

438 1204 815 1259 Peccatorum
844 1199 1170 1253 alienorum
1205 1192 1423 1250 conscii
1447 1192 1557 1247 nisi
1591 1188 2019 1246 emendationis

366 1297 424 1349 et
454 1290 665 1348 salutis
698 1305 877 1345 causa
906 1284 1296 1358 prodiderint,
1325 1282 1701 1353 delinquunt.

364 1381 498 1438 CAP.
532 1410 598 1443 ε-
622 1380 748 1433 361.
765 1408 833 1417 -—
850 1377 912 1432 Ut
941 1377 1134 1430 contra
1154 1378 1453 1429 extraneos
1472 1370 1874 1443 parentelaaut
1886 1384 2017 1439 pro—

430 1440 714 1525 pinquitas
747 1448 1125 1504 testimonium
1151 1446 1382 1499 minime
1410 1440 1581 1512 dicat,
1605 1458 1723 1512 cap.
1757 1440 1881 1494 3118.

437 1543 691 1607 Fratres,
708 1552 958 1603 sorores,
981 1533 1216 1598 uterini,
1236 1533 1451 1604 patrui,
1478 1529 1771 1597 avunculi,
1800 1532 2018 1585 mater-

2124 507 2303 577 hrini,
2337 507 2424 565 vel
2444 507 2697 572 amitini,
2717 524 2821 562 seu
2844 505 3022 561 etiam
3042 504 3285 576 quidam
3306 519 3372 558 ex
3396 502 3635 574 propria
3651 518 3797 558 con-

2128 597 2529 671 sanguinitate
2550 597 2608 651 in
2627 595 2849 667 judicio
2872 595 3154 649 adversus
3176 596 3484 648 extraneos
3516 590 3795 647 testimo-

2126 686 2291 743 nium
2316 687 2505 742 dicere
2528 703 2642 741 non
2668 683 3087 758 permittimus,
3105 682 3219 737 nisi
3243 682 3488 737 forsitan
3511 684 3793 752 parentes

2125 777 2393 848 ejusdem
2416 775 2784 848 cognationis
2806 776 2958 829 inter
2983 772 3220 828 selitem
3242 770 3584 837 habuerint,
3609 769 3789 824 autin

2128 882 2306 921 causa
2336 866 2406 921 de
2431 882 2547 937 qua
2569 865 2762 936 agitur
2787 863 2962 919 aliam
2978 861 3217 917 omnino
3236 860 3669 932 ingenuitatem
3684 859 3792 915 de-

2128 970 2258 1010 esse
2288 954 2640 1010 constiterit.

2128 1118 2262 1174 CAP.
2295 1118 2422 1172 362.
2457 1146 2523 1157 -
2552 1116 2701 1185 Quod
2728 1131 2794 1170 ea
2821 1128 2948 1185 qua!
2989 1114 3223 1168 Domino
3268 1114 3663 1185 conserantur,
3719 1110 3792 1167 ad

2348 1190 2444 1260 jus
2473 1183 2906 1243 ecclesiasticum
2935 1188 3278 1257 pertineant,
3308 1200 3409 1255 cap
3439 1183 3567 1238 394.

2198 1350 2273 1404 Ea
2298 1366 2426 1421 quas
2447 1350 2694 1405 Domino
2713 1349 3036 1404 offeruntur
3052 1346 3135 1402 vel
3160 1348 3586 1402 consecrantur
3600 1345 3788 1415 adjus

2127 1440 2424 1511 pertinent
2455 1439 2849 1494 sacerdotum.
2874 1441 2940 1492 Et
2969 1435 3239 1508 sacrilegi
3272 1438 3413 1490 sunt
3442 1449 3648 1490 omnes
3683 1434 3785 1505 qui

2125 1544 2193 1583 ea
2224 1522 2522 1592 auferunt,
2553 1527 2640 1582 vel
2675 1528 2731 1581 in
2765 1525 2922 1581 aliud
2959 1525 3347 1580 transferunt.

364 1713 2283 1741 _______________________

1035 1924 1562 2021 DECRETI
1632 1922 1946 2016 PARS
2016 1920 2487 2015 DECIMA
2555 1918 3107 2015 SEPTIMA.

685 2138 1021 2200 Continens
1052 2131 1470 2212 speculativas
1499 2134 1862 2190 sanctorum
1893 2128 2151 2187 Patrum
2181 2125 2523 2188 sententias
2550 2126 2627 2186 de
2661 2126 2803 2199 ﬁde,
2839 2142 2950 2204 spe
2981 2129 3041 2185 et
3064 2123 3398 2185 charitate.

367 2507 501 2564 CAP.
534 2507 585 2560 1.
618 2534 689 2546 -
715 2502 936 2571 Quanta
973 2499 1049 2556 sit
1090 2499 1331 2571 dignitas
1379 2495 1707 2571 conditioni:
1728 2499 2012 2571 humanae,
2044 2497 2091 2562 B
2122 2498 2241 2551 tres
2272 2497 2472 2549 tamen
2495 2491 2553 2547 in
2585 2509 2644 2547 se
2675 2491 2991 2564 dignitates
3023 2490 3221 2557 habet,
3278 2490 3336 2545 id
3385 2495 3495 2560 est,
3544 2489 3781 2545 intelle-

437 2583 489 2635 et
514 2593 585 2633 ne
616 2568 750 2647 quis
766 2574 833 2629 ab
853 2590 916 2647 ea
940 2568 1483 2647 serviti'conditione
1513 2568 1800 2647 degeneret
1853 2568 2015 2637 (Aug.

439 2652 603 2707 tract.
622 2640 703 2703 'de
730 2646 903 2718 primi
931 2644 1171 2701 hominis
1201 2642 1502 2710 creatione,
1531 2644 1664 2696 tom.
1712 2640 1817 2709 IX).

436 2777 627 2831 Tanta
639 2771 897 2844 dignitas
911 2769 1182 2824 humana:
1198 2764 1553 2823 conditionis
1570 2780 1699 2819 esse
1721 2761 2016 2835 dignosci-

367 2869 484 2931 tur,
517 2866 728 2918 utnon
760 2858 953 2915 solum
994 2855 1266 2928 jubentis
1310 2870 1600 2923 sermone,
1654 2859 1715 2908 ut
1766 2851 1882 2907 alia
1920 2868 2018 2907 sex

365 2953 594 3009 dierum
639 2965 837 3021 opera,
886 2946 984 3002 sed
1035 2944 1280 3001 consilio
1331 2948 1543 2999 sancta:
1600 2941 1928 3011 Trinitatis,
1960 2944 2018 2996 et

366 3056 543 3114 opera
568 3038 777 3094 divinae
827 3034 1152 3106 majestatis
1199 3035 1430 3087 creatus
1482 3032 1559 3086 sit
1606 3030 1804 3099 homo,
1836 3035 1901 3085 ut
1949 3045 2017 3085 ex

368 3129 559 3202 primo
591 3124 942 3182 conditionis
972 3122 1190 3177 honore
1223 3119 1577 3191 intelligeret
1597 3123 1885 3192 quantum
1909 3136 2015 3175 suo

369 3214 667 3275 Conditori
696 3215 953 3278 deberet,
983 3210 1122 3265 dum
1147 3213 1377 3264 tantum
1401 3208 1459 3262 in
1500 3207 1835 3263 conditione
1883 3225 2017 3263 mox

368 3304 671 3377 dignitatis
702 3299 1071 3375 privilegium
1087 3296 1355 3370 praestitit
1377 3296 1426 3352 ei
1449 3296 1729 3352 Conditor
1761 3301 1826 3351 ut
1852 3300 2016 3352 tanto

367 3393 671 3451 ardentius
702 3394 928 3446 amaret
959 3387 1349 3455 Conditorem,
1409 3389 1631 3456 quanto
1682 3385 2017 3441 mirabilius

358 3499 421 3542 se
454 3484 525 3539 ab
558 3497 626 3538 eo
656 3478 962 3537 conditum
1010 3474 1384 3546 intelligeret.
1427 3476 1737 3539 Faciamus,
1799 3474 2013 3546 inquit,

360 3573 641 3630 hominem
691 3568 769 3623 ad
818 3565 1117 3637 imaginem
1175 3572 1225 3619 et
1267 3564 1700 3619 similitudinem
1762 3569 2016 3619 nostram

356 3661 508 3734 (Gen.
540 3660 580 3731 ι)
616 3657 729 3716 Nec
760 3657 832 3711 ob
864 3655 973 3710 hoc
1004 3652 1197 3709 solum
1233 3654 1387 3724 quod
1442 3656 1657 3708 sanctas.
1712 3652 2016 3709 Trinitatis

358 3747 606 3807 consilio
637 3745 721 3802 sic
748 3745 821 3801 ab
866 3742 1209 3799 excellentia
1261 3740 1593 3796 Conditoris
1632 3741 1902 3797 conditus
1940 3743 2018 3797 sit

363 3839 466 3911 [sit
500 3835 850 3893 excellenter
897 3850 932 3889 a
977 3832 1287 3888 Conditore
1330 3830 1645 3900 conditus],
1697 3831 1799 3885 sed
1834 3830 2012 3886 etiam

362 3928 518 4002 quod
542 3926 613 3982 ad
636 3923 957 3996 imaginem
980 3925 1037 3976 et
1053 3918 1501 3975 similitudinem
1519 3936 1687 3974 suam
1701 3919 1826 3990 ipse
1842 3919 2013 3974 Crea-

362 4021 457 4075 tor
485 4014 750 4073 omnium
783 4028 918 4070 eum
952 4008 1188 4078 creavit,
1221 4008 1375 4079 quod
1411 4007 1557 4062 nulli
1610 4007 1706 4063 alii
1752 4024 1820 4063 ex
1855 4024 2014 4064 crea-

360 4107 511 4164 turis
542 4105 799 4161 donavit.
825 4103 957 4167 Quae
989 4099 1183 4169 imago
1216 4096 1556 4170 diligentius
1587 4096 1880 4153 interioris
1910 4097 2013 4153 ho-

361 4195 540 4252 minis
564 4193 872 4251 nobilitate
895 4187 1447 4246 estconsideranda.
1470 4185 1662 4241 Primo
1694 4185 2011 4257 siquidem,

360 4289 426 4341 ut
456 4285 610 4340 sicut
640 4283 794 4339 Deus
825 4295 1058 4350 semper
1088 4276 1307 4348 ubique
1327 4280 1487 4331 totus
1518 4278 1626 4344 est,
1654 4275 1852 4331 omnia
1872 4276 2013 4331 vivi-

365 4375 568 4441 ficans,
602 4386 865 4439 movens,
897 4372 954 4424 et
974 4367 1331 4437 gubernans,
1355 4363 1509 4419 sicut
1532 4362 1851 4436 Apostolus
1874 4381 2011 4420 con-

365 4462 560 4517 firmat
590 4460 793 4515 dicens
824 4458 981 4530 quod
1014 4455 1074 4510 in
1104 4471 1164 4511 eo
1203 4453 1463 4522 vivimus,
1493 4468 1797 4523 movemur,
1839 4458 1891 4509 et
1915 4471 2013 4510 su-

362 4567 486 4608 mus
518 4550 648 4620 (Act.
690 4548 853 4618 xvu),
896 4546 982 4602 sic
1013 4544 1211 4601 anima
1241 4544 1300 4598 in
1354 4560 1461 4599 suo
1510 4559 1753 4616 corpore
1795 4543 2013 4616 ubique

359 4644 485 4698 tota
514 4638 691 4710 viget,
722 4636 1022 4692 viviﬁcans
1055 4633 1225 4700 illud,
1258 4648 1501 4688 movens
1549 4636 1607 4688 et
1654 4632 2010 4703 gubernans.

360 4728 557 4799 Neque
589 4726 743 4782 enim
786 4724 847 4779 in
899 4722 1223 4793 majoribus
1274 4720 1365 4777 sui
1415 4720 1675 4793 corporis
1730 4720 2014 4777 membris

363 4816 556 4888 major
585 4813 769 4883 est,in
788 4812 1118 4869 minoribus
1134 4810 1323 4867 minor
1346 4826 1359 4877 ;
1383 4811 1483 4866 sed
1504 4810 1563 4864 in
1581 4809 1847 4865 minimis
1868 4813 2013 4879 tota,

364 4911 421 4963 et
451 4906 510 4961 in
538 4903 811 4961 maximis
841 4905 980 4958 tota.
1016 4902 1086 4956 Et
1115 4902 1235 4957 haec
1266 4904 1357 4955 est
1389 4899 1583 4971 imago
1608 4897 1849 4954 unitatis
1882 4902 2013 4954 Om-

364 4993 686 5068 nipotentis
718 4992 838 5060 Dei,
864 5008 1044 5063 quam
1072 4990 1271 5045 anima
1300 4988 1478 5042 habet
1501 4986 1559 5040 in
1593 5002 1676 5056 se,
1709 5002 1836 5056 qua
1868 5003 2013 5058 quo-

365 5101 478 5157 que
509 5083 827 5155 quamdam
844 5084 1058 5136 sanctae
1094 5076 1402 5134 Trinitatis
1435 5075 1615 5130 habet
1671 5073 2013 5130 similitudi-

364 5191 483 5231 nm.
504 5174 696 5229 Primo
715 5172 773 5227 in
789 5188 877 5238 eo,
894 5169 1027 5242 quia
1043 5169 1199 5225 sicut
1216 5167 1368 5221 Deus
1390 5164 1713 5231 est,vivitet
1735 5164 1911 5237 sapit,
1935 5168 2015 5222 ita

2126 2587 2308 2653 ctum,
2351 2582 2737 2648 voluntatem,
2804 2580 3169 2636 memoriam.
3231 2580 3395 2647 Quod
3441 2579 3597 2634 idem
3648 2578 3782 2635 licet

2127 2671 2258 2728 aliis
2288 2671 2505 2737 verbis,
2537 2670 2597 2725 in
2632 2670 2943 2743 Evangelia
2966 2670 3330 2742 designatur,
3355 2685 3489 2724 cum
3522 2668 3777 2724 dicitur:

2130 2760 2342 2834 Diliges
2374 2762 2671 2817 Dominum
2698 2760 2869 2815 Deum
2899 2767 3057 2815 tuum
3084 2774 3153 2814 ex
3172 2760 3281 2814 toto
3301 2758 3459 2814 corde
3489 2767 3605 2826 tuo,
3628 2760 3687 2812 et
3713 2774 3780 2813 ea:

2124 2854 2238 2907 tota
2287 2851 2478 2906 anima
2526 2854 2645 2920 tua,
2699 2865 2769 2905 ex
2820 2854 2934 2905 tota
2979 2856 3166 2905 mente
3207 2857 3306 2905 tua
3352 2848 3564 2920 (Matth.
3610 2852 3776 2917 XXII),

2124 2940 2182 2995 id
2213 2944 2325 3007 est,
2348 2956 2419 2995 ex
2437 2944 2560 2995 toto
2591 2938 2916 3007 intellectu,
2943 2943 3001 2994 et
3030 2956 3099 2995 ex
3126 2944 3251 2996 tota
3297 2937 3599 2994 voluntate
3632 2943 3694 2993 et
3713 2954 3779 2993 ex

2124 3032 2247 3085 tota
2278 3028 2744 3084 memoria.Nam
2769 3027 2925 3084 sicut
2946 3044 3013 3083 ex
3039 3028 3204 3084 Patre
3233 3032 3548 3100 generatur
3576 3027 3780 3096 Filius,

2124 3133 2193 3173 ex
2224 3122 2393 3173 Patre
2421 3122 2480 3173 et
2502 3116 2643 3173 Filio
2676 3117 2942 3189 procedit
2971 3118 3226 3189 Spiritus
3258 3122 3523 3183 sanctus,
3559 3117 3641 3173 ita
3681 3135 3781 3189 per

2125 3206 2487 3262 intellectum
2520 3210 2838 3279 generatur
2867 3206 3161 3273 voluntas,
3194 3211 3251 3263 et
3279 3222 3347 3262 ex
3363 3206 3457 3262 his
3479 3208 3620 3262 item
3655 3225 3778 3263 am-

2122 3295 2312 3352 bobus
2361 3296 2624 3367 procedit
2664 3297 2969 3361 memoria,
3014 3296 3170 3351 sicut
3214 3296 3382 3352 facile
3419 3313 3454 3352 a
3511 3296 3777 3368 sapiente

2124 3385 2387 3457 quolibet
2415 3384 2666 3457 intelligi
2699 3389 2911 3456 potest.
2935 3384 3050 3440 Nec
3081 3386 3239 3440 enim
3274 3386 3473 3441 anima
3520 3386 3776 3457 perfecta

2124 3478 2317 3546 potest
2348 3489 2477 3530 esse
2499 3473 2624 3529 sine
2650 3473 2741 3529 his
2772 3474 2983 3540 tribus,
3006 3490 3111 3529 nec
3135 3475 3347 3530 horum
3370 3475 3552 3530 trium
3588 3492 3772 3530 unum

2125 3563 2371 3635 aliquid,
2406 3566 2695 3636 quantum
2727 3565 2800 3619 ad
2835 3580 3007 3619 suam
3040 3564 3292 3636 pertinet
3323 3564 3771 3636 beatitudinem,

2126 3653 2253 3709 sine
2283 3652 2415 3709 aliis
2447 3654 2679 3709 duobus
2710 3654 3006 3724 integrum
3037 3658 3288 3710 constat.
3323 3655 3388 3709 Et
3416 3654 3573 3710 sicut
3621 3654 3772 3711 Deus

2125 3741 2314 3808 Pater,
2349 3746 2493 3797 Deus
2525 3741 2731 3806 Filius,
2754 3742 2905 3797 Deus
2926 3741 3200 3813 Spiritus,
3225 3746 3491 3809 sanctus,
3514 3759 3634 3797 non
3657 3746 3771 3798 tres

2125 3830 2227 3898 dii,
2263 3832 2363 3887 sed
2388 3847 2543 3886 unus
2572 3834 2661 3886 est
2683 3830 2858 3895 Deus,
2880 3835 2999 3886 tres
3031 3830 3255 3888 habens
3287 3847 3593 3903 personas,
3616 3832 3701 3887 ita
3719 3837 3773 3887 et

2125 3919 2325 3975 anima
2341 3918 2698 3987 intellectus,
2718 3919 2914 3975 anima
2935 3919 3223 3985 voluntas,
3249 3920 3447 3977 anima
3467 3921 3769 3989 memoris,

2123 4025 2239 4064 non
2270 4014 2467 4064 tamen
2498 4013 2618 4065 tres
2638 4008 2919 4065 animaain
2938 4026 3055 4066 uno
3079 4026 3340 4081 corpore,
3367 4011 3469 4065 sed
3502 4026 3621 4065 una
3644 4010 3770 4065 ani-

2124 4114 2220 4153 ma
2247 4101 2369 4153 tres
2399 4096 2624 4153 habens
2655 4096 2995 4169 dignitates,
3021 4104 3201 4170 atque
3232 4098 3291 4153 in
3309 4097 3403 4155 his
3428 4098 3623 4153 tribus
3645 4100 3770 4170 ejus

2123 4186 2444 4258 imaginem
2469 4186 2816 4241 mirabiliter
2841 4187 2993 4258 gerit
3013 4187 3071 4241 in
3095 4204 3203 4243 sua
3226 4190 3439 4242 natura
3465 4188 3772 4243 nosterin-

2121 4274 2301 4331 terior
2330 4274 2525 4345 homo,
2557 4292 2625 4330 ex
2656 4275 2873 4345 quibus
2899 4275 3065 4346 quasi
3096 4274 3610 4331 excellentioribus
3652 4276 3772 4332 ani-

2123 4381 2230 4421 mas
2264 4363 2959 4435 dignitatibusjubemur
2997 4362 3239 4437 diligere
3287 4364 3683 4437 Conditorem,
3710 4370 3773 4422 ut

2123 4456 2413 4526 quantum
2445 4452 2816 4524 intelligitur,
2850 4452 3153 4526 diligatur,
3185 4458 3241 4510 et
3270 4457 3567 4525 quatenus
3584 4454 3775 4525 diligi-

2121 4546 2218 4599 tur
2248 4558 2481 4613 semper
2510 4541 2570 4596 in
2601 4542 2886 4598 memoria
2914 4542 3219 4599 habeatur.
3244 4542 3360 4598 Nec
3405 4540 3597 4599 solum
3644 4543 3773 4598 suf-

2121 4631 2246 4687 ficit
2275 4632 2346 4686 de
2365 4647 2431 4687 eo
2460 4629 2818 4699 intellectus,
2851 4630 2967 4686 nisi
2998 4630 3100 4686 ﬁat
3130 4630 3407 4687 voluntas
3438 4630 3500 4687 in
3530 4647 3731 4687 amore
3758 4657 3771 4699 ;

2124 4736 2228 4776 nec
2259 4721 2373 4776 duo
2404 4718 2524 4775 haec
2555 4720 2881 4789 sufficiunt,
2916 4719 3028 4777 nisi
3052 4720 3333 4777 memoria
3362 4720 3637 4792 addatur,
3661 4737 3774 4793 qua

2123 4824 2354 4881 semper
2375 4808 2433 4864 in
2470 4812 2664 4865 mente
2695 4808 3081 4881 intelligentia
3113 4813 3171 4865 et
3202 4810 3503 4882 diligentis
3540 4816 3773 4867 maneat

2122 4898 2297 4966 Deus,
2317 4898 2403 4954 sic
2417 4901 2480 4953 ut
2501 4896 2725 4953 nullum
2742 4896 2929 4969 possit
2943 4914 3073 4953 esse
3089 4902 3483 4965 momentum,
3504 4914 3621 4970 quo
3638 4916 3772 4971 prae-

2122 4991 2347 5043 sentem
2378 5003 2511 5042 eum
2544 5003 2657 5042 non
2694 4986 2903 5042 habeat
2931 4987 3236 5043 memoria.
3271 4988 3337 5042 Et
3371 4989 3490 5043 hinc
3522 4988 3593 5043 de
3625 4988 3771 5043 ima-

2121 5076 2256 5147 gine
2268 5076 2502 5132 habeto.
2525 5080 2691 5131 Nunc
2714 5092 2847 5132 vero
2870 5077 2941 5132 de
2960 5076 3353 5133 similitudine
3375 5075 3578 5147 aliqua
3598 5076 3769 5132 intel-

2122 5164 2258 5237 lige,
2300 5182 2427 5238 quae
2449 5164 2508 5220 in
2540 5164 2804 5221 moribus
2835 5166 3127 5221 cernenda
3157 5169 3267 5234 est,
3302 5170 3367 5221 ut
3416 5164 3569 5221 sicut
3622 5166 3766 5221 Deus

364 5264 563 5321 anima
580 5261 908 5318 secundum
928 5273 1102 5313 suum
1120 5254 1357 5311 modum
1371 5258 1479 5319 est,
1503 5252 1899 5326 vivitetsapit.
1920 5254 2015 5311 Est
2044 5244 2091 5310 D
2122 5258 2369 5325 creator,
2403 5254 2501 5326 qui
2525 5253 2824 5311 hominem
2848 5255 2920 5310 ad
2943 5254 3396 5310 similitudinem
3427 5271 3598 5311 suam
3619 5271 3772 5311 crea-

365 5370 597 5426 quoque
626 5356 683 5407 et
712 5349 827 5405 alia
854 5346 1157 5402 Trinitatis
1192 5341 1517 5399 similitudo
1544 5342 1604 5397 in
1664 5359 1732 5398 ea
1780 5360 1896 5414 qua
1941 5345 2012 5399 ad

364 5440 681 5512 imaginem
699 5437 791 5494 sui
809 5433 1139 5491 Conditoris
1164 5431 1427 5504 perfectae
1452 5430 1686 5501 quidem
1701 5436 1757 5486 et
1777 5448 2016 5488 summae

366 5528 696 5591 Trinitatis,
737 5542 865 5596 qua:
914 5527 1003 5578 est
1048 5522 1109 5577 in
1160 5522 1348 5590 Patre,
1395 5524 1451 5575 et
1497 5518 1637 5576 Filio
1686 5524 1744 5576 et
1793 5520 2014 5593 Spiritu

370 5620 573 5674 sancto
603 5612 840 5671 condita
860 5615 967 5668 est.
1005 5611 1075 5666 Et
1102 5609 1239 5666 licet
1282 5608 1457 5665 unius
1502 5610 1580 5665 sit
1624 5609 1725 5666 illa
1770 5616 2017 5681 nature,

2127 5344 2205 5400 vit
2234 5343 2493 5399 charitas
2526 5347 2636 5411 est,
2669 5347 2724 5398 et
2756 5344 2945 5399 bonus
2988 5347 3093 5410 est,
3150 5347 3207 5399 et
3244 5344 3471 5414 justus,
3524 5345 3767 5415 patiens,

2127 5433 2408 5501 mundus,
2440 5436 2496 5487 et
2526 5432 2861 5489 misericors
2885 5432 3164 5505 [multum
3205 5437 3261 5489 et
3301 5433 3689 5506 misericors],
3720 5438 3774 5489 et

2126 5526 2332 5579 caetera
2361 5521 2645 5577 virtutum
2678 5522 2934 5594 insignia
2965 5540 3091 5594 quas
3132 5524 3202 5579 de
3247 5540 3313 5579 eo
3361 5523 3665 5596 leguntur,
3696 5525 3773 5580 ita

2124 5613 2301 5669 homo
2319 5616 2548 5669 creatus
2579 5615 2689 5679 est,
2710 5616 2776 5667 ut
2804 5610 3051 5669 virtutes
3073 5612 3309 5668 easdem
3331 5612 3594 5685 haberet,
3628 5630 3774 5687 quas
