4000 6060
217 304 324 358 969

1002 305 1311 358 DECRETI
1350 307 1538 359 PARS
1574 306 1752 359 XVII.
1790 332 1856 343 —-
1892 307 1989 359 DE
2026 307 2215 375 FIDE,
2257 309 2388 362 SPE
2425 309 2520 362 ET
2555 310 2849 374 CHARIT,
3525 308 3634 363 970

222 438 439 505 quanto
474 431 607 505 plus
630 430 883 503 quisque
910 430 968 484 in
998 430 1317 502 semetipso
1335 430 1709 500 habet,tanto
1740 448 1873 503 pro-
1905 433 1957 500 Α
1990 449 2168 504 quam
2202 435 2489 491 rationem
2521 452 2639 491 non
2671 435 2749 491 ibi
2778 440 2903 492 erat
2935 435 3154 491 Christi
3184 452 3341 503 caro,
3365 435 3636 508 quamvis

220 521 501 594 pinquior
529 525 619 576 est
649 525 785 587 Deo,
821 524 878 575 et
908 520 1191 590 majorem
1224 520 1312 575 sui
1358 519 1690 576 Conditoris
1723 521 1873 592 gerit

222 610 701 667 similitudinem.
737 609 981 675 Quando
1015 609 1172 663 vadit
1199 608 1414 680 aliquis
1448 626 1551 674 per
1592 609 1759 665 devia
1789 610 1872 664 vi~

220 701 437 757 tiorum
471 706 528 755 et
559 698 813 755 divortia
870 697 1203 766 criminum,
1258 700 1329 753 ab
1364 698 1471 753 hac
1503 698 1875 754 nobilissima

220 791 313 846 sui
328 790 657 848 Conditoris
676 786 1066 845 similitudine
1082 787 1336 858 degener
1349 787 1581 843 oberrat
1596 807 1609 856 ;
1626 789 1877 844 tuncﬁet

219 883 291 937 de
310 893 387 936 'eo
419 881 572 951 quod
599 879 883 949 scriptum
908 881 996 933 est
1022 893 1035 931 :
1061 878 1125 932 Et
1148 878 1312 933 homo
1337 894 1460 932 cum
1481 878 1541 931 in
1563 879 1766 934 honore
1786 894 1872 933 es-

218 976 297 1026 set
324 986 433 1026 non
466 969 764 1037 intellexit,
790 975 1138 1038 comparatus
1161 971 1237 1022 est
1245 968 1514 1039 jumenlis
1546 967 1875 1037 insipienti-

224 1061 341 1129 bus,
402 1063 454 1115 et
508 1058 710 1114 similis
765 1060 946 1126 factus
1001 1064 1080 1111 est
1110 1057 1224 1111 illis
1283 1056 1452 1126 (Psal.
1486 1057 1697 1128 XLVIII).
1735 1055 1874 1119 Quis

224 1150 416 1220 major
445 1147 634 1203 honor
662 1146 853 1218 potuit
874 1146 1099 1201 homini
1123 1161 1251 1200 esse
1277 1162 1452 1216 quam
1478 1149 1543 1200 ut
1566 1146 1635 1199 ad
1666 1144 1873 1199 simili-

224 1238 492 1295 tudinem
512 1235 948 1292 suiConditoris
970 1235 1340 1301 conderetur,
1371 1239 1427 1289 et
1451 1234 1671 1289 eisdem
1686 1234 1876 1287 virtu-

224 1333 353 1383 tum
385 1325 752 1382 vestimentis
784 1328 1091 1380 ornaretur
1108 1323 1325 1395 quibus
1345 1328 1401 1378 et
1423 1323 1700 1379 Conditor
1720 1323 1747 1377 ‘l
1769 1323 1878 1394 [Ita

225 1416 459 1473 nullum
492 1415 665 1471 debet
685 1430 811 1469 esse
827 1418 1218 1480 momentum,
1241 1429 1350 1484 quo
1378 1412 1553 1467 homo
1580 1417 1750 1467 utens
1774 1411 1874 1467 Dei

221 1506 482 1562 bonitate
504 1502 986 1570 etmisericordia,
1003 1518 1115 1557 non
1131 1501 1209 1556 sit
1234 1518 1457 1558 memor
1469 1501 1597 1572 ejus
1613 1501 1785 1572 (133)]
1804 1501 1875 1556 de

224 1612 342 1668 quo
372 1594 659 1665 scriptum
691 1597 814 1648 est:
854 1591 1121 1647 Dominus
1153 1592 1425 1659 regnavit,
1444 1591 1694 1645 decorem
1717 1589 1877 1644 indu-

222 1691 312 1740 tus
342 1692 415 1740 est
444 1683 622 1754 (Psal.
656 1682 817 1750 XCII),
850 1680 907 1734 id
940 1684 1050 1749 est,
1083 1678 1350 1734 omnium
1384 1679 1669 1734 virtutum
1703 1683 1760 1733 et
1787 1683 1873 1734 to-

224 1774 345 1830 tius
378 1772 656 1829 bonitatis
688 1771 893 1825 decore
927 1775 1185 1824 ornatus.
1219 1769 1329 1869 Sed
1364 1770 1517 1868 quod
1553 1769 1746 1866 majus
1768 1767 1874 1823 ho-
1908 1808 1955 1874 B

227 1863 372 1918 mini
406 1865 601 1933 potest
658 1875 787 1915 esse
852 1859 1124 1925 dedecus,
1159 1862 1259 1913 aut
1301 1856 1591 1912 infelicior
1618 1856 1876 1925 miseria,

229 1968 412 2024 quam
447 1954 509 2006 ut
540 1950 648 2005 hac
695 1948 1103 2004 similitudinis
1155 1947 1341 2019 gloria
1396 1947 1495 2002 Dei
1557 1945 1876 2001 conditoris

230 2042 473 2111 amissa,
509 2040 578 2095 ad
636 2039 947 2093 informem
983 2041 1039 2092 et
1070 2036 1535 2091 irrationabilem
1569 2035 1877 2090 brutorum

224 2132 634 2203 jumentorum
668 2127 963 2182 dilabatur
994 2124 1443 2179 similitudinem
1468 2123 1494 2177 ‘?
1514 2126 1881 2196 Quapropter

233 2221 483 2293 quisque
498 2216 837 2289 diligentius
867 2214 1064 2285 primae
1087 2213 1439 2269 conditionis
1463 2230 1581 2268 suae
1596 2212 1877 2269 excellen-

232 2310 398 2376 tiam,
425 2312 482 2363 et
501 2305 813 2362 verendam
846 2308 1064 2359 sanctae
1091 2301 1395 2357 Trinitatis
1424 2301 1484 2356 in
1516 2301 1708 2373 seipso
1741 2302 1883 2356 ima-

238 2400 434 2471 ginem
469 2398 770 2469 agnoscat,
804 2394 1203 2463 honoremque
1233 2390 1635 2446 similitudinis
1676 2390 1880 2446 divinae

240 2489 310 2543 ad
349 2502 525 2559 quam
559 2489 790 2541 creatus
821 2487 930 2553 est,
964 2480 1269 2536 nobilitate
1324 2496 1576 2549 morum,
1608 2479 1880 2535 exercitio

237 2578 548 2645 virtutum,
600 2573 884 2645 dignitate
928 2569 1273 2625 meritorum
1306 2568 1519 2624 habere
1550 2570 1883 2639 contendat,

237 2672 302 2723 ut
332 2664 569 2737 quando
604 2660 911 2734 apparebit
940 2658 1131 2731 qualis
1155 2658 1254 2725 sit,
1279 2657 1491 2714 similis
1512 2658 1560 2714 ei
1588 2661 1886 2730 appareat,

242 2755 343 2828 qui
376 2771 437 2808 se
474 2751 822 2809 mirabiliter
852 2750 921 2803 ad
949 2746 1400 2804 similitudinem
1424 2764 1592 2802 suam
1615 2747 1674 2801 in
1700 2746 1887 2817 primo

238 2846 424 2899 Adam
441 2837 1173 2912 condidit,mirabiliusque
1186 2836 1245 2891 in
1260 2836 1519 2891 secundo
1535 2835 1888 2891 reformavit.

240 2955 376 3011 CAP.
408 2953 462 3006 2.
498 2980 566 2990 -—
598 2948 749 3018 Quod
807 2948 999 3001 anima
1027 2960 1151 3018 cum
1192 2945 1279 3018 sit
1302 2945 1621 3018 incorporea
1650 2943 1892 3018 corporis

317 3033 501 3080 tamen
527 3012 698 3093 pos—sit
720 3020 931 3093 habere
971 3014 1424 3093 similitudinem.
1452 3012 1796 3086 Augustinus
1826 3012 1895 3068 ad

317 3089 561 3151 litteram
582 3093 670 3163 (de
704 3092 832 3147 Gen.
868 3090 965 3144 lib.
998 3106 1099 3158 XII,
1132 3104 1178 3143 c.
1212 3089 1329 3159 33).

1984 525 2310 579 secundum
2344 525 2535 596 ipsam
2567 525 2648 579 ibi
2672 525 3063 582 fueritMariae
3096 542 3251 582 caro.
3274 525 3637 598 Quapropter

1984 628 2089 667 nec
2117 613 2246 668 Levi
2270 630 2373 668 nec
2395 613 2741 669 Christusin
2763 614 2983 670 lumbis
3012 614 3258 671 Abrahae
3307 614 3633 670 secundum

1983 700 2266 768 animam,
2317 703 2643 758 secundum
2676 720 2911 759 carnem
2936 721 3090 772 vero,
3125 708 3183 760 et
3214 703 3348 759 Levi
3380 707 3438 760 et
3467 702 3636 759 Chri-

1984 796 2132 845 stus.
2158 789 2272 845 Sed
2298 790 2421 845 Levi
2439 793 2763 847 secundum
2779 793 3320 865 concupiscentiam
3340 791 3636 848 carnalem

1983 878 2251 935 Christus
2282 884 2476 935 autem
2511 882 2837 936 secundum
2872 882 3057 937 solam
3090 881 3484 937 substantiam
3511 898 3637 937 cor-

1985 968 2264 1040 poralem.
2285 973 2428 1025 Cum
2452 970 2607 1025 enim
2642 970 2718 1025 sit
2750 971 2807 1025 in
2830 971 3055 1026 semine
3077 974 3133 1025 et
3158 970 3406 1026 visibilis
3425 986 3640 1041 corpu-

1984 1057 2184 1125 lentia,
2218 1063 2274 1113 et
2295 1058 2628 1113 invisibiliis
2656 1059 2825 1127 ratio,
2854 1064 3171 1132 utrumque
3194 1058 3491 1115 concurrit
3514 1059 3638 1129 [cu-

1984 1148 2189 1220 currit]
2212 1165 2279 1202 eX
2296 1148 2613 1215 Abraham,
2648 1148 2735 1202 vel
2766 1148 2943 1203 etiam
2977 1165 3042 1203 ex
3069 1149 3197 1219 ipso
3231 1149 3413 1203 Adam
3448 1163 3639 1218 usque

1986 1238 2055 1292 ad
2115 1254 2328 1309 corpus
2387 1238 2597 1305 Marize,
2632 1238 2787 1308 quod
2824 1237 3008 1309 [quia]
3041 1242 3098 1293 et
3128 1237 3325 1309 ipsum
3360 1252 3427 1292 eo
3460 1236 3635 1291 modo

1984 1330 2329 1397 conceptum
2362 1331 2418 1381 et
2438 1331 2705 1381 exortum
2727 1332 2854 1382 est:
2889 1326 3161 1383 Christus
3193 1332 3391 1382 autem
3433 1324 3639 1379 visibi-

1984 1417 2098 1471 lem
2127 1415 2319 1471 carnis
2352 1416 2745 1471 substantiam
2780 1416 2852 1471 de
2882 1432 3056 1471 carne
3089 1415 3333 1487 virginis
3356 1414 3635 1486 sumpsit.

1986 1504 2151 1559 Ratio
2183 1521 2314 1559 vero
2365 1504 2764 1576 conceptionis
2822 1506 2951 1575 ejus
2998 1522 3113 1560 non
3148 1523 3179 1559 a
3210 1504 3433 1559 semine
3464 1502 3638 1573 virili,

1986 1593 2087 1649 sed
2120 1593 2189 1647 de
2247 1591 2419 1665 longe
2469 1593 2640 1648 aliter
2678 1610 2745 1649 ac
2775 1593 3030 1666 desuper
3058 1593 3235 1649 venit.
3264 1591 3518 1647 Proinde
3547 1607 3639 1646 se-

1987 1682 2245 1737 cundum
2280 1682 2388 1737 hoc
2420 1683 2572 1753 quod
2631 1683 2702 1737 de
2732 1686 2919 1738 matre
2952 1683 3195 1754 accepit,
3230 1681 3407 1737 etiam
3442 1680 3500 1734 in
3528 1679 3641 1750 [de]

1988 1770 2207 1825 lumbis
2232 1770 2470 1826 Abrahm
2495 1771 2621 1826 fuit.
2641 1770 2742 1827 Ille
2759 1777 2848 1827 est
2869 1788 3005 1843 ergo
3024 1771 3350 1826 decimatas
3374 1769 3433 1824 in
3460 1768 3639 1823 Abra-

1986 1860 2143 1928 ham,
2169 1859 2267 1930 qui
2290 1859 2425 1914 licet
2448 1861 2774 1915 secundum
2798 1877 3035 1916 carnem
3051 1864 3306 1929 tantum,
3332 1859 3415 1914 sic
3436 1862 3636 1913 tamen

1987 1948 2097 2003 fuit
2128 1948 2188 2003 in
2221 1948 2437 2004 lumbis
2495 1950 2645 2020 ejus,
2698 1951 3200 2020 quemadmodum
3233 1949 3291 2003 in
3325 1948 3417 2003 sui
3450 1946 3637 2019 patris

1987 2038 2159 2094 etiam
2211 2038 2335 2108 ipse
2380 2038 2698 2108 Abraham,
2722 2039 2779 2093 id
2799 2044 2888 2094 est
2908 2039 3007 2111 qui
3027 2043 3115 2094 est
3137 2038 3219 2094 sic
3242 2042 3418 2093 natus
3440 2038 3509 2092 de
3534 2053 3635 2107 pa-

1988 2131 2074 2181 tre
2101 2126 2416 2196 Abraham,
2442 2128 2939 2198 quemadmodum
2961 2128 3030 2183 de
3053 2144 3159 2184 suo
3179 2132 3339 2198 patre
3361 2130 3532 2181 natus
3550 2130 3645 2180 est

1989 2214 2301 2282 Abraham,
2324 2233 2424 2287 per
2447 2217 2617 2288 legem
2645 2219 2859 2274 scilicet
2881 2219 2941 2272 in
2963 2218 3224 2272 membris
3246 2222 3645 2287 repugnantem

1988 2305 2096 2375 legi
2126 2306 2324 2360 mentis
2354 2304 2529 2375 (Rom.
2586 2307 2710 2378 vn),
2746 2310 2802 2361 et
2832 2305 3191 2362 invisibilem
3224 2303 3646 2376 concupiscen-

1988 2393 2153 2461 tiam,
2187 2395 2456 2464 quamvis
2513 2411 2641 2450 eam
2676 2400 2835 2451 casta
2864 2400 2921 2450 et
2950 2396 3106 2451 bona
3129 2396 3267 2465 jura
3300 2394 3649 2464 nuptiarum

1995 2500 2112 2539 non
2143 2482 2341 2538 sinant
2370 2482 2581 2553 valere,
2612 2484 2724 2539 nisi
2760 2489 3048 2555 quantum
3080 2500 3149 2539 ex
3180 2500 3248 2538 ea
3273 2486 3524 2554 possunt
3558 2498 3652 2553 ge-

1997 2573 2123 2627 neri
2146 2572 2560 2628 substituendo
2594 2573 2946 2645 prospicere.
2979 2573 3103 2627 Non
3137 2576 3332 2627 autem
3356 2575 3413 2626 et
3442 2568 3540 2625 ille
3565 2570 3658 2625 ibi

1996 2661 2324 2717 deoimatus
2383 2666 2491 2731 est,
2524 2664 2692 2734 cujus
2721 2679 2853 2717 caro
2884 2662 3021 2717 inde
3050 2679 3165 2716 non
3206 2661 3489 2716 fervorem
3521 2658 3655 2714 vul-

2000 2750 2174 2818 neris,
2209 2751 2308 2806 sed
2342 2751 2650 2806 materiam
2684 2751 3093 2807 medicaminis
3122 2750 3318 2806 traxit.
3353 2751 3497 2805 Nam
3521 2765 3658 2804 cum

2000 2842 2131 2912 ipsa
2162 2840 2471 2895 decimatio
2511 2841 2576 2896 ad
2612 2841 3101 2911 praeﬁgurandam
3136 2838 3489 2894 medicinam
3524 2854 3660 2909 per-

2002 2930 2265 2999 tinuerit,
2298 2929 2442 2985 illud
2475 2930 2533 2984 in
2568 2929 2805 2984 Abrahae
2838 2946 3012 2984 carne
3043 2928 3450 2984 decimabatur
3498 2927 3656 2997 quod

2005 3020 2341 3075 curabatur.
2377 3037 2489 3075 non
2518 3018 2659 3074 illud
2695 3019 2849 3075 unde
2892 3018 3449 3074 curahatur.Eadem
3484 3032 3661 3072 nam-

2008 3126 2122 3181 que
2181 3125 2315 3164 caro
2371 3125 2487 3163 non
2548 3107 2789 3163 Abrahae
2820 3112 3072 3177 tantum,
3105 3107 3205 3163 sed
3240 3105 3426 3178 ipsius
3455 3104 3660 3176 primi,

314 3202 588 3258 Animam
624 3215 755 3255 vero
788 3214 905 3252 non
938 3212 1067 3252 esse
1097 3211 1459 3266 corpoream,
1516 3210 1629 3249 non
1663 3210 1757 3248 me
1786 3210 1897 3264 pu-
1929 3172 1971 3240 Ο
2006 3197 2341 3269 terrenique
2371 3197 2630 3253 hominis
2653 3197 2830 3253 simul
2852 3196 3105 3252 habebat
3124 3201 3181 3252 et
3203 3194 3418 3251 vulnus
3440 3211 3662 3267 praeva-

245 3298 396 3362 tare,
422 3291 523 3347 sed
549 3289 720 3361 plane
740 3288 911 3353 scire,
934 3286 1118 3341 audeo
1140 3284 1437 3356 proﬁteri;
1461 3288 1657 3338 tamen
1684 3282 1898 3337 habere

244 3397 419 3453 posse
449 3376 710 3450 corporis
740 3381 797 3432 et
818 3374 1209 3443 corporalium
1233 3372 1474 3429 omnino
1499 3372 1898 3427 membrorum

247 3469 634 3527 similitudem
666 3464 939 3538 quisquis
990 3468 1166 3535 negat
1188 3467 1377 3533 potest
1400 3478 1610 3533 negare
1642 3463 1898 3515 animam

250 3576 376 3632 quis
411 3558 468 3612 in
503 3555 732 3612 somnis
764 3554 925 3609 videt
986 3551 1078 3607 vel
1110 3550 1415 3607 ambulare
1446 3566 1528 3619 se,
1556 3549 1643 3605 vel
1675 3551 1898 3616 sedere,

248 3648 338 3703 vel
372 3647 480 3702 hac
512 3649 689 3716 atque
722 3643 853 3698 illac
901 3658 1165 3713 egressu,
1199 3644 1300 3694 aut
1330 3639 1504 3694 etiam
1537 3638 1731 3693 volatu
1766 3637 1903 3693 ferri

251 3754 316 3793 ac
336 3736 563 3805 referri,
595 3734 749 3807 quod
782 3733 909 3788 sine
932 3730 1188 3802 quadam
1221 3727 1611 3783 similitudine
1642 3727 1903 3799 corporis

251 3844 368 3883 non
401 3827 483 3880 ﬁt.
545 3824 796 3880 Proinde
818 3821 867 3877 si
891 3820 1043 3876 hanc
1065 3818 1513 3874 similitudinem
1532 3817 1711 3873 etiam
1749 3817 1902 3889 apud

253 3915 476 3971 inferos
504 3912 669 3983 gerit,
704 3927 819 3966 non
849 3908 1230 3981 corporalem,
1260 3906 1356 3963 sed
1384 3906 1609 3978 corpori
1629 3905 1905 3971 similem,

252 4004 336 4059 ita
368 4004 544 4059 etiam
580 4002 637 4056 in
698 3999 841 4055 locis
897 3998 1133 4053 videtur
1161 4013 1290 4052 esse
1323 4014 1436 4051 non
1477 3994 1905 4067 corporalibus,

257 4095 357 4149 sed
391 4090 789 4163 corporalium
838 4086 1159 4155 similibus,
1192 4086 1311 4142 sive
1351 4085 1409 4139 in
1441 4086 1663 4156 requie,
1695 4084 1814 4140 sive
1845 4084 1905 4139 in

258 4182 580 4239 doloribus.
608 4180 957 4249 Quanquam
983 4179 1039 4231 et
1059 4175 1203 4231 illud
1226 4191 1316 4230 Ine
1339 4173 1908 4229 nonduminvenisse

258 4270 560 4337 confiteor,
600 4270 820 4324 inferos
863 4264 1212 4339 appellatos,
1248 4264 1665 4335 ubijustorum
1700 4264 1908 4318 animae

259 4361 663 4432 requiescunt.
727 4361 793 4411 Et
847 4355 1058 4410 Christi
1119 4354 1354 4425 quidem
1388 4353 1648 4408 animam
1678 4352 1911 4408 venisse

262 4466 452 4521 usque
472 4450 543 4504 ad
564 4465 631 4504 ea
650 4448 781 4502 loca
800 4446 858 4501 in
886 4445 1102 4517 quibus
1117 4443 1455 4499 cruciantur
1479 4448 1831 4515 peccatores,
1849 4445 1914 4496 ut

2008 3288 2329 3355 ricationis,
2346 3292 2402 3343 et
2425 3287 2920 3343 medicamentum
2943 3284 3228 3341 vulneris.
3252 3283 3483 3339 Vulnus
3505 3300 3664 3354 prte-

2007 3376 2381 3431 varicationis
2438 3376 2495 3429 in
2552 3375 2676 3446 lege
2709 3376 3109 3429 membrorum
3156 3376 3520 3442 repugnante
3552 3370 3668 3442 legi

2010 3466 2247 3532 mentis,
2283 3482 2410 3536 quae
2445 3481 2547 3536 per
2576 3480 2805 3519 omnem
2838 3464 2973 3518 inde
3005 3464 3387 3534 propagatam
3422 3475 3667 3515 carnem

2010 3554 2277 3611 seminali
2295 3553 2515 3609 ratione
2530 3553 2699 3625 quasi
2725 3550 3666 3608 transcribitur.MedicamentuIn

2012 3649 2208 3700 autem
2241 3641 2500 3697 vulneris
2533 3642 2590 3696 in
2626 3659 2691 3697 eo
2726 3642 2879 3712 quod
2914 3641 3047 3695 inde
3075 3640 3202 3694 sine
3233 3653 3407 3709 opere
3442 3654 3669 3693 concu-

2012 3730 2342 3805 piscentiali
2394 3731 2452 3786 in
2512 3731 2636 3787 sola
2668 3730 2911 3786 materie
2942 3727 3228 3799 corporali
3270 3744 3373 3799 per
3402 3725 3663 3781 divinam

2014 3819 2413 3891 conceptionis
2469 3819 2953 3891 formationisque
2997 3817 3286 3873 rationem
3319 3816 3391 3871 de
3430 3815 3667 3887 virgine

2014 3912 2388 3980 assumptum
2421 3912 2529 3979 est,
2555 3912 2790 3980 propter
2814 3906 3017 3963 mortis
3046 3905 3174 3962 sine
3204 3905 3493 3977 inquitate
3524 3919 3667 3959 con-

2014 3998 2287 4069 sortium,
2320 4004 2377 4053 et
2408 3997 2534 4053 sine
2568 3997 2819 4053 falsitate
2852 3995 3301 4053 resurrectionis
3333 3991 3666 4064 exemplum

2016 4144 2151 4199 CAP.
2183 4143 2235 4198 4.
2270 4172 2341 4182 —
2374 4141 2524 4210 Quod
2562 4157 2747 4196 omnia
2776 4150 3003 4210 peccata
3048 4137 3109 4193 in
3143 4133 3671 4210 baptismodelean-

2195 4219 2305 4269 tur.
2340 4205 2479 4281 Aug.
2515 4216 2575 4267 in
2603 4205 2927 4267 Enchiridio
2958 4212 3101 4283 (cap.
3137 4205 3227 4276 42,
3258 4208 3350 4275 43,
3381 4205 3493 4277 IIII).

2090 4344 2135 4392 A
2169 4338 2411 4411 parvulo
2436 4338 2589 4394 enim
2617 4354 2820 4393 recens
2843 4342 2978 4392 nato
3001 4353 3190 4407 usque
3214 4337 3285 4392 ad
3305 4332 3673 4405 decrepitum

2020 4444 2244 4495 senem,
2271 4428 2423 4483 sicut
2446 4427 2644 4483 nullus
2667 4434 2756 4482 est
2780 4427 3178 4498 prohibendus
3199 4443 3231 4482 a
3252 4423 3567 4497 baptismo,
3590 4421 3678 4476 ita

261 4556 358 4595 eos
380 4534 1025 4603 sclveretatormentis,
1050 4550 1197 4605 quos
1219 4549 1346 4588 esse
1366 4532 1671 4588 solvendos
1686 4530 1914 4587 occulta
1946 4551 1990 4616 D
2023 4517 2224 4573 “unus
2256 4518 2476 4616 estfllﬁ
2537 4534 2648 4573 non
2683 4521 2929 4616 peccato.
2955 4518 3237 4571 moriatur
3266 4514 3323 4569 in
3360 4512 3677 4613 δειριὶεξηοο

263 4646 373 4685 sua
395 4628 562 4684 nobis
585 4624 1166 4698 justitiajudicabat,
1195 4621 1911 4678 nonimmeritocreditur.

263 4738 393 4791 CAP.
454 4736 506 4789 3.
561 4767 630 4774 —
677 4730 830 4800 Quod
882 4732 1051 4786 etiam
1084 4728 1334 4783 Christus
1362 4729 1662 4784 secundum
1692 4745 1919 4784 carnem

336 4806 445 4876 fuit
476 4808 533 4861 in
590 4804 793 4859 lumbis
824 4803 1050 4857 Abrahae
1076 4801 1298 4876 quando
1336 4801 1461 4855 Levi
1492 4800 1792 4856 decimatas
1821 4810 1916 4857 est.

337 4873 680 4948 Augustinus
706 4875 873 4948 (ibid.
910 4875 1029 4943 lib.,
1060 4890 1094 4926 X
1124 4889 1173 4928 ε.
1205 4873 1317 4943 20).

340 4968 432 5024 Me
464 4985 578 5023 non
614 4982 822 5038 parum
857 4967 1066 5030 movet,
1101 4962 1371 5034 quamvis
1410 4961 1632 5017 nullius
1664 4961 1921 5018 hominis

267 5058 465 5115 anima
496 5058 574 5112 sit
602 5056 662 5111 in
712 5055 934 5109 lumbis
966 5052 1148 5123 patris
1181 5052 1294 5121 sui,
1329 5052 1655 5107 secundum
1686 5068 1922 5107 carnem

268 5153 468 5204 tamen
500 5146 557 5200 in
588 5142 808 5199 lumbis
836 5142 1077 5197 Abrahae
1101 5143 1490 5197 constitutum
1517 5140 1650 5195 Levi
1674 5141 1927 5196 decima-

267 5242 395 5292 tum
413 5235 603 5307 (Hebr.
621 5234 743 5303 VII),
768 5231 916 5288 etibi
935 5229 1316 5285 constitutum
1344 5232 1670 5286 secundum
1691 5247 1926 5285 carnem

266 5325 570 5382 Christum
631 5339 747 5377 non
807 5321 1187 5375 decimatum.
1249 5320 1590 5374 Secundum
1641 5319 1927 5373 rationem

272 5414 495 5486 quippe
526 5412 689 5468 illam
716 5409 1063 5467 seminalem
1112 5404 1191 5459 ibi
1235 5407 1347 5461 fuit
1370 5408 1529 5478 Levi,
1564 5425 1678 5480 qua
1709 5407 1933 5463 ratione

276 5500 773 5576 perconcuhitum
790 5493 1279 5554 venturuseratin
1310 5501 1583 5568 matrem,
1608 5497 1932 5555 secundum

351 5627 501 5700 (133)
534 5626 662 5684 Haac
694 5628 754 5682 in
784 5629 931 5701 Aug.
967 5646 1082 5686 non
1116 5628 1413 5701 leguntur.

605 5754 874 5815 Pnaon.
921 5755 1124 5816 CLXI.

2024 4608 2133 4662 Sed
2171 4606 2397 4679 parvuli
2427 4611 2659 4663 tantum
2684 4605 2978 4678 originali,
3004 4606 3251 4676 majores
3278 4608 3474 4660 autem
3499 4601 3678 4656 etiam

2029 4697 2123 4751 his
2155 4697 2431 4751 omnibus
2462 4696 2795 4751 moriuntur
2827 4696 3102 4767 peccatis,
3136 4707 3501 4767 quaecunque
3529 4689 3680 4744 male

2027 4787 2274 4841 vivendo
2307 4785 2661 4840 addiderunt
2693 4785 2760 4839 ad
2798 4783 2941 4839 illud
2976 4783 3129 4856 quod
3171 4781 3467 4838 nascendo
3490 4784 3684 4834 traxe-

2032 4880 2191 4931 runt.
2223 4875 2332 4929 Sed
2381 4874 2508 4929 ideo
2539 4873 2714 4929 etiam
2751 4873 2848 4928 issi
2886 4879 3118 4943 peccato
3152 4873 3298 4928 mori
3333 4870 3685 4942 plerumque

2034 4965 2331 5033 dicuntur,
2394 4980 2527 5018 cum
2578 4962 2775 5034 procul
2830 4963 3007 5019 dubio
3036 4980 3150 5019 non
3188 4961 3311 5031 uni,
3346 4958 3447 5015 sed
3481 4956 3685 5012 multis

2035 5053 2288 5125 peccatis
2348 5052 2744 5124 omnibusque
2796 5053 3140 5119 moriantur,
3176 5047 3688 5122 quaecunquejam

2039 5142 2279 5213 propria
2303 5144 2743 5208 commiserunt,
2769 5142 2855 5197 vel
2879 5138 3352 5215 cogitatione,vcl
3373 5135 3691 5199 locutione,

2038 5232 2124 5285 vel
2145 5247 2335 5300 opere.
2365 5230 2512 5294 Quia
2529 5232 2701 5286 etiam
2732 5248 2833 5302 per
2855 5230 3212 5301 singularem
3230 5241 3539 5283 numerum
3564 5222 3695 5294 plu-

2040 5319 2182 5375 ralis
2217 5337 2502 5375 numerus
2535 5320 2858 5393 signiﬁcari
2891 5320 3060 5383 solet,
3094 5319 3250 5373 sicut
3275 5316 3357 5373 ait
3387 5314 3523 5369 ille:

2192 5431 2525 5499 Uterumque
2555 5434 2771 5499 armato
2805 5424 2983 5480 milite
3014 5427 3311 5499 complent,

2722 5497 2911 5567 VIne.,
2947 5514 2985 5551 II
3016 5496 3261 5567 Aineid.,
3294 5512 3448 5552 vers.
3483 5499 3555 5555 28

3304 5750 3374 5808 3i
