4000 6060
338 311 440 364 971

1426 311 1494 362 D.
1535 307 1774 362 IVONIS
1811 303 2310 360 CARNOTENSIS
2348 304 2664 359 EPISOOPI

3649 308 3762 362 972

342 432 611 504 quamvis
659 433 770 488 hoc
825 431 1034 488 multis
1063 431 1352 487 militibus
1397 431 1656 486 fecerint.
1689 430 1759 484 Et
1785 427 1844 483 in
1879 444 1985 482 no-
2015 430 2070 496 Α
2099 431 2277 499 atque
2311 432 2431 483 tam
2478 445 2758 498 magnum
2792 433 2899 497 est,
2923 429 3062 485 utin
3085 445 3152 487 eo
3178 433 3507 486 mutaretur
3530 437 3588 488 et
3613 449 3762 489 con-

343 522 482 578 stris
533 521 743 577 litteris
798 520 1050 594 legitur:
1113 521 1221 576 Ora
1253 536 1388 588 ergo
1419 528 1481 574 ut
1511 521 1728 590 auferat
1777 534 1810 573 a
1839 517 1995 573 nobis

345 618 677 686 serpentem
712 615 890 685 (Num.
927 615 1064 682 xxx).
1097 617 1223 668 Non
1249 612 1330 666 ait
1359 617 1683 682 serpentes,
1715 627 1860 682 quos
1891 630 1993 683 pa-

345 705 601 760 tiebatur
662 703 936 774 populus,
971 708 1036 758 ut
1065 703 1172 756 hoc
1207 702 1420 758 diceret
1451 705 1508 757 et
1539 700 1997 757 innumerabilia

342 792 664 849 talia.Cum
685 808 820 862 ergo
847 795 902 845 et
924 790 1068 845 illud
1094 790 1376 862 originale
1393 807 1575 846 unum
1601 791 1714 846 alio
1734 789 1994 862 [plurali]

345 898 588 936 numera
611 879 994 951 signiﬁcatur,
1021 881 1256 951 quando
1279 881 1496 935 dicitur
1516 881 1572 934 in
1590 880 1997 936 remissionem

347 975 719 1042 peccatorum
752 968 1039 1041 baptizari
1073 969 1371 1040 parvulos,
1393 985 1497 1024 nec
1526 969 1779 1024 dicimus
1808 969 1868 1023 in
1904 983 1992 1023 re-

352 1058 692 1114 missionem
728 1059 974 1128 peccati,
1009 1057 1110 1114 illa
1141 1058 1437 1114 contraria
1471 1058 1680 1113 locutio
1711 1063 1819 1124 est,
1849 1075 1996 1130 qua-

351 1165 453 1219 per
479 1146 766 1218 pluralem
789 1145 1145 1203 locutionem
1169 1146 1539 1220 signiﬁcatur
1565 1163 1850 1202 numerus
1875 1147 1996 1201 sin-

349 1235 592 1310 gularis,
615 1237 770 1292 sicut
792 1236 850 1291 in
873 1236 1186 1309 Evangelio
1201 1237 1272 1292 de
1292 1237 1758 1292 Herodemortuo
1775 1236 1995 1291 dictum

349 1331 471 1382 est:
515 1325 730 1381 Mortui
761 1334 891 1380 sunt
920 1327 1071 1380 enim
1102 1325 1197 1396 qui
1225 1326 1546 1397 quaerebant
1575 1327 1832 1380 animum
1861 1341 1998 1396 pue-

347 1417 403 1471 ri
427 1414 636 1487 (Matth.
680 1416 764 1486 11).
797 1414 922 1469 Non
982 1414 1206 1469 dictum
1257 1420 1365 1480 est,
1399 1420 1669 1469 mortuus
1700 1421 1807 1470 est.
1840 1414 1908 1468 Et
1937 1414 1997 1470 in

350 1505 582 1560 Exodo:
638 1505 926 1569 Fecerunt,
987 1503 1202 1574 inquit,
1258 1505 1363 1558 sibi
1419 1503 1542 1558 deos
1574 1519 1771 1558 aureos
1805 1503 1994 1574 (Exod.

350 1594 550 1665 xxxii),
583 1609 717 1648 cum
751 1608 936 1647 unum
966 1591 1214 1648 vitulum
1247 1592 1486 1646 fecerint
1515 1596 1766 1657 tantum,
1793 1591 1862 1646 de
1885 1607 1998 1662 quo

353 1681 664 1736 dixerunt:
701 1681 766 1735 Hi
795 1685 924 1734 sunt
956 1679 1037 1735 dii
1066 1681 1171 1750 tui,
1203 1681 1395 1747 Israel,
1420 1682 1516 1751 qui
1535 1685 1587 1734 te
1605 1680 1914 1736 eduxerunt
1936 1681 2000 1733 de

354 1778 507 1827 terra
537 1771 763 1841 ZEgypti
818 1771 1018 1838 (Exod.
1051 1773 1152 1838 x1).
1178 1769 1246 1824 Et
1274 1770 1367 1825 hic
1400 1769 1684 1842 pluralem
1719 1776 2000 1842 ponentes

359 1876 462 1930 pro
497 1859 801 1930 singulari.

364 1964 496 2020 CAP.
528 1965 584 2019 5.
616 1995 684 2004 —
717 1963 870 2033 Quod
892 1965 950 2019 in
974 1980 1081 2020 uno
1110 1965 1238 2020 Adae
1265 1969 1485 2035 peccato
1516 1965 1674 2034 plura
1713 1967 2007 2022 invenian-

553 2042 651 2090 tur
677 2039 918 2106 peccata.
953 2039 1045 2091 Ex
1073 2036 1254 2092 eodem
1286 2036 1594 2107 (Enchirid.
1626 2054 1673 2093 c.
1707 2039 1824 2109 45).

433 2134 709 2199 Quamvis
737 2138 794 2188 et
825 2133 880 2188 in
915 2133 1014 2188 illo
1047 2138 1285 2206 peccato
1318 2151 1455 2202 uno,
1499 2136 1655 2206 quod
1691 2153 1792 2206 per
1822 2153 2006 2190 unum

360 2221 658 2278 hominem
676 2222 916 2278 intravit
939 2222 997 2277 in
1022 2223 1336 2289 mundum,
1357 2224 1492 2278 etin
1518 2241 1722 2278 omnes
1739 2225 2008 2280 homines

355 2311 693 2382 pertransiit
749 2310 925 2382 (Rom.
984 2313 1062 2383 v),
1117 2318 1353 2383 propter
1382 2312 1536 2383 quod
1570 2313 1746 2367 etiam
1780 2312 2006 2385 parvuli

345 2399 746 2470 baptizantur,
772 2399 1002 2471 possint
1025 2398 1272 2471 intelligi
1288 2399 1453 2471 plura
1469 2405 1724 2472 peccata,
1749 2403 1800 2456 si
1821 2419 2007 2457 unum

348 2486 546 2558 ipsum
569 2487 625 2541 in
651 2504 759 2542 sua
781 2487 950 2558 quasi
981 2489 1242 2544 membra
1264 2488 1492 2557 singula
1517 2489 1834 2545 dividatur.
1861 2491 2006 2546 Nam

355 2581 411 2633 et
443 2575 718 2648 superbia
749 2582 837 2632 est
869 2575 1012 2644 illic,
1041 2579 1179 2648 quia
1207 2576 1382 2632 homo
1416 2576 1476 2632 in
1507 2595 1615 2633 sua
1651 2581 1844 2650 potius
1875 2597 2004 2635 esse

354 2681 530 2736 quam
563 2666 621 2720 in
649 2664 750 2721 Dei
787 2670 1073 2736 potestate
1094 2665 1331 2734 dilexit;
1359 2671 1415 2721 et
1441 2666 1841 2739 sacrilegium,
1868 2670 2006 2741 quia

356 2753 471 2810 Deo
503 2771 614 2809 non
642 2755 927 2817 credidit;
959 2759 1015 2808 et
1036 2753 1440 2823 homicidium,
1467 2755 1602 2826 quia
1621 2758 2005 2828 semetipsum

359 2842 812 2912 praecipitavitin
837 2847 1084 2899 mortem
1109 2864 1122 2912 ;
1145 2848 1199 2898 et
1219 2843 1523 2899 fornicatio
1543 2845 1844 2915 spiritalis,
1870 2846 2009 2917 quia

361 2930 668 3003 integritas
693 2931 910 2986 mentis
931 2932 1205 2987 humana:
1230 2932 1568 3005 serpentina
1587 2935 1860 2989 suasione
1883 2952 2006 2990 cor-

355 3024 530 3090 rupta
560 3023 682 3088 est;
705 3024 762 3074 et
785 3020 1030 3087 furtum,
1056 3021 1196 3090 quia
1218 3021 1382 3076 cibus
1405 3021 1735 3092 prohibitus
1759 3039 2006 3095 usurpa-

351 3111 450 3160 tus
507 3111 633 3174 est;
694 3112 752 3162 et
807 3107 1070 3173 avaritia,
1104 3108 1245 3179 quia
1276 3107 1591 3179 plusquam
1624 3109 1707 3163 illi
1739 3112 2006 3168 sufﬁcere

356 3193 553 3249 debuit
599 3195 878 3266 appetivit
925 3194 1079 3268 (Gen.
1111 3197 1236 3268 tu);
1270 3201 1328 3252 et
1357 3197 1405 3252 si
1438 3197 1579 3268 quid
1613 3197 1770 3253 aliud
1803 3199 1862 3254 in
1895 3200 2003 3257 hoc

355 3301 471 3339 uno
485 3283 746 3339 admisso
761 3283 1515 3356 diligenticonsideratione
1532 3285 1780 3341 inveniri
1793 3295 2001 3358 potest.

355 3393 492 3447 CAP.
525 3390 578 3445 6.
613 3421 681 3430 —
711 3393 982 3446 Parvulos
1012 3399 1139 3447 ante
1172 3392 1505 3462 baptismum
1547 3397 1844 3462 parentum
1873 3413 2002 3452 suo-

531 3478 654 3517 rum
675 3465 910 3533 peccatz's
939 3463 1196 3535 obligari.
1229 3465 1313 3520 Ex
1340 3465 1522 3522 eodem
1543 3471 1685 3542 (cap.
1711 3470 1823 3541 46).

426 3558 740 3614 Parentum
770 3576 1002 3633 quoque
1024 3562 1277 3633 peccatis
1305 3566 1579 3636 parvulos
1602 3568 1869 3642 obligari,
1887 3585 2002 3624 non

361 3647 555 3704 solum
587 3648 913 3719 primorum
941 3649 1272 3721 hominum,
1304 3656 1405 3710 sed
1451 3659 1626 3713 etiam
1660 3675 1902 3714 suorum
1935 3659 2006 3714 de

360 3735 702 3807 quibusipsi
735 3736 852 3792 nati
873 3743 1011 3793 sunt
1035 3757 1147 3794 non
1173 3740 1641 3814 improbabiliter
1661 3747 2007 3803 dicitur.[lla

361 3826 574 3897 quippe
591 3825 788 3881 divina
809 3827 1128 3884 sententia:
1148 3831 1407 3886 Reddam
1433 3840 1669 3904 peccata
1690 3842 1922 3907 patrum
1946 3837 2005 3892 in

359 3913 510 3969 ﬁlios
542 3914 730 3987 (Exod.
763 3932 973 3985 xxx1v;
1006 3917 1164 3972 Deut.
1223 3923 1300 3987 v),
1340 3924 1497 3977 tenet
1527 3940 1626 3980 eos
1671 3927 1873 3996 utique
1903 3943 2006 3981 an-

356 4005 591 4073 tequam
609 4019 712 4074 per
724 4004 1225 4075 regenerationem
1240 4008 1310 4062 ad
1323 4009 1764 4067 Testamentum
1780 4017 1937 4069 Novu
1950 4031 2005 4068 m

356 4090 641 4164 incipiant
673 4094 985 4164 pertinere.
1037 4094 1194 4166 (Cap.
1228 4096 1336 4168 l8).
1367 4100 1529 4162 Quod
1561 4105 2005 4158 Testamentum

356 4181 836 4252 prophetabatur,
879 4199 1013 4238 cum
1039 4184 1334 4240 diceretur
1356 4204 1458 4256 per
1480 4189 1863 4257 Ezechielcm,
1889 4210 2002 4247 non

350 4274 694 4340 accepturos
727 4270 880 4326 ﬁlios
931 4277 1168 4342 peccata
1226 4279 1460 4345 patrum
1513 4294 1758 4335 suorum
1789 4282 2001 4351 (Ezech.

349 4357 534 4427 xvm),
594 4374 699 4412 nec
753 4359 1000 4414 ulterius
1058 4361 1318 4417 futuram
1364 4364 1420 4418 in
1455 4364 1631 4422 Israel
1663 4369 2001 4439 parabolam

356 4443 516 4500 illam
545 4461 557 4500 :
596 4451 788 4502 Patres
818 4448 1289 4506 manducaverunt
1319 4469 1488 4509 unam
1517 4459 1789 4514 acerbam.
1813 4469 1862 4515 et
1879 4459 2004 4516 den-

2109 521 2435 572 verteretur
2464 517 2523 572 in
2557 519 2968 576 necessitatem
3001 520 3209 576 mortis
3240 519 3502 577 humana
3525 527 3765 591 natura,

2106 606 2506 677 reperiuntur,
2542 607 2696 662 sicut
2725 625 2905 680 supra
2936 608 3210 680 disserui,
3244 609 3414 681 plura
3445 616 3680 682 peccata
3701 619 3765 667 et

2106 694 2222 750 alia
2254 700 2584 766 parentum,
2621 713 2747 768 quas
2781 698 2901 769 [qui
2934 697 3065 770 etsi]
3103 715 3215 753 non
3248 699 3331 753 ita
3359 707 3611 771 possunt
3633 718 3770 757 mu-

2104 789 2230 839 tare
2251 789 2549 852 naturam,
2569 791 2736 841 reatu
2766 792 2961 842 tamen
2994 787 3258 859 obligant
3287 788 3460 857 ﬁlios,
3485 790 3599 846 nisi
3623 809 3762 862 gra-

2103 872 2253 928 tuita
2286 874 2476 944 gratia
2497 879 2553 929 et
2575 874 2981 930 misericordia
3001 876 3200 931 divina
3229 877 3560 934 subveniat.

2229 980 2364 1034 CAP.
2395 980 2450 1036 7.
2485 1011 2554 1020 ——-
2591 981 2660 1036 De
2691 980 2882 1037 eadem
2910 998 2989 1037 re.
3021 985 3112 1038 Ex
3138 982 3325 1038 eodem
3352 984 3492 1057 (cap.
3523 986 3635 1057 47).

2177 1077 2290 1132 Sed
2306 1078 2374 1133 de
2392 1079 2645 1149 peccatis
2669 1079 2916 1136 aliorum
2941 1086 3272 1150 parentum,
3295 1084 3512 1154 quibus
3533 1086 3604 1141 ab
3630 1085 3766 1158 ipso

2105 1166 2291 1220 Adam
2327 1183 2513 1237 usque
2541 1168 2608 1222 ad
2645 1173 2867 1239 patrem
2900 1187 3100 1237 suum,
3131 1173 3603 1244 progenitoribus
3625 1175 3758 1232 suis

2110 1255 2365 1327 quisque
2393 1257 2675 1328 succedit,
2719 1275 2836 1314 non
2867 1258 3163 1316 immerito
3196 1262 3509 1335 disceptari
3539 1270 3758 1338 potest,

2109 1349 2311 1400 utrum
2334 1346 2600 1402 omnium
2627 1347 2800 1404 malis
2822 1348 3072 1417 actibus,
3095 1355 3154 1406 et
3177 1350 3586 1422 multiplicatis
3608 1356 3762 1413 deli-

2108 1433 2218 1489 ctis
2262 1434 2650 1506 originalibus
2699 1439 2832 1507 quis
2871 1453 3003 1493 cum
3032 1440 3672 1515 nasciturimplicetur,
3697 1451 3764 1502 ut

2110 1526 2274 1578 tanto
2299 1525 2467 1596 pejus
2501 1529 2720 1596 quanto
2756 1527 3049 1598 posterius
3083 1528 3334 1601 quisque
3352 1536 3651 1589 nascatur.
3673 1537 3762 1592 An

2107 1615 2412 1684 propterea
2434 1613 2585 1669 Deus
2610 1614 2669 1669 in
2694 1616 2926 1671 tertiam
2953 1621 3007 1671 et
3034 1623 3301 1687 quartam
3323 1623 3762 1692 generationem

2109 1717 2181 1756 ne
2215 1701 2470 1772 peccatis
2499 1707 2812 1774 parentum
2837 1721 3040 1760 eorum
3074 1707 3326 1778 posteris
3368 1711 3769 1770 comminatur

2032 1800 2078 1867 Β
2109 1789 2306 1863 (Exod.
2340 1795 2456 1860 xx),
2490 1792 2629 1863 quia
2655 1792 2802 1848 iram
2833 1810 3001 1849 suam
3052 1801 3336 1864 quantum
3370 1799 3439 1852 ad
3474 1816 3768 1873 progene—

2117 1884 2381 1935 ratorum
2413 1880 2616 1952 culpas
2648 1898 2763 1936 non
2797 1884 3056 1938 extendit
3087 1884 3333 1940 ulterius
3365 1889 3770 1948 moderatione

2119 1968 2515 2026 miserationis
2547 1986 2686 2040 sum,
2713 1988 2783 2026 ne
2802 1970 2887 2025 illi
2910 1973 3128 2042 quibus
3160 1976 3616 2045 regenerationis
3635 1997 3769 2048 gra-

2119 2057 2199 2112 tia
2235 2074 2351 2112 non
2385 2059 2703 2129 confertur,
2728 2059 2912 2115 nimia
2939 2063 3171 2118 sarcina
3194 2063 3253 2119 in
3273 2063 3400 2137 ipsa
3423 2082 3529 2121 sua
3550 2071 3773 2126 aeterna

2120 2145 2497 2202 damnatione
2554 2153 2983 2221 premerentur,
3031 2151 3081 2206 si
3113 2158 3466 2223 cogerentur
3495 2156 3568 2211 ab
3599 2157 3771 2215 initio

2119 2234 2350 2305 generis
2381 2235 2629 2290 humani
2662 2238 2927 2294 omnium
2976 2242 3427 2310 praecedentium
3455 2250 3768 2317 parentum

2118 2339 2360 2378 suorum
2419 2325 2783 2397 originaliter
2835 2333 3075 2399 peccata
3105 2331 3448 2388 contrahere
3478 2339 3536 2389 et
3564 2352 3772 2407 paenae

2120 2411 2203 2466 eis
2250 2411 2477 2468 debitas
2526 2414 2799 2484 pendere.
2832 2423 2920 2470 An
2961 2417 3119 2473 aliud
3151 2418 3371 2491 aliquid
3410 2422 3481 2477 de
3512 2439 3572 2478 re
3599 2427 3769 2481 tanta

2118 2499 2342 2570 Scriptu
2355 2501 2433 2557 ris
2465 2503 2691 2559 sanctis
2717 2503 3062 2577 diligentius
3092 2511 3476 2579 perscrutatis
3497 2516 3768 2571 tractatis

2116 2587 2324 2655 valeat,
2352 2589 2440 2646 vel
2465 2607 2581 2646 non
2605 2590 2792 2648 valeat
2811 2595 3072 2666 reperiri,
3097 2599 3313 2654 temere
3335 2599 3628 2659 afﬁrmare
3648 2620 3766 2659 non

2117 2677 2324 2734 audeo.

2116 2787 2247 2840 CAP.
2279 2785 2334 2841 8.
2364 2815 2436 2826 —
2481 2786 2772 2865 origiuale
2826 2789 3090 2865 delictum
3117 2809 3227 2849 non
3265 2809 3424 2864 posse
3458 2797 3619 2865 solvi,
3651 2800 3770 2856 nisi

2395 2873 2498 2929 per
2529 2859 2823 2915 Christum.
2860 2862 2941 2916 Ea:
2977 2861 3160 2919 eodem
3191 2859 3329 2937 (cap.
3362 2867 3472 2938 48).

2189 2952 2338 3008 Illud
2393 2958 2586 3010 tamen
2622 2973 2804 3012 unum
2847 2964 3172 3032 peccatum,
3205 2964 3358 3035 quod
3393 2970 3509 3021 tam
3547 2983 3763 3040 magno

2117 3041 2176 3096 in
2211 3041 2336 3098 loco
2369 3049 2425 3098 et
2457 3043 2818 3101 habitatione
2841 3047 3459 3124 felicitatisfmagnum
3480 3054 3684 3111 inloco
3707 3064 3766 3113 et

2119 3129 2320 3185 habitu
2356 3135 2529 3187 tanta:
2562 3133 2943 3203 infelicitatis,
2976 3137 3057 3193 sic
3085 3139 3245 3196 hodie
3273 3142 3520 3215 August.]
3542 3145 3766 3202 admis-

2118 3235 2250 3274 sum
2282 3225 2391 3288 est,
2427 3225 2491 3274 ut
2521 3221 2579 3275 in
2613 3239 2728 3278 uno
2750 3223 2987 3281 homine
3004 3227 3382 3301 originaliter,
3401 3237 3576 3304 atque
3602 3237 3768 3292 utita

2117 3307 2360 3363 dixerim
2402 3310 2752 3382 radicaliter,
2790 3318 2976 3370 totum
3010 3333 3198 3389 genus
3228 3319 3554 3380 humanum
3588 3326 3759 3382 dam-

2114 3402 2376 3464 naretur,
2436 3416 2553 3455 non
2612 3402 2858 3459 solvitur
2897 3422 2964 3460 ac
2994 3406 3262 3478 diluitur,
3298 3411 3406 3467 nisi
3439 3430 3542 3484 per
3571 3431 3761 3472 unum

2116 3486 2500 3576 mediatorem
2534 3489 2630 3545 Dei
2661 3496 2718 3547 et
2739 3492 3069 3564 hominum,
3089 3498 3286 3555 .lesum
3311 3500 3632 3569 Christum,
3660 3507 3762 3576 qui

2115 3573 2280 3632 solus
2312 3578 2503 3649 potuit
2531 3578 2615 3636 ita
2645 3581 2805 3638 nasci
2839 3587 2901 3639 ut
2931 3585 2984 3640 ei
3014 3602 3162 3658 opus
3195 3605 3309 3644 non
3332 3596 3487 3647 esset
3509 3573 3761 3650 renes—ci.

2114 3681 2252 3737 CAP.
2310 3684 2364 3738 9.
2423 3716 2490 3727 —
2547 3692 2627 3744 De
2681 3693 3102 3772 resurrectione
3117 3699 3476 3772 mortuorum.
3505 3701 3660 3772 Item,
3693 3720 3764 3760 ex

2680 3763 2870 3816 eodem
2901 3764 3039 3835 (cap.
3073 3767 3184 3838 84).

2185 3841 2314 3898 Jam
2347 3862 2478 3901 vero
2512 3847 2582 3901 de
2613 3853 3035 3908 resurrectione
3060 3857 3274 3926 carnis,
3308 3877 3421 3916 non
3453 3861 3607 3918 sicut
3629 3867 3762 3936 qui-

2117 3928 2249 3983 dam
2273 3932 2604 3989 revixerunt
2622 3935 2953 4011 iterumque
2970 3949 3108 3997 sunt
3131 3946 3362 4016 mortui,
3384 3949 3483 4004 sed
3508 3950 3566 4006 in
3589 3928 3759 4008 aeter-

2117 4033 2253 4072 nam
2287 4020 2488 4088 vitam,
2540 4023 2695 4080 sicut
2725 4026 2998 4085 Christus
3029 4031 3152 4101 ipse
3183 4039 3517 4102 resurrexit,
3553 4057 3761 4112 quem-

2115 4107 2435 4164 admodum
2496 4114 2716 4183 possim
2771 4117 3018 4174 breviter
3048 4121 3368 4193 disputare,
3399 4132 3455 4181 et
3485 4107 3764 4188 omnibus

2116 4197 2568 4268 quaestionibus,
2593 4218 2722 4272 quis
2751 4205 2822 4260 de
2844 4206 2948 4262 hac
2969 4225 3028 4264 re
3046 4213 3265 4267 moveri
3291 4214 3499 4282 solent,
3521 4220 3764 4276 satisfa-

2114 4299 2242 4340 cere
2265 4329 2280 4354 ,
2316 4303 2429 4342 non
2476 4288 2731 4346 invenio.
2783 4293 3259 4354 Resurrecturam
3297 4306 3487 4358 tamen
3517 4322 3758 4364 carnem

2116 4374 2382 4430 omnium
2415 4377 2753 4450 quicunque
2784 4383 2902 4436 nati
2935 4390 3077 4440 sunt
3107 4386 3432 4459 hominum,
3461 4398 3640 4465 atque
3659 4415 3762 4452 na-

2117 4468 2376 4531 scentur,
2409 4472 2466 4520 et
2496 4470 2713 4523 mortui
2754 4475 2895 4525 sunt
2952 4479 3128 4545 atque
3187 4478 3529 4551 morientur,
3593 4486 3760 4542 nullo

354 4537 452 4624 tes
490 4535 736 4604 ﬁliorum
790 4537 1172 4608 obstupescunt
1230 4543 1364 4608 (Jer.
1424 4546 1602 4615 xxxi).
1663 4547 1796 4604 Ideo
1848 4549 2001 4603 enim
2034 4536 2081 4600 D
2115 4553 2287 4607 modo
2320 4559 2514 4624 potest
2544 4556 2813 4614 dubitare
2843 4535 3236 4622 Christ-ianus.

356 4621 608 4694 quisque
665 4626 1011 4695 renascitur,
1072 4631 1136 4682 ut
1193 4629 1447 4687 salvetur
1494 4634 1798 4708 [solvatur]
1844 4637 1903 4691 in
1935 4654 2000 4693 eo

356 4710 643 4782 quidquid
672 4715 890 4784 peccati
925 4719 1014 4770 est
1043 4731 1174 4770 cum
1206 4734 1318 4787 quo
1379 4722 1657 4777 nascitur.
1692 4724 1835 4778 Nam
1869 4742 2001 4796 pec-

355 4804 481 4854 cata
513 4816 640 4871 quae
673 4801 823 4857 male
853 4804 1079 4874 agendo
1134 4810 1334 4876 postea
1367 4811 1833 4884 committuntur,
1865 4831 2000 4885 pos-

354 4893 493 4944 sunt
524 4894 579 4944 et
610 4889 943 4962 paenitendo
975 4894 1193 4963 sanari,
1253 4895 1407 4952 sicut
1435 4899 1610 4955 etiam
1643 4908 1777 4972 post
1807 4905 2000 4976 bapti-

355 4993 550 5032 smum
601 4978 726 5033 ﬁeri
784 4980 1070 5036 videmus.
1129 4983 1207 5038 Ac
1262 5000 1364 5054 per
1422 4986 1530 5042 hoc
1579 5006 1694 5045 non
1727 4990 2002 5048 instituta

355 5066 715 5137 regeneratio
766 5068 878 5124 nisi
937 5070 1077 5140 quia
1124 5071 1333 5128 vitiosa
1363 5083 1450 5130 est
1475 5079 1788 5145 generatio,
1816 5097 2002 5152 usque

353 5155 496 5211 adeo
525 5159 588 5210 ut
615 5156 793 5212 etiam
831 5157 901 5212 de
946 5157 1209 5229 legitimo
1252 5162 1628 5218 matrimonio
1661 5175 2002 5236 procreatus

353 5243 528 5300 dicat:
563 5249 627 5300 In
661 5245 1051 5317 iniquitatibus
1080 5258 1367 5318 conceptus
1399 5267 1581 5322 suum,
1605 5259 1654 5309 et
1687 5257 1742 5309 in
1766 5261 2005 5327 peccatis

350 5341 529 5388 mater
582 5350 706 5389 mea
761 5351 845 5389 me
905 5335 962 5389 in
998 5340 1160 5389 utero
1192 5336 1338 5391 aluit
1367 5339 1540 5410 (Psal.
1576 5343 1644 5412 L).
1681 5348 1878 5415 Neque
1911 5347 2004 5403 hic

353 5418 519 5488 dixit,
551 5421 609 5476 in
636 5422 952 5494 iniquitate
970 5422 1055 5477 vel
1083 5431 1333 5495 peccato,
1360 5443 1494 5483 cum
1518 5430 1694 5485 ethoc
1716 5438 1866 5488 recte
1889 5436 2003 5490 dici

357 5507 565 5579 possit,
590 5510 688 5565 sed
714 5510 1051 5583 iniquitates
1065 5517 1122 5568 et
1145 5520 1380 5584 peccata
1393 5516 1584 5574 dicere
1611 5520 1836 5579 maluit.
1859 5525 2004 5587 Quia

358 5593 536 5650 etiam
557 5596 616 5651 in
638 5597 737 5654 illo
761 5615 876 5655 uno
899 5600 1055 5671 quod
1071 5601 1127 5656 in
1140 5618 1346 5660 omnes
1359 5603 1629 5664 homines
1647 5614 2004 5686 pertransiit,

2107 4658 2243 4714 CAP.
2298 4660 2384 4716 10.
2441 4692 2510 4701 -
2563 4663 2664 4749 De“
2693 4665 3069 4749 abortivislvet
3115 4672 3454 4749 informibus
3479 4682 3757 4749 partibus.

2623 4735 2706 4790 Ex
2741 4737 2924 4793 eodem
2954 4740 3094 4810 (cap.
3125 4735 3236 4814 85.)

2181 4818 2344 4875 Unde
2368 4821 2590 4892 primoc
2613 4827 2832 4881 ocurrit
2852 4827 2924 4882 de
2946 4828 3223 4888 abortivis
3249 4834 3464 4892 fetibus
3485 4845 3759 4913 quaestio,

2111 4908 2210 4978 qui
2237 4909 2363 4980 jam
2401 4911 2638 4982 quidem
2682 4915 2801 4970 nati
2837 4921 2976 4972 sunt
3007 4917 3064 4972 in
3114 4921 3303 4978 uturis
3333 4908 3612 5000 matrum,
3655 4908 3758 4988 sed

2115 4998 2372 5054 nondum
2405 4999 2488 5054 ita
2518 5005 2584 5056 ut
2613 5003 2728 5070 iam
2764 5005 2993 5074 possint
3016 5010 3264 5066 renasci.
3297 5013 3352 5068 Si
3375 5015 3530 5071 enim
3557 4998 3757 5076 resur—

2112 5093 2373 5142 recturos
2406 5091 2862 5160 eosdixerimus,
2887 5095 2959 5150 de
2979 5095 3073 5151 his
3095 5099 3333 5170 quijam
3361 5105 3595 5163 formati
3619 5119 3762 5167 sunt

2111 5175 2343 5230 tolerari
2372 5182 2561 5248 potest
2581 5186 2877 5252 utcunque
2900 5185 3054 5252 quod
3076 5185 3312 5244 dicitur.
3345 5191 3632 5254 Informes
3662 5217 3756 5257 ve-

2115 5280 2177 5318 ro
2210 5265 2451 5320 abortus
2479 5267 2614 5336 quis
2645 5285 2758 5324 non
2794 5269 3108 5341 proclivius
3171 5278 3360 5346 perire
3418 5285 3757 5361 arbitretur,

2113 5352 2268 5406 sicut
2299 5355 2524 5408 semina
2560 5372 2687 5426 quae
2720 5365 2998 5430 concepta
3033 5379 3145 5418 non
3183 5366 3453 5425 fuerint?
3482 5377 3587 5431 Sed
3631 5352 3763 5449 quis

2115 5456 2327 5510 negare
2360 5443 2592 5515 audeat,
2626 5446 2732 5501 etsi
2763 5447 3058 5505 afﬁrmare
3099 5469 3213 5508 non
3238 5458 3469 5531 audeat,
3505 5462 3560 5518 id
3595 5443 3764 5525 actu-

2113 5545 2237 5583 ram
2270 5534 2781 5605 resurrectionem,
2815 5541 2881 5593 ut
2902 5538 3191 5612 quidquid
3217 5543 3416 5603 formas
3444 5550 3630 5611 defuit
3650 5557 3765 5615 im-

2112 5615 2342 5688 pleatur
2361 5621 2388 5676 ?
2411 5623 2599 5695 Atque
2628 5624 2711 5680 ita
2731 5627 2852 5695 jam
2885 5642 3000 5682 non
3033 5629 3482 5704 desitperfectio
3505 5658 3632 5714 qua:
3665 5663 3768 5704 ac-
