4000 6060
178 355 286 409 973

964 358 1277 411 DECRETI
1315 358 1503 411 PARS
1537 359 1711 412 XVII.
1753 385 1821 395 —-
1857 359 1955 411 DE
1995 361 2181 425 FIDE,
2223 362 2355 415 SPE
2393 363 2486 414 ET
2522 362 2810 416 CHARIT.

3489 362 3597 417 974

183 494 423 535 cessura
448 463 572 534 erat
619 480 897 549 tempore,
948 479 1450 551 quemadmodum
1502 494 1616 534 non
1662 481 1914 549 eruntA
1944 479 2073 551 ipsa
2105 482 2299 538 carnis
2356 482 2662 539 vivacitate
2723 487 3069 552 nascuntur,
3129 487 3185 539 et
3233 499 3366 540 cum
3425 501 3599 542 carne

182 569 320 625 vitia
370 586 500 639 quae
545 571 911 623 accesserant
970 574 1252 639 tempore,
1304 572 1367 622 ut
1422 585 1609 640 neque
1655 568 1713 623 in
1772 586 1837 625 eo

183 658 341 731 quod
374 659 682 712 adversum
714 661 891 728 atque
937 657 1295 713 contrarium
1348 657 1471 713 dies
1496 657 1834 724 attulerant,

184 752 395 803 natura
424 752 712 818 turpetur,
749 748 847 801 sed
880 746 1206 818 integretur
1236 747 1391 818 quod
1428 747 1691 801 nondum
1714 751 1838 802 erat

177 838 498 910 integrum,
524 836 675 891 sicut
698 835 1128 891 instaurabitur
1144 837 1294 906 quod
1331 835 1517 891 fuerat
1544 836 1831 891 vitiatum.

177 947 309 1001 CAP.
350 945 434 999 11.
467 973 536 985 —
569 943 720 1011 Quod
770 952 1186 998 resurrecturus
1222 947 1294 999 sit
1351 946 1560 1012 infans,
1618 944 1838 999 etiamsi

249 1021 463 1085 recepto
506 1016 663 1070 vitali
694 1015 898 1083 spiritu
929 1024 1182 1070 mortuus
1207 1017 1381 1086 fuerit
1409 1026 1707 1086 antequam
1727 1033 1832 1071 na-

251 1097 352 1142 tus.
390 1088 471 1142 Ex
498 1086 682 1141 eodem
714 1087 860 1157 (cap.
898 1089 1011 1153 86).

248 1179 326 1232 Ac
362 1192 463 1247 per
492 1176 601 1231 hoc
633 1174 1185 1247 scrupulosisssime
1222 1176 1461 1246 quidem
1498 1176 1651 1231 inter
1692 1177 1833 1231 doc-

180 1266 446 1321 tissimos
478 1266 658 1336 quaeri
695 1282 759 1319 ac
790 1265 1080 1337 disputari
1112 1270 1323 1336 potest,
1360 1266 1512 1336 quod
1540 1270 1736 1320 utrum
1761 1267 1831 1321 ab

175 1354 668 1411 homineinveniri
696 1356 881 1427 possit
905 1354 1105 1427 ignoro
1130 1355 1367 1426 quando
1392 1354 1639 1426 incipiat
1657 1354 1831 1409 homo

174 1446 235 1500 in
268 1448 430 1500 utero
477 1443 683 1498 vivere.
737 1443 940 1499 Utrum
1006 1443 1082 1499 sit
1129 1444 1393 1514 quaedam
1453 1443 1572 1497 vita
1606 1443 1833 1497 occulta

179 1551 308 1606 quae
342 1533 603 1588 nondum
638 1531 895 1586 motibus
928 1531 1178 1586 viventis
1211 1535 1503 1603 appareat.
1548 1530 1693 1586 Nam
1727 1546 1829 1585 ne-

177 1639 317 1695 gare
347 1621 560 1676 vixisse
592 1619 917 1692 puerperia,
953 1636 1080 1691 quae
1114 1625 1417 1690 propterea
1459 1620 1829 1675 membratim

179 1714 527 1767 exsecantur
557 1714 614 1765 et
643 1709 1046 1780 ejiciunturex
1078 1709 1257 1764 uteris
1281 1709 1732 1782 prtegnantium,
1761 1725 1832 1765 ne

181 1804 396 1855 matres
428 1815 686 1871 quoque,
718 1799 766 1853 si
822 1804 1046 1853 mortua
1080 1798 1159 1851 ibi
1212 1797 1645 1869 relinquantur,
1680 1797 1829 1852 occi-

180 1891 327 1944 dant
357 1889 728 1960 impudentia
760 1887 942 1942 nimia
971 1887 1218 1942 videtur.
1248 1892 1326 1943 Ex
1360 1904 1474 1960 quo
1508 1891 1703 1942 autem
1738 1887 1795 1940 in
1816 1917 1830 1927 -

182 1979 325 2050 cipit
353 1977 529 2032 homo
560 1977 768 2037 vivere,
802 1993 867 2030 ex
904 1976 1000 2030 illo
1054 1976 1254 2047 utique
1277 1977 1400 2047 jam
1436 1976 1825 2047 mori'potest.

178 2068 441 2123 Mortuus
472 2082 626 2130 vero,
663 2065 999 2137 ubicunque
1029 2063 1111 2118 illi
1151 2080 1305 2117 mors
1359 2064 1548 2136 potuit
1579 2064 1828 2128 evenire,

171 2156 474 2227 quomodo
508 2155 575 2208 ad
607 2154 1095 2209 resurrectionem
1123 2169 1234 2207 non
1271 2153 1558 2224 pertineat
1581 2158 1833 2208 mortuo-

176 2262 333 2315 rum,
366 2242 621 2315 reperire
646 2259 763 2297 non
804 2258 1068 2312 possum.

173 2355 309 2407 CAP.
337 2351 430 2430 12.
466 2382 534 2389 -——
563 2349 819 2430 Animam
848 2365 960 2404 non
986 2348 1231 2430 humano
1256 2350 1462 2430 semine
1506 2350 1832 2430 propagari,

251 2424 366 2487 sed,
398 2424 635 2491 formato
657 2423 775 2492 jam
820 2436 1063 2491 corpore,
1112 2421 1381 2475 divinitus
1409 2421 1610 2475 creari.
1643 2425 1830 2490 Augu-

247 2497 426 2550 stinus
446 2493 603 2548 dicit.
637 2494 731 2564 (De
760 2494 950 2548 eccles.
993 2492 1171 2560 109m.
1202 2507 1251 2548 c.
1289 2493 1421 2561 14.).

246 2584 488 2638 Animas
522 2582 828 2637 hominum
859 2598 972 2636 non
1007 2596 1136 2635 esse
1161 2580 1411 2635 dicimus
1443 2581 1514 2635 ab
1548 2580 1716 2635 initio
1741 2581 1829 2633 in-

175 2676 267 2728 ter
299 2676 533 2727 caeteras
565 2669 991 2725 intellectuales
1023 2674 1289 2738 naturas,
1320 2685 1429 2723 nec
1464 2668 1641 2724 simul
1673 2685 1832 2724 crea-

173 2766 291 2826 tas,
334 2765 400 2814 ut
429 2758 707 2829 Origenes
737 2758 939 2813 ﬁnxit:
976 2775 1165 2829 neque
1196 2774 1325 2812 cum
1362 2758 1707 2828 corporibus
1731 2775 1834 2828 per

174 2850 399 2907 coitum
434 2848 733 2913 seminari,
767 2846 919 2901 sicut
952 2846 1320 2915 Luciferiani,
1363 2846 1611 2919 Cyrillus
1638 2851 1693 2901 et
1725 2846 1831 2901 ali-

175 2939 278 3011 qui
311 2938 645 2992 Latinorum
680 2942 1097 3008 praesumentes
1135 2936 1436 2991 affirmant
1466 2936 1631 3004 quasi
1660 2940 1832 2989 natu-

181 3045 254 3083 rae
288 3025 705 3096 consequentia
731 3025 1038 3090 serviente;
1067 3025 1165 3079 sed
1192 3025 1445 3078 dicimus
1478 3040 1689 3094 corpus
1714 3027 1835 3077 tan-

179 3123 311 3171 tum
352 3130 449 3185 per
480 3112 735 3184 conjugii
765 3112 1030 3183 copulam
1064 3112 1363 3178 seminari,
1398 3112 1495 3166 Dei
1521 3128 1650 3166 vero
1675 3111 1833 3182 judi-

182 3204 273 3261 cio
306 3202 599 3275 coagulari
636 3203 693 3257 in
725 3204 916 3270 vulva,
941 3208 997 3256 et
1030 3203 1322 3274 compingi
1355 3209 1528 3274 atque
1560 3201 1834 3265 formari;

181 3295 437 3349 formato
462 3294 580 3360 jam
607 3308 867 3362 corpore,
894 3292 1149 3346 animam
1177 3291 1357 3347 creari
1383 3299 1556 3364 atque
1582 3291 1835 3359 infundi,

174 3392 243 3441 ut
272 3385 422 3439 vivat
450 3383 509 3437 in
544 3388 709 3438 utero
741 3382 917 3437 homo
944 3399 1010 3437 ex
1034 3385 1230 3438 anima
1280 3388 1556 3438 constans
1606 3387 1663 3437 et
1711 3398 1834 3436 cor-

168 3482 331 3547 pore,
364 3472 814 3543 egrediaturque
848 3472 1012 3525 vivus
1044 3488 1112 3525 ex
1142 3476 1307 3525 utero
1338 3472 1545 3542 plenus
1577 3471 1836 3524 humana

170 3560 549 3626 substantia;
583 3560 936 3615 creationem
968 3576 1102 3614 vero
1138 3560 1346 3614 animas
1378 3561 1570 3615 solum
1602 3561 1832 3614 Creato-

174 3666 302 3705 rem
337 3650 601 3703 omnium
644 3664 841 3703 nosse.

165 3740 305 3795 CAP.
351 3738 435 3791 13.
468 3767 538 3777 —
569 3736 718 3804 Quod
740 3736 1081 3792 duzeanimm
1100 3752 1209 3790 non
1228 3738 1343 3791 sint
1372 3739 1431 3791 in
1451 3752 1560 3791 uno
1592 3737 1829 3803 homine,

242 3808 335 3864 sed
366 3825 477 3862 una
510 3817 751 3863 tantum.
789 3809 920 3863 Item
949 3810 1286 3877 Augustinus
1301 3809 1486 3879 (ibid.,
1517 3826 1565 3865 ο.
1606 3810 1715 3879 15).

251 3898 378 3954 Non
413 3898 560 3952 duas
591 3897 818 3951 animas
851 3914 979 3953 esse
1010 3896 1265 3952 dicimus
1314 3899 1373 3952 in
1407 3914 1523 3953 uno
1566 3898 1825 3959 homine,

176 3988 357 4043 sicuti
390 3987 632 4057 quidam
647 3986 901 4041 Jacobus
928 3992 985 4041 et
1005 3987 1104 4041 alii
1129 3988 1404 4059 Syrorum
1433 3988 1829 4058 disputatores

176 4075 469 4141 scribunt,
506 4080 568 4129 ut
601 4092 723 4129 una
753 4074 1026 4129 animalis
1078 4076 1177 4140 sit,
1228 4093 1343 4145 qua
1375 4077 1670 4131 animetur
1707 4093 1832 4132 cor-

178 4181 315 4236 pus,
350 4169 406 4218 et
457 4163 724 4218 immista
756 4162 834 4217 sit
864 4163 1161 4234 sanguini,
1195 4169 1252 4218 et
1294 4164 1474 4219 altera
1506 4164 1836 4235 spiritualis

173 4271 311 4325 qua:
337 4253 630 4308 rationem
667 4252 998 4321 ministret;
1033 4254 1133 4308 sed
1176 4253 1428 4309 dicimus
1478 4270 1654 4309 unam
1714 4271 1841 4309 esse

172 4342 569 4411 eamdemque
603 4342 659 4394 in
700 4340 959 4405 homine,
981 4358 1107 4409 quas
1130 4345 1185 4395 et
1207 4357 1418 4411 corpus
1437 4359 1543 4397 sua
1567 4342 1843 4399 societate

169 4429 452 4495 viviﬁcet,
482 4435 538 4484 et
571 4430 954 4499 semetipsam
987 4446 1095 4483 sua
1127 4430 1353 4484 ratione
1404 4431 1698 4501 disponat,
1742 4432 1844 4486 ha-

174 4520 327 4574 bens
360 4518 417 4572 in
451 4535 512 4574 se
542 4517 875 4573 libertatem
910 4518 1158 4583 arbitrii,
1195 4524 1260 4573 ut
1294 4520 1353 4573 in
1380 4537 1487 4576 sua
1515 4521 1849 4576 substantia

180 4605 363 4677 eligat
392 4604 829 4676 cogitiatiouem
861 4621 1038 4675 quam
1063 4604 1202 4659 vult.

180 4712 321 4768 CAP.
359 4712 443 4767 14.
480 4742 543 4751 -
589 4711 742 4778 Quod
788 4711 937 4765 solus
983 4712 1140 4765 homo
1197 4711 1394 4766 habeat
1442 4712 1848 4767 substantiiam

392 4784 667 4838 animam.
704 4784 836 4837 Item
867 4783 1207 4850 Augustinus
1239 4782 1424 4853 (ibid.,
1453 4801 1498 4837 c.
1538 4784 1644 4855 16).

259 4869 464 4927 Solum
495 4871 794 4926 hominem
830 4871 1124 4926 credimus
1156 4871 1371 4927 habere
1413 4872 1673 4927 animam
1707 4873 1845 4928 sub-

184 4960 506 5016 stantivam
540 4976 607 5014 ex
643 4976 762 5031 qua
785 4976 994 5031 corpus
1019 4961 1181 5025 vivit,
1206 4965 1263 5015 et
1294 4961 1578 5015 rationem
1604 4978 1769 5016 suam
1795 4966 1851 5016 et

185 5048 434 5119 ingenia
463 5047 741 5102 vivaciter
772 5053 931 5103 tenet
959 5050 1108 5118 [quae
1135 5052 1309 5103 exuta
1338 5065 1579 5120 corpore
1609 5050 1771 5117 vivit,
1793 5055 1851 5104 et

184 5151 403 5191 sensus
435 5152 571 5190 suos
605 5141 782 5205 atque
836 5136 1070 5206 ingenia
1101 5140 1209 5190 etc.
1261 5136 1351 5190 Sic
1379 5136 1542 5190 hodie
1599 5138 1848 5206 August]

185 5224 387 5291 Neque
441 5240 570 5278 cum
606 5240 843 5295 corpore
880 5225 1131 5279 moritur
1176 5226 1331 5279 sicut
1379 5226 1562 5280 Arabs
1612 5226 1850 5296 [Aratus

189 5314 358 5369 habet
387 5313 637 5383 August]
673 5313 903 5380 asserit,
955 5330 1137 5381 neque
1171 5319 1300 5381 post
1341 5314 1632 5369 modicum
1667 5313 1849 5368 inter-

187 5401 436 5467 vallum,
480 5402 633 5456 sicut
652 5402 867 5467 Zenon,
901 5402 1038 5472 quia
1069 5400 1537 5458 substantialiter
1567 5402 1724 5458 vivit.

193 5510 333 5564 CAP.
368 5509 457 5563 15.
485 5539 554 5547 -
587 5508 737 5575 Quod
765 5506 1034 5578 pecudum
1061 5508 1269 5562 anima?
1293 5524 1417 5560 cum
1446 5525 1615 5563 carne
1655 5510 1854 5565 mortis

303 5578 601 5648 ﬁniantur.
635 5581 776 5634 Item
797 5578 1135 5649 Augustinus
1159 5578 1343 5649 (ibid.,
1376 5596 1421 5634 ιν.
1458 5582 1567 5651 17).

272 5668 571 5724 Pecudum
605 5668 815 5725 animae
849 5684 961 5725 non
996 5671 1137 5726 sunt
1168 5667 1537 5738 substantiae,
1573 5670 1675 5725 sed
1721 5685 1852 5725 cum

1950 570 2158 627 mortis
2191 572 2496 627 finiuntur.
2532 572 2601 626 Et
2634 572 2762 627 ideo
2796 589 2899 627 nec
2934 572 3159 628 ratione
3187 579 3487 644 reguntur,
3521 576 3601 631 si-

1948 664 2047 714 cut
2076 661 2238 717 Plato
2272 667 2329 717 et
2358 662 2684 718 Alexander
2716 667 2946 734 putant,
2981 664 3081 718 sed
3113 664 3185 719 ad
3210 665 3410 722 omnia
3437 672 3604 722 natu-

1949 767 2023 804 rm
2051 750 2433 806 incitamenta
2463 753 2495 806 d
2509 755 2774 807 ucuntur.

1946 836 2085 892 CAP.
2120 841 2207 894 16.
2254 871 2321 879 —
2354 841 2514 907 Quod
2561 841 2753 896 anima
2798 840 3051 895 humana
3110 857 3234 896 cum
3290 857 3461 900 carne
3488 860 3599 901 non

2195 913 2492 967 moriatur.
2519 913 2651 966 Item
2684 914 2907 982 August.
2938 913 3120 981 (Ibid..
3151 929 3200 969 ε.
3236 914 3341 984 10).

2018 998 2224 1053 Anima
2257 1000 2514 1056 humana
2564 1017 2678 1054 non
2726 1017 2861 1054 cum
2917 1018 3091 1056 carne
3145 1002 3414 1070 moritur,
3461 1004 3598 1074 quia

1946 1104 2060 1142 non
2094 1105 2223 1142 cum
2258 1106 2451 1154 carne,
2488 1094 2553 1144 ut
2591 1089 2861 1161 superius
2918 1091 3198 1159 diximus,
3249 1092 3596 1164 seminatur,

1944 1178 2043 1231 scd
2074 1178 2317 1233 formato
2368 1179 2427 1234 in
2460 1184 2659 1235 ventre
2716 1180 2923 1235 matris
2954 1197 3216 1252 corpore,
3249 1180 3347 1236 Dei
3372 1182 3598 1252 judicio

1942 1265 2196 1321 dicimus
2227 1282 2353 1322 eam
2380 1268 2563 1322 creari
2587 1273 2642 1323 et
2673 1267 2928 1339 infundi,
2964 1273 3027 1324 ut
3048 1269 3203 1323 vivat
3225 1269 3400 1327 homo
3436 1273 3600 1327 intus

1941 1352 1999 1408 in
2038 1360 2224 1423 utero,
2266 1362 2324 1411 et
2354 1357 2438 1413 sic
2467 1357 2773 1413 nativitate
2806 1359 3101 1431 procedat,
3136 1359 3194 1413 in
3224 1361 3534 1415 mundum.

1941 1461 2077 1517 CAP.
2108 1464 2193 1517 17.
2227 1494 2296 1505 --
2320 1464 2470 1532 Quod
2520 1463 2677 1519 homo
2703 1469 2914 1521 constet
2952 1465 3191 1535 duabus,
3246 1467 3597 1523 substantiis.

2437 1536 2666 1605 August.
2687 1537 2844 1608 (ibid.
2858 1582 2871 1605 ,
2903 1554 2948 1593 ε.
2985 1538 3097 1606 19).

2014 1622 2248 1677 Duabus
2279 1623 2630 1680 substantiis
2655 1625 3101 1682 constathomo:
3137 1625 3334 1681 anima
3364 1630 3599 1682 tantum

1940 1716 1995 1766 et
2026 1728 2219 1767 carne.
2254 1713 2467 1768 Anima
2489 1730 2619 1769 cum
2654 1713 2877 1770 ratione
2909 1732 3037 1780 sua,
3071 1720 3128 1770 et
3151 1732 3282 1771 caro
3315 1732 3447 1771 cum
3471 1733 3601 1772 sen-

1940 1801 2105 1856 sibus
2133 1800 2281 1871 suis,
2314 1800 2371 1856 id
2405 1806 2494 1857 est
2522 1804 2673 1873 visu,
2722 1804 2948 1870 auditu,
2983 1808 3182 1876 gustu,
3240 1805 3507 1873 odoratu,
3544 1812 3601 1864 et

1941 1894 2124 1958 tactu,
2159 1907 2306 1961 quos
2338 1895 2531 1946 tamen
2568 1908 2778 1948 sensus
2811 1892 3029 1964 absque
3079 1893 3287 1948 animae
3321 1894 3599 1951 societate

1942 1996 2057 2034 non
2092 1986 2283 2035 movet
2313 1998 2466 2037 caro:
2496 1981 2694 2038 anima
2712 1999 2846 2038 vero
2878 1987 2934 2039 et
2956 1982 3083 2038 sine
3115 2000 3287 2040 carne
3310 1984 3597 2041 rationem

1942 2085 2112 2123 suam
2148 2069 2369 2141 integre
2401 2075 2578 2125 tenet.

1944 2166 2078 2219 CAP.
2112 2165 2197 2219 18.
2233 2197 2299 2205 ——
2336 2167 2485 2234 Quod
2517 2183 2625 2222 non
2654 2170 2727 2223 sit
2774 2167 2966 2224 tertius
2989 2170 3045 2223 in
3079 2168 3391 2225 substantia
3418 2167 3599 2225 homi-

2015 2239 2385 2376 Ziggpiritus,
2419 2243 2477 2293 ut
2509 2239 2744 2311 quidam
2792 2241 3100 2311 afﬁrmant.
3144 2242 3368 2312 August.
3436 2240 3594 2306 (ibid.

2016 2396 2141 2451 Non
2164 2403 2252 2452 est
2280 2397 2491 2453 tertius
2527 2398 2583 2452 in
2610 2399 2941 2455 substantia
2961 2400 3219 2456 hominis
3243 2400 3507 2472 spiritus,
3533 2404 3599 2456 ut

1943 2484 2230 2556 Didymus
2263 2488 2579 2554 contendit,
2636 2490 2734 2543 sed
2769 2489 3015 2559 spiritus
3065 2489 3194 2559 ipsa
3241 2493 3331 2545 est
3378 2488 3597 2544 anima.

1942 2573 2155 2629 Anima
2184 2591 2316 2631 vero
2349 2592 2451 2643 pro
2483 2576 2775 2647 spirituali
2827 2581 3059 2644 natura,
3091 2577 3178 2632 vel
3216 2594 3318 2649 pro
3348 2592 3415 2633 eo
3439 2578 3595 2649 quod

1944 2662 2125 2733 spiret
2155 2662 2214 2717 in
2268 2680 2532 2733 corpore,
2587 2664 2831 2735 spiritus
2890 2670 2978 2721 est
3012 2664 3325 2737 appellata.
3382 2666 3597 2722 Anima

1942 2768 2077 2806 vero
2108 2768 2175 2807 ex
2206 2769 2271 2808 eo
2301 2758 2541 2808 vocatur
2594 2754 2747 2824 quod
2805 2755 2876 2808 ad
2910 2754 3324 2810 viviﬁcandum
3376 2746 3607 2810 animet‘

1943 2856 2171 2911 corpus.
2208 2842 2464 2897 Tertium
2488 2858 2620 2897 vero
2653 2844 2753 2913 qui
2789 2843 2859 2898 ab
2889 2844 3164 2915 Apostolo
3187 2860 3319 2899 cum
3355 2860 3597 2916 corpore

1944 2935 2000 2984 et
2031 2930 2228 2985 anima
2260 2931 2561 2987 inducitur
2591 2933 2888 3002 spiritum,
2917 2933 3165 3004 gratiam
3200 2932 3387 2989 sancti
3418 2934 3599 3005 Spiri-

1945 3023 2043 3073 tus
2073 3035 2202 3074 esse
2234 3020 2652 3091 intelligamus,
2686 3037 2862 3091 quam
2891 3028 3019 3076 orat
3051 3021 3365 3093 Apostolus
3400 3026 3464 3077 ut
3501 3022 3597 3077 in-

1945 3111 2127 3177 tegra,
2163 3113 2491 3179 perseveret
2512 3108 2569 3163 in
2597 3108 2765 3163 nobis
2787 3112 2831 3178 (1
2854 3111 3029 3166 Thess.
3057 3111 3251 3181 v,)nec
3283 3115 3481 3165 nostro
3509 3111 3598 3165 vi-

1951 3196 2031 3251 tio
2064 3202 2166 3253 aut
2197 3199 2498 3253 minuatur
2528 3202 2628 3252 aut
2660 3200 2897 3269 fugetur
2927 3216 2960 3254 a
3005 3200 3193 3263 nobis,
3235 3199 3375 3271 quia
3416 3199 3595 3271 Spiri-

1950 3300 2034 3346 tus
2062 3293 2284 3344 sanctus
2313 3289 2627 3358 disciplinae
2641 3287 2869 3359 effugiet
2893 3290 3085 3358 ﬁctum
3117 3289 3264 3360 (Sap.
3294 3290 3351 3358 ι).

1951 3380 2089 3434 CAP.
2127 3379 2191 3431 19
2221 3410 2287 3419 —
2318 3378 2475 3446 Quod
2530 3378 2668 3431 Deus
2719 3380 2859 3432 sicut
2888 3394 2957 3431 ea:
3012 3378 3192 3432 nihilo
3250 3378 3388 3432 bona
3416 3379 3599 3445 facere

2015 3452 2214 3521 potuit,
2250 3453 2348 3509 ita.
2388 3464 2511 3503 cum
2536 3450 2733 3521 vetuit,
2762 3464 2863 3517 per
2908 3451 3308 3521 incarnationis
3336 3464 3453 3505 suae
3473 3465 3597 3520 my-

2015 3519 2245 3592 Steriu~m
2266 3522 2428 3592 etiam
2450 3519 2667 3590 perdita
2698 3521 2837 3575 bona
2867 3522 3171 3591 reparavit.
3208 3519 3502 3592 Gregorius
3534 3519 3595 3576 in

2014 3595 2130 3647 suis
2160 3591 2453 3646 litoralibus
2482 3591 2600 3660 (lib.
2635 3607 2712 3659 1v,
2742 3607 2790 3645 c.
2824 3594 2899 3660 8).

2015 3680 2397 3753 Omnipotens
2429 3680 2583 3735 Deus
2614 3678 2768 3734 sicut
2797 3696 2865 3735 ex
2883 3679 3064 3735 nihilo
3097 3680 3249 3735 bona
3281 3680 3467 3736 facere
3498 3697 3595 3753 po-

1943 3771 2076 3840 tuit,
2107 3769 2211 3838 ita,
2246 3786 2376 3823 cum
2409 3768 2611 3838 voluit,
2665 3785 2766 3841 per
2795 3768 3222 3825 incarnationis
3266 3786 3385 3825 suae
3432 3788 3592 3842 mys-

1934 3861 2149 3915 terium
2184 3860 2355 3914 etiam
2392 3857 2625 3929 perdita
2660 3858 2813 3913 bona
2836 3857 3141 3931 reparavit.

1940 3949 2169 4029 CAP
2223 3979 2290 3988 ——
2342 3947 2631 4029 Hominem
2683 3947 2891 4029 idcirco
2945 3964 3045 4029 per
3075 3946 3361 4029 (Ehristum
3405 3947 3473 4002 ad
3502 3946 3603 4003 Dei

2012 4022 2260 4090 gratiam
2290 4025 2625 4085 revocatum,
2676 4022 2809 4089 quia
2843 4020 3032 4075 carnis
3063 4020 3393 4088 inﬁrmitate
3420 4034 3606 4088 pecca-

2014 4092 2093 4146 vit
2115 4109 2135 4153 ;
2165 4098 2471 4163 apostatam
2500 4107 2626 4147 vero
2654 4091 2918 4162 angelum
2947 4107 3058 4146 non
3104 4106 3259 4163 posse
3316 4091 3604 4161 reparari.

2018 4162 2151 4233 quia
2180 4162 2366 4234 sponte
2397 4163 2609 4219 cecidit.
2649 4164 2732 4217 Ex
2761 4164 2945 4218 eodem
2975 4177 3097 4230 cap.
3126 4162 3204 4232 9).

2022 4253 2181 4309 Duas
2212 4270 2345 4308 vero
2379 4253 2448 4307 ad
2482 4251 2932 4323 intelligendum
2968 4267 3029 4306 se
3054 4258 3353 4307 creaturas
3371 4251 3608 4320 fecerat,

1954 4343 2278 4414 angelicam
2328 4340 2596 4395 videlicet
2618 4344 2674 4395 et
2732 4340 3079 4394 humanam.
3125 4338 3447 4411 Utramque
3474 4356 3609 4395 vero

1956 4431 2233 4502 superbia
2264 4429 2533 4501 perculit,
2566 4433 2739 4499 atque
2770 4430 2841 4483 ab
2872 4434 3031 4484 statu
3057 4429 3329 4500 ingenitae
3372 4428 3611 4485 rectitu-

1959 4519 2113 4575 dinis
2146 4520 2340 4588 fregit,
2375 4519 2476 4573 sed
2528 4520 2645 4572 una
2704 4523 2939 4590 tegmen
2992 4518 3187 4573 carnis
3235 4518 3464 4581 habuit,
3496 4518 3614 4573 alia

1878 4593 1925 4658 1.)
1957 4626 2089 4665 vero
2123 4608 2269 4663 nihil
2331 4607 2634 4661 infirmum
2696 4608 2768 4662 de
2799 4623 2972 4663 carne
3029 4606 3298 4679 gestavit.
3348 4607 3611 4679 Angelus

1958 4713 2216 4768 namque
2247 4694 2620 4751 solummodo
2654 4696 2923 4766 spiritus,
2948 4695 3122 4751 homo
3143 4711 3278 4752 vero
3297 4701 3353 4752 et
3368 4697 3614 4769 spiritus

1956 4793 2046 4843 est
2077 4792 2133 4841 et
2153 4803 2306 4841 caro.
2343 4786 2616 4840 Misertus
2648 4801 2784 4857 ergo
2815 4789 3049 4841 Creator
3084 4789 3145 4841 ut
3179 4786 3513 4855 redimeret,
3546 4786 3616 4840 il-

1956 4876 2073 4930 lam
2111 4875 2177 4928 ad
2212 4890 2274 4929 se
2306 4872 2507 4928 debuit
2542 4873 2845 4938 reducere,
2884 4889 3062 4943 quam
3095 4874 3153 4927 in
3186 4875 3620 4946 perpetratione

1959 4964 2143 5034 culpae
2176 4980 2243 5017 ex
2276 4961 2622 5017 infirmitate
2653 4962 2873 5033 aliquid
2935 4966 3167 5018 constat
3218 4963 3517 5031 habuisse,
3565 4964 3622 5017 et

1958 5069 2024 5107 eo
2054 5050 2307 5122 amplius
2348 5050 2550 5105 debuit
2608 5056 2933 5122 apostatam
2987 5051 3263 5124 angelum
3315 5050 3619 5124 repellere,

1961 5158 2074 5212 quo
2108 5156 2240 5194 cum
2290 5158 2321 5193 a
2374 5139 2725 5211 persistendi
2764 5141 3105 5196 fortitudine
3155 5141 3398 5204 corruit,
3451 5140 3615 5216 nihil,

1960 5229 2263 5283 infirmum
2283 5244 2349 5281 ex
2364 5244 2538 5283 carne
2555 5229 2824 5300 gestavit.
2848 5228 3007 5283 Unde
3027 5232 3082 5282 et
3106 5233 3258 5283 recte
3292 5227 3622 5309 Psalmista’

1960 5333 2092 5372 cum
2156 5316 2460 5369 misertum
2496 5318 2921 5388 redemptorem
2984 5316 3326 5371 hominibus
3376 5316 3620 5382 diceret,

1961 5406 2148 5477 ipsam
2183 5422 2418 5477 quoque
2459 5422 2697 5461 causam
2728 5404 3142 5460 misericordia:
3192 5404 3508 5475 expressit,
3542 5404 3628 5458 di-

1963 5513 2098 5551 cens
2125 5512 2135 5550 :
2174 5498 2243 5549 Et
2274 5504 2607 5549 memoratus
2637 5500 2712 5549 est
2736 5494 2863 5563 quia
2885 5510 3010 5547 caro
3041 5501 3169 5548 sunt
3196 5493 3371 5563 (Psal.
3400 5497 3628 5561 Lxxvn).

1961 5587 2040 5640 Ac
2070 5583 2127 5638 si
2160 5584 2407 5639 diceret:
2445 5587 2567 5647 Quo
2590 5599 2791 5638 eorum
2824 5582 3059 5638 inﬁrma
3088 5581 3255 5651 vidit,
3278 5596 3345 5639 eo
3367 5582 3633 5641 districts

1967 5675 2171 5747 culpas
2209 5674 2422 5748 punire
2459 5672 2666 5730 noluit.
