3948 6072
351 369 460 423 975

355 497 488 552 CAP.
519 491 609 545 21.
640 515 712 528 ——
738 479 888 551 Quod
925 486 1036 533 tres
1074 475 1214 552 Deus

426 528 621 624 liti-imm,
655 528 942 629 quixcarne
986 561 1101 601 non
1148 541 1418 610 tegeretur
1431 528 1680 629 iulium,
1721 528 1817 629 qui
1846 538 2012 629 carne

469 596 481 616 I
694 596 749 610 wn
777 596 854 609 νυσ-
877 596 938 605 ινν
989 596 1096 601 --ν--
1153 596 1225 610 γγυ
1668 596 1672 597 7

436 596 726 705 ieL‘Zlié’dr,
757 623 849 680 sed
879 636 989 675 non
1014 632 1136 671 cum
1182 626 1352 667 carne
1402 596 2017 705 morereturf'tertipgud,

965 699 974 705 ‘
1112 690 1151 705 “
1192 700 1300 705 ‘-‘-‘-
1340 694 1501 705 Ann-un
1531 687 1746 705 mnuan
1773 687 1842 705 ἠρ
1963 686 1976 705 1

1440 341 1507 392 D.
1549 334 1790 390 IVONIS
1829 327 2330 384 CARNOTENSIS
2369 326 2689 380 EPISCOPI
2746 314 2747 317 “

1260 462 1467 522 vitales
1513 459 1742 532 spiritus
1799 452 2008 532 crearit
2039 455 2094 520 Α
2121 455 2208 506 ter
2241 450 2558 521 adjutorii;
2621 453 2688 505 ut
2735 447 3028 514 labamur,
3081 442 3390 516 potestatis
3441 444 3662 497 nostra:
3703 443 3804 493 est

2124 543 2180 595 et
2203 539 2469 611 ignaviae.

3679 312 3800 366 976

2165 629 2372 701 ΑΡη23.
2407 661 2474 668 -
2507 627 2665 701 Quod
2693 641 2880 701 omnes
2898 622 3156 701 Δζιριηίηεε
3201 621 3264 677 in
3284 619 3796 701 praevaricatione

436 641 726 717 tegeretur,
757 630 849 680 sed
879 636 989 675 non
1014 632 1136 671 cum
1182 630 1352 667 carne
1402 630 1732 664 moraretur,
1767 630 2017 676 «emunt,
2123 630 2250 684 CAP.
2283 630 2372 684 23.
2407 661 2474 668 _
2507 630 2665 696 Quod
2693 641 2880 682 omnes
2909 630 3156 678 homines
3201 630 3264 677 τη
3353 634 3556 675 rava”
3631 630 3651 672 ι

431 706 732 779 (Inﬁt/“Tne
755 706 924 779 1895"
926 699 1048 747 θίαν
1054 728 1066 754 ν
1100 690 1152 741 εί
1181 700 1305 740 cum
1334 694 1501 734 “me
1530 679 1861 730 "wrer‘mr'
1896 665 2016 724 “nd
2197 699 2328 756 Adae
2355 700 2673 756 naturalem
2699 695 3134 770 possibilitatem
3160 632 3810 765 perdzeiissentfggodzee-

435 770 530 835 lib.
551 770 647 838 ‘iv,
676 788 722 827 ο.
754 770 830 838 2).

440 884 663 940 Habent
719 873 894 931 etiam
948 861 1215 922 inﬁdeles
1264 857 1466 922 ﬁdem,
1504 851 1606 909 sed
1667 850 1897 905 utinam
1956 844 2019 898 in

371 979 571 1031 Deum.
605 968 790 1032 Quam
823 959 871 1016 si
899 956 1103 1026 utique
1133 949 1438 1011 haberent,
1473 939 1740 997 inﬁdeles
1780 951 1897 991 non
1929 949 2020 988 es-

367 1025 658 1122 εἶθῖξιξεεῖι
713 1053 850 1108 hinc
880 1049 940 1103 in
983 1025 1091 1100 sua
1139 1036 1385 1112 perﬁdia
1417 1026 1809 1103 redarguendi
1861 1025 2020 1088 sunt,

368 1112 612 1209 ad
639 1143 772 1200 ﬁdei
805 1137 1055 1212 gratiam
1107 1123 1485 1202 provocandi,
1531 1119 1671 1191 quia
1697 1117 1744 1172 si
1797 1115 1867 1168 de
1896 1112 2025 1183 ipso

369 1259 476 1299 suo
508 1233 723 1294 visibili
755 1240 994 1300 corpore
1010 1221 1254 1278 credunt
1277 1213 1433 1286 quod
1467 1209 1710 1267 minime
1732 1202 2024 1264 viderunt,

369 1348 473 1388 cur
496 1319 813 1383 invisibilia
833 1332 949 1372 non
972 1311 1242 1374 credunt,
1275 1320 1404 1376 quae
1437 1296 1818 1370 corporaliter
1847 1287 2027 1345 videri

2197 769 2674 852 cretistlestini
2699 761 2905 842 'papee,
2945 783 3065 839 cap.
3124 761 3364 839 5'(:pisl.
3419 764 3470 830 1,
3503 761 3574 818 ad
3624 762 3802 832 episc.

2208 844 2438 909 θαιιτκ,
2469 860 2518 898 c.
2548 844 2624 914 4).

2207 933 2269 987 In
2294 930 2768 1003 praevaricatione
2787 928 2922 982 Adae
2942 940 3147 982 omnes
3167 923 3438 980 homines
3459 919 3806 976 naturalem

2146 1021 2600 1093 possibilitatem
2633 1025 2689 1074 et
2725 1015 3161 1072 innnocentiam
3211 1011 3558 1085 perdidisse.
3595 1014 3658 1064 et
3707 1025 3807 1063 ne.

2139 1112 2363 1168 minem
2397 1113 2467 1166 de
2490 1110 2779 1182 profundo
2811 1106 2975 1161 illius
2999 1105 3181 1159 ruinas
3215 1119 3317 1174 per
3347 1101 3604 1156 liberum
3640 1099 3806 1154 arbi-

2133 1203 2313 1257 tirum
2346 1215 2518 1273 posse
2548 1211 2919 1270 consurgere,
2955 1194 3067 1249 nisi
3104 1208 3237 1248 eum
3273 1190 3460 1263 gratia
3492 1189 3597 1244 Dei
3622 1191 3808 1243 mise-

2137 1291 2320 1346 rentis
2362 1287 2745 1361 [miserantis]
2806 1284 3076 1347 erexerit,
3137 1280 3556 1353 pronuntiante
3615 1278 3808 1332 beata:

371 1367 462 1388 υυι
498 1367 813 1383 Ιμνιυιυιοιν-
836 1367 947 1372 ----ί
982 1367 993 1368 ί
1230 1367 1240 1374 ν
1292 1367 1310 1376 ,
1540 1367 1557 1370 -

371 1435 485 1476 non
519 1407 817 1487 pessunt?
847 1401 986 1477 (Ibid
1017 1414 1136 1468 cap.
1170 1393 1252 1464 3.)
1277 1391 1422 1446 Nam
1448 1387 1589 1458 quia
1622 1387 1753 1455 post
1783 1381 2027 1434 mortem
2139 1379 2432 1436 memoriae
2466 1395 2616 1449 papa
2667 1373 3006 1431 Innocentio
3059 1376 3236 1442 atque
3283 1369 3515 1424 dicente
3545 1367 3611 1422 in
3644 1367 3808 1438 epis-

1307 1479 1340 1487 ,ι
1513 1475 1528 1487 ε
1567 1473 1636 1487 n1
1685 1471 1694 1480 '
1759 1465 2002 1487 AJ__-:_1-
2141 1469 2213 1487 1,1
2295 1485 2384 1487 ,U,
2431 1467 2495 1487 -.ἱ
2530 1464 2988 1487 Π-..Ιι.-..ἷ..Α-,-Α
3025 1459 3333 1487 Αλκιιειειι-νι
3371 1459 3457 1487 (nm
3675 1456 3808 1487 ‘4';,

370 1465 561 1564 carnis
591 1502 748 1556 vivat
779 1465 1000 1555 anima,
1049 1487 1205 1558 patet
1234 1479 1407 1544 ratio,
1432 1475 1530 1530 sed
1564 1471 1698 1527 ﬁdei
1749 1465 2028 1523 admista.

371 1556 766 1664 :F-r-cs‘quippe
819 1556 1333 1646 vitales-spiritus
1381 1562 1603 1621 creavit
1661 1556 2031 1626 omnipotens

374 1645 773 1742 Deuszjunu‘m
806 1675 906 1744 qui
934 1645 1247 1724 carnernon
1270 1657 1510 1729 tegitur;
1535 1650 1716 1706 alium
1737 1645 1839 1718 qui
1860 1656 2034 1698 carne

382 1783 478 1846 teg

382 1969 496 2024 que
526 1910 742 2017 estqui
773 1953 948 1996 carne
981 1949 1095 1989 non
1123 1927 1361 2000 tegitur,
1386 1918 1730 1993 angelorum
1753 1932 1768 1982 ;
1791 1910 2038 1983 spiritus

395 2049 495 2122 qui
531 2060 707 2101 carne
738 2037 974 2110 tegitur,
1007 2030 1106 2088 sed
1137 2042 1273 2084 cum
1301 2035 1475 2078 carne
1506 2033 1622 2072 non
1647 2011 1918 2076 moritur,
1944 2006 2040 2062 ho-

392 2112 644 2202 minum;
670 2129 915 2203 spiritus
937 2121 1038 2195 qui
1055 2131 1231 2175 carne
1251 2112 1470 2185 tegitur
1490 2112 1547 2162 et
1568 2120 1702 2160 cum
1731 2115 1902 2156 carne
1923 2112 2043 2152 mo-

395 2228 568 2292 ritur,
593 2221 1022 2294 jumentorum,
1055 2205 1444 2272 omniumque
1473 2198 1785 2252 brutorum
1819 2188 2044 2243 anima-

389 2317 560 2372 lium.
593 2279 778 2367 ἧοωο
809 2305 1031 2374 itaque,
1063 2297 1218 2353 sicut
1247 2293 1306 2346 in
1339 2287 1534 2344 medio
1563 2286 1795 2340 creatus
1840 2281 1948 2343 est,
1983 2279 2048 2329 ut

391 2406 548 2462 esset
575 2397 819 2455 inferior
849 2391 1079 2462 angelo,
1113 2377 1692 2454 superiorjumento,
1717 2369 1803 2424 ita
1824 2363 2046 2436 aliquid

391 2493 565 2551 habet
587 2497 903 2544 commune
925 2494 1057 2534 cum
1077 2463 1565 2538 summo,aliquid
1588 2471 1901 2516 commune
1915 2468 2050 2508 cum

383 2581 628 2647 inﬁmo:
663 2567 1166 2630 immortalitatem
1199 2558 1425 2616 scilicet
1455 2551 1702 2624 spiritus
1723 2560 1855 2601 cum
1876 2557 2052 2613 ange-

407 2671 484 2737 lo,
521 2663 938 2724 mortalitatem
969 2670 1103 2711 vero
1144 2646 1338 2705 carnis
1374 2641 1807 2710 cumjumento,
1835 2645 2053 2702 quous-

405 2776 514 2831 que
545 2763 602 2812 et
630 2755 823 2825 ipsam
858 2742 1278 2802 mortalitatem
1320 2731 1512 2789 carnis
1543 2725 1730 2800 gloria
1759 2735 2053 2777 resurrec-

401 2847 580 2904 tionis
610 2840 946 2904 absorbeat,
979 2839 1036 2889 et
1062 2825 1405 2886 inhaarendo
1437 2815 1672 2891 spiritui
1706 2828 1838 2868 caro
1866 2823 2057 2865 serve-

400 2896 576 2993 tur-in
612 2896 983 3003 perpetuum,
1018 2919 1159 2992 quia
1180 2921 1236 2972 et
1267 2916 1393 2985 ipse
1425 2907 1672 2980 spiritus
1718 2896 2057 2956 inheerendo

407 2984 488 2993 ’“““
520 2984 576 2989 “’”
613 2984 638 3003 r
665 2984 673 2985 ’
719 2984 735 3001 ι
970 2984 980 2991 υ
1035 2984 1052 2992 σ
1294 2984 1306 2985 κ

407 3022 566 3080 carni
597 3021 864 3076 servatur
895 3014 953 3066 in
988 3016 1194 3064 Deum.
1228 3006 1363 3069 Quas
1423 3003 1618 3053 tamen
1652 3007 1787 3048 caro
1850 3003 1953 3042 nec
1997 2984 2056 3038 in

403 3078 669 3183 reprobis
689 3106 842 3161 inter
858 3096 1150 3171 supplicia
1179 3091 1431 3166 perfecte
1453 3078 1814 3152 deﬁcit,quia
1835 3089 2064 3146 semper

409 3176 731 3256 «leﬁciendo
761 3187 1057 3254 subsistit,
1090 3187 1154 3238 ut
1186 3181 1286 3254 qui
1319 3176 1528 3249 spiritu
1565 3177 1622 3228 et
1651 3183 1825 3225 carne
1857 3180 2057 3237 pecca-

397 3291 627 3355 verunt,
661 3295 891 3351 semper
948 3269 1344 3332 essentialiter
1373 3265 1655 3326 viventes,
1703 3261 1759 3313 et
1791 3269 1964 3310 carne
2002 3255 2059 3306 et

401 3377 612 3453 spiritu
643 3373 769 3430 sine
795 3370 910 3424 ﬁne
933 3362 1280 3422 moriantur.

403 3506 536 3561 CAP.
567 3493 887 3564 22.—Quod
919 3492 1075 3547 homo
1107 3489 1167 3542 in
1201 3485 1385 3564 prima
1415 3475 1726 3564 cond'i'tiorrie
1753 3486 1850 3552 sua
1873 3465 2055 3564 liberq

469 3540 709 3630 Sitifim
1111 3540 1464 3626 augusti-nus
1493 3549 1619 3622 (lib.
1651 3547 1726 3601 De
1754 3542 1958 3615 spiritu
2003 3540 2056 3592 et

469 3645 684 3711 anima,
716 3658 762 3696 c.
798 3639 908 3709 48).

472 3740 1020 3809 Libertatiarbritrii
1054 3737 1146 3795 sui
1164 3732 1518 3792 commissus
1536 3730 1627 3782 est
1653 3723 1829 3778 homo
1853 3715 2052 3774 statim

395 3832 468 3898 in
497 3839 690 3914 prima
710 3832 1062 3894 conditione,
1086 3831 1151 3882 ut
1180 3823 1305 3880 sola
1333 3815 1636 3890 vigilantia
1658 3809 1872 3867 mentis
1895 3805 2056 3862 adni-

407 3895 586 3996 ten‘te,
611 3929 788 3984 etiam
815 3921 1072 3996 perfecta
1099 3911 1371 3972 custodia
1396 3905 1818 3980 perseveraret,
1851 3897 1901 3954 si
1933 3895 2053 3951 vel-

409 4023 508 4085 let,
543 4020 602 4074 in
634 4017 689 4072 id
723 4013 879 4087 quod
911 4012 1146 4066 creatus
1179 4003 1390 4058 fuerat.
1443 3997 1762 4065 Postquam
1793 4003 1928 4043 vero
1959 4002 2052 4042 se-

397 4108 674 4167 ductione
705 4100 997 4175 serpentis
1027 4113 1130 4169 per
1158 4094 1336 4149 Evam
1370 4085 1578 4144 cecidit
1600 4100 1633 4137 a
1653 4085 1873 4135 naturas
1900 4077 2052 4131 bono

395 4199 554 4270 (Gen.
588 4197 695 4266 ιιι),
724 4169 981 4265 perdidit
1013 4184 1230 4259 pariter
1258 4180 1515 4251 vigorem
1545 4169 1794 4235 arbitrii,
1821 4183 1936 4221 non
1965 4170 2053 4220 ta-

401 4305 535 4344 men
567 4283 935 4351 electionem,
970 4292 1042 4333 ne
1073 4291 1190 4330 non
1235 4271 1391 4326 esset
1446 4279 1621 4320 suum
1655 4258 1809 4333 quod
1853 4270 2049 4312 emen-

393 4343 557 4434 daret
587 4343 1046 4447 peccatuminec
1100 4359 1396 4419 immerito
1439 4352 1846 4422 indulgeretur
1894 4343 2051 4416 quod

393 4431 637 4522 arbitrio
669 4431 962 4516 diluisset.
998 4454 1193 4509 Manet
1222 4464 1358 4519 ergo
1392 4444 1462 4500 ad
1497 4437 1870 4513 quaerendam
1905 4431 2054 4488 salu-

387 4563 509 4613 tem
544 4550 772 4610 arbitrii
807 4549 1075 4610 libertas,
1109 4540 1168 4595 id
1203 4541 1292 4594 est
1322 4533 1566 4590 rationis
1597 4528 1892 4592 voluntas,
1950 4522 2047 4578 sed

391 4645 742 4701 admonente
776 4637 938 4709 prius
989 4633 1105 4688 Deo
1137 4633 1195 4684 et
1222 4625 1505 4681 invitante
1538 4621 1607 4674 ad
1640 4617 1918 4682 salutem,
1963 4614 2053 4683 [ut

388 4732 478 4787 vel
510 4731 732 4801 e1igat,,
764 4704 855 4781 vel
882 4723 1188 4793 sequatur,
1220 4717 1310 4771 vel
1339 4716 1473 4785 agat
1499 4707 1865 4765 occasionem
1898 4704 2052 4757 salu-

386 4823 483 4888 tis,
517 4820 626 4874 hoc
658 4820 747 4871 est
776 4810 1235 4884 inspirationem
1264 4803 1385 4859 Dei.
1422 4801 1698 4857 Utautem
1721 4807 2050 4861 consequa-

389 4881 486 4967 tur
515 4907 671 4980 quod
706 4881 1000 4976 sequitur,
1033 4899 1123 4954 vel
1156 4895 1310 4967 quod
1344 4890 1632 4962 sequitur,
1665 4883 1751 4942 vel
1775 4881 1930 4954 quod
1953 4895 2050 4935 oc-

393 4999 627 5056 casione
660 4993 803 5066 agit,
842 4990 938 5047 Dei
981 5003 1133 5052 esse,
1182 4984 1362 5038 libere
1415 4978 1779 5036 confitemur.
1811 4969 2049 5026 Initium

393 5105 532 5161 ergo
555 5056 765 5142 salutis
782 5056 1015 5146 nostrae,
1044 5082 1154 5130 Deo
1179 5067 1812 5136 miserante,habemus
1829 5056 2051 5132 (333'),]

398 5185 460 5236 ut
495 5188 924 5250 acquescamus
955 5165 1270 5225 salutifera:
1295 5153 1688 5230 inspirationi,
1714 5155 1926 5206 nostra
1951 5162 2050 5218 po-

392 5237 626 5326 testatis
658 5269 764 5320 est.
799 5261 872 5317 Ut
902 5258 1302 5330 adipiscamur
1319 5247 1472 5320 quod
1499 5239 1922 5315 acquiescendo
1945 5237 2049 5290 ad-

396 5354 702 5415 monitioni
724 5327 1186 5423 cupimus(quod
1204 5337 1449 5410 adipisci
1483 5329 1935 5400 desideramus],
1960 5327 2052 5382 di-

393 5447 512 5502 vini
546 5451 635 5502 est
667 5440 952 5499 muneris.
988 5439 1055 5496 Ut
1085 5451 1202 5491 non
1255 5429 1542 5493 labamur,
1602 5423 1811 5492 adepto
1843 5417 2052 5472 salutis

401 5549 664 5602 munere,
696 5527 1112 5588 sollicitudinis
1143 5525 1356 5578 nostra:
1387 5520 1494 5584 est,
1527 5518 1583 5570 et
1613 5507 1862 5567 caelestis
1897 5505 2050 5579 pari-

481 5690 654 5762 (333‘)
683 5693 810 5746 Haec
836 5704 951 5744 non
981 5686 1255 5756 leguntur
1285 5678 1345 5734 in
1377 5671 1732 5749 Augustino.

2137 1469 2258 1525 tola
2288 1485 2395 1523 sua
2427 1467 2498 1523 ad
2530 1464 2990 1536 Carthaginense
3021 1459 3336 1516 concilium
3369 1459 3476 1530 (ep.
3511 1458 3636 1528 25):
3674 1456 3809 1510 «Li-

2143 1560 2344 1614 berum
2377 1556 2533 1612 enim
2567 1553 2880 1609 arbitrium
2912 1550 3054 1606 olim
3105 1548 3204 1604 ille
3251 1563 3593 1619 perpessus,
3663 1545 3808 1599 dum

1780 1645 2034 1746 uicum?
2143 1647 2268 1704 suis
2298 1643 2694 1701 inconsultius
2730 1641 2916 1698 utitur
2936 1638 3127 1707 bonis,
3161 1637 3400 1703 cadens,
3428 1635 3490 1690 in
3526 1633 3807 1706 praevari-

2219 1735 2253 1746 ,ο
2345 1734 2356 1744 ο
2537 1732 2559 1746 ιι
2659 1732 2674 1746 ς
2763 1731 2777 1746 1
2860 1744 3049 1746 ,,,,,,A
3092 1730 3170 1746 --Α
3235 1729 3282 1746 ,ι
3340 1723 3481 1746 -ειει
3523 1721 3778 1746 ---Α-..-ΑΙ

485 1721 553 1739 Ιῠο
591 1721 773 1736 Madv-b--
808 1721 906 1744 Ὶν--
940 1721 999 1724 *ν
1333 1721 1365 1729 ν

485 1774 622 1839 itur,
655 1766 756 1824 sed
784 1778 899 1819 non
931 1772 1064 1814 cum
1095 1764 1270 1809 carne
1328 1745 1622 1839 moritur:
1664 1734 1901 1837 tertium
1934 1728 2034 1802 qui
2145 1734 2392 1791 cationis
2423 1732 2718 1805 profunda
2747 1731 3056 1784 demersus
3085 1730 3195 1795 est,
3231 1729 3286 1781 et
3340 1723 3485 1779 nihil
3519 1721 3810 1794 quemad-

1925 1835 2007 1839 -..Α
2067 1833 2106 1839 _
2265 1826 2279 1839 ς
2503 1822 2514 1833 ο
2583 1823 2597 1839 1
2669 1834 2966 1839 ,__,__,____-
3033 1820 3228 1839 ..----Ιι
3297 1813 3519 1839 ξ-..--.ἷι
3577 1827 3810 1839 ιιι-..ηιιη

387 1813 622 1846 ινδινυιν
655 1813 756 1824 νν“
784 1813 897 1819 ’“”““
940 1813 951 1814 7

381 1879 553 1920 carne
573 1855 892 1930 tegitur,et
922 1860 1057 1902 cum
1091 1853 1262 1896 carne
1285 1833 1556 1891 moritur.
1589 1825 1848 1899 Spiritus
1877 1835 2038 1875 nam-
2067 1833 2115 1897 Β
2146 1826 2389 1882 modum
2429 1822 2636 1878 exinde
2667 1834 2972 1890 resurgere
3033 1820 3252 1888 posset,
3297 1813 3544 1878 invenit,
3577 1827 3812 1884 suaque

1540 1918 1550 1930 ι
1838 1910 2035 1930 ΪΞ-ξι---
2151 1915 2162 1926 ο
2297 1919 2393 1930 ικηκ
2448 1928 2516 1930 ,7-
2559 1909 2626 1930 12L
2652 1913 2827 1930 --Λ-Α..
2856 1908 3130 1930 .I---_a....
3174 1904 3352 1930 ι...ξ..,.
3387 1901 3556 1930 -..ζ-ιιι
3591 1902 3809 1930 ἔπη-εἶβγ

2149 1915 2207 1970 in
2245 1919 2525 1968 internum
2559 1909 2830 1964 libertate
2851 1908 3154 1976 deceptus,
3174 1904 3354 1974 hujus
3387 1901 3562 1957 ruina
3583 1902 3814 1971 jacuis-

2151 2008 2240 2060 set
2289 2001 2494 2073 [ruinae
2552 1996 2843 2068 latuisset]
2903 2009 3244 2067 oppressus,
3314 1991 3428 2046 nisi
3481 2007 3620 2046 eum
3682 1993 3815 2060 post

2153 2091 2388 2157 Christi,
2419 2106 2520 2161 pro
2545 2105 2650 2143 sua
2669 2087 2877 2157 gratia,
2912 2083 3227 2138 relevasset
3245 2082 3556 2146 adventus,
3587 2078 3694 2150 qui
3717 2094 3818 2149 per

2155 2198 2317 2237 novas
2349 2175 2809 2250 regenerationis
2868 2171 3336 2244 puriﬁcationem
3386 2184 3561 2224 omne
3605 2171 3811 2239 praete-

2155 2271 2338 2326 ritum
2371 2267 2579 2322 vitium
2613 2265 2705 2320 sui
2764 2261 3138 2334 baptismatis
3189 2259 3419 2315 lavacro
3453 2257 3751 2330 purgavit.
3787 2278 3813 2303 n

2155 2378 2282 2433 CAP.
2317 2375 2462 2430 24.——
2489 2374 2562 2428 De
2588 2370 2777 2428 eadem
2834 2386 2918 2495 rec.
3090 2366 3297 2423 decreti
3343 2363 3590 2437 ejusdem
3633 2362 3813 2429 (ibid,

2884 2457 2936 2497 0.
2974 2457 3068 2497 1.).

2235 2535 2395 2600 Quod
2427 2548 2599 2588 nemo
2631 2529 2745 2586 nisi
2777 2545 2880 2600 per
2907 2527 3212 2584 Christum
3242 2525 3422 2580 libero
3445 2524 3598 2578 bene
3618 2528 3816 2578 utatur

2163 2625 2424 2694 arbitrio,
2457 2622 2610 2676 idem
2641 2619 2920 2690 magister
2951 2617 3009 2671 in
3041 2613 3381 2686 cpistola‘,ad
3407 2611 3814 2668 Milevitanum

2165 2712 2479 2770 concilium
2512 2711 2649 2765 data
2678 2710 2784 2780 (ep.
2810 2707 2902 2778 26)
2925 2704 3223 2778 praedicat,
3255 2701 3457 2758 dicens
3487 2717 3501 2756 :
3528 2700 3817 2754 «Advorte

2163 2803 2402 2858 tandem
2425 2797 2909 2871 pravissimarum
2931 2793 3217 2850 mentium
3244 2806 3576 2864 perversam
3604 2789 3821 2844 doctri-

2165 2908 2301 2947 nam
2335 2892 2388 2963 [ο
2419 2887 2903 2961 pravissimarum
2955 2883 3242 2938 mentium
3301 2879 3618 2950 doctrina],
3661 2877 3816 2948 quod

2170 2980 2427 3052 primum
2451 2973 2848 3032 hominemita
2878 2972 3118 3028 libertas
3141 2971 3271 3042 ipsa
3301 2968 3554 3040 decepit,
3579 2972 3648 3022 ut
3677 2967 3820 3021 dum

2170 3067 2573 3139 indulgentius
2607 3063 2785 3119 frenis
2816 3063 2944 3132 ejus
2972 3061 3179 3125 utitur,
3203 3057 3824 3130 in'praavaricationem

2172 3154 2647 3230 praesumptionis
2699 3151 2990 3218 ceciderit,
3050 3164 3155 3204 nec
3187 3163 3256 3203 ex
3287 3148 3392 3201 hac
3439 3145 3630 3217 potuit
3677 3144 3823 3210 erui,

2171 3247 2285 3303 nisi
2340 3245 2392 3300 ei
2439 3242 2802 3315 providentia
2862 3236 3343 3311 regenerationis,
3407 3240 3629 3290 statum
3675 3234 3822 3305 pris-

2166 3337 2302 3391 tinea
2326 3331 2614 3390 libertatis
2639 3328 2851 3387 Christi
2901 3326 3135 3384 Domini
3195 3325 3572 3380 reformasset
3604 3323 3820 3377 adven-

2165 3428 2281 3479 tus.
2322 3446 2342 3472 1

2166 3524 2294 3580 CAP.
2327 3523 2418 3576 25.
2451 3552 2519 3561 —-
2551 3518 2701 3588 Quod
2732 3518 2886 3574 homo
2904 3517 2982 3570 sic
3009 3514 3217 3587 positus
3236 3585 3245 3588 _
3267 3513 3340 3567 sit
3369 3512 3426 3566 in
3455 3509 3742 3588 paradiso,
3773 3511 3823 3563 si

2234 3595 2493 3675 obediens
2543 3583 2914 3675 permaneret,
2947 3583 3020 3641 ut
3059 3585 3383 3657 quandoque
3426 3583 3497 3636 ad
3552 3583 3818 3636 calestem

2999 3663 3040 3675 .,
3082 3663 3094 3675 .
3221 3660 3344 3675 _.
3418 3658 3556 3675 ,τμη
3616 3654 3710 3675 mi
3767 3668 3816 3675 -_

2230 3666 2479 3739 patriam
2509 3654 2842 3739 siue‘carnis
2872 3663 3045 3715 morte
3067 3654 3365 3714 transiret.
3413 3658 3577 3722 Grca.
3614 3654 3732 3726 (lib.
3767 3668 3816 3706 iv

2235 3734 2456 3806 Moral.,
2485 3751 2531 3789 c.
2566 3734 2678 3802 30).

2237 3827 2319 3881 Ad
2349 3826 2456 3880 hoc
2481 3825 2538 3878 in
2574 3821 2846 3893 paradiso
2880 3819 3051 3874 homo
3084 3817 3310 3888 positus
3338 3814 3544 3880 fuerat,
3590 3816 3655 3868 ut
3686 3812 3739 3868 si
3763 3828 3816 3867 se

2165 3916 2237 3972 ad
2266 3913 2594 3971 Conditoris
2644 3909 2735 3965 sui
2784 3906 3175 3964 obedientiam
3209 3902 3460 3958 vinculis
3518 3902 3818 3956 charitatis

2163 4003 2536 4074 astringeret,
2561 4000 2630 4054 ad
2662 3997 2954 4054 cmlestem
2989 3994 3240 4067 patriam
3267 3991 3611 4064 angelorum
3638 4007 3815 4062 quan-

2163 4096 2353 4164 doque
2405 4091 2530 4146 sine
2561 4088 2754 4143 carnis
2788 4090 2972 4141 morte
3000 4082 3293 4140 transiret.
3323 4081 3417 4136 Sic
3451 4095 3708 4150 namque
3738 4085 3817 4134 est

2164 4179 2520 4238 immortalis
2551 4177 2824 4233 conditus
2857 4178 2921 4230 ut
2949 4177 3146 4228 tamen
3181 4171 3231 4226 si
3265 4174 3545 4241 peccaret,
3581 4172 3640 4224 et
3673 4168 3814 4223 mori

2164 4274 2380 4344 posset.
2443 4273 2510 4322 Et
2551 4267 2633 4322 sic
2695 4263 2962 4319 mortalis
3023 4265 3112 4317 est
3140 4259 3437 4327 conditus,
3489 4261 3555 4312 ut
3606 4257 3658 4311 si
3707 4273 3812 4312 non

2162 4362 2444 4433 peccaret,
2481 4357 2655 4412 etiam
2692 4371 2806 4409 non
2842 4351 2991 4408 mori
3026 4355 3252 4424 posset,
3303 4353 3476 4419 atque
3509 4363 3578 4401 ex
3613 4346 3814 4401 merito

2165 4448 2332 4504 liberi
2364 4444 2593 4501 arbitrii
2627 4440 3049 4498 beatitudinem
3111 4436 3272 4492 illius
3323 4435 3582 4508 regionis
3642 4436 3817 4489 attin-

2162 4540 2342 4609 geret,
2377 4534 2433 4587 in
2469 4549 2584 4604 qua
2612 4529 2697 4584 vel
2735 4544 2973 4600 peccare
2994 4525 3081 4581 vel
3126 4525 3276 4580 mori
3309 4540 3424 4578 non
3456 4526 3676 4594 posset.
3713 4521 3813 4581 Ubi

2161 4625 2342 4698 igitur
2370 4626 2500 4693 post
2531 4615 2952 4689 redemptionis
3002 4620 3236 4686 tempus
3269 4612 3463 4667 carnis
3498 4615 3688 4665 morte
3728 4610 3814 4664 in-

2156 4711 2462 4784 terposita,
2492 4709 2658 4764 electi
2708 4707 3039 4773 transeunt,
3075 4703 3213 4758 illuc
3247 4698 3448 4773 procul
3491 4699 3676 4754 dubio
3721 4717 3811 4770 pa-

2159 4806 2354 4858 rentes
2386 4798 2556 4872 primi
2591 4797 2639 4853 si
2671 4796 2728 4850 in
2759 4792 3114 4850 conditionis
3146 4808 3264 4846 sum
3296 4795 3452 4846 statu
3518 4788 3812 4859 perstitis-

2161 4896 2312 4960 sent,
2342 4889 2517 4945 etiam
2549 4887 2676 4942 sine
2704 4889 2890 4940 morte
2922 4896 3232 4954 corporum
3260 4877 3565 4935 transferri
3592 4879 3812 4948 potuis-

2160 4984 2308 5036 sent.

2161 5079 2290 5134 CAP.
2330 5091 2339 5126 ’.
2364 5079 2417 5132 6.
2452 5107 2518 5116 —
2552 5073 2702 5143 Quod
2731 5088 2830 5128 nos
2859 5069 3112 5126 carnales
3142 5069 3203 5123 in
3233 5066 3395 5132 huius
3424 5063 3631 5143 exsilii
3666 5063 3811 5121 caeci-

2235 5156 2356 5204 tate
2377 5150 2516 5213 nati,
2548 5137 2720 5217 puero
2749 5146 2811 5217 in
2843 5157 3066 5217 carcere
3090 5144 3220 5195 nato
3251 5144 3300 5195 et
3358 5137 3576 5192 nutrito
3606 5152 3809 5207 compa-

2231 5238 2421 5277 remur
2451 5213 2568 5290 (libi.
2605 5235 2658 5273 1v
2686 5215 2906 5284 Dialog.
2940 5229 2985 5268 c.
3024 5213 3097 5284 1).
3254 5270 3259 5276 ,

2232 5315 2551 5378 Postquam
2581 5308 2650 5361 de
2677 5303 2932 5376 paradisi
2954 5300 3188 5374 gaudiis
3211 5299 3385 5370 culpa
3403 5298 3676 5370 exigente
3697 5298 3813 5370 put-

2162 5416 2264 5455 eus
2294 5402 2383 5453 est
2414 5396 2641 5468 primus
2690 5390 2939 5448 humani
2987 5389 3218 5462 generis
3270 5403 3506 5461 parens,
3548 5385 3610 5442 in
3641 5385 3806 5457 huius

2161 5485 2349 5544 exsilii
2384 5491 2559 5556 atque
2589 5481 2867 5540 caecitatis
2894 5496 3069 5552 quam
3091 5478 3352 5551 patimur
3378 5491 3706 5532 aerumnam
3727 5491 3812 5531 ve-
