4000 6060
212 240 323 292 977

1013 238 1324 292 DECRETI
1364 236 1549 288 PARS
1584 232 1759 285 XVII.
1806 256 1874 265 -—
1920 228 2019 280 DE
2059 225 2250 285 FIDE,
2288 222 2418 274 SPE
2457 222 2550 273 ET
2587 219 2874 273 CHARIT.

3537 210 3642 263 978

212 362 473 435 nit,quia
497 361 790 434 peccando
813 364 973 416 extra
994 359 1376 430 semetipsum
1403 358 1591 423 fusus,
1632 350 1872 424 jamilla
1903 352 1953 418 Α
1983 346 2302 403 vincendas
2334 342 2528 399 carnis
2577 338 3107 412 concupiscentias,
3142 337 3253 393 nisi
3308 353 3410 409 per
3449 334 3641 407 quoti-

212 452 467 507 coelestis
494 451 692 523 patriae
716 449 952 521 gaudia,
983 466 1109 520 quas
1137 449 1298 518 prius
1339 444 1867 515 contemplabatur,

208 543 411 597 videre
438 560 549 597 non
579 541 788 613 potuit.
821 540 1000 594 Homo
1021 540 1238 610 quippe
1263 539 1317 591 in
1354 536 1623 609 paradiso
1661 550 1866 589 assue-

207 638 373 686 verat
402 630 595 685 verbis
630 631 725 684 Dei
776 629 1018 701 perfrui,
1071 634 1127 682 et
1174 629 1475 682 beatorum
1526 624 1868 696 angelorum

210 720 524 791 spiritibus
558 719 751 773 cordis
786 717 1097 777 munditia,
1133 721 1189 769 et
1227 714 1580 771 celsitudine
1630 712 1869 767 visionis

208 810 537 864 interesse:
575 808 675 863 sed
713 812 1024 879 postquam
1060 806 1171 860 huc
1221 805 1450 868 cecidit,
1492 804 1562 857 ab
1608 801 1705 855 illo
1756 817 1869 870 quo

207 897 574 968 implebatur
598 896 814 951 mentis
841 895 1064 949 lumine
1084 893 1341 948 recessit.
1370 898 1444 946 Ex
1468 892 1637 961 cujus
1668 889 1870 944 videli-

207 993 300 1041 cet
330 1002 522 1055 carne,
556 1003 659 1041 nos
686 985 747 1039 in
783 985 962 1055 hujus
996 983 1185 1038 exsilii
1215 984 1472 1038 caecitate
1523 980 1641 1035 nati
1698 979 1867 1034 audi-

209 1091 345 1129 mus
381 1074 617 1144 quidem
653 1090 781 1129 esse
812 1072 1105 1129 caelestem
1137 1072 1407 1143 patriam,
1441 1070 1716 1125 audimus
1744 1070 1871 1138 ejus

207 1164 365 1218 cives
399 1162 638 1234 angelos
674 1163 792 1231 Dei,
828 1162 1105 1218 audimus
1151 1160 1492 1217 eorumdem
1526 1157 1868 1231 angelorum

212 1254 405 1309 socios
434 1253 1000 1324 spiritusjustorum
1027 1256 1082 1307 et
1101 1252 1515 1322 perfectorum,
1543 1248 1640 1303 sed
1666 1264 1870 1301 carna-

213 1342 300 1398 les
332 1343 552 1413 quique
584 1341 725 1414 quia
756 1341 856 1395 illa
887 1339 1207 1395 invisibilia
1238 1340 1387 1395 scire
1418 1356 1533 1394 non
1560 1337 1753 1393 valent
1770 1352 1873 1407 per

212 1431 705 1503 experimentum,
740 1431 1015 1485 dubitant
1047 1436 1324 1485 utrumne
1356 1429 1431 1484 sit
1460 1428 1615 1500 quod
1664 1443 1867 1497 corpo-

212 1520 441 1575 ralibus
472 1520 661 1575 oculis
692 1537 807 1575 non
838 1520 1057 1575 vident.
1090 1520 1226 1583 Quae
1274 1518 1557 1574 nimirum
1600 1516 1867 1572 dubietas

210 1610 401 1681 primo
431 1610 655 1681 parenti
689 1614 888 1665 nostro
915 1609 1110 1665 inesse
1134 1626 1245 1664 non
1275 1609 1484 1680 potuit,
1510 1606 1648 1676 quia
1670 1604 1867 1659 exclu-

211 1717 314 1755 sus
349 1716 381 1755 a
414 1700 669 1771 paradisi
702 1700 957 1789 gaudiis,
1009 1699 1117 1789 hoc
1168 1700 1320 1770 quod
1370 1698 1668 1764 amiserat,
1720 1711 1867 1765 quo-
1897 1726 1945 1789 B

214 1790 375 1844 niam
405 1789 652 1858 viderat,
688 1788 996 1845 recolebat.
1030 1788 1097 1843 Hi
1131 1792 1329 1843 autem
1360 1786 1578 1842 sentire
1599 1784 1686 1839 vel
1710 1799 1868 1838 reco-

215 1877 335 1933 lere
367 1878 564 1933 audita
596 1896 708 1933 non
746 1882 1015 1950 possunt,
1050 1876 1188 1949 quia
1210 1893 1410 1931 eorum
1435 1874 1683 1939 nullum,
1718 1872 1870 1926 sicut

217 1966 315 2021 ille
337 1966 647 2031 saltem,de
667 1967 961 2039 praeterito
986 1965 1447 2037 experimentum
1472 1966 1689 2018 tenent.
1718 1966 1797 2015 Ac
1821 1961 1869 2015 si

216 2056 374 2112 enim
408 2073 716 2128 praegnans
741 2055 953 2111 mulier
974 2054 1315 2109 mittaturin
1337 2067 1649 2116 carcerem,
1672 2050 1870 2120 ibique

216 2161 464 2217 puerum
499 2144 725 2216 pariat:
759 2145 858 2215 qui
894 2148 1089 2210 natus,
1122 2143 1179 2197 in
1212 2157 1443 2197 carcere
1486 2139 1786 2194 nutriatur
1817 2142 1873 2192 et

216 2238 462 2301 crescat,
493 2234 585 2289 cui
614 2234 661 2291 si
697 2234 944 2289 fortasse
978 2238 1160 2288 mater
1192 2248 1318 2302 quae
1350 2230 1554 2301 genuit
1595 2243 1729 2282 eum
1777 2243 1870 2280 so~

215 2321 353 2389 lem,
391 2323 612 2391 lunam,
647 2321 868 2387 stellas,
906 2329 1135 2377 montes
1192 2325 1249 2376 et
1297 2334 1559 2390 campos,
1608 2316 1872 2371 volantes

218 2426 373 2476 aves,
395 2415 698 2465 currentes
727 2426 909 2480 equos
936 2408 1220 2478 nominet,
1245 2407 1340 2462 ille
1362 2423 1495 2461 vero
1527 2406 1625 2476 qui
1658 2405 1717 2459 in
1745 2420 1869 2459 car-

221 2514 349 2553 cere
381 2504 555 2554 natus
586 2504 676 2555 est
706 2512 764 2554 et
796 2499 1078 2569 nutritus,
1112 2497 1259 2553 nihil
1294 2496 1452 2552 aliud
1496 2512 1669 2567 quam
1705 2499 1872 2548 tene-

221 2587 357 2642 bras
389 2589 642 2643 carceris
673 2588 840 2657 sciat,
874 2592 929 2642 et
960 2587 1080 2641 haec
1113 2586 1350 2659 quidem
1373 2601 1500 2640 esse
1521 2584 1742 2653 audiat,
1767 2582 1871 2637 sed

223 2677 363 2750 quia
393 2694 496 2749 per
525 2678 990 2750 experimentum
1025 2696 1139 2733 non
1183 2677 1361 2746 novit,
1412 2674 1694 2731 veraciter
1742 2688 1873 2728 esse

224 2767 479 2834 diffidat,
503 2768 584 2823 ita
604 2769 661 2823 in
689 2768 797 2824 hac
820 2767 1008 2824 exsilii
1031 2768 1123 2822 sui
1145 2768 1401 2822 caecitate
1428 2766 1549 2821 nati
1580 2764 1871 2828 homines,

226 2858 369 2913 dum
404 2874 534 2913 esse
566 2875 800 2913 summa
829 2862 885 2914 et
914 2856 1233 2912 invisibilia
1284 2856 1549 2922 audiunt,
1597 2854 1875 2909 difﬁdunt

225 2964 297 3002 an
329 2963 464 3002 vera
496 2946 634 3014 sint,
668 2947 803 3017 quia
833 2946 955 3002 sola
1003 2946 1124 3001 haec
1172 2946 1230 3000 in
1284 2945 1498 3017 quibus
1540 2944 1659 2999 nati
1713 2947 1874 3012 sunt,

227 3036 432 3091 intima
463 3039 520 3090 et
549 3035 807 3091 visibilis
864 3038 1169 3091 noverunt.
1220 3033 1384 3089 Unde
1436 3032 1653 3087 factum
1693 3036 1782 3086 est
1813 3035 1877 3086 ut

226 3124 353 3195 ipse
385 3124 772 3179 invisibilium
807 3128 863 3180 et
913 3124 1234 3179 visibilium
1268 3126 1502 3177 Creator
1531 3121 1601 3175 ad
1636 3116 1881 3175 humani
1913 3093 1954 3158 C

226 3214 457 3285 generis
484 3215 947 3287 redemptionem
980 3214 1331 3287 Unigenitus
1357 3213 1541 3267 Patris
1561 3210 1802 3279 veniret,
1828 3214 1883 3264 et

227 3301 514 3374 Spiritum
539 3308 805 3358 sanctum
830 3304 900 3358 ad
934 3304 1110 3358 corda
1140 3306 1343 3357 nostra
1370 3301 1644 3367 mitteret,
1683 3302 1881 3370 quate-

230 3407 343 3447 nus
368 3406 471 3462 per
491 3406 626 3446 eum
649 3391 923 3446 viviﬁcati
941 3392 1336 3455 crederemus,
1362 3405 1489 3460 quas
1515 3387 1610 3441 hic
1644 3386 1880 3456 [adhuc,

230 3480 340 3549 or.]
370 3480 519 3535 scire
551 3497 652 3551 per
683 3481 1151 3551 experimentum
1190 3497 1304 3535 non
1340 3493 1678 3549 possumus.
1705 3478 1883 3541 Quot-

231 3572 371 3639 quot
392 3584 529 3640 ergo
559 3568 717 3624 hunc
741 3570 1016 3641 spiritum
1040 3568 1397 3623 hareditatis
1434 3570 1648 3621 nostrae
1671 3564 1884 3636 pignus

235 3658 589 3727 accepimus,
633 3659 703 3713 de
752 3660 873 3713 vita
919 3657 1307 3712 invisibilium
1360 3671 1472 3710 non
1520 3653 1883 3709 dubitamus.

235 3747 510 3818 Quisquis
544 3753 737 3803 autem
773 3749 828 3803 in
876 3748 983 3803 hac
1028 3747 1374 3803 credulitate
1420 3746 1611 3800 adhuc
1661 3742 1885 3798 solidus

234 3853 350 3891 non
384 3840 493 3900 est,
518 3837 691 3893 debet
722 3836 921 3908 procul
957 3837 1136 3891 dubio
1182 3836 1472 3905 majorum
1523 3832 1697 3887 dictis
1744 3848 1885 3901 prae-

236 3927 372 3979 bere
403 3925 598 3991 fidem,
633 3926 831 3997 eisque
855 3928 980 3996 jam
1014 3943 1115 3997 per
1144 3924 1429 3996 Spiritum
1480 3926 1747 3977 sanctum
1802 3920 1887 3974 in-

236 4015 557 4070 visibilium
591 4016 1058 4087 experimentum
1090 4014 1441 4069 habentibus
1470 4012 1722 4076 credere,
1749 4010 1888 4080 quia

235 4102 456 4159 stultus
488 4121 634 4176 puer
656 4109 765 4172 est,
801 4104 850 4160 si
882 4110 1128 4158 matrem
1169 4103 1298 4157 ideo
1330 4102 1581 4157 aestimat
1633 4102 1705 4155 de
1756 4098 1887 4155 luce

236 4193 497 4261 mentiri,
531 4195 669 4265 quia
701 4194 827 4267 ipse
858 4193 1004 4249 nihil
1039 4192 1195 4249 aliud
1228 4208 1406 4265 quam
1440 4191 1711 4247 tenebras
1761 4205 1887 4243 car-

235 4281 387 4337 ceris
416 4282 679 4352 agnovit.

237 4399 368 4450 CAA.
399 4396 490 4450 27.
526 4426 593 4436 —
626 4395 775 4463 Quod
800 4411 903 4466 per
947 4386 1305 4465 semetipsum
1336 4409 1495 4448 nemo
1542 4391 1716 4466 bonus
1766 4389 1891 4466 fieri

1980 437 2223 491 dianum
2256 430 2615 503 adjutorium
2652 431 2747 483 Dei
2780 426 3275 500 perseverantiam
3307 426 3468 479 bona)
3488 440 3626 478 con-

1979 524 2327 581 versationis
2356 520 2665 591 acceperit.
2702 519 2848 573 Nam
2875 515 3146 587 quamvis
3168 512 3466 568 hominem
3483 512 3636 565 redi-

1980 621 2206 670 mereta
2225 610 2532 683 prmteritis
2553 610 2649 664 ille
2675 607 3147 679 peccatis,tamen
3169 618 3303 658 eum
3324 602 3516 656 sciens
3540 600 3643 653 ite-

1982 722 2111 758 rum
2142 719 2309 773 posse
2343 716 2602 772 peccare,
2636 698 2708 751 ad
2732 694 3159 767 reparationem
3194 691 3325 759 sibi,
3361 689 3640 759 quemad-

1982 795 2221 849 modum
2255 794 2451 862 posset
2484 787 2651 841 illum
2685 791 2741 840 et
2774 790 2903 856 post
2934 783 3049 837 ista
3079 780 3390 851 corrigere,
3453 776 3641 831 multa

1981 883 2250 950 servavit,
2284 878 2635 951 quotidiana
2670 880 2952 946 praestans
2995 872 3078 925 illi
3110 869 3380 933 remedia,
3416 868 3639 938 quibus

1980 974 2095 1028 nisi
2131 972 2259 1027 freti
2292 967 2615 1038 conlisique
2644 965 2923 1027 nitamur,
2951 960 3293 1015 nullatenus
3346 956 3638 1010 humanos

1979 1065 2209 1119 vincere
2239 1058 2564 1131 poterimus
2617 1069 2862 1110 errores.
2923 1051 3173 1105 Necesse
3227 1052 3315 1102 est
3363 1046 3518 1100 enim
3572 1049 3639 1100 ut

1978 1169 2089 1222 quo
2121 1149 2443 1206 auxiliante
2464 1144 2776 1209 vincimus,
2811 1157 2877 1196 eo
2910 1140 3121 1195 iterum
3156 1153 3271 1192 non
3322 1135 3639 1205 adjuvante

1976 1241 2301 1296 vincamur.

1978 1332 2113 1387 CAP.
2144 1330 2234 1383 29.
2272 1359 2335 1368 —
2368 1328 2439 1381 De
2468 1323 2658 1380 eadem
2690 1336 2767 1447 rec.
2907 1317 3141 1373 decretis
3166 1312 3409 1383 ejusdem
3451 1309 3634 1382 (ibid.,

2049 1490 2211 1556 Quod
2245 1488 2327 1542 ita
2358 1491 2511 1540 Deus
2556 1485 2616 1538 in
2667 1480 2945 1537 cordibus
3007 1477 3304 1531 hominum
3351 1477 3526 1544 atque
3576 1470 3635 1525 in

1976 1580 2105 1651 ipso
2140 1579 2321 1634 libero
2357 1580 2633 1647 operetur
2661 1568 2927 1638 arbitrio,
2978 1572 3042 1622 ut
3084 1570 3287 1621 sancta
3336 1560 3633 1633 cogitatio.

1980 1667 2141 1740 pium
2174 1667 2509 1734 consilium,
2541 1662 2853 1732 omnisque
2889 1662 3086 1713 motus
3120 1656 3284 1710 bonae
3313 1648 3633 1706 voluntatis

1978 1776 2046 1815 ex
2077 1760 2191 1814 Deo
2223 1759 2320 1827 sit,
2354 1756 2495 1828 quia
2526 1770 2627 1826 per
2657 1752 2827 1807 illum
2861 1748 3081 1820 aliquid
3121 1744 3255 1800 boni
3290 1756 3631 1814 possumus,

1978 1849 2106 1905 sine
2137 1862 2251 1918 quo
2293 1845 2440 1900 nihil
2472 1857 2792 1915 possumus
2825 1841 2998 1908 (Joan.
3032 1836 3144 1906 xv).
3177 1834 3261 1888 Ad
3291 1833 3441 1886 hanc
3470 1828 3628 1884 enim

1979 1954 2085 1992 nos
2120 1934 2541 2008 professionem
2573 1931 2726 1985 idem
2749 1921 3245 1991 doctorinstituit,
3268 1921 3365 1993 qui
3392 1935 3525 1974 cum
3553 1918 3625 1970 ad

1979 2005 2159 2082 totius
2181 2023 2341 2079 orbis
2364 2021 2670 2092 episcopos
2693 2018 2764 2070 de
2787 2015 2997 2069 divinae
3021 2011 3218 2083 gratia:
3243 2005 3628 2079 opitulatione

1980 2114 2337 2185 loqueretur.
2376 2108 2539 2174 Quod
2572 2122 2731 2177 ergo,
2766 2104 2864 2170 ait,
2909 2105 3144 2171 tempus
3173 2093 3485 2151 intervenit
3515 2107 3630 2163 quo

1980 2204 2108 2274 ejus
2136 2218 2249 2256 non
2284 2213 2557 2270 egeamus
2589 2192 2844 2249 auxilio?
2876 2193 2937 2246 In
2973 2188 3250 2245 omnibus
3282 2183 3462 2256 igitur
3489 2180 3631 2234 acti-

1980 2293 2113 2359 bus,
2139 2290 2355 2353 causis,
2376 2280 3147 2359 cogitationibus,motibus,
3173 2276 3410 2346 adjutor
3433 2275 3635 2340 etpro-

1980 2388 2162 2437 tector
2217 2380 2477 2435 orandus
2545 2379 2633 2431 est
2687 2375 2953 2446 (Zosimus
3009 2385 3163 2441 papa
3220 2368 3277 2419 in
3337 2381 3420 2435 ep.
3480 2360 3635 2415 nobis

1978 2472 2208 2543 ignota).
2242 2467 2572 2539 Superbum
2606 2468 2695 2519 est
2733 2460 2888 2517 enim
2924 2457 3333 2529 utquidquam
3370 2450 3481 2506 sibi
3524 2448 3636 2502 hu-

1982 2539 2398 2614 mana'natura
2430 2556 2767 2625 praesumat,
2822 2548 3113 2602 clamante
3155 2540 3467 2613 Apostolo:
3518 2539 3638 2590 Non

1980 2652 2056 2703 est
2084 2648 2246 2702 nobis
2266 2641 2577 2699 colluctatio
2607 2640 2873 2693 adversus
2919 2650 3141 2689 carnem
3188 2640 3237 2685 et
3282 2627 3633 2697 sanguinem,

1978 2737 2069 2793 sed
2099 2739 2289 2791 contra
2316 2733 2599 2806 principes
2630 2737 2679 2784 et
2730 2729 3031 2798 potestates
3078 2722 3222 2777 aeris
3273 2718 3457 2789 hujus,
3507 2729 3639 2768 con-

1981 2830 2067 2882 tra
2097 2804 2379 2898 spiritalia
2408 2821 2670 2893 nequitur
2702 2821 2761 2873 in
2809 2815 3113 2874 cwlestibus
3170 2809 3386 2882 (Ephes.
3441 2805 3539 2875 vx).
3573 2804 3644 2857 Et

1984 2896 2138 2974 sicut
2170 2916 2380 2969 iterum
2405 2912 2528 2982 ipse
2560 2907 2738 2962 dicit:
2773 2906 2977 2977 Infelix
3006 2918 3100 2971 ego
3145 2900 3300 2955 homo
3328 2900 3338 2953 ι
3392 2896 3513 2966 quis
3554 2909 3643 2947 me

1985 3008 2248 3064 liberabit
2294 3004 2360 3057 de
2398 3015 2622 3072 corpore
2669 2998 2862 3052 mortis
2910 2994 3121 3064 hujus?
3173 2988 3363 3045 Gratia
3411 2984 3508 3039 Dei
3551 2998 3647 3049 per

1990 3101 2170 3155 Jesum
2219 3094 2493 3149 Christum
2547 3089 2839 3144 Dominum
2895 3093 3149 3139 nostrum
3200 3079 3376 3150 (Rom.
3424 3075 3546 3143 vn).
3580 3074 3648 3124 Et

1991 3189 2201 3243 iterum
2232 3202 2243 3240 :
2278 3183 2467 3238 Gratia
2494 3181 2592 3235 Dei
2622 3194 2743 3233 sum
2778 3174 2832 3230 id
2863 3172 3003 3245 quod
3045 3187 3187 3235 sum,
3221 3177 3270 3224 et
3300 3166 3481 3237 gratia
3528 3162 3649 3232 ejus

1992 3280 2053 3333 in
2080 3292 2165 3331 me
2196 3290 2370 3329 vacua
2400 3287 2507 3325 non
2552 3270 2685 3339 fuit,
2734 3264 2825 3320 sed
2874 3263 2997 3334 plus
3028 3260 3147 3315 illis
3195 3255 3448 3312 omnibus
3494 3252 3648 3306 labo-

1991 3369 2139 3423 ravi.
2173 3368 2289 3422 Non
2310 3379 2402 3433 ego
2433 3365 2639 3428 autem,
2666 3356 2759 3413 sed
2802 3356 2994 3427 gratia
3047 3352 3143 3406 Dei
3187 3363 3403 3403 mecum
3451 3345 3493 3411 (Ι
3526 3341 3647 3397 Cor.

1992 3458 2108 3527 xv).

1991 3551 2127 3605 CAP.
2157 3548 2245 3601 30.
2276 3575 2343 3584 —
2377 3540 2526 3609 Quod
2563 3539 2745 3607 gratia
2794 3534 2993 3590 divina
3036 3546 3147 3585 non
3196 3528 3374 3609 solum
3427 3530 3651 3609 peccata

2062 3594 2328 3679 dimittat,
2360 3594 2642 3669 Quinam
2673 3609 2892 3676 adjuvet
2912 3620 2981 3660 ne
3011 3594 3450 3658 committuntur.
3489 3594 3648 3663 Greg.

2076 3694 2125 3744 in
2156 3687 2399 3744 Moralib.

2064 3709 2125 3746 in
2156 3705 2399 3744 moram).

2063 3779 2225 3845 Quod
2257 3778 2445 3849 gratia
2475 3773 2575 3829 Dei
2609 3787 2725 3826 non
2759 3765 2953 3823 solum
2986 3770 3227 3835 peccata
3247 3758 3527 3825 dimittat,
3547 3755 3648 3810 sed

1993 3871 2165 3926 etiam
2202 3846 2437 3937 adjuvet
2468 3880 2541 3918 ne
2582 3858 3052 3923 committantur,
3100 3856 3158 3908 et
3188 3850 3278 3905 lex
3310 3846 3649 3918 impleatur,

1994 3978 2108 4016 non
2128 3954 2567 4026 sicutPelagius
2600 3951 2700 4015 ait,
2726 3948 2919 4020 facile,
2967 3942 3135 4015 quasi
3169 3941 3294 3996 sine
3334 3935 3525 4008 gratia
3549 3934 3651 3989 Dei

1994 4047 2296 4104 difﬁcilius
2324 4023 2511 4114 possit
2532 4034 2956 4109 impleri.Illud
2979 4032 3150 4087 etiam
3178 4026 3333 4099 quod
3355 4025 3510 4077 intra
3525 4023 3658 4076 Car-

1995 4108 2361 4209 thaginensis
2394 4128 2601 4203 synodi
2626 4108 2874 4181 decreta
2911 4119 3301 4176 constitutum
3341 4116 3449 4179 est,
3485 4108 3656 4209 quasi

1997 4197 2227 4301 proprie
2258 4197 2588 4295 apostolicae
2608 4215 2765 4272 sedis
2791 4209 3223 4283 amplectimur,
3251 4203 3403 4274 quod
3430 4197 3656 4255 scilicet

1996 4288 2169 4374 tertio
2201 4288 2458 4384 capitulo
2493 4307 2802 4364 deﬁnitum
2837 4306 2946 4371 est,
2980 4304 3043 4355 ut
3074 4297 3415 4369 quicunque
3442 4288 3653 4343 dixerit

1998 4406 2246 4477 gratiam
2275 4378 2379 4457 Dei
2415 4415 2530 4470 qua
2553 4395 2961 4467 justiﬁcamur
2990 4406 3092 4460 per
3120 4387 3321 4442 Jesum
3354 4378 3652 4436 Christum

312 4468 501 4553 Εθδῆέί·
526 4468 610 4521 Ex
638 4461 1028 4553 Qqcr'vwlwt'
1056 4461 1227 4539 Ρίῴκ
1275 4468 1459 4538 (epm'
1496 4468 1543 4530 ‘1’
1594 4462 1668 4518 ad
1720 4461 1886 4534 epis“
1921 4467 1966 4531 D
1999 4461 2313 4553 Dominum
2348 4461 2642 4550 nostrum,
2676 4484 2746 4539 ad
2770 4481 3179 4537 remissionem
3216 4472 3401 4531 solam
3445 4483 3651 4541 pecca-

309 4539 531 4607 Gallim,
559 4553 610 4594 c.
641 4539 719 4611 5).

310 4644 618 4701 Neminem
641 4660 765 4702 esse
786 4662 885 4714 per
907 4645 1292 4716 semetipsum
1323 4642 1683 4711 llonum,nisi
1707 4640 1891 4713 parti-

241 4733 597 4807 cipationem
631 4735 721 4790 sui
754 4734 852 4790 ille
884 4735 1058 4790 donet
1090 4732 1370 4805 quisolus
1393 4737 1481 4787 est
1503 4733 1712 4787 bonus.
1739 4734 1893 4784 Nun—

241 4824 383 4895 quid
419 4841 523 4880 nos
555 4825 626 4881 de
656 4841 861 4880 eorum
897 4828 1030 4896 post
1060 4822 1180 4877 haec
1202 4826 1425 4877 rectum
1459 4821 1754 4875 mentibus
1785 4836 1890 4873 ass-

238 4916 544 4987 timemus,
578 4916 675 4988 qui
710 4917 823 4973 sibi
857 4932 919 4971 se
940 4917 1151 4987 putant
1171 4912 1367 4968 deberi
1392 4912 1544 4984 quod
1570 4910 1705 4965 boni
1730 4913 1888 4969 sunt,

241 5023 348 5063 nec
372 5006 540 5064 illum
574 5010 957 5064 considerant
987 5008 1159 5078 cujus
1183 5005 1443 5077 quotidie
1473 5003 1721 5076 gratiam
1756 5018 1892 5057 con-

241 5104 591 5170 sequuntur,
634 5100 735 5171 qui
767 5100 896 5155 sine
926 5097 1027 5154 illo
1063 5101 1292 5154 tantum
1351 5112 1413 5152 se
1443 5094 1677 5166 assequi
1721 5108 1895 5165 posse

240 5186 599 5242 conﬁdunt?

240 5301 381 5357 CAP.
412 5304 501 5358 28.
536 5334 603 5346 -
631 5305 704 5361 De
736 5304 925 5361 eadem
954 5317 1033 5357 re.
1188 5300 1418 5356 decretis
1445 5299 1683 5370 ejusdem
1712 5294 1892 5369 (ibid.,

986 5389 1031 5429 c.
1144 5412 1155 5424 .

319 5479 624 5538 Neminem
643 5482 818 5538 etiam
832 5477 1213 5553 baptismatis
1224 5477 1413 5549 gratia
1426 5481 1764 5533 renovatum
1779 5474 1899 5529 ido-

246 5588 427 5629 neum
448 5590 576 5630 esse
597 5575 668 5630 ad
694 5572 1057 5646 superandas
1081 5568 1297 5626 diaboli
1328 5569 1596 5642 insidias,
1621 5573 1678 5625 et
1698 5568 1767 5624 ad
1793 5567 1897 5622 de-

1999 4591 2192 4643 torum
2221 4581 2412 4639 valere
2444 4594 2571 4650 qua
2597 4576 2725 4646 jam
2753 4568 3074 4627 commissa
3104 4568 3262 4631 sunt,
3316 4577 3433 4618 non
3477 4555 3653 4613 etiam

2000 4676 2073 4731 ad
2105 4645 2485 4741 adjutorium,
2519 4645 2732 4721 utinon
2766 4658 3174 4720 admittantur,
3210 4651 3522 4708 anathema
3553 4645 3650 4699 sit.

2000 4766 2069 4819 Et
2100 4738 2309 4817 iterum
2344 4760 2553 4829 quarto
2586 4749 2843 4824 capitulo
2873 4765 2885 4802 :
2926 4770 2954 4797 «
2987 4742 3266 4814 Quisquis
3289 4738 3498 4795 dixerit
3520 4750 3651 4808 gra-

2000 4855 2142 4909 tiam
2180 4850 2276 4906 Dei
2309 4864 2409 4919 per
2437 4846 2640 4900 Jesum
2674 4839 2998 4901 Christum,
3021 4837 3259 4906 propter
3289 4829 3397 4883 hoc
3421 4829 3651 4881 tantum

2002 4959 2107 4997 nos
2143 4939 2424 5009 adjuvare
2455 4934 2525 4988 ad
2562 4948 2673 4985 non
2709 4926 3096 5000 peccandum,
3126 4921 3263 4991 quia
3322 4932 3424 4988 per
3466 4914 3653 4984 ipsam

2004 5031 2173 5087 nobis
2208 5000 2496 5083 revelatur
2526 5029 2578 5076 et
2618 5018 2877 5089 aperitur
2933 5007 3323 5081 intelligentia
3357 5000 3657 5058 mandatos

2003 5134 2135 5175 rum
2168 5115 2290 5186 Dei,
2324 5118 2387 5169 ut
2418 5112 2679 5167 sciamus
2703 5106 2844 5178 quid
2879 5108 3151 5174 appetere
3181 5103 3237 5152 et
3278 5093 3418 5166 quid
3473 5091 3655 5143 vitare

2005 5209 2346 5270 debeamus,
2378 5219 2493 5257 non
2528 5202 2727 5255 autem
2761 5212 2861 5266 per
2893 5191 3054 5246 illam
3083 5187 3251 5241 nobis
3283 5178 3567 5255 praestari,
3589 5179 3656 5229 ut

2006 5296 2161 5368 quod
2194 5291 2526 5348 faciendum
2564 5283 2966 5358 cognovimus,
3002 5278 3174 5333 etiam
3231 5276 3415 5328 facere
3446 5264 3655 5335 diliga-

2006 5402 2139 5440 mus
2167 5388 2341 5454 atque
2372 5379 2691 5441 valeamus,
2744 5369 3052 5427 anathema
3104 5365 3202 5419 sit.
3232 5384 3259 5411 »
3318 5360 3461 5415 Cum
3495 5352 3653 5408 enim

2006 5474 2163 5528 dicat
2191 5443 2505 5542 Apostolus
2532 5483 2544 5520 ε
2579 5461 2819 5519 Scientia
2851 5459 3035 5527 inﬂat,
3071 5453 3319 5508 charitas
3356 5460 3487 5501 vero
3516 5443 3654 5498 aedi-

2025 5564 2151 5635 ﬁcat
2202 5536 2254 5633 (ί
2278 5561 2399 5617 Cor.
2433 5555 2580 5627 vni),
2610 5549 2779 5607 valde
2810 5546 3052 5618 impium
3097 5547 3188 5599 est
3229 5544 3295 5595 ut
3342 5536 3652 5592 credamus
