3948 6072
343 117 463 210 ’979

1437 160 1504 211 D.
1547 154 1784 210 IVONIS
1818 153 2318 210 CARNOTBNSIS
2353 158 2673 214 EPISCOPI

3671 155 3793 207 980

357 278 427 333 ad
461 292 588 332 eam
609 292 738 348 quas
761 275 929 331 inﬂat
961 292 1067 332 nos
1091 277 1307 333 habere
1329 277 1573 347 gratiam
1593 276 1910 346 Christi,et
1928 277 1999 331 ad
2031 277 2088 342 Α
2118 278 2216 344 cit,
2243 294 2355 332 non
2379 295 2508 334 esse
2546 278 2938 351 praesentiam,
2988 278 3158 349 quasi
3194 277 3396 347 futuri,
3441 278 3542 332 sed
3577 277 3785 332 scien-

352 382 482 421 eam
521 382 643 437 qua:
673 367 922 422 aediﬁcat
955 383 1070 421 non
1101 366 1338 432 habere,
1370 382 1504 421 cum
1563 366 1638 420 sit
1691 370 2006 435 utrumque
2113 366 2254 420 tiam
2282 384 2584 438 nunquam
2609 365 3244 423 deﬁcientisinstantias
3277 366 3493 421 rectius
3517 367 3790 421 aestima-

353 456 576 511 donum
611 457 730 520 Dei,
763 461 822 512 et
849 457 999 512 scire
1028 457 1164 526 quid
1201 458 1388 511 facere
1419 456 1762 520 debeamus,
1796 459 1854 509 et
1875 453 2006 508 dili-

2116 455 2222 509 bit.
2257 457 2420 512 Unde
2451 474 2566 513 non
2599 457 2997 530 praevidentia,
3029 457 3127 512 sed
3173 456 3542 527 providentia
3573 455 3788 528 potius

353 560 489 616 gere
520 549 584 599 ut
614 545 922 616 faciamus,
955 551 1038 614 ut,
1072 545 1394 600 aediﬁcante
1435 544 1737 610 charitate,
1763 541 2010 598 scientia
2117 542 2353 608 dicitur,
2390 551 2542 616 quoot
2576 563 2746 616 porro
2788 546 2859 600 ab
2922 547 3094 600 rebus
3149 545 3370 599 intimis
3428 545 3790 612 constituta,

354 647 472 686 non
509 633 697 703 possit
730 633 956 688 inflare.
1009 633 1167 687 Sicut
1197 637 1392 688 autem
1439 633 1510 687 de
1562 633 1677 687 Deo
1727 632 2011 701 scriptum

357 723 487 774 est:
521 724 631 790 Qui
689 721 843 777 docet
900 723 1178 776 hominem
1231 722 1524 776 scientiam
1584 721 1764 792 (Psal.
1831 719 2010 788 xcm),

360 808 447 864 ita
485 809 654 864 etiam
713 811 998 882 scriptum
1057 817 1192 866 est:
1256 811 1513 866 Charitas
1563 827 1632 865 ea:
1689 812 1794 865 Deo
1846 813 1922 864 est
1973 809 2016 876 (1

360 900 521 955 Joan.
555 899 667 970 1v):
702 903 848 956 Item
882 901 1088 971 quinto
1123 900 1398 972 capitulo,
1433 907 1496 956 ut
1519 897 2018 973 quisquisdixerit

363 988 493 1044 ideo
525 989 694 1045 nobis
724 990 972 1062 gratiam
991 991 1437 1060 justiﬁcationis
1467 991 1616 1059 dari,
1649 995 1715 1045 ut
1743 989 1896 1060 quod
1929 989 2016 1042 fa-

366 1093 496 1133 cere
523 1093 625 1148 per
653 1077 1202 1148 liberumjubemur
1221 1079 1552 1145 arbitrium,
1574 1077 1803 1134 facilius
1831 1076 2019 1149 possi-

367 1182 502 1222 mus
533 1165 776 1239 implere
807 1185 911 1240 per
939 1169 1213 1240 gratiam,
1273 1185 1612 1240 quanquam
1661 1172 1716 1223 et
1749 1168 1797 1223 si
1833 1165 2022 1239 gratia

367 1271 484 1311 non
517 1256 757 1311 daretur
783 1274 896 1312 non
930 1258 1169 1328 quidem
1206 1259 1394 1327 facile,
1426 1258 1524 1313 sed
1563 1262 1760 1312 tamen
1812 1272 2022 1326 posse-

369 1361 504 1400 mus
535 1346 706 1401 etiam
739 1345 867 1400 sine
899 1346 998 1402 illa
1029 1346 1271 1418 implere
1301 1346 1499 1401 divina
1533 1348 1831 1414 mandata,
1879 1361 2022 1399 ana-

368 1433 573 1489 thema
603 1435 700 1489 sit.
736 1439 813 1490 De
843 1436 1133 1490 fructibus
1162 1436 1340 1490 etiam
1373 1435 1578 1507 [enim]
1612 1435 2022 1490 mandatorum

372 1529 660 1581 Dominus
689 1525 1062 1598 loquebatur,
1095 1526 1192 1580 ubi
1226 1541 1342 1581 non
1375 1527 1495 1580 ait:
1533 1528 1668 1581 Sine
1696 1539 1783 1579 me
1814 1522 2023 1578 diffici-

2120 633 2287 701 quasi
2308 635 2379 686 ab
2410 634 2636 689 excelso
2659 651 2854 689 rerum
2881 634 3181 689 cacumine
3199 640 3410 688 cuncta
3426 634 3788 706 prospiciat.

2122 720 2268 784 Quid
2297 720 2475 792 igitur
2504 722 2815 777 dicendum
2847 727 2957 792 est,
2991 725 3055 777 ut
3086 722 3415 777 necessaria
3451 722 3595 776 fiant
3656 739 3794 793 quae

2122 807 2316 863 divino
2349 809 2571 865 lumine
2603 809 2952 881 lustrentur,
2988 827 3122 865 cum
3149 826 3219 865 ne
3242 811 3513 866 homines
3537 810 3795 882 quidem

2124 898 2453 952 necessaria
2485 899 2700 954 faciant
2731 916 2859 954 esse
2919 915 3045 971 quae
3094 897 3381 954 videant?
3430 902 3585 952 Num
3627 898 3796 953 enim

2127 1009 2251 1064 quae
2274 990 2584 1060 praesentia
2605 995 2950 1058 cernuntur,
2975 989 3232 1062 aliquam
3257 990 3343 1045 eis
3367 988 3798 1045 necessitatem

2123 1079 2378 1135 videntis
2407 1079 2570 1134 addit
2597 1079 2850 1134 intuitus
2869 1079 2895 1133 ?
2925 1078 3188 1134 Minime.
3214 1077 3391 1150 Atqui
3414 1077 3466 1134 si
3488 1083 3581 1134 est
3601 1078 3799 1132 divini

2126 1169 2492 1240 humanique
2521 1169 2827 1240 praesentis
2887 1167 3066 1239 digna
3112 1166 3365 1237 collatio,
3399 1165 3485 1221 uti
3518 1165 3801 1221 homines

2129 1259 2238 1314 hoc
2296 1257 2655 1329 temporaria
2706 1257 2977 1328 praesenti
3023 1257 3292 1328 quaedam
3323 1256 3547 1323 vident,
3582 1256 3664 1310 ita
3697 1254 3804 1309 ille

2130 1347 2468 1416 omnia}suo
2499 1345 2684 1402 cernit
2711 1349 3144 1411 aeterno.0uare
3175 1346 3296 1400 haec
3326 1344 3525 1400 divina
3558 1360 3799 1417 praeno-

2131 1436 2211 1489 tio
2245 1440 2510 1490 naturam
2572 1450 2768 1490 rerum
2817 1433 3354 1505 proprietatemque
3404 1450 3520 1489 non
3573 1436 3798 1498 mutat,

2133 1524 2354 1597 talique
2387 1526 2542 1596 apud
2577 1541 2637 1580 se
2671 1524 2980 1595 praesentia
3010 1529 3254 1596 spectat,
3289 1522 3488 1595 qualia
3527 1522 3590 1577 in
3647 1527 3800 1577 tem-

375 1615 490 1671 lius
523 1614 763 1686 potestis
796 1615 984 1671 facere
1016 1635 1030 1684 ;
1065 1615 1167 1671 sed
1200 1615 1314 1672 ait:
1347 1615 1488 1670 Sine
1512 1630 1598 1670 me
1621 1615 1769 1669 nihil
1797 1613 2024 1684 potestis
2058 1649 2105 1714 Β
2138 1633 2274 1688 pore
2305 1615 2446 1671 olim
2479 1615 2679 1670 futura
2722 1615 3104 1687 proveniant;
3164 1631 3270 1670 nec
3326 1632 3523 1670 rerum
3571 1615 3803 1685 judicia

376 1706 560 1774 facere
590 1703 771 1776 (Joan.
802 1705 916 1775 xv).

385 1849 521 1901 CAP.
549 1845 638 1899 31.
675 1877 740 1886 -
770 1845 925 1915 Quod
952 1845 1367 1916 praedestinatio
1401 1844 1500 1900 Dei
1529 1847 1607 1899 ita
1637 1845 1710 1899 sit
1754 1843 2032 1904 ordinata.

456 1919 604 1990 utea
632 1919 827 1990 nociva
858 1933 976 1990 quae
1005 1918 1409 1990 praedestinata
1436 1923 1566 1973 sunt
1596 1918 1893 1974 electorum
1907 1930 2035 1987 pre-

457 1988 613 2043 cibus
638 1989 778 2044 εοιυί
800 1988 1144 2061 ᾳιὶθαηιαίὺ.
1179 2006 1196 2044 ι
1222 1989 1369 2044 Dial.
1402 2006 1448 2044 c.
1476 1991 1553 2061 8).

459 2113 724 2171 Obtineri
758 2131 1132 2186 nequaquam
1166 2119 1416 2186 possunt
1457 2132 1582 2186 qua:
1631 2112 2042 2186 praedestinata

386 2217 503 2257 non
524 2201 758 2271 fuerint,
795 2206 895 2259 sed
919 2219 987 2259 ea
1021 2220 1149 2275 qum
1173 2205 1358 2260 sancti
1385 2205 1491 2258 viri
1518 2203 1739 2258 orando
1759 2200 2042 2266 efﬁciunt,

386 2289 470 2346 ita
501 2291 911 2364 praedestinata
937 2296 1076 2348 sunt
1105 2296 1169 2347 ut
1189 2292 1461 2363 precibus
1491 2291 2043 2347 obtineantur.Nam

386 2379 519 2452 ipsa
549 2396 785 2452 quoque
817 2380 1090 2452 perennis
1111 2381 1271 2451 regni
1300 2379 1736 2453 praedestinatio
1762 2379 1844 2433 ita
1866 2381 1954 2433 est
1975 2378 2047 2432 ab

390 2467 777 2540 omnipotenti
810 2469 926 2525 Deo
958 2469 1267 2540 disposita,
1301 2474 1364 2524 ut
1397 2469 1466 2524 ad
1502 2468 1612 2522 hoc
1644 2465 1812 2522 electi
1861 2482 1929 2520 ex
1961 2465 2046 2520 la-

391 2559 531 2614 bore
561 2558 920 2630 perveniant,
955 2564 1249 2630 quatenus
1300 2557 1654 2630 postulando
1711 2558 2049 2610 mereantur

392 2646 672 2719 accipere,
705 2649 860 2720 quod
901 2647 986 2703 eis
1034 2647 1409 2720 omnipotens
1461 2652 1611 2703 Deus
1660 2649 1795 2701 ante
1837 2641 2049 2700 saecula

394 2735 686 2807 disposuit
707 2736 945 2791 donare.
974 2739 1222 2792 Parens.
1248 2735 1486 2790 Prohari
1511 2733 1650 2790 mihi
1673 2733 1933 2806 apertius
1955 2749 2048 2788 ve-

394 2821 499 2878 lim
537 2825 582 2878 si
609 2829 798 2896 potest
821 2825 1258 2896 prazdestinatio
1283 2825 1554 2896 precibus
1576 2821 1863 2893 adjuvari.
1907 2821 2049 2876 GBE-

396 2927 627 2968 Gomus.
659 2912 777 2968 Hoc
807 2913 965 2984 quod
997 2930 1126 2986 ego,
1159 2913 1346 2980 Petre,
1378 2912 1574 2980 intuli,
1635 2909 1858 2966 concite
1900 2907 2052 2964 volet

395 3001 852 3103 probariz-Coerte
879 3003 1096 3103 etenim
1131 3003 1304 3103 nosti,
1340 3002 1490 3103 quia.
1520 3003 1588 3058 ad
1609 3003 1901 3103 Abraham
1935 3003 2046 3103 Do-
2081 3024 2124 3090 ρ
2163 3001 2536 3092 ὲόιίίδίίέέίγῐηέ
2567 3001 2852 3103 νθνίηῖίε,

396 3090 596 3147 minus
619 3091 766 3147 dixit
791 3109 804 3148 :
831 3093 889 3146 In
912 3093 1062 3147 Isaac
1080 3091 1368 3148 vocabitur
1387 3093 1490 3146 tibi
1525 3109 1706 3147 semen
1729 3091 2046 3163 (Gen.xx1).

395 3177 502 3233 Cui
531 3178 708 3235 etiam
741 3179 1001 3235 dixerat:
1028 3182 1245 3235 Patrem
1285 3181 1598 3234 multarum
1632 3182 1890 3253 gentium
1920 3196 2052 3234 con-

392 3265 551 3322 stitui
579 3268 810 3339 te(Gen.
842 3268 1041 3338 xxvu).
1074 3267 1179 3322 Cui
1213 3283 1450 3322 rursum
1497 3269 1770 3338 promisit
1809 3267 2046 3323 dicens:

395 3356 723 3414 Benedicam
751 3358 876 3427 tibi,
924 3361 973 3414 et
1031 3357 1413 3430 multiplicabo
1461 3374 1646 3414 semen
1703 3367 1858 3413 tuum
1911 3359 2054 3414 sicut

395 3447 584 3502 stellas
611 3448 752 3516 caeli,
786 3455 837 3502 et
864 3446 1008 3500 sicut
1037 3463 1268 3501 arenam
1289 3463 1406 3517 quae
1434 3451 1514 3502 est
1544 3450 1604 3500 in
1657 3449 1844 3503 littore
1877 3449 2054 3501 maris

400 3535 555 3608 (Gen.
589 3554 729 3604 xxu,
760 3535 932 3608 xxvx).
967 3536 1045 3590 Ex
1075 3553 1192 3607 qua
1224 3553 1284 3592 re
1339 3541 1538 3607 aperte
1586 3537 1761 3591 datur
1804 3529 2054 3607 intelligi

403 3626 543 3696 quia
573 3626 941 3695 omnipotens
969 3625 1123 3680 Deus
1156 3641 1356 3680 semen
1380 3617 1630 3681 'Abrahaa
1666 3625 2054 3693 prmdestina-

401 3718 564 3771 verat
579 3731 680 3786 per
705 3715 869 3771 Isaac
893 3714 1305 3786 multiplicare,
1328 3720 1384 3770 et
1409 3720 1605 3769 tamen
1627 3715 1914 3787 scriptum
1933 3719 2049 3770 est:

402 3807 737 3878 Deprecatus
787 3809 865 3862 est
917 3806 1067 3861 Isaac
1115 3805 1408 3860 Dominum
1455 3821 1554 3876 pro
1608 3822 1779 3861 uxore
1835 3823 1937 3860 sua
1992 3821 2051 3861 eo

401 3894 544 3967 quod
571 3899 708 3951 esset
735 3895 963 3965 sterilis,
997 3895 1096 3964 qui
1122 3892 1414 3947 exaudivit
1471 3909 1618 3961 eum,
1652 3898 1702 3949 et
1734 3894 1879 3948 dedit
1924 3910 2051 3948 con-

398 3992 618 4062 ceptum
647 3989 898 4045 Rebeccae
932 3986 1093 4056 (Gen.
1141 3985 1293 4056 xxv).
1358 3985 1416 4040 Si
1469 3999 1606 4056 ergo
1644 3985 2053 4057 multiplicatio

399 4077 632 4150 generis
661 4076 904 4132 Abrahae
938 4090 1041 4146 per
1087 4073 1251 4128 Isaac
1308 4071 1724 4143 praedestinata
1773 4072 1900 4140 fuit,
1951 4090 2056 4128 cur

400 4165 711 4236 coniugem
749 4161 1006 4218 sterilem
1059 4159 1322 4232 accepit?
1352 4159 1460 4214 Sed
1497 4157 1774 4214 nimirum
1826 4163 2055 4214 constat

402 4255 542 4324 quia
573 4251 1005 4325 praedestinatio
1023 4250 1298 4322 precibus
1329 4246 1508 4320 impie
1523 4252 1704 4319 retur,
1735 4249 1970 4320 quando
2004 4250 2054 4304 is

402 4343 465 4397 in
495 4358 612 4413 quo
642 4339 927 4396 Dominus
961 4338 1356 4410 multiplicare
1386 4353 1585 4392 semen
1633 4339 1876 4394 Abrahae
1910 4355 2053 4411 prae-

405 4397 818 4498 dcstinaverat,
850 4397 1428 4485 oratione.obtinuit
1484 4428 1552 4480 ut
1608 4426 1793 4483 ﬁlium
1845 4397 2058 4489 habere
2087 4397 2135 4464 D

404 4518 710 4592 potuisset.

405 4670 538 4723 CAP.
570 4665 659 4720 32.
693 4696 760 4707 —
791 4665 864 4719 De
890 4665 989 4720 Dei
1016 4662 1382 4731 praevidentia
1410 4671 1460 4719 et
1480 4661 1658 4718 simul
1685 4661 2054 4734 providentia.

758 4737 894 4807 Aug.
922 4736 983 4791 in
1005 4737 1100 4791 lib.
1124 4735 1190 4792 de
1217 4735 1482 4793 Prwdest.
1519 4737 1657 4790 dicit
1683 4752 1702 4790 :

473 4867 658 4920 Omne
680 4859 974 4934 judicium
1008 4861 1334 4916 secundum
1367 4860 1457 4916 sui
1493 4864 1764 4916 naturam
1812 4876 1938 4932 quas
1972 4859 2058 4916 si-

399 4955 457 5011 bi
489 4952 760 5022 subjecta
791 4952 933 5005 sunt
961 4948 1427 5018 comprehendit.
1459 4950 1558 5004 Est
1591 4954 1784 5004 autem
1828 4966 2056 5021 semper

397 5043 516 5100 Deo
537 5045 812 5105 aeternus,
845 5054 911 5095 ac
933 5038 1346 5110 prasentarius
1373 5041 1588 5092 status.
1617 5037 1870 5093 Scientia
1909 5055 2054 5109 quo-

399 5147 514 5204 que
536 5144 773 5186 omnem
795 5124 1080 5198 temporis
1102 5141 1478 5196 supergressa
1507 5125 1916 5194 motionem,in
1935 5143 2052 5181 suae

400 5223 603 5278 manet
626 5216 1008 5290 simplicitate
1033 5212 1378 5287 praesentiae,
1404 5211 1755 5285 inﬁnitaque
1779 5213 2052 5286 preteriti

402 5327 469 5366 ac
499 5309 680 5366 futuri
711 5306 905 5381 spatia
935 5304 1351 5376 complectens,
1386 5303 1587 5359 omnia
1616 5304 1787 5375 quasi
1812 5303 1938 5374 jam
1963 5319 2054 5375 ge-

404 5403 614 5456 rantur
635 5399 696 5454 in
717 5414 828 5454 sua
848 5394 1103 5468 simplici
1126 5392 1460 5466 cognitione
1487 5392 2055 5464 considerat.ltaque

407 5490 456 5545 si
489 5487 858 5560 praesentiam
884 5501 1131 5560 pensare
1150 5485 1283 5557 quis
1303 5483 1442 5542 velit
1463 5498 1578 5555 qua
1599 5481 2054 5555 cunctadignos-

2141 1705 2466 1775 confundit,
2499 1721 2734 1776 unoque
2766 1721 2886 1760 suae
2910 1705 3125 1760 mentis
3148 1704 3367 1760 intuitu
3390 1709 3507 1759 tam
3532 1719 3803 1759 necessa-

2142 1797 2227 1852 rie
2259 1811 2434 1866 quam
2467 1811 2582 1850 non
2610 1794 2940 1850 necessarie
2969 1799 3216 1850 ventura
3247 1793 3563 1866 dignoscit.
3615 1793 3804 1847 Sicuti

2145 1883 2360 1956 aliquis
2393 1901 2526 1939 cum
2559 1882 2776 1955 pariter
2806 1882 3110 1939 ambulare
3141 1882 3198 1937 in
3230 1887 3386 1938 terra
3402 1883 3738 1946 hominem,
3758 1887 3814 1935 et

2147 1974 2286 2031 oriri
2319 1973 2381 2029 in
2411 1973 2553 2029 caelo
2613 1971 2799 2029 solem
2851 1973 3028 2042 videt,
3089 1988 3427 2044 quanquam
3487 1971 3676 2028 simul
3711 1971 3811 2039 sit,

2149 2068 2465 2132 utrumque
2495 2062 2556 2117 in
2588 2067 2908 2134 conspectu
2940 2067 3137 2117 tamen
3164 2061 3474 2129 discernit,
3497 2065 3559 2116 et
3576 2060 3690 2116 hoc
3709 2076 3813 2113 vo-

2148 2150 2474 2208 luntarium
2499 2149 2644 2205 illud
2667 2166 2796 2206 esse
2819 2149 3481 2221 necessariumjudicat,
3503 2148 3592 2204 ita
3630 2148 3817 2220 igitur

2151 2244 2366 2298 cuncta
2379 2239 2700 2310 respiciens
2718 2239 2954 2294 divinus
2970 2237 3599 2309 intuitus,qua1itatem
3617 2253 3814 2292 rerum

2156 2329 2400 2384 minime
2424 2329 2747 2399 perturbat,
2784 2328 2936 2400 apud
2970 2344 3028 2384 se
3061 2327 3296 2400 quidem
3320 2325 3813 2398 praesentium,ad

2157 2417 2558 2473 conditionem
2590 2434 2722 2472 vero
2754 2417 3062 2488 temporis,
3097 2415 3450 2471 futurarum.
3483 2417 3612 2480 Quo
3653 2415 3722 2469 ﬁt
3757 2419 3815 2468 ut

2157 2504 2267 2560 hoc
2299 2521 2412 2559 non
2445 2501 2522 2559 sit
2551 2502 2770 2574 opinio,
2802 2503 2904 2558 sed
2937 2503 3180 2558 veritate
3207 2502 3404 2574 potius
3435 2501 3573 2556 nixa
3613 2502 3813 2572 cogni-

2155 2593 2258 2660 tio,
2288 2609 2418 2648 cum
2445 2596 2813 2647 exstaturum
2835 2590 2975 2662 quid
3001 2607 3129 2647 esse
3149 2591 3635 2664 cognoscit,quod
3657 2590 3810 2644 idem

2157 2681 2442 2736 existendi
2476 2680 2827 2736 necessitate
2858 2696 3053 2736 carere
3073 2697 3187 2735 non
3215 2680 3452 2734 nesciat.
3479 2679 3586 2734 Hic
3614 2678 3665 2734 si
3687 2678 3814 2749 quis

2157 2769 2316 2825 dicat
2333 2769 2487 2840 quod
2510 2773 2857 2825 eventurum
2881 2767 3034 2823 Deus
3059 2767 3214 2823 videt
3233 2769 3290 2822 id
3322 2783 3434 2824 non
3451 2767 3686 2823 evenire
3700 2783 3813 2822 non

2160 2875 2347 2931 posse,
2373 2858 2530 2929 quod
2561 2862 2757 2912 autem
2806 2873 2922 2911 non
2972 2861 3162 2928 potest
3208 2873 3324 2912 non
3373 2856 3628 2925 evenire,
3658 2855 3723 2909 id
3753 2869 3819 2909 ex

2160 2947 2507 3003 necessitate
2537 2947 2896 3018 contingere,
2916 2945 3294 3016 respondebit
3319 2944 3427 3014 illi,
3459 2961 3553 3000 res
3577 2943 3820 3016 quidem

2885 3035 2984 3089 sed
3011 3035 3102 3088 cui
3134 3034 3226 3088 vix
3257 3033 3472 3105 aliquis
3495 3032 3610 3088 nisi
3635 3023 3822 3086 divini

2159 3124 2491 3193 speculator
2529 3123 2863 3180 accesserit.
2896 3123 3190 3178 Firmatur
3221 3139 3477 3194 namque
3502 3123 3660 3176 idem
3684 3137 3825 3176 ven-

2159 3218 2354 3267 turum
2385 3228 2517 3267 cum
2552 3213 2623 3266 ad
2657 3212 2914 3266 divinam
2951 3211 3221 3266 notitiam
3256 3211 3512 3266 refertur
3541 3226 3822 3264 necessa-

2159 3302 2335 3367 rium,
2366 3317 2500 3356 cum
2523 3317 2656 3355 vero
2677 3300 2734 3355 in
2761 3317 2870 3355 sua
2895 3304 3106 3356 natura
3133 3300 3543 3371 perpenditur,
3568 3299 3819 3354 liberum

2161 3405 2404 3460 prorsus
2436 3393 2607 3458 atque
2640 3387 2979 3442 absolutum
3012 3388 3214 3442 videri.
3261 3392 3396 3442 Duae
3424 3389 3647 3442 etenim
3681 3395 3819 3444 sunt

2163 3478 2542 3531 necessitates
2569 3492 2580 3531 :
2615 3474 2864 3547 simplex
2891 3493 3030 3545 una,
3060 3476 3238 3532 veluti
3275 3481 3411 3548 qua‘
3442 3492 3691 3531 necesse
3731 3484 3816 3532 est

2161 3581 2366 3620 omnes
2389 3563 2657 3618 homines
2681 3580 2810 3618 esse
2833 3564 3139 3632 mortales;
3164 3566 3347 3620 altera
3369 3565 3818 3632 conditionis,ut

2163 3654 2209 3708 si
2243 3653 2496 3724 aliquem
2529 3651 2833 3707 ambulare
2863 3653 2997 3725 quis
3025 3652 3193 3718 sciat,
3225 3670 3358 3708 eum
3393 3653 3705 3709 ambulare
3730 3671 3817 3709 ne-

2162 3759 2322 3798 cesse
2345 3747 2451 3797 est.
2487 3742 2646 3806 Quod
2681 3741 2836 3796 enim
2871 3741 3125 3813 quisque
3157 3741 3335 3809 novit,
3370 3743 3427 3797 id
3460 3759 3593 3798 esse
3651 3742 3816 3798 aliter

2163 3848 2228 3887 ac
2260 3835 2460 3885 notum
2496 3835 2583 3884 est
2616 3831 2836 3901 nequit.
2869 3831 2977 3885 Sed
3013 3830 3133 3884 haec
3157 3830 3398 3886 minime
3424 3847 3627 3886 secum
3651 3831 3812 3887 illam

2162 3919 2487 3990 simplicem
2522 3917 2722 3973 trahit.
2745 3917 2904 3973 Hanc
2927 3919 3082 3973 enim
3116 3918 3524 3974 necessitatem
3553 3936 3672 3974 non
3700 3937 3820 3991 pro-

2165 4009 2291 4080 pria
2323 4008 2459 4062 facit
2489 4012 2722 4072 natura,
2756 4007 2858 4062 sed
2911 4007 3266 4062 conditionis
3317 4007 3593 4077 adjectio.
3647 4008 3818 4066 Nulla

2164 4099 2320 4155 enim
2356 4097 2676 4152 necessitas
2707 4096 2864 4169 cogit
2902 4097 3172 4152 incedere
3213 4095 3514 4152 voluntate
3543 4098 3822 4168 gradien-

2163 4194 2304 4252 tem,
2338 4185 2608 4258 quamvis
2639 4200 2766 4240 eum
2799 4190 2923 4239 tum
2952 4202 3085 4240 cum
3120 4186 3408 4258 graditur,
3433 4185 3710 4241 incedere
3735 4203 3819 4240 ne

2164 4277 2483 4333 cessarium
2521 4275 2616 4330 sit.
2651 4275 2866 4344 Eodem
2897 4292 3034 4348 ergo
3067 4276 3240 4332 modo
3273 4275 3321 4331 si
3351 4274 3486 4346 quid
3513 4277 3820 4346 providen-

2165 4369 2248 4424 tia
2278 4383 2534 4440 praesens
2565 4366 2741 4432 videt,
2775 4366 2832 4420 id
2865 4381 2994 4421 esse
3018 4383 3255 4422 necesse
3285 4369 3394 4435 est,
3422 4370 3663 4423 tametsi
3691 4368 3816 4423 nul-

2166 4461 2282 4513 lam
2309 4461 2528 4511 naturae
2556 4455 2766 4510 habeat
2787 4455 3216 4512 necessitatem.
3239 4455 3412 4526 Atqui
3443 4472 3513 4510 ea
3534 4456 3694 4512 Deus
3728 4458 3818 4512 fu-

2169 4552 2298 4602 tura
2323 4561 2448 4616 quae
2475 4560 2542 4598 ex
2571 4542 2796 4598 arbitrii
2829 4542 3100 4599 libertate
3135 4543 3507 4615 proveniunt,
3563 4562 3816 4616 praesen-

2164 4634 2246 4690 tia
2275 4638 2602 4690 contuetur.
2636 4633 2766 4687 Haec
2795 4631 2976 4704 igitur
3005 4634 3074 4686 ad
3110 4632 3391 4688 intuitum
3454 4632 3641 4688 relata
3671 4635 3820 4688 divi-

2169 4742 2335 4793 num,
2368 4723 2697 4780 necessaria
2738 4722 2886 4776 ﬁunt
2942 4737 3046 4793 per
3103 4723 3548 4794 dispositionem
3612 4723 3818 4780 divina

2167 4814 2443 4883 notionis,
2479 4829 2581 4885 per
2613 4829 2676 4868 se
2708 4829 2838 4867 vero
2870 4813 3258 4880 considerata,
3294 4815 3364 4867 ab
3410 4812 3692 4868 absoluta
3725 4831 3818 4869 na-

2165 4908 2306 4958 turae
2327 4920 2445 4958 suae
2469 4901 2736 4956 libertate
2770 4918 2882 4955 non
2906 4900 3204 4956 desinunt.
3229 4901 3392 4957 Fient
3418 4901 3604 4972 igitur
3624 4905 3817 4975 procul

2165 4992 2342 5048 dubio
2375 4994 2586 5046 cuncta
2617 5006 2742 5061 qua:
2777 4990 2976 5045 futura
3009 4991 3158 5046 Deus
3189 5007 3318 5046 esse
3351 4993 3694 5062 praenoscit,
3727 4993 3813 5047 sed

2164 5098 2367 5138 eorum
2399 5079 2669 5151 quaedam
2704 5080 2775 5134 de
2805 5077 2989 5134 libero
3049 5079 3504 5150 proficiscuntur
3554 5082 3817 5146 arbitrio,

2163 5189 2315 5246 quae,
2350 5169 2622 5242 quamvis
2655 5167 2922 5223 eveniant
2953 5168 3283 5238 existendo,
3320 5177 3515 5225 tamen
3549 5175 3815 5225 naturam

2162 5261 2455 5333 propriam
2489 5275 2603 5314 non
2651 5258 2952 5326 amittunt,
2999 5261 3138 5330 quia
3195 5260 3542 5335 priusquam
3596 5259 3813 5328 ﬁerent,

2162 5350 2338 5405 etiam
2374 5364 2490 5403 non
2519 5347 2749 5404 evenire
2782 5346 3136 5422 potuissent.
