4000 6060
232 220 334 274 981

1033 223 1344 277 DECRETI
1382 223 1568 276 PARS
1603 222 1780 277 XVII.
1822 248 1891 260 —-
1936 222 2033 274 DE
2072 223 2258 290 FIDE,
2297 223 2429 276 SPE
2467 222 2561 276 ET
2596 222 2885 277 CHARIT.

3544 221 3650 276 982

234 342 369 398 CAP.
402 342 492 398 33.
525 372 593 383 —--
626 342 777 415 Quod
828 343 1027 399 divina
1084 346 1370 399 aeternitas
1398 360 1499 398 nec
1540 344 1734 414 fuisse,
1785 358 1881 397 nec
1911 345 1965 412 Α
1998 342 2181 407 ciens,
2213 343 2315 398 sed
2347 344 2419 398 ab
2451 342 2673 415 iniquis
2708 344 2860 398 facta
2886 357 2960 397 ne
2989 341 3325 398 inordinate
3356 343 3649 413 eveniant,

306 420 556 557 fulggpm
586 429 703 470 esse
733 414 946 472 habent.
1004 418 1233 485 Grogor.
1268 417 1327 470 in
1378 416 1577 471 Morat.
1642 416 1765 484 (lib.
1802 431 1879 482 ιν,

308 503 353 541 c.
489 529 500 539 .

308 503 353 541 ϐ.
387 503 500 541 όΖ).

307 575 413 631 Sed
449 576 589 646 quia
620 577 825 631 beatus
852 574 966 630 Job
1016 581 1216 631 sancto
1270 577 1614 631 aeternitatis
1662 575 1883 647 Spiritu

237 668 538 738 impletur,
573 670 629 720 et
661 666 842 719 luisse
872 664 961 720 vel
997 666 1256 720 futurum
1292 682 1420 721 esse
1444 666 1737 720 zeternitas
1770 682 1881 719 non

236 757 452 821 habet;
484 755 579 810 cui
605 754 886 810 nimirum
920 770 1024 809 nec
1056 756 1349 826 praeterita
1408 758 1735 822 transeunt,
1779 768 1884 807 nec

236 862 364 917 quae
401 846 593 900 futura
626 849 768 900 sunt
788 845 1055 912 veniunt,
1085 843 1227 915 quia
1256 848 1465 898 cuncta
1496 859 1597 915 per
1628 858 1884 914 praesens

232 934 411 989 videt.

233 1024 368 1078 CAP.
401 1023 491 1079 34.
516 1054 583 1062 -
616 1023 766 1091 Quod
795 1027 989 1077 cuncta
1018 1037 1144 1093 quae
1164 1022 1477 1077 hominibus
1498 1021 1658 1090 ﬁunt,
1686 1019 1885 1093 absque

306 1097 707 1165 Omnipotenlis
738 1096 943 1149 occulto
992 1091 1221 1150 consilio
1253 1110 1360 1149 non
1414 1095 1664 1149 veniant.
1727 1091 1880 1161 Greg.

305 1169 366 1222 in
396 1167 594 1222 Moral.
629 1165 745 1221 suis
772 1166 908 1221 dicit
938 1165 1058 1237 (lib.
1093 1179 1193 1233 xli,
1224 1183 1271 1221 ε.
1300 1166 1384 1237 1);

306 1255 478 1310 Nulla
496 1272 626 1327 quas
648 1256 706 1310 in
736 1256 844 1311 hoc
870 1257 1086 1312 mundo
1103 1255 1443 1310 hominibus
1466 1254 1636 1319 fiunt,
1662 1252 1885 1323 absque

236 1344 655 1415 omnipotentis
684 1344 777 1399 Dei
800 1345 1027 1400 occulto
1051 1344 1297 1399 consilio
1314 1343 1571 1397 veniunt.
1589 1343 1729 1397 Nam
1747 1358 1885 1395 cun-

235 1439 328 1490 cta
356 1440 510 1490 Deus
536 1439 811 1490 secutura
842 1434 1177 1506 praesciens,
1210 1438 1342 1488 ante
1373 1432 1585 1487 saecula
1608 1432 1881 1501 decrevit,

236 1525 488 1595 qualiter
517 1542 619 1596 per
648 1524 862 1580 saecula
892 1524 1299 1595 disponantur.

235 1631 370 1688 CAP.
403 1632 493 1687 35.
525 1663 593 1672 —
626 1633 696 1687 De
724 1633 915 1686 eadem
954 1647 1032 1685 re.
1083 1628 1385 1698 Gregorius
1437 1628 1537 1697 (.‘ib
1570 1645 1680 1697 λγι,
1737 1645 1785 1683 c.
1826 1628 1881 1697 6,

591 1720 907 1775 quanquam
928 1720 1039 1757 non
1070 1701 1264 1757 iisdem
1295 1699 1520 1768 verbis).

303 1793 420 1848 Nec
450 1792 733 1865 propheta
762 1793 943 1864 igitur
972 1791 1166 1859 fallax,
1223 1791 1362 1861 quia
1409 1794 1640 1859 tempus
1671 1787 1876 1842 mortis

232 1882 507 1951 innotuit,
542 1899 656 1953 quo
678 1881 766 1936 vir
794 1880 891 1935 ille
912 1881 1055 1935 mori
1080 1881 1430 1949 merebatur,
1456 1894 1558 1932 nec
1582 1876 1879 1932 Dominica

232 1976 453 2027 statuta
486 1969 764 2026 convulsa
795 1973 955 2033 sunt,
982 1967 1119 2039 quia
1143 1973 1206 2022 ut
1236 1984 1303 2022 ex
1324 1967 1593 2038 largitate
1616 1965 1714 2020 Dei
1739 1964 1876 2019 anni

230 2061 363 2115 vita:
394 2063 742 2126 crescerent,
774 2058 884 2113 hoc
908 2072 1141 2130 quoque
1165 2057 1317 2128 quod
1343 2061 1476 2112 ante
1501 2054 1715 2110 saecula
1735 2071 1879 2125 prae-

234 2152 413 2207 fixum
447 2149 577 2218 fuit,
609 2153 784 2220 atque
814 2146 1071 2220 spatium
1093 2146 1223 2201 vita
1244 2146 1395 2218 quod
1418 2145 1719 2216 inopinate
1739 2142 1880 2199 foris

232 2244 323 2297 est
343 2239 632 2307 additum,
656 2238 783 2295 sine
805 2242 1124 2310 augmento
1148 2235 1524 2307 praescientia:
1548 2235 1644 2291 Dei
1670 2234 1781 2289 fuit
1798 2232 1882 2288 in-

233 2335 329 2385 tus
362 2332 674 2384 statutum.

234 2418 368 2475 CAP.
400 2418 490 2473 36.
525 2448 594 2459 ——
628 2416 777 2485 Quod
804 2418 946 2473 Deus
973 2416 1213 2484 singulis
1255 2414 1371 2469 dies
1420 2429 1548 2469 suos
1599 2413 1879 2485 prae/igni,

304 2500 362 2546 ut
391 2506 489 2545 nec
521 2491 701 2544 minui
718 2505 817 2545 nec
838 2490 1033 2557 augeri
1056 2488 1290 2559 possint.
1314 2484 1694 2555 Gregoriusin
1706 2484 1879 2540 Mora-

307 2563 448 2617 libus
478 2562 597 2634 (lib.
632 2578 731 2629 x11,
762 2578 809 2615 r.
843 2562 955 2631 25).

306 2654 523 2709 Prsaﬁxi
558 2654 681 2709 dies
710 2651 957 2723 singulis
992 2653 1062 2707 ab
1094 2650 1324 2706 interna
1353 2649 1451 2704 Dei
1498 2645 1880 2720 praescientia,

236 2760 340 2799 nec
373 2743 570 2815 augeri
602 2746 854 2815 possunt
886 2758 990 2797 nec
1022 2739 1230 2809 minui,
1256 2738 1691 2810 nisicontingat
1712 2745 1775 2790 ut
1804 2736 1883 2789 ita

232 2833 636 2905 praesciantur,
671 2837 735 2888 ut
762 2836 1016 2887 autcum
1038 2830 1271 2903 optimis
1293 2828 1570 2901 Operibus
1591 2825 1883 2897 longiores

233 2922 377 2989 sint,
426 2925 527 2976 aut
555 2921 832 2993 pessimis
863 2920 1176 2989 breviores,
1232 2920 1385 2975 sicut
1436 2916 1710 2972 Ezechias
1741 2930 1882 2986 aug-

234 3015 501 3066 mentum
537 3010 768 3065 dierum
804 3010 1015 3065 meruit
1071 3008 1438 3080 impensione
1491 3007 1881 3083 lacrymarum

234 3101 327 3171 (IV
357 3101 479 3168 Reg.
512 3116 618 3166 xx;
654 3100 711 3155 II
738 3104 870 3153 Par.
920 3115 1113 3165 xxxu;
1174 3100 1277 3153 (sa.
1337 3095 1592 3165 xxxvul),
1652 3097 1709 3148 et
1770 3094 1879 3148 sic-
1912 3090 1955 3159 (ἶ,

234 3194 300 3244 ut
330 3190 401 3244 de
429 3188 719 3261 perversis
752 3187 1037 3259 scripturn
1065 3191 1187 3242 est:
1218 3181 1678 3254 Indisciplinatis
1696 3180 1888 3236 obviat

235 3295 421 3333 mors.
460 3279 569 3332 Sed
601 3295 752 3349 saepe
783 3277 1047 3347 iniquus,
1094 3274 1361 3347 quamvis
1416 3273 1476 3327 in
1527 3270 1755 3327 occulta
1785 3268 1886 3325 Dei

238 3366 741 3440 przesentialonga
770 3367 903 3422 vita:
933 3366 1061 3437 ejus
1094 3369 1357 3436 tempora
1388 3379 1503 3418 non
1525 3362 1642 3417 sint
1673 3360 1889 3432 praede-

240 3458 481 3526 stinata,
500 3457 624 3529 ipse
646 3462 843 3511 tamen
869 3456 969 3528 qui
993 3454 1305 3510 carnaliter
1322 3455 1509 3507 vivere
1524 3450 1746 3522 appetit
1768 3449 1890 3503 lon-

241 3562 345 3619 gos
377 3545 574 3601 animo
606 3546 731 3601 dies
766 3543 1059 3617 proponit,
1092 3548 1147 3599 et
1178 3544 1316 3615 quia
1347 3543 1415 3596 ad
1450 3540 1593 3595 illud
1653 3544 1889 3608 tempus

240 3636 540 3706 pervenire
557 3653 672 3691 non
696 3634 849 3691 valet
873 3635 1025 3706 quod
1049 3636 1363 3703 exspectat,
1385 3629 1551 3700 quasi
1574 3633 1887 3698 antequam

240 3725 366 3779 dies
388 3724 947 3795 illiusimpleantur,
974 3722 1140 3794 perit.
1166 3722 1325 3786 Quod
1354 3725 1547 3773 tamen
1570 3716 1892 3786 intelligere

238 3816 297 3867 et
328 3812 497 3867 aliter
527 3828 863 3883 possumus.
884 3810 1235 3881 Plerumque
1266 3808 1419 3864 enim
1441 3805 1727 3878 quosdam
1769 3818 1891 3857 cer-

241 3901 441 3956 nimus
472 3907 527 3955 ct
556 3917 823 3972 perverse
852 3917 1043 3971 agere,
1072 3905 1128 3954 et
1188 3914 1374 3968 usque
1429 3897 1499 3951 ad
1532 3896 1889 3950 senectutem

242 3989 513 4045 ultimam
547 3990 868 4061 pervenire.
901 3988 1201 4053 Quomodo
1232 3987 1386 4041 enim
1434 3984 1684 4039 dicitur:
1720 3982 1888 4036 Ante-

239 4096 407 4150 quam
435 4078 550 4133 die:
580 4080 694 4151 ejus
725 4079 1081 4150 impleantur,
1111 4075 1319 4144 peribit
1348 4074 1463 4145 (Job
1490 4073 1607 4143 xv),
1645 4086 1777 4126 cum
1828 4070 1887 4124 in

241 4169 596 4241 quibusdam
650 4185 803 4239 sape
832 4168 1136 4222 videamus
1193 4165 1329 4237 quia
1360 4167 1527 4218 actate
1570 4160 1887 4233 longajam

244 4258 505 4312 membra
518 4257 892 4323 deﬁciunt,et
912 4260 1108 4311 tamen
1129 4253 1474 4326 pravitatem
1491 4266 1659 4307 suam
1682 4265 1887 4305 eorum

242 4346 533 4402 desideria
561 4347 799 4418 exsequi
834 4362 948 4400 non
982 4344 1296 4400 desistunt.

1909 1722 1956 1787 B

1996 431 2122 502 ipse
2147 431 2489 503 disponens,
2524 431 2856 487 considerat
2898 430 3302 486 universorum
3365 432 3562 501 ﬁnem,
3597 437 3654 489 et

1995 521 2282 591 patienter
2314 521 2524 576 tolerat
2558 521 2776 589 omnia,
2810 524 2980 589 atque
3029 520 3291 575 intuetur
3332 521 3649 578 electorum

1993 609 2462 681 terminum,quo
2487 628 2556 664 ex
2578 613 2729 665 malo
2756 613 3062 664 mutentur
3085 610 3156 663 ad
3183 610 3426 665 bonum.
3452 612 3650 667 Intue-

1995 700 2281 754 turetiam
2308 701 2685 771 reproborum
2716 700 2913 769 tinem,
2939 699 3091 769 quod
3119 699 3188 753 de
3207 700 3358 755 malo
3385 717 3555 772 opere
3572 702 3654 756 di-

1994 804 2177 859 gnum
2213 805 2275 844 se
2307 790 2700 845 trahanturad
2727 788 3107 860 supplicium.
3132 787 3293 843 Vidit
3313 790 3488 844 finem
3516 807 3652 861 per-

1995 880 2295 948 sequentis
2327 878 2507 946 Sauli,
2540 896 2650 948 quo
2694 881 3024 949 prostratus
3076 876 3295 932 diceret
3327 893 3341 933 ε
3400 878 3647 947 Domine,

1997 965 2125 1036 quid
2146 983 2231 1022 me
2261 969 2342 1022 vis
2370 966 2608 1037 facere?
2636 966 2777 1037 (Aet.
2811 966 2911 1032 ιχ.)
2944 965 3105 1019 Vidit
3136 966 3310 1020 tinem
3347 967 3515 1038 quasi
3548 968 3649 1023 ob-

1995 1055 2299 1124 sequentis
2351 1053 2648 1125 discipuli,
2708 1054 2863 1124 quod
2895 1070 2999 1125 pro
3053 1053 3371 1109 commisso
3432 1054 3649 1111 scelere

1994 1149 2196 1213 guttur
2240 1143 2444 1215 laqueo
2504 1145 2818 1215 stringeret
2873 1143 3083 1215 (Matth.
3136 1144 3335 1215 xxvn),
3384 1160 3562 1215 seque
3594 1150 3651 1200 et

1994 1237 2328 1304 peccantem
2357 1234 2610 1304 puniret,
2635 1238 2693 1288 et
2714 1233 2973 1288 deterius
3016 1234 3310 1304 puniendo
3334 1232 3645 1303 deciperet.

1994 1320 2450 1377 ViditNinivitas
2474 1323 2903 1393 delinquentes,
2931 1323 3028 1376 sed
3056 1322 3449 1377 consideravit
3470 1323 3648 1379 finem

1993 1411 2459 1482 delinquentium
2496 1411 2838 1483 poenitentia
2880 1415 3271 1466 correctorum
3331 1412 3473 1479 (Jon.
3536 1415 3643 1481 In).

1992 1500 2155 1555 Vidit
2188 1517 2423 1572 quoque
2453 1501 2767 1557 Sodomam
2799 1500 3235 1570 delinquentem
3269 1500 3420 1572 (Gen.
3482 1519 3643 1573 xvui,

1991 1588 2149 1659 xu),
2211 1590 2311 1644 sed
2373 1590 2765 1644 consideravit
2822 1588 3000 1644 finem
3072 1590 3301 1644 ardoris
3356 1589 3641 1651 luxurias,

1992 1676 2187 1750 ignem
2220 1677 2520 1750 gehennam
2555 1677 3077 1750 Viditgentilitatis
3112 1678 3312 1743 ﬁnem,
3336 1682 3487 1749 quod
3514 1695 3643 1749 pos-

1985 1767 2541 1839 sessainiquitatum
2562 1768 2841 1837 tenebris,
2855 1768 3205 1838 quandoque
3220 1766 3351 1822 ﬁdei
3373 1766 3504 1821 luce
3522 1766 3640 1820 cla-

1987 1862 2258 1912 resceret.
2291 1856 2450 1911 Vidit
2475 1857 2648 1911 etiam
2681 1856 2998 1912 terminum
3030 1857 3224 1910 .ludeae
3257 1856 3411 1926 quod
3444 1857 3515 1911 ab
3569 1871 3636 1911 ea

1985 1945 2116 2000 luce
2138 1945 2274 2001 ﬁdei
2300 1962 2476 2017 quam
2500 1946 2754 2016 tenebat,
2777 1946 3074 2001 obduratie
3098 1943 3354 2016 perﬁdiae
3378 1944 3638 2001 tenebris

1987 2039 2322 2091 caecaretur.

1988 2152 2121 2208 CAP.
2151 2152 2240 2207 39.
2272 2182 2340 2191 —-
2368 2156 2505 2207 Item
2535 2151 2599 2206 de
2626 2148 3156 2222 praedestinatione.
3177 2150 3257 2205 Eo:
3302 2149 3465 2205 dictis
3514 2148 3642 2203 Ful-

2378 2226 2385 2235 ‘
2442 2220 2761 2294 gentii‘(lib.
2795 2225 2866 2277 De
2886 2220 3185 2293 prwdest)

2062 2313 2263 2384 Neque
2285 2311 2439 2368 enim
2475 2317 2564 2367 est
2596 2311 2709 2367 alia
2739 2311 2839 2366 Dei
2859 2309 3319 2382 praedestinatio,
3347 2308 3463 2364 nisi
3487 2308 3644 2363 futu-

1991 2420 2193 2458 rorum
2225 2418 2468 2473 cperum
2502 2402 2631 2471 ejus
2657 2406 2875 2455 aterna
2900 2398 3251 2470 praeparitio.
3286 2398 3351 2452 Et
3376 2397 3471 2452 hic
3503 2414 3643 2469 pra-:-

1993 2492 2352 2564 parationem
2394 2489 2967 2561 praedestinationem
2994 2487 3338 2543 nominavit.
3392 2486 3642 2541 Proinde

1992 2574 2111 2637 sive
2134 2581 2616 2652 praeparationem
2631 2596 2732 2634 seu
2750 2577 3321 2649 prasdestinationem
3340 2577 3397 2630 in
3416 2582 3644 2631 sancto-

1991 2685 2121 2724 rum
2154 2669 2328 2723 dictis
2351 2666 3046 2740 positumiuvenerimus,
3063 2682 3247 2721 unum
3272 2664 3549 2735 idemque
3571 2664 3644 2719 si-

1992 2758 2270 2831 gniﬁcare
2296 2759 2596 2813 docemur.

1992 2874 2126 2931 CAP.
2159 2876 2248 2931 40.
2280 2906 2350 2918 -—
2380 2876 2511 2930 Item
2534 2889 2603 2929 ne
2622 2872 3128 3000 prwldeslinatione.
3164 2875 3247 2928 Ea:
3304 2872 3467 2928 dictis
3523 2872 3644 2927 Am-

2756 2961 2920 3000 rom.

2756 2961 2920 3009 νοηῑ,

2064 3035 2165 3090 His
2178 3034 2453 3091 omnibus
2467 3034 2821 3090 testimoniis
2839 3032 3240 3105 praedestinati
3254 3033 3649 3089 ostenduntur

1994 3124 2134 3179 mali
2166 3124 2235 3178 ad
2270 3140 2524 3196 poenam,
2558 3124 2658 3179 sed
2693 3140 2807 3178 non
2831 3122 3223 3195 prandestinati
3245 3124 3315 3178 ad
3345 3127 3649 3194 peccatum

1995 3214 2280 3277 Quoniam
2304 3230 2503 3269 eorum
2529 3229 2657 3283 quae
2686 3212 2949 3267 facturus
2970 3217 3060 3267 est
3080 3213 3251 3279 Deus,
3277 3212 3651 3283 praedestina-

1995 3307 2087 3358 tor
2119 3306 2227 3359 est.
2250 3305 2386 3369 Qua:
2418 3319 2552 3357 vero
2577 3318 2691 3356 non
2718 3300 2848 3357 fecit
2877 3317 2982 3356 nec
3004 3301 3269 3356 facturus
3297 3306 3407 3370 est,
3443 3318 3510 3356 ea
3533 3318 3646 3356 non

1998 3392 2449 3463 praedestinavit.
2467 3392 2614 3456 Quia
2636 3396 2831 3444 autem
2850 3389 3231 3459 judicaturus
3253 3391 3643 3445 estmundum

1996 3481 2445 3551 etimpiosjusto
2464 3478 2756 3550 supplicio
2772 3494 2874 3549 pro
2894 3478 3318 3548 iniquitatibus
3341 3479 3466 3533 suis
3480 3479 3647 3531 dam-

1996 3574 2265 3632 naturus,
2300 3573 2608 3639 propterea
2628 3572 2685 3622 et
2707 3583 2804 3621 eos
2830 3566 3264 3637 praedestinavit
3290 3567 3359 3621 ad
3388 3581 3645 3637 poenam,

1997 3664 2053 3713 et
2082 3675 2309 3730 poenam
2347 3654 2781 3728 praedestinavit
2810 3655 2948 3711 illis.
2979 3656 3065 3711 Ad
3099 3660 3403 3727 peccatum
3452 3662 3643 3710 autem

1998 3766 2096 3803 eos
2127 3766 2240 3803 non
2271 3745 2729 3819 praedestinavit,
2761 3744 3039 3815 quoniam
3073 3762 3188 3800 non
3221 3750 3311 3800 est
3351 3744 3506 3800 Deus
3538 3760 3646 3799 au-

1998 3841 2121 3893 ctor
2150 3835 2503 3907 iniquitatis.
2536 3835 2821 3901 Quoniam
2857 3834 3011 3889 sicut
3031 3835 3265 3905 justitia
3293 3852 3361 3890 ex
3390 3835 3507 3890 Deo
3537 3837 3646 3903 est,

1997 3931 2054 3982 et
2076 3942 2245 3982 omne
2276 3943 2425 3997 opus
2457 3926 2701 3995 bonum,
2730 3923 2812 3979 ita
2838 3923 3120 3996 iniquitas
3171 3928 3227 3979 et
3281 3940 3452 3980 omne
3500 3939 3649 3995 opus

1996 4033 2243 4089 pravum
2274 4032 2342 4071 ex
2372 4014 2625 4083 diabolo,

1997 4137 2129 4188 CAP.
2161 4132 2249 4188 41.
2282 4162 2349 4171 ———
2379 4131 2510 4185 Item
2559 4128 2624 4183 de
2648 4126 3160 4251 praedfstinatione.
3196 4131 3279 4183 Ea:
3318 4126 3482 4181 dictis
3533 4127 3648 4181 Au-

2707 4215 2806 4251 aus
2833 4215 2933 4251 mi.

2706 4215 2933 4267 gusuni.

2071 4288 2601 4348 Praedestinationis
2659 4287 2814 4342 enim
2896 4287 3129 4342 nomine
3189 4286 3385 4357 aliqua
3438 4285 3645 4343 volun-

1998 4383 2135 4437 tatis
2166 4382 2437 4435 humanaa
2470 4376 2742 4433 coactitia
2771 4376 3085 4431 necessitas
3123 4375 3487 4447 exprimitur,
3538 4376 3641 4431 sed

242 4456 373 4510 CAP.
408 4454 497 4508 37.
530 4485 596 4494 —
631 4452 781 4538 Quod
812 4454 1223 4538 Deut-peccata
1280 4448 1589 4538 diisimulet
1618 4450 1777 4516 Greg.
1822 4446 1884 4501 in

2000 4470 2325 4526 misericors
2357 4475 2414 4523 et
2435 4469 2601 4538 justa
2632 4465 2810 4521 divini
2843 4466 3037 4537 operis
3067 4466 3426 4538 sempiterna
3451 4465 3645 4538 dispo-

697 4525 897 4580 Moral.
932 4521 1054 4597 (lib.
1086 4539 1203 4588 xlv,
1226 4537 1273 4576 ο.
1307 4521 1423 4593 48).

314 4612 698 4685 Omnipotens
728 4618 898 4680 Deus,
928 4612 1066 4683 quid
1098 4609 1268 4665 nobis
1328 4608 1703 4682 profuturum
1760 4623 1887 4663 esse

241 4700 433 4757 valeat
454 4701 665 4771 sciens,
686 4700 1020 4757 dissimulat
1032 4699 1305 4755 exaudire
1327 4696 1652 4753 dolentium
1666 4712 1886 4764 vocem,

245 4794 309 4843 ut
332 4793 540 4862 augeat
562 4789 901 4860 utilitatem,
916 4794 981 4844 ut
1000 4798 1285 4861 purgetur
1304 4785 1422 4841 vita
1441 4801 1543 4857 per
1562 4801 1815 4856 poenam,
1834 4787 1890 4838 et

243 4878 891 4950 quietistranquillitas,
917 4896 1043 4950 quae
1058 4878 1152 4933 hic
1176 4875 1418 4932 inveniri
1438 4891 1554 4930 non
1568 4874 1734 4943 valet,
1750 4871 1887 4927 alibi

244 4973 562 5041 quaeratur.

242 5059 378 5115 CAP.
438 5058 529 5113 38.
572 5090 638 5100 —

313 5130 517 5186 sideret
547 5132 929 5187 universorum

314 5220 475 5269 xvxn,
499 5219 548 5259 ι’.
583 5203 693 5271 17).

320 5293 545 5365 Tempus
578 5309 713 5365 ergo
743 5296 925 5364 posuit
955 5292 1214 5357 tenebris,
1246 5298 1297 5345 et
1316 5290 1699 5345 universorum
1724 5285 1892 5355 ﬁnem

238 5382 685 5454 ipseconsiderat
723 5384 839 5456 (Job
894 5379 1112 5453 xxvm).
1177 5377 1591 5435 Universorum
1655 5374 1894 5432 nomine

242 5475 302 5529 et
330 5472 547 5529 electos
576 5473 760 5530 voluit
817 5478 873 5529 et
919 5471 1197 5544 reprobos
1249 5467 1683 5539 comprehendi.
1742 5465 1889 5521 Nam

242 5561 400 5619 bona
430 5563 650 5620 faciens
680 5566 737 5619 et
765 5562 1045 5619 ordinans
1079 5560 1251 5625 Deus,
1281 5555 1437 5613 mala
1463 5572 1596 5612 vero
1640 5572 1755 5613 non
1806 5555 1889 5609 fa-

693 5059 853 5129 Quod
909 5061 1047 5115 Deus
1103 5063 1301 5115 cunrta
1348 5056 1607 5129 disponat
1650 5055 1706 5129 et
1754 5066 1889 5129 φη-

980 5134 1167 5203 ﬁnem.
1201 5132 1355 5200 Greg.
1416 5124 1477 5183 in
1536 5124 1726 5180 Moral.
1766 5124 1885 5194 (lib.

1998 4561 2131 4618 sitio
2164 4559 2339 4632 praeju
2350 4558 2596 4612 dicatur.

1996 4680 2126 4737 CAP.
2186 4676 2275 4732 42.
2335 4704 2404 4714 —-
2460 4675 2594 4729 Item
2650 4674 2730 4799 de,
2765 4673 3292 4798 ggrwdestinalione.
3354 4677 3441 4731 Ea:
3479 4672 3645 4729 dictis

2732 4762 2777 4799 51
2819 4760 2923 4799 ονι.

2732 4760 2923 4800 szaori.

2068 4837 2211 4902 Quia
2244 4852 2381 4908 ergo
2416 4840 2567 4890 Deus
2597 4833 2759 4888 nulla
2798 4833 3144 4889 necessitate
3166 4833 3561 4905 compellitur,
3585 4838 3649 4886 ut

1998 4925 2218 4998 aliquid
2237 4924 2441 4979 nolens
2458 4923 2788 4994 promittat;
2816 4922 3034 4978 nullius
3054 4922 3252 4994 itaque
3276 4920 3648 4977 adversitatis

2000 5014 2317 5086 impeditur
2330 5010 2632 5068 obstaculo
2647 5028 2761 5082 quo
2778 5011 2833 5065 id
2859 5012 3011 5082 quod
3038 5011 3308 5083 promisit
3330 5016 3430 5065 aut
3451 5010 3650 5065 minus

1999 5119 2174 5175 quam
2207 5103 2349 5168 vult,
2384 5105 2485 5157 aut
2514 5100 2741 5156 tardius
2774 5100 2966 5155 faciat.
2997 5102 3243 5156 Proinde
3258 5099 3467 5172 potuit,
3500 5098 3654 5155 sicut

1997 5192 2200 5260 voluit,
2234 5194 2517 5263 quosdam
2542 5190 2957 5264 praedestinare
2981 5191 3050 5244 ad
3074 5190 3342 5259 gloriam,
3363 5188 3650 5260 quosdam

2000 5283 2068 5338 ad
2104 5298 2356 5354 poenam.
2390 5282 2498 5337 Sed
2518 5297 2663 5352 quos
2680 5278 3117 5351 praedestinavit
3136 5279 3206 5333 ad
3220 5278 3490 5349 gloriam,
3509 5291 3653 5347 pra-

2000 5371 2313 5429 destinavit
2326 5370 2702 5441 adjustitiam
2715 5411 2727 5422 .
2745 5368 2900 5430 Quos
2915 5371 3109 5420 autem
3129 5364 3565 5437 praedestinavit
3577 5362 3651 5417 ad

2000 5478 2252 5535 poenam,
2287 5477 2401 5516 non
2435 5455 2868 5531 praedestinavit
2896 5456 2969 5510 ad
3007 5454 3262 5526 culpam.
3300 5456 3452 5521 Item,
3475 5453 3645 5524 paulo

1997 5551 2265 5624 superius.
2302 5553 2363 5604 In
2398 5547 2619 5604 sanctis
2648 5543 2829 5618 igitur
2859 5546 3098 5600 coronat
3143 5543 3296 5600 Deus
3339 5542 3640 5616 justitiam
