3948 6072
345 249 451 304 983

1430 254 1495 302 D.
1537 248 1776 302 IVONIS
1813 239 2308 296 CARNOTENSIS
2343 238 2661 290 EPISCOPI

3654 235 3771 290 98':

347 387 522 444 quam
553 371 638 427 eis
669 372 854 444 gratis
885 371 1012 444 ipse
1044 371 1271 440 tribuit,
1304 366 1990 442 gratisservavit,gratis-
2019 361 2073 428 Α
2105 367 2302 430 ignem
2335 362 2640 424 aeternum.
2672 375 2738 414 eo
2770 359 2920 430 quod
2949 359 3215 415 dicturus
3245 362 3336 414 est
3365 358 3662 414 Dominus
3716 360 3779 414 in

347 477 463 532 que
494 461 759 533 perfecit.
791 461 1034 532 Iniquos
1083 466 1276 516 autem
1329 460 1680 515 condemnat
1727 475 1830 530 pro
1888 457 1996 512 im-

2099 446 2327 517 judicio
2360 464 2475 502 non
2509 447 2698 504 solum
2735 448 2904 504 bonis
2939 453 3002 504 ut
3034 447 3360 520 percipiant
3385 464 3634 520 regnum
3664 449 3779 505 Dei

345 550 566 622 pietate
597 549 686 605 vel
718 549 1011 620 injustitia
1039 565 1215 620 quam
1248 547 1307 603 in
1331 549 1416 604 eis
1445 549 1569 620 ipse
1602 564 1717 602 non
1749 546 1902 601 fecit.
1935 546 1997 600 In
2109 541 2378 609 paratum
2411 554 2444 592 ει
2474 537 2896 592 constitutione
2924 537 3150 604 mundi,
3172 553 3375 592 verum
3411 538 3564 610 quod
3592 540 3782 594 malis

344 638 469 696 illis
496 641 654 695 enim
689 657 863 712 opera
893 656 1000 694 sua
1028 636 1340 711 gloriﬁcat,
1373 637 1434 692 in
1459 637 1590 693 istis
1610 646 1800 692 autem
1826 652 2001 706 opera
2109 626 2377 680 dicturus
2406 630 2495 681 est
2527 643 2540 681 ε
2577 629 2649 682 ηε
2677 627 2984 698 maledicti,
3012 628 3070 680 ίη
3113 628 3298 697 ignem
3322 635 3613 693 κιενηιινη,
3680 627 3785 697 qui

351 745 463 785 sua
492 730 863 785 condemnat.

349 848 482 901 CAP.
513 846 601 901 43.
635 875 702 885 -
731 847 866 900 Item
896 843 962 900 de
986 844 1498 969 praedestinatione.
1551 845 1633 898 Ex
1687 842 1848 898 dictis
1891 843 2000 896 Au-

1055 933 1289 969 ausim.

1053 933 1289 986 gustant.

2105 718 2335 786 paratus
2369 725 2448 771 est
2495 715 2714 772 diabolo
2733 719 2784 772 et
2814 717 3033 785 angelis
3065 716 3181 788 ejus
3215 715 3422 787 (Matth.
3479 717 3635 785 xxv).
3701 717 3786 771 Ex

2109 803 2220 860 hoc
2251 804 2406 859 enim
2444 806 2730 877 approbat
2761 822 2909 877 quos
2941 805 3178 877 iniquos
3208 809 3266 860 et
3319 805 3536 877 impios
3566 805 3780 860 Domi-

2114 910 2224 948 nus
2257 894 2762 965 praedestinaverit
2785 896 2855 950 ad
2883 895 3265 966 supplicium,
3290 911 3357 950 ex
3381 911 3446 950 eo
3472 896 3630 966 quod
3657 895 3789 950 illis

420 1005 720 1060 Fidelibus
744 1004 1017 1076 congruit
1043 983 1278 1060 credere
1307 1008 1366 1060 et
1384 1004 1548 1059 fateri
1572 1004 1752 1059 Deum
1780 1003 2001 1058 bonum

2199 988 2378 1037 :turus
2400 988 2489 1038 est
2519 1002 2531 1040 :
2554 985 2628 1039 Ite
2654 985 2715 1038 in.
2736 986 2915 1055 ignem
2937 990 3234 1041 aeternum.
3260 983 3424 1039 Unde
3445 984 3545 1054 qui
3570 983 3791 1040 volunt

351 1098 405 1148 et
431 1094 662 1163 justum
697 1093 1000 1165 praescisse
1046 1094 1284 1165 quidem
1335 1098 1664 1164 peccatores
1714 1092 2003 1157 homines,

2115 1071 2305 1129 dicere
2337 1074 2492 1145 quod
2526 1091 2690 1144 paena
2713 1073 3126 1145 praedestinata
3143 1073 3222 1128 sit
3248 1073 3510 1145 injustis,
3541 1089 3663 1128 non
3692 1073 3787 1128 in-

351 1161 492 1254 quia
512 1181 659 1238 nihil
681 1161 816 1238 eum
841 1183 1024 1238 latere
1045 1161 1234 1254 potuit
1255 1161 1610 1238 futurorum.
1627 1182 1825 1252 Neque
1847 1180 2003 1236 enim

2199 1163 2254 1217 sti
2287 1162 2686 1234 praedestinati
2715 1163 2783 1220 ad
2817 1179 3072 1233 pzenam,
3105 1161 3636 1233 viderintqualiter
3669 1161 3788 1216 hu-

349 1271 438 1327 vel
470 1272 669 1328 futura
698 1277 896 1328 essent
925 1271 976 1328 si
1007 1273 1064 1326 in
1098 1274 1226 1344 ejus
1259 1273 1565 1345 praesentia
1586 1289 1698 1327 non
1731 1270 2004 1326 fuissent.

2107 1253 2209 1322 jus
2240 1251 2498 1307 auctoris
2529 1251 2685 1307 dicta
2713 1251 3064 1324 intelligant.
3095 1251 3195 1306 Cui
3220 1250 3375 1306 enim
3397 1263 3642 1324 paratur
3665 1268 3789 1322 pae-

352 1378 469 1415 non
505 1364 702 1417 tamen
737 1341 1185 1432 praedestinasse
1215 1341 1539 1432 quemlibet
1586 1360 1884 1416 hominem
1933 1356 2006 1413 ad
2116 1357 2212 1411 na:
2243 1341 2294 1396 i3
2327 1341 2608 1396 nimirum
2641 1348 3004 1413 Ρτεθρθνειίυν
3033 1341 3102 1395 δά
3137 1356 3390 1412 Pinnam-

352 1453 662 1521 peccatum
689 1470 703 1518 ;
728 1449 864 1521 quia
887 1449 934 1506 si
964 1450 1035 1505 ad
1061 1454 1362 1522 peccatum
1383 1449 1619 1520 aliquod
1640 1449 1796 1504 Deus
1825 1446 2008 1503 homi-

353 1554 488 1594 nem
520 1539 985 1611 prasdestinaret,
1017 1555 1122 1611 pro
1145 1538 1401 1610 peccatis
1423 1537 1721 1594 hominem
1747 1555 1862 1593 non
1896 1555 2008 1610 pu-

2339 1449 2470 1505 CAP.
2505 1449 2592 1504 46.
2621 1450 2828 1504 —Item
2853 1449 2919 1503 de
2948 1447 3151 1504 eodem.
3185 1449 3547 1518 Augustinus.

2186 1552 2356 1609 Vasis
2385 1555 2626 1609 veroiree
2646 1569 2950 1625 nunquam
2974 1553 3126 1608 Deus
3151 1553 3420 1609 redderet
3446 1553 3788 1624 interitum,

357 1628 530 1684 niret.
698 1627 856 1684 enim
913 1628 1423 1700 praedestinalione
1478 1632 1582 1683 aut
1636 1633 2008 1698 peccatorum
2119 1643 2167 1699 εί
2201 1660 2317 1698 non
2349 1647 2743 1715 spontaneum
2777 1643 3139 1698 inveniretur
3168 1642 3341 1699 homo
3386 1642 3608 1699 hnbere
3645 1661 3788 1716 pec-

356 1721 683 1789 praeparata
711 1723 802 1774 est
833 1717 931 1791 pia
961 1717 1248 1788 remissio,
1281 1722 1384 1774 aut
1427 1721 1802 1790 peccatorum
1843 1718 2012 1788 justa

2199 1748 2311 1788 :um
2338 1750 2352 1800 ;
2387 1734 2528 1804 quia
2556 1748 2661 1788 nec
2693 1733 2848 1788 Deus
2879 1732 3143 1804 peccanti
3176 1732 3580 1804 hominijuste
3602 1733 3782 1788 infer-

360 1806 614 1879 punitio.

367 1921 504 1976 CAP.
549 1922 639 1976 44.
694 1952 764 1962 -
820 1923 949 1977 Item
1001 1921 1068 1977 de
1103 1920 1625 2048 ιἵριςςξῖιίεειὶηαιίωιε.
1693 1922 2016 1980 Ambrosius

1143 2011 1214 2048 te:
1267 2011 1280 2048 :

1143 2011 1241 2048 ιειε
1267 2011 1280 2050 2

439 2081 681 2154 Iniquos
711 2082 910 2155 itaque
941 2098 1089 2154 quos
1145 2082 1435 2155 praescivit
1463 2083 1616 2140 Deus
1650 2084 1795 2140 hanc
1834 2085 2015 2140 vitam

365 2170 425 2226 in
458 2176 692 2242 peccato
722 2173 1142 2228 terminaturos
1165 2171 1598 2244 praedestinavit
1617 2172 1903 2244 supplicio
1926 2173 2017 2230 in-

364 2259 718 2316 terminabili
751 2261 1099 2332 puniendos.
1133 2263 1196 2316 In
1229 2277 1344 2332 quo
1376 2262 1532 2316 sicut
1578 2261 1871 2333 culpanda
1901 2279 2016 2317 non

359 2349 827 2420 estpraascientia
849 2348 1120 2405 humanae
1143 2349 1495 2421 iniquitatis,
1524 2350 1607 2405 ita
1633 2351 2017 2421 praedestina-

357 2436 440 2493 tio
455 2437 803 2509 justissima“:
827 2437 1126 2495 laudanda
1139 2443 1228 2494 est
1244 2438 1506 2503 ultionis,
1525 2443 2020 2510 utagnosceretur

365 2543 482 2582 non
512 2526 663 2583 abeo
676 2528 1158 2599 praedestinatum
1183 2528 1482 2584 hominem
1507 2530 1577 2584 ad
1610 2529 2019 2601 qualecunque

360 2620 691 2687 peccatum,
720 2633 896 2688 quem
929 2617 1371 2690 praedestinavit
1402 2619 1623 2690 peccati
1658 2619 1867 2674 merito
1907 2636 2017 2690 pu-

368 2705 675 2761 niendum.
709 2706 862 2762 Deus
894 2706 1090 2778 itaque
1121 2707 1321 2763 omnia
1350 2707 1659 2763 hominum
1692 2725 1868 2780 opera
1897 2709 2020 2766 sive

363 2793 520 2849 bona
550 2795 674 2850 sive
705 2795 861 2851 mala
910 2796 1218 2867 praescivit,
1269 2797 1410 2868 quia
1457 2813 1592 2853 eum
1645 2796 1824 2854 latere
1874 2797 2020 2853 nihil

367 2881 582 2952 potuit,
614 2883 716 2937 sed
759 2881 883 2938 sola
937 2885 1089 2940 bona
1144 2885 1602 2956 prazdestinavit,
1663 2902 1792 2957 qua:
1849 2903 1912 2942 se
1957 2886 2019 2943 in

366 2967 506 3024 ﬁliis
537 2969 736 3042 gratiae
787 2971 1082 3027 facturum
1133 2989 1261 3029 esse
1305 2974 1630 3045 praecivit.
1691 2974 1840 3031 Mala
1884 2991 2019 3032 vero

367 3058 567 3113 futura
641 3075 818 3130 opera
891 3059 1128 3116 illorum
1187 3079 1335 3132 quos
1407 3080 1522 3118 non
1583 3064 2022 3135 praedestinavit

364 3146 436 3201 ad
482 3162 755 3219 regnum,
808 3149 909 3203 sed
970 3151 1042 3205 ad
1098 3149 1404 3206 interitum
1465 3152 1758 3224 praescivit
1814 3158 2015 3224 poten-

359 3234 594 3292 tissima
666 3237 996 3306 divinitate,
1065 3242 1122 3293 et
1197 3239 1488 3296 ordinavit
1552 3241 1792 3312 provida
1848 3241 2017 3297 boni-

359 3327 503 3381 tate.

364 3440 496 3501 CAP.
529 3442 619 3498 45.
653 3473 722 3484 -
751 3445 887 3500 Item
915 3445 986 3501 de
1017 3444 1524 3527 praedestinatione.
1573 3449 1657 3503 Ea:
1703 3448 1867 3505 dictis
1911 3449 2020 3505 Au-

1080 3520 1316 3588 gustini.

444 3613 729 3670 Dominus
759 3613 886 3684 ipse
916 3631 1024 3672 suo
1057 3633 1326 3673 sermone
1358 3635 1464 3674 nos
1494 3619 1798 3690 perdocuit
1826 3620 1885 3676 in
1930 3636 2022 3688 eo,

375 3703 531 3773 quod
559 3720 592 3757 a
621 3718 685 3758 se
715 3704 974 3760 ostendit
994 3710 1264 3776 paratum
1285 3724 1400 3763 non
1427 3707 1619 3764 solum
1644 3725 1888 3780 regnum
1923 3709 2022 3766 ubi

374 3789 648 3846 laetentur
667 3791 826 3860 boni,
850 3793 951 3848 sed
969 3798 1027 3848 et
1049 3793 1244 3864 ignem
1267 3799 1549 3851 aeternum
1574 3797 1670 3851 ubi
1692 3798 2026 3854 crucientur

373 3878 534 3936 mali.
567 3879 746 3936 Bonis
776 3881 990 3936 etenim
1029 3882 1293 3938 dicturus
1323 3888 1449 3939 est:
1501 3886 1704 3950 Venite,
1756 3886 2025 3942 benedicti

369 3969 560 4024 Patris
597 3969 729 4039 mei,
773 3969 1042 4042 percipite
1091 3986 1322 4041 regnum
1370 3971 1510 4045 quod
1559 3974 1708 4028 vobis
1765 3979 2024 4045 paratum

366 4070 446 4113 est
473 4075 511 4113 α
542 4058 936 4114 constitutione
965 4059 1163 4114 mundi
1193 4060 1418 4131 (Matth.
1453 4065 1604 4132 xxv).
1627 4061 1795 4118 Malis
1825 4068 2021 4121 autem

368 4147 634 4204 dicturus
665 4153 798 4205 est:
853 4150 952 4216 Ite,
1011 4149 1316 4219 maledicti,
1370 4152 1430 4206 in
1486 4152 1671 4220 ignem
1725 4156 2022 4225 aeternum,

369 4235 466 4306 qui
484 4247 828 4308 preparatus
860 4247 934 4294 est
957 4237 1180 4295 diabolo
1207 4248 1257 4294 et
1289 4240 1500 4310 angelis
1520 4241 1640 4312 ejus
1673 4241 1874 4312 (ibid).
1925 4243 2026 4297 Ec-

371 4339 436 4379 ce
453 4326 524 4379 ad
549 4326 689 4396 quid
713 4327 870 4382 Deus
894 4327 1129 4400 iniquos
1161 4333 1218 4384 et
1236 4327 1447 4401 impios
1468 4330 1926 4402 praedestinavit,
1963 4331 2017 4386 id

372 4416 483 4482 est,
513 4413 584 4467 ad
616 4414 977 4486 supplicium
1002 4418 1255 4488 justum,
1289 4435 1401 4474 non
1425 4418 1662 4491 aliquod
1693 4437 1840 4492 opus
1865 4420 2017 4492 inju-

377 4503 560 4566 stum,
588 4502 659 4557 ad
685 4519 910 4573 poenam
937 4521 1052 4560 non
1075 4506 1144 4560 ad
1161 4507 1418 4579 culpam,
1435 4508 1505 4563 ad
1522 4509 1888 4580 punitionem
1906 4527 2022 4566 non

377 4589 448 4643 ad
467 4592 1016 4661 transgressionem,
1041 4595 1110 4650 ad
1136 4596 1436 4651 interitum
1461 4613 1635 4668 quem
1665 4598 1913 4669 irajusti
1931 4600 2026 4671 ju-

378 4676 525 4732 dicis
557 4680 934 4748 peccantibus
963 4683 1174 4750 reddit,
1217 4701 1334 4740 non
1385 4687 1457 4740 ad
1520 4686 1848 4757 interitum,
1909 4705 2024 4758 quo

375 4763 436 4821 in
467 4783 532 4823 se
556 4766 700 4823 iram
729 4767 848 4838 {Dei
903 4773 1269 4840 peccantium
1330 4773 1612 4845 iniquitas
1671 4777 2024 4847 provocavit.

374 4855 537 4920 Quod
569 4855 728 4913 beati
758 4857 1020 4929 Apostoli
1045 4861 1374 4929 praedicatio
1398 4863 1754 4932 manifestat,
1776 4865 1876 4937 qui
1900 4882 2024 4921 ma-

371 4943 461 5001 los
488 4962 636 5018 quos
658 4945 718 5002 in
743 4953 1023 5002 aeternum
1046 4947 1434 5007 damnaturus
1457 4957 1544 5007 est
1567 4953 1744 5022 Deus,
1765 4971 1906 5010 vasa
1926 4972 2025 5011 vo-

371 5038 467 5090 cat
496 5035 618 5106 irae,
652 5052 767 5092 non
801 5035 1004 5108 culpae.
1039 5035 1133 5091 Ait
1162 5037 1316 5092 enim
1347 5057 1360 5095 :
1391 5040 1540 5108 Quod
1571 5044 1625 5096 si
1652 5043 1833 5098 votem
1883 5045 2026 5099 Deus

370 5122 520 5179 iram
551 5125 857 5191 ostendere,
889 5133 945 5181 et
999 5129 1192 5180 natam
1245 5129 1433 5198 facere
1485 5133 1793 5200 potentiam
1839 5149 2026 5200 suam,

371 5214 641 5270 sustinuit
670 5217 728 5269 in
761 5215 936 5270 multa
965 5216 1235 5287 patientia
1283 5231 1408 5270 vasa
1442 5217 1548 5275 ira:
1579 5229 1710 5290 apta
1738 5219 1797 5276 in
1827 5223 2025 5276 interi-

374 5311 509 5374 tum,
540 5306 602 5359 ut
631 5304 930 5362 ostenderet
960 5304 1186 5361 divitias
1215 5304 1414 5376 gloriae
1450 5322 1571 5364 sum
1602 5307 1663 5362 in
1691 5325 1828 5365 vasa
1857 5309 2023 5366 mise-

375 5392 636 5450 ricordiae
665 5408 791 5464 qua?
813 5396 1159 5466 praeparavit
1192 5395 1253 5450 in
1283 5393 1468 5466 gloria
1492 5397 1666 5467 (Rom.
1702 5400 1800 5468 Ix).
1828 5398 1890 5452 In
1915 5399 2024 5455 hac

381 5483 641 5536 extrema
665 5483 957 5538 sententia
980 5484 1303 5539 notandum
1329 5485 1482 5555 quod
1507 5486 1576 5541 de
1599 5485 1910 5556 Evangelio
1931 5504 2025 5543 su-

385 5582 553 5623 mens
610 5571 1039 5643 tsstimonium,
1087 5574 1170 5628 ait
1215 5575 1661 5644 prmdestinatos
1717 5577 1904 5633 malos
1961 5577 2022 5633 in

2123 1827 2212 1878 ret
2242 1822 2414 1892 iram,
2446 1822 2496 1878 si
2527 1822 2702 1879 homo
2721 1839 2789 1878 ex
2808 1820 3322 1894 praedestinatione
3346 1821 3442 1878 Dei
3465 1823 3787 1878 cecidisset

2122 1911 2182 1967 in
2215 1913 2470 1985 culpam.

2218 2037 2355 2089 CAP.
2387 2033 2473 2088 47.
2509 2062 2575 2073 -
2603 2033 2739 2087 Item
2767 2031 2833 2089 de
2857 2031 3362 2089 meedestinatione.
3394 2033 3488 2086 Ex
3515 2031 3687 2088 dictis

2515 2105 2794 2174 Futgentii
2823 2105 2947 2176 (lib.
2982 2105 3059 2159 De
3083 2105 3389 2175 praedem).

2197 2212 2361 2268 Sicut
2381 2211 2536 2268 enim
2561 2211 2929 2284 praescientia
2953 2211 3047 2267 Dei
3073 2211 3368 2267 neminem
3392 2210 3700 2282 compellit
3716 2213 3786 2267 ad

2128 2306 2454 2374 peccatum,
2487 2317 2623 2356 cum
2651 2301 2853 2372 utique
2885 2301 3204 2372 praescierit
3225 2300 3600 2374 singulorum
3652 2307 3791 2356 ante

2127 2391 2344 2448 saecula
2372 2396 2586 2446 aeterna
2608 2396 2872 2463 peccata;
2898 2390 3226 2462 itaquoque
3249 2398 3304 2446 et
3336 2390 3783 2461 praedestinatio

2128 2482 2256 2552 ejus
2288 2479 2582 2536 neminem
2637 2479 2937 2550 compellit
2964 2480 3036 2536 ad
3071 2495 3325 2551 poenam,
3357 2479 3494 2534 licet
3531 2483 3591 2534 et
3622 2483 3791 2534 ante-

2129 2587 2307 2642 quam
2330 2573 2607 2625 nascatur
2628 2568 2844 2640 aliquis
2866 2569 3317 2642 praedestinatus
3331 2569 3408 2624 sit
3430 2584 3783 2642 permansu-

2129 2677 2232 2715 rus
2264 2659 2320 2714 in
2356 2659 2668 2730 iniquitate
2718 2659 2787 2714 ad
2850 2675 3080 2730 poenam
3117 2658 3593 2730 [praedestinatus
3625 2658 3707 2713 sit
3735 2656 3783 2712 si

2130 2765 2552 2820 permansurus
2582 2751 2670 2804 est
2700 2747 2757 2802 in
2791 2747 3122 2820 iniquitate,
3154 2747 3311 2819 etc.).

2233 2868 2364 2924 CAP.
2396 2865 2465 2920 48
2513 2894 2564 2906 -
2591 2867 2727 2921 Item
2764 2865 2834 2920 de
2860 2863 3370 2936 praedestinatione.
3401 2865 3486 2918 Ex
3512 2863 3678 2918 dictis

2804 2935 3101 2992 Ambrosii.

2199 3045 2364 3102 Sicut
2385 3045 2542 3102 enim
2559 3060 2729 3101 nemo
2743 3045 3024 3116 potestim
3034 3047 3237 3116 putare
3253 3042 3369 3098 Deo
3383 3043 3538 3114 quod
3562 3048 3788 3114 peccat,

2128 3135 2207 3190 ita
2231 3151 2462 3206 quoque
2494 3136 2646 3208 quod
2680 3151 2783 3206 pro
2814 3133 3068 3205 peccatis
3090 3131 3425 3204 puniendus
3448 3131 3542 3187 sit.
3576 3135 3791 3186 Peccat

2127 3223 2282 3279 enim
2316 3223 2552 3295 propria
2581 3223 2882 3278 voluntate
2916 3221 3287 3293 delinquens,
3323 3221 3664 3292 puniendus
3696 3226 3786 3276 est

2128 3317 2324 3368 autem
2341 3312 2744 3383 justojudicio
2762 3311 3100 3382 judicantis.
3117 3310 3185 3365 Et
3201 3310 3351 3366 sicut
3368 3309 3587 3382 peccati
3610 3327 3790 3365 causa

2129 3419 2243 3456 non
2268 3417 2337 3456 ex
2355 3401 2454 3458 Dei
2479 3401 2847 3473 praescientia
2863 3400 3188 3468 descendit,
3205 3400 3345 3472 quia
3358 3399 3559 3454 nullus
3575 3399 3787 3454 idcirco

2129 3495 2352 3562 peccat,
2387 3491 2528 3563 quia
2561 3491 2711 3545 Deus
2738 3506 2874 3545 eum
2898 3493 3275 3561 peccaturum
3299 3486 3648 3559 praascierit,
3684 3485 3783 3541 sed

2129 3579 2367 3649 idcirco,
2394 3579 2528 3650 quia
2558 3579 2748 3650 magis
2789 3577 3036 3650 propriae
3095 3575 3582 3648 concupiscentiae
3643 3576 3782 3630 obe-

2131 3667 2323 3738 dierit,
2349 3685 2525 3740 quam
2562 3672 2849 3739 praecepto
2884 3665 3248 3739 prohibentis
3297 3665 3395 3720 Dei
3429 3681 3463 3719 a
3524 3668 3783 3736 peccato,

2130 3756 2214 3812 ita
2240 3773 2471 3828 quoque
2494 3756 2694 3812 nullus
2717 3754 2934 3811 idcirco
2956 3755 3028 3809 ad
3054 3769 3281 3824 pcenam
3303 3753 3484 3821 vadit,
3509 3753 3653 3824 quia
3672 3753 3780 3808 hoc

2131 3847 2189 3901 in
2210 3846 2726 3918 praedestinatione
2748 3845 2848 3901 Dei
2873 3848 3007 3899 ante
3023 3843 3234 3900 fuerat.
3259 3843 3339 3898 Ex
3360 3859 3425 3898 eo
3449 3842 3606 3898 enim
3630 3842 3786 3914 quod

2132 3935 2438 4007 praescitus
2467 3939 2559 3990 est
2616 3935 2674 3990 in
2729 3933 2980 4005 peccatis
3039 3948 3486 4004 permansurus,
3546 3936 3607 3986 et
3663 3931 3789 3986 sine

2133 4024 2484 4097 paenitentiae
2519 4025 2708 4079 fructu
2740 4025 2916 4079 vitam
2950 4026 3294 4095 praesentem
3335 4020 3787 4085 terminaturus,

2132 4129 2201 4169 ex
2230 4130 2296 4168 eo
2331 4115 2646 4185 deputatus
2677 4117 2767 4168 est
2795 4113 2866 4166 ad
2901 4127 3153 4183 pmnam.
3176 4113 3247 4166 Et
3270 4110 3423 4166 sicut
3443 4125 3626 4164 causa
3657 4125 3791 4180 pec-

2133 4204 2243 4258 cati
2277 4203 2750 4274 concupiscentia
2781 4206 2892 4266 est,
2922 4218 3038 4272 qua
3067 4201 3257 4272 magis
3287 4198 3559 4255 obeditur
3589 4200 3794 4254 volun-

2131 4292 2234 4347 tati
2250 4291 2442 4348 carnis
2464 4308 2639 4363 quam
2657 4295 2942 4364 praecepto
2965 4291 3162 4345 divino
3188 4306 3202 4357 ;
3228 4289 3310 4345 ita
3332 4305 3516 4362 pinna:
3538 4288 3791 4361 deputa-

2131 4382 2212 4436 tio
2246 4397 2424 4436 causa
2453 4385 2541 4436 est
2571 4381 2791 4452 peccati
2823 4380 3198 4452 perpetratio,
3222 4383 3278 4435 et
3304 4385 3502 4450 postea
3523 4393 3630 4450 pro
3654 4393 3788 4449 pec-

2056 4481 2101 4545 D
2131 4478 2257 4526 cato
2289 4469 2451 4525 nulla
2482 4469 2660 4544 digna
2690 4469 3039 4526 satisfactio.

2205 4586 2336 4642 CAP.
2370 4587 2458 4644 49.
2500 4618 2570 4628 -
2599 4587 2733 4643 Item
2780 4586 2874 4669 de.
2899 4585 3416 4715 pmestinatione.
3475 4585 3569 4638 Ex
3623 4583 3787 4639 dictis

2823 4675 2939 4715 eius
3070 4698 3082 4712 .

2823 4675 3082 4726 emsaem.

2207 4749 2275 4804 Et
2306 4749 2611 4821 Scriptura
2640 4749 2812 4804 dicit:
2849 4747 3140 4804 Considera
3169 4762 3337 4818 opera
3377 4746 3600 4800 Domini
3654 4745 3786 4815 quia

2132 4854 2292 4894 nemo
2303 4843 2474 4910 potest
2503 4839 2793 4909 corrigere,
2813 4854 2973 4909 quem
2993 4837 3088 4893 itte
3106 4836 3413 4908 despexerit
3429 4833 3643 4906 (Eccte.
3662 4836 3786 4905 vn),

2241 4957 2372 5011 CAP.
2394 4955 2484 5011 50.
2518 4985 2584 4995 —
2616 4956 2747 5010 Item
2778 4954 2852 5009 de
2889 4952 3396 5025 praedestinatione.
3420 4951 3502 5005 Ea:
3520 4949 3685 5006 dictis

2799 5027 3119 5097 Augustini.

2205 5132 2385 5187 Nemo
2411 5134 2727 5204 quisquam
2752 5134 2900 5188 bene
2923 5131 3179 5188 creditin
3203 5131 3410 5198 Deum,
3431 5129 3532 5202 qui
3558 5128 3789 5184 dubitat

2135 5221 2498 5294 przescientia
2519 5222 2677 5278 illius
2699 5223 2908 5278 coelum
2932 5227 3268 5294 terramque
3290 5219 3599 5289 contineri,
3625 5235 3790 5274 mun-

2136 5311 2396 5382 dumque
2446 5310 2812 5382 providentia
2863 5311 3064 5366 divina
3115 5309 3258 5381 regi.
3310 5307 3379 5362 Et
3431 5306 3590 5362 sicut
3639 5304 3782 5361 nihil

2136 5402 2278 5455 latet
2307 5399 2656 5470 sapientiam
2692 5402 2842 5471 ejus,
2874 5400 2958 5455 ita
2986 5399 3298 5473 dispositio
3327 5397 3490 5452 illius
3513 5395 3785 5451 universa

2136 5489 2474 5543 moderatur
2503 5493 2558 5543 ct
2580 5488 2750 5560 regit.
2781 5489 2945 5546 Sicut
2972 5488 3134 5545 nulla
3155 5491 3244 5545 est
3265 5490 3534 5544 creatura
3554 5484 3783 5542 occulta

2135 5577 2194 5633 in
2228 5583 2544 5650 conspectu
2577 5579 2727 5649 ejus.
