3948 6072
141 258 257 311 985

948 264 1255 315 DECRETI
1294 264 1478 314 PARS
1513 263 1687 314 XVII.
1734 291 1800 300 -ο
1842 267 1936 317 DE
1976 264 2161 323 FIDE,
2204 265 2335 315 SPE
2374 264 2466 314 ET
2502 263 2793 316 CHARIT.

3450 251 3558 305 986

144 386 279 437 CAP.
310 383 400 438 51.
429 413 498 423 —-
546 385 622 439 De
666 385 944 441 creatione
981 386 1319 455 angelorum.
1357 384 1502 440 Idem
1530 384 1796 456 Augusti-
1830 386 1881 452 Α
1912 385 2047 440 CAP.
2078 385 2168 439 57.
2199 417 2267 425 —
2301 385 2448 452 Quod
2476 384 2663 453 angeli
2700 381 2959 456 custodes
2979 378 3314 456 hominibus”
3336 391 3561 456 praepo-

530 473 637 511 nus
668 458 763 528 (De
785 458 974 513 eccles.
1009 457 1185 527 dogm.
1221 473 1269 511 c.
1308 456 1412 523 10).

215 548 281 599 In
338 545 617 616 principio
674 546 889 601 creavit
947 548 1087 601 Deus
1136 546 1331 600 caelum
1387 553 1439 600 et
1488 549 1715 615 terram,
1744 550 1800 600 et

2052 463 2284 527 nantur,
2319 450 2616 527 Gregorius
2642 455 2857 525 (Moral.
2894 453 2992 507 lib.
3025 468 3104 514 v1.
3131 467 3253 521 cap.
3288 450 3399 519 31).
3435 454 3449 464 ’

1977 546 2122 610 Quia
2152 563 2283 600 vero
2316 545 2503 616 angeli
2536 543 2875 599 hominibus
2906 540 3147 613 praesint
3177 556 3279 609 per
3311 536 3559 608 prophe-

136 650 359 703 aquam
394 649 461 688 ex
493 634 679 690 nihilo
729 636 882 704 (Gen.
919 638 981 703 ι),
1014 640 1071 689 et
1116 652 1250 690 cum
1305 635 1497 690 adhuc
1548 635 1797 689 tenebras
1906 639 2024 689 tam
2058 639 2310 690 testatur
2341 633 2817 705 angelus,dicens
2847 647 2858 685 :
2897 631 3152 700 Princeps
3182 627 3341 696 regni
3372 628 3562 681 Persa-

137 738 359 792 aquam
388 722 578 794 ipsam
610 726 994 792 occultarent,
1031 729 1087 779 et
1118 741 1272 795 aqua
1303 730 1519 779 terram
1548 726 1799 779 abscon-

137 812 327 880 deret,
349 812 484 866 facti
518 818 659 868 sunt
690 813 878 884 angeli
912 819 969 869 ct
999 829 1202 868 omnes
1237 813 1501 869 caelestes
1532 817 1798 878 virtutes,

137 906 209 953 ut
240 917 354 956 non
386 905 543 956 esset
575 903 764 958 otiosa
795 902 893 959 Dei
927 903 1289 968 bonitas,sed
1314 902 1559 957 haberet
1589 902 1646 957 in
1680 903 1805 974 qui-

139 990 255 1043 bus
291 1005 390 1061 per
419 992 601 1046 multa
631 996 765 1047 ante
798 991 989 1062 spatia
1021 992 1346 1047 bonitatem
1381 1009 1547 1046 suam
1600 996 1802 1048 osten-

139 1078 392 1144 deret,et
424 1079 505 1133 ita
535 1079 628 1134 hic
658 1079 908 1135 visibilis
942 1081 1202 1136 mundus
1234 1097 1301 1136 ex
1325 1081 1417 1137 his
1450 1098 1579 1152 quas
1610 1086 1803 1137 creata

142 1166 379 1221 fuerant
409 1165 678 1239 [materia
709 1185 836 1239 quas
869 1186 901 1224 a
930 1170 1046 1225 Deo
1080 1171 1234 1226 facta
1286 1171 1496 1227 fuerat.
1531 1171 1620 1226 Sic
1649 1170 1806 1227 hodie

140 1256 427 1326 August],
462 1257 653 1312 factus
685 1263 775 1313 est
805 1258 1135 1314 ordinatus.

143 1367 279 1419 CAP.
311 1364 401 1417 52.
434 1393 503 1403 ——-
536 1363 687 1431 Quod
728 1364 874 1419 nihil
906 1366 977 1420 sit
1007 1367 1393 1436 incorporeum
1433 1369 1485 1420 et
1532 1366 1810 1422 invisibile

446 1445 663 1507 prwler-
680 1436 865 1492 solum
900 1439 1063 1493 Deum
1094 1438 1278 1509 (ibid,
1311 1454 1357 1493 c.
1396 1438 1503 1509 11).

220 1541 377 1597 Nihil
430 1542 841 1615 incorporeum
890 1548 945 1598 et
976 1543 1275 1599 invisibile
1324 1546 1382 1599 in
1426 1549 1636 1600 natura
1684 1562 1807 1601 cre-

146 1632 431 1697 dendum,
469 1631 581 1686 nisi
633 1631 825 1687 solum
882 1632 1087 1689 Deum.
1123 1632 1233 1699 Qui
1268 1634 1399 1689 ideo
1431 1634 1807 1706 incorporeus

146 1721 430 1788 creditur,
466 1720 605 1791 quia
650 1721 869 1791 ubique
920 1727 1029 1787 est,
1065 1728 1121 1777 et
1152 1724 1350 1778 omnia
1397 1723 1606 1794 implet
1634 1731 1809 1795 atque
1840 1756 1886 1821 Β

151 1808 525 1881 constringit.
563 1811 694 1865 Ideo
743 1816 800 1865 et
836 1810 1148 1866 invisibilis
1197 1812 1472 1868 omnibus
1523 1814 1808 1869 creaturis

153 1906 265 1971 est,
301 1900 439 1970 quia
469 1899 847 1971 incorporeus
878 1905 989 1956 est.

156 2006 295 2063 CAP.
328 2007 418 2063 53.
451 2038 520 2047 -—
552 2009 710 2077 Quod
753 2010 931 2064 omnis
961 2014 1226 2082 creatura
1273 2011 1344 2065 sit
1384 2026 1662 2082 corporea.
1696 2012 1806 2066 Au-

725 2087 873 2149 gust.
908 2080 1091 2151 (ibid,
1127 2082 1236 2149 12).

224 2170 503 2225 Creatura
553 2169 745 2225 omnis
801 2186 1079 2242 corporea
1128 2174 1238 2238 est,
1272 2170 1465 2242 angeli
1514 2174 1569 2227 et
1600 2188 1806 2227 omnes

148 2257 415 2314 cmlestes
444 2259 690 2314 virtutes
740 2275 1050 2330 corporeae,
1086 2259 1220 2314 licet
1251 2276 1365 2315 non
1398 2276 1571 2315 carne
1606 2260 1805 2315 subsi-

147 2352 332 2403 stant.
368 2347 503 2403 Ideo
549 2353 745 2403 autem
778 2364 1084 2420 corporeus
1129 2364 1257 2405 esse
1288 2350 1584 2405 credimus
1632 2349 1803 2404 intel-

143 2436 434 2494 lectuales
465 2441 785 2505 creaturas,
820 2438 1100 2508 quoniam
1136 2437 1399 2493 localiter
1429 2438 1803 2493 circumscri-

144 2528 395 2595 buntur,
429 2527 585 2582 sicut
615 2530 671 2583 et
702 2527 903 2582 anima
935 2527 1196 2581 humana
1221 2543 1351 2597 quae
1384 2543 1557 2582 carne
1588 2527 1805 2581 claudi-

144 2619 267 2682 tur,
302 2620 356 2671 et
387 2617 714 2685 daemones,
746 2617 845 2688 qui
881 2615 1358 2687 substantia[per
1384 2615 1804 2685 substantiam]

152 2704 434 2778 angelica:
466 2710 607 2762 natu
618 2724 689 2762 ra
723 2710 882 2762 sunt.

151 2814 290 2870 CAP.
321 2815 413 2870 54.
448 2846 513 2855 -
545 2815 706 2884 Quod
752 2830 937 2869 omnes
988 2813 1387 2869 intellectuales
1432 2823 1662 2871 natura?
1699 2814 1804 2869 im-

415 2886 679 2942 mortales
707 2888 836 2942 sint.
871 2886 1103 2955 August.
1138 2886 1319 2957 (ibid,
1351 2902 1397 2941 c.
1433 2886 1542 2954 13).

228 2980 598 3051 immortales
643 3011 772 3051 esse
819 2994 1116 3049 credimus
1165 2992 1591 3049 intellectuales
1640 2998 1806 3048 natu-

156 3101 277 3153 ras,
312 3086 451 3155 quia
502 3100 674 3139 carne
724 3068 944 3149 carent,
979 3100 1085 3139 nec
1135 3082 1352 3139 habent
1401 3084 1555 3155 quod
1612 3083 1803 3151 cadat,

151 3176 220 3229 ut
252 3173 679 3228 resurrectione
710 3176 875 3244 egeat
906 3178 1038 3244 post
1072 3172 1324 3228 ruinam.

150 3289 279 3343 CAP.
310 3288 398 3343 55.
428 3319 494 3328 -
525 3287 676 3356 Quod
706 3304 892 3344 omnes
920 3296 1194 3359 apostata,’
1216 3288 1403 3359 angeli
1428 3293 1554 3343 ante
1585 3290 1810 3344 ruinam

225 3358 464 3503 libeégqm
495 3359 799 3417 arbitrium
828 3358 1129 3417 habuerint
1176 3358 1421 3433 (Gregor.
1458 3360 1553 3416 lib.
1589 3362 1718 3417 Mor.
1752 3377 1809 3428 v,

230 3447 281 3487 c.
414 3475 427 3488 .

230 3447 281 3487 0.
314 3447 427 3488 ΖΙ).

228 3543 597 3609 Unaquaeque
628 3539 787 3594 enim
811 3556 906 3594 res
936 3540 1105 3609 quasi
1136 3542 1223 3593 tot
1244 3538 1520 3609 passibus
1549 3539 1619 3592 ad
1651 3537 1809 3592 aliud

152 3627 946 3697 tendit,quotmutabilitatis
972 3645 1089 3682 suae
1111 3628 1372 3681 motibus
1387 3625 1813 3696 subjacet.Sola

153 3720 353 3771 autem
379 3719 587 3770 natura
607 3714 1227 3788 incomprehensibilis
1241 3716 1313 3771 ab
1327 3718 1483 3771 statu
1508 3731 1614 3770 suo
1630 3714 1813 3769 nescit

156 3804 400 3871 moveri,
433 3821 581 3875 quae,
615 3805 687 3860 ab
719 3822 785 3861 eo
837 3807 990 3877 quod
1026 3822 1259 3877 semper
1298 3805 1453 3860 idem
1486 3808 1594 3868 est,
1630 3802 1814 3858 nescit

154 3893 639 3949 immutari.Nam
667 3894 714 3949 si
736 3894 1081 3967 angelorum
1114 3893 1447 3949 substantia
1466 3910 1499 3947 a
1518 3892 1812 3948 mutabili-

152 3983 294 4038 tatis
328 3987 491 4038 motu
525 3983 737 4039 fuisset
767 3983 979 4052 aliena,
1000 3985 1148 4039 bene
1180 3984 1250 4038 ab
1285 3988 1523 4037 auctore
1554 3981 1809 4051 condita,

153 4088 529 4144 nequaquam
556 4072 615 4127 in
643 4073 911 4144 reprobis
934 4072 1246 4145 spiritibus
1277 4090 1310 4127 a
1340 4072 1675 4127 beatudinis
1695 4087 1811 4125 suae

154 4178 287 4216 arce
317 4162 646 4217 cecidisset.
683 4162 827 4217 Mire
875 4166 1072 4218 autem
1125 4161 1498 4233 omnipotens
1532 4166 1680 4216 Deus
1709 4177 1810 4215 na-

152 4254 349 4305 turam
364 4267 730 4306 summorum
756 4250 1072 4322 spirituum
1090 4251 1437 4317 bonam,sed
1464 4250 1810 4305 mutabilem

153 4338 437 4411 condidit,
472 4345 556 4409 ut,
591 4339 639 4396 si
672 4340 774 4411 qui
807 4357 1152 4412 permanere
1186 4339 1430 4409 nollent,
1464 4342 1729 4405 ruerent,
1756 4343 1813 4394 et

156 4428 257 4500 qui
288 4429 346 4483 in
380 4429 715 4485 conditione
746 4430 1150 4502 persisterent,
1182 4434 1347 4485 tanto
1376 4429 1435 4484 in
1463 4446 1531 4485 ea
1553 4430 1680 4500 jam
1722 4428 1809 4483 di-

1908 740 2033 779 rum
2063 725 2264 779 restitit
2310 724 2453 779 mihi
2501 725 2660 793 (Dan.
2696 726 2770 790 x).
2807 720 2967 785 Quod
3012 736 3146 773 vero
3181 716 3371 789 angeli
3404 733 3435 769 a
3463 731 3562 769 su-

1911 812 2207 883 periorum
2270 814 2612 884 angelorum
2676 810 3067 882 potestatibus
3118 807 3559 877 dispensentur,

1910 903 2223 957 Zacharias
2269 903 2551 974 propheta
2603 901 2892 973 perhibet,
2944 899 3043 970 qui
3075 898 3156 952 ait
3188 915 3204 950 :
3238 898 3367 951 Ecce
3399 896 3593 963 ange-'

1914 992 1997 1047 lus
2044 994 2139 1063 qui
2188 993 2509 1063 loquebatur
2555 994 2614 1046 in
2659 1007 2747 1046 me
2793 988 3199 1060 egrediebatur,
3230 988 3283 1041 et
3333 984 3564 1053 angelus

1912 1082 2060 1137 alius
2091 1082 2473 1152 egrediebatur
2505 1083 2563 1136 in
2592 1097 2882 1137 occursum
2910 1080 3105 1150 ejus,et
3130 1075 3274 1131 dixit
3302 1075 3375 1128 ad
3403 1089 3525 1127 eum
3546 1090 3565 1127 .-

1916 1168 2089 1223 Curre
2118 1173 2169 1224 et
2220 1170 2444 1240 loquere
2491 1169 2560 1223 ad
2604 1184 2836 1231 puerum
2866 1168 3059 1233 istum,
3092 1165 3274 1219 dicens
3305 1180 3323 1217 :
3354 1161 3567 1231 Absque

1915 1275 2076 1314 muro
2107 1258 2453 1314 habitabitur
2480 1258 2821 1314 Hierusalem
2853 1255 3037 1327 (Zach.
3072 1254 3157 1325 ιι).

1917 1370 2045 1421 CAP.
2077 1366 2167 1420 58.
2201 1398 2269 1407 —
2303 1366 2452 1435 Quod
2497 1364 2736 1435 singulis
2786 1363 3099 1418 hominibus
3137 1358 3353 1435 singuli
3383 1358 3572 1435 angeli

1988 1438 2190 1493 dentur
2213 1430 2472 1494 custodes.
2521 1430 2611 1493 Ex'
2651 1438 2814 1492 dictis
2858 1434 3143 1506 cujusdam
3172 1430 3239 1488 in,
3286 1430 3419 1487 Vitis
3462 1432 3571 1485 Ρα-

1990 1520 2157 1565 trum.

1988 1598 2183 1653 Abbas
2218 1597 2427 1653 Paulus
2459 1597 2709 1668 simplex
2729 1596 2982 1652 habebat
3004 1593 3252 1664 gratiam
3285 1595 3347 1646 ut
3378 1591 3567 1662 ingrc-

1918 1689 2147 1743 dientes
2197 1688 2257 1742 in
2309 1688 2617 1744 ecclesiam
2670 1703 2839 1742 senes
2888 1685 3193 1756 aspiceret,
3228 1685 3283 1738 et
3326 1698 3393 1736 ex
3437 1680 3566 1751 ipsa

1919 1778 2066 1834 facie
2095 1794 2299 1834 eorum
2332 1777 2806 1847 uniuscujusque
2838 1771 3368 1847 cogitationes,sive
3400 1768 3569 1823 mala:

1919 1872 2118 1923 essent
2148 1884 2249 1922 seu
2304 1867 2491 1933 bona),
2527 1865 2788 1922 sentiret.
2824 1865 2963 1919 Cum
2998 1878 3133 1935 ergo
3165 1861 3465 1916 venissent
3494 1856 3567 1911 ad

1919 1956 2228 2012 ecclesiam
2272 1962 2328 2012 et
2375 1956 2824 2028 ingrederentur
2875 1969 3066 2015 senes,
3092 1951 3240 2005 vidit
3278 1966 3377 2005 eos
3408 1946 3568 2002 clara

1918 2045 2063 2101 facie
2096 2050 2154 2101 et
2184 2045 2313 2101 laeto
2343 2045 2541 2100 animo
2575 2043 2895 2116 ingredi,et
2925 2040 3163 2113 angelos
3191 2055 3394 2095 eorum
3428 2052 3563 2091 cum

1917 2136 2132 2207 gaudio
2180 2136 2398 2206 pariter
2445 2151 2578 2190 cum
2612 2133 2758 2205 ipsis
2792 2149 2805 2187 :
2842 2148 3027 2186 unum
3078 2138 3273 2185 autem
3324 2127 3560 2199 nigrum

1916 2230 1974 2279 et
2004 2224 2355 2280 nebulosum
2388 2224 2699 2279 habentem
2742 2238 2976 2294 corpus,
3010 2224 3067 2275 et
3098 2220 3393 2275 dmmones
3425 2214 3559 2269 hinc

1914 2323 2089 2386 atque
2118 2314 2255 2369 inde
2302 2314 2604 2368 trahentes
2656 2328 2787 2367 eum
2838 2326 2969 2365 cum
3015 2309 3273 2363 admisso
3307 2306 3466 2360 freno
3498 2303 3557 2358 in

1917 2403 2180 2469 naribus,
2215 2408 2271 2459 et
2312 2402 2586 2473 angelum
2638 2404 2907 2457 sanctum
2965 2399 3092 2468 ejus
3124 2398 3194 2452 de
3242 2395 3413 2466 longe
3467 2410 3555 2449 se-

1918 2496 2193 2565 quentem
2235 2492 2483 2547 tristem.
2518 2492 2727 2546 Beatus
2776 2505 2911 2560 ergo
2954 2485 3172 2543 Paulus
3221 2484 3393 2556 cmpit
3424 2483 3559 2538 ﬂere

1917 2582 2311 2652 amarissime,
2344 2586 2400 2636 et
2431 2586 2634 2651 pectus
2666 2596 2841 2634 suum
2887 2578 3149 2644 tondere,
3185 2574 3394 2630 sedens
3426 2576 3561 2627 ante

1916 2661 2490 2742 eccleSiam,propter
2520 2686 2652 2724 eum
2680 2684 2854 2738 quem
2887 2664 3065 2722 talem
3096 2662 3564 2719 viderat.0mnes

1917 2766 2113 2816 autem
2146 2759 2244 2815 alii
2276 2776 2447 2816 senes
2482 2760 2743 2814 videntes
2774 2774 2908 2813 eum
2950 2755 3032 2810 sic
3083 2754 3341 2819 ﬂentem,
3375 2766 3561 2822 crepe-

1919 2855 2057 2906 runt
2086 2867 2220 2906 eum
2255 2865 2478 2921 rogare,
2512 2848 2655 2904 utsi
2690 2848 2829 2918 quid
2866 2846 2925 2900 in
2958 2844 3077 2899 illis
3131 2843 3394 2907 vidisset,
3428 2856 3563 2895 cum

1918 2939 2001 2993 eis
2028 2939 2431 3011 ingrederetur
2462 2938 2519 2992 in
2551 2932 3195 3009 congregationemJlle
3228 2935 3422 2987 autem
3457 2945 3559 2983 no-

1917 3029 2028 3084 luit
2058 3029 2312 3102 ingredi,
2343 3029 2445 3083 sed
2479 3044 2711 3098 semper
2743 3025 2913 3081 flebat
2957 3028 3194 3096 propter
3223 3037 3355 3076 eum
3389 3034 3563 3090 quem

1838 3136 1882 3205 (ς
1920 3118 2002 3174 sic
2033 3118 2275 3173 viderat.
2327 3117 2463 3172 Post
2513 3114 2819 3188 paululum
2865 3117 3062 3168 autem
3092 3127 3245 3205 ecum
3298 3106 3568 3205 absoluta

1920 3209 2292 3281 congregatio
2318 3208 2667 3271 discederet,
2698 3205 2911 3260 iterum
2945 3202 3209 3259 omnium
3245 3199 3439 3253 vultus
3467 3196 3575 3251 cir-

1922 3297 2426 3369 cumspiciebat,si
2460 3296 2605 3351 tales
2636 3294 3055 3366 egrederentur
3085 3290 3289 3362 quales
3321 3284 3573 3357 ingressi

1922 3388 2157 3443 sunt.Et
2185 3387 2331 3441 vidit
2361 3386 2529 3440 illum
2576 3401 2748 3455 quem
2800 3388 2971 3437 antea
2999 3381 3222 3435 viderat
3252 3378 3484 3448 nigrum
3518 3378 3575 3430 et

1922 3474 2301 3544 nebulosum,
2354 3489 2657 3545 egressum
2703 3473 2774 3527 de
2825 3469 3070 3526 ecclesia
3119 3467 3275 3522 clara
3322 3466 3468 3519 facie
3514 3469 3572 3518 et

1923 3564 2173 3619 candido
2225 3578 2486 3633 corpore,
2529 3566 2585 3617 et
2616 3561 2908 3614 daemones
2957 3559 3027 3612 de
3062 3556 3232 3628 longe
3264 3557 3569 3624 sequentes

1922 3656 2145 3720 cum,et
2176 3655 2446 3707 sanctum
2481 3648 2755 3719 angelum
2788 3649 2915 3718 ejus
2948 3663 3127 3719 prope
3157 3661 3289 3701 eum
3324 3642 3570 3697 hilarem

1924 3746 1981 3796 et
2009 3742 2365 3812 gaudentem
2398 3756 2575 3811 super
2597 3753 2731 3793 eum
2764 3736 2963 3792 nimis.

1924 3850 2057 3905 CAP.
2090 3849 2180 3904 59.
2227 3880 2294 3889 —
2346 3849 2499 3916 Quod
2546 3848 2758 3902 dextra
2810 3845 2906 3899 Dei
2952 3844 3023 3900 sit
3068 3844 3390 3915 angelorum
3435 3856 3572 3911 pars

1993 3922 2182 3991 electa,
2212 3920 2445 3975 sinistra
2487 3924 2674 3974 autem
2716 3917 2847 3991 ejus,
2857 3933 2987 3989 pars
3018 3916 3354 3991 angelorum
3383 3927 3570 3983 repro-

1995 3996 2080 4048 ba.
2113 3989 2413 4063 Gregorius
2444 3993 2561 4061 (lib.
2599 4009 2637 4045 ιι
2672 3990 2895 4059 Moral.,
2925 4005 2972 4045 c.
3005 3989 3118 4059 21).

1992 4082 2139 4146 Quid
2177 4087 2267 4137 est
2298 4099 2435 4153 ergo
2479 4081 2630 4151 quod
2674 4079 2960 4134 exercitus
3018 4075 3154 4131 caali
3186 4092 3219 4129 a
3251 4073 3471 4127 dextris
3521 4075 3578 4126 et

1922 4171 2181 4226 sinistris
2238 4172 2365 4241 ejus
2426 4174 2580 4225 stare
2641 4164 3026 4238 perhibetur?
3081 4164 3174 4235 (III
3227 4164 3350 4231 Reg.
3410 4159 3571 4230 xxxx).

1920 4260 2075 4315 Deus
2103 4260 2258 4315 enim
2312 4260 2412 4332 qui
2463 4259 2545 4314 ita
2595 4262 2682 4312 est
2730 4258 2886 4310 intra
2935 4253 3154 4318 omnia,
3187 4256 3251 4306 ut
3292 4249 3465 4305 etiam
3500 4251 3578 4304 sit

1921 4354 2082 4404 extra
2113 4348 2327 4411 omnia,
2363 4364 2467 4402 nec
2494 4347 2697 4401 dextra
2750 4360 2856 4399 nec
2888 4342 3137 4397 sinistra
3167 4338 3575 4405 concluditur;

1924 4440 2024 4493 sed
2058 4438 2260 4493 dextra
2292 4435 2764 4507 Dei,angelorum
2798 4449 2934 4505 pars
2967 4430 3172 4499 electa,
3195 4426 3443 4484 sinistra
3475 4445 3576 4482 au-

156 4518 353 4589 gaius,
385 4524 607 4590 quanto
666 4536 733 4575 ex
784 4520 1024 4576 arbitrio
1075 4524 1319 4591 starent,
1364 4524 1422 4575 et
1468 4536 1534 4576 00
1566 4519 1811 4591 maJOI‘iS
1845 4507 1891 4572 D
1924 4526 2416 4599 tem,angelorum
2449 4523 2696 4596 reproba
2727 4539 2863 4594 pars
2892 4519 3383 4592 designatur.Non
3418 4515 3573 4571 enim

156 4608 310 4677 apud
341 4612 521 4663 Deum
553 4609 747 4664 meriti
800 4610 1025 4678 tierent,
1064 4626 1181 4682 quo
1230 4608 1646 4665 mutabilitatis
1696 4624 1814 4664 sum

156 4701 383 4753 motum
415 4698 736 4755 voluntatis
768 4699 1021 4755 statione
1048 4698 1335 4754 ﬁxissent.

156 4813 293 4869 CAP.
326 4814 414 4867 56.
451 4845 518 4854 -
552 4814 663 4869 Cur
712 4814 1037 4883 angelorum
1084 4812 1316 4884 spiritus
1357 4811 1817 4867 irremissibiliter

223 4887 539 4957 peccarint,
589 4887 750 4941 homo
805 4902 934 4941 vero
978 4900 1212 4957 peccans
1257 4886 1475 4940 veniam
1519 4885 1812 4940 meruerit.

230 4956 479 5027 Gregor.,
512 4960 573 5013 in
603 4958 793 5014 Moral.
829 4959 954 5029 (lib.
982 4974 1063 5028 Ix,
1094 4974 1140 5013 c.
1175 4958 1292 5029 36).

226 5064 579 5135 Angelorum
612 5066 860 5137 spiritus
910 5066 1127 5121 idcirco
1160 5064 1653 5121 irremissibiliter
1682 5081 1816 5137 pec-

157 5155 600 5225 caverunt,quia
614 5160 775 5210 tanto
800 5155 1106 5211 robustius
1120 5161 1275 5211 stare
1299 5157 1815 5227 poterant,quanto

160 5258 260 5297 eos
291 5242 483 5296 carnis
516 5244 789 5299 admislio
821 5261 936 5299 non
960 5244 1405 5301 tenebat.Homo
1436 5260 1568 5300 vero
1599 5242 1816 5298 idcirco

162 5334 296 5404 post
324 5330 557 5402 culpam
590 5333 819 5388 veniam
854 5333 1090 5397 meruit,
1115 5333 1254 5405 quia
1286 5351 1390 5406 per
1421 5331 1657 5388 carnale
1690 5348 1815 5387 cor-

166 5438 278 5494 pus
310 5419 532 5492 aliquid
583 5437 697 5493 quo
746 5422 1065 5495 semetipso
1117 5422 1312 5479 minor
1353 5426 1526 5491 esset,
1570 5422 1813 5495 accepit.

168 5510 335 5566 Unde
356 5514 413 5566 et
432 5511 589 5582 apud
630 5515 961 5584 respectum
995 5511 1220 5583 judicis
1261 5517 1673 5584 argumentum
1696 5513 1818 5586 pie-

170 5600 306 5657 tatis
338 5604 429 5657 est
455 5599 578 5657 haec
607 5601 809 5659 eadem
842 5601 1156 5659 inﬁrmitas
1185 5602 1402 5659 carnis.

1926 4615 2268 4671 ministrant
2300 4615 2417 4669 Deo
2452 4612 2822 4669 solummodo
2854 4609 2993 4666 boni
3025 4609 3123 4681 qui
3155 4606 3452 4678 adjuvent,
3472 4605 3570 4660 sed

1925 4706 2105 4761 etiam
2140 4703 2279 4759 mali
2330 4703 2431 4774 qui
2464 4703 2712 4774 probent
2755 4699 2875 4771 [alii
2909 4698 3007 4771 qui
3058 4696 3414 4769 reprobent].
3446 4694 3573 4749 Non

1926 4794 2121 4851 solum
2153 4794 2249 4863 qui
2286 4810 2318 4847 a
2349 4790 2521 4862 culpa
2551 4790 2863 4845 redeuntes
2904 4786 3231 4851 sublevent,
3264 4784 3363 4839 sed
3395 4784 3572 4838 etiam

1927 4885 2027 4956 qui
2059 4883 2247 4939 redire
2280 4881 2543 4938 nolentes
2574 4882 2837 4951 gravent.
2864 4877 2978 4933 Nec
3009 4876 3164 4948 quod
3198 4873 3323 4930 cmli
3354 4871 3571 4928 exerci-

1924 4978 2023 5029 tus
2054 4972 2291 5040 dicitur,
2324 4970 2665 5043 angelorum
2691 4985 2827 5039 pars
2859 4966 3106 5039 reproba
3136 4966 3195 5020 in
3227 4981 3292 5020 eo
3323 4958 3575 5031 intelligi

1926 5079 2101 5135 posse
2122 5061 2484 5134 prohibetur.
2519 5062 2673 5126 Quas
2704 5058 2859 5113 enim
2887 5053 3171 5127 suspendi
3205 5052 3263 5107 in
3307 5065 3437 5106 aere
3470 5066 3573 5103 no-

1925 5153 2140 5220 vimus,
2161 5169 2293 5208 aves
2325 5151 2451 5206 cmli
2486 5149 2884 5206 nominamus.
2914 5146 2979 5200 Et
3010 5146 3080 5199 de
3110 5143 3316 5197 iisdem
3351 5138 3572 5210 spiriti-

1928 5243 2038 5297 bus
2070 5241 2282 5297 Paulus
2315 5241 2456 5297 dicit
2484 5261 2497 5310 ;
2524 5241 2727 5297 Contra
2750 5233 3072 5311 spiritualia
3095 5232 3357 5303 nequitiae
3373 5230 3431 5282 in
3462 5242 3571 5281 ca:-

1929 5332 2155 5388 lestibus
2184 5334 2403 5404 (Ep/aes.
2435 5330 2536 5403 v1).
2570 5333 2826 5396 Quorum
2878 5327 3054 5396 caput
3090 5319 3407 5378 enuntians
3439 5315 3521 5370 ait
3553 5329 3567 5372 :

1928 5422 2239 5479 Secundum
2268 5424 2573 5494 principem
2588 5416 2875 5492 potestati:
2894 5411 3041 5469 aeris
3073 5411 3238 5481 hujus
3262 5405 3570 5479 (Ephes.u).

1926 5513 1972 5567 A
2002 5514 2241 5569 dextera
2286 5528 2423 5584 ergo
2476 5508 2577 5566 Dei
2628 5510 2686 5562 et
2732 5503 2972 5561 sinistra
3020 5498 3361 5571 angelorum
3406 5510 3574 5551 εχει-οι

1929 5600 2080 5658 citus
2130 5606 2267 5671 stat,
2300 5600 2439 5673 quia
2485 5601 2541 5656 et
2569 5594 2840 5652 voluntas
2887 5589 3206 5646 electorum
3254 5584 3571 5658 spirituum
