3948 6072
389 193 494 248 98'!

1473 199 1540 250 D.
1582 196 1825 250 IVONIS
1861 190 2353 247 CARNOTENSIS
2390 193 2706 249 EPISCOPI

3702 196 3825 251 988

392 315 598 372 divinas
631 316 832 388 pietati
855 319 1253 385 concordat,et
1273 319 1648 389 reproborum
1681 333 1892 372 sensus
1918 331 2038 370 suae
2069 315 2124 381 Α
2156 330 2449 386 quaquam
2483 313 2661 371 simul
2690 331 2840 382 esse,
2863 316 2965 372 sed
2998 317 3195 373 venire
3227 317 3285 373 in
3317 318 3690 390 adjutorium
3731 321 3824 376 di-

393 403 629 460 malitize
661 407 1165 478 serviens,judicio
1187 405 1572 462 districtionis
1589 412 1714 477 ejus
1747 408 1936 461 obtem
1949 421 2040 476 pe-

395 500 505 550 rat.
541 495 704 552 Unde
732 502 789 552 et
822 514 954 552 mox
987 497 1160 551 fallax
1188 495 1431 568 spiritus
1464 496 1522 551 in
1558 496 1817 550 medium
1851 494 2038 566 prosi-

393 583 557 640 liisse
589 587 1074 656 describitur,per
1106 602 1280 657 quem
1315 585 1510 640 Achab
1541 601 1640 640 rex
1669 584 2040 656 exigentibus

395 675 522 730 suis
551 675 781 731 meritis
811 675 1363 746 decipiatur.Neque
1385 675 1541 730 enim
1575 675 1662 730 fas
1687 679 1778 730 est
1806 674 2040 729 credere

394 764 614 820 bonum
649 765 923 836 spiritum
960 763 1200 818 fallaciae
1234 765 1526 820 deservire
1555 763 1829 829 voluisse,
1855 767 1919 816 ut
1957 762 2040 816 di-

339 848 348 854 ’
395 857 549 909 ceret
580 869 594 908 :
631 854 894 924 Egrediar
921 861 972 909 et
997 869 1094 908 ero
1143 852 1385 909 mendax
1435 853 1665 925 spiritus
1695 855 1756 908 in
1803 868 1896 907 ore
1925 867 2040 906 om-

389 945 545 997 nium
569 943 964 1014 prophetarum
991 943 1109 1012 ejus
1144 943 1237 1008 (Ill
1267 945 1390 1014 Reg.
1425 960 1570 1001 xm:
1605 943 1651 998 ll
1690 947 1823 997 Par.
1854 940 2037 1012 xvm).

390 1030 501 1086 Sed
535 1031 673 1102 quia
703 1032 897 1088 Achab
932 1048 1031 1088 rex
1054 1033 1307 1104 peccatis
1331 1031 1790 1105 praecedentibus
1823 1031 2040 1102 dignus

390 1123 516 1173 erat
547 1123 603 1174 ut
636 1119 736 1175 tali
757 1120 1064 1176 debuisset
1079 1121 1420 1193 deceptione
1451 1121 2039 1192 damnari,qcatenus

390 1208 490 1278 qui
522 1225 674 1280 saepe
719 1209 916 1265 volens
967 1209 1258 1265 ceciderat
1287 1211 1344 1265 in
1387 1210 1649 1282 culpam,
1681 1209 2041 1280 quandoque

391 1297 596 1354 nolens
627 1303 934 1369 caperetur
963 1300 1036 1354 ad
1068 1299 1566 1370 pcenam.Occulta
1589 1299 1835 1369 justitia:
1864 1297 2040 1352 licen-

390 1386 473 1441 tia
507 1385 783 1459 malignis
831 1387 1138 1460 spiritibus
1187 1389 1382 1452 datur,
1418 1393 1479 1442 ut
1509 1405 1656 1459 quos
1686 1387 1946 1442 volentes
1978 1386 2036 1440 in

391 1475 645 1547 peccatis
667 1475 875 1548 laqueo
892 1476 1349 1547 strangulant.in
1372 1477 1587 1548 peccati
1611 1493 1838 1549 pmnam
1858 1475 2037 1530 etiam

393 1563 657 1620 nolentes
691 1564 1114 1628 trahant.0uod
1147 1582 1284 1638 ergo
1317 1564 1435 1619 illic
1466 1583 1500 1620 a
1529 1565 1746 1620 dextris
1776 1570 1832 1619 et
1862 1564 2037 1618 sinis-

391 1653 499 1707 tris
557 1653 656 1708 Dei
715 1653 1001 1710 exercitus
1059 1654 1189 1710 coeli
1247 1655 1506 1709 astitisse
1558 1653 1908 1709 describitur
1948 1653 2043 1722 (III

2153 403 2325 470 citur,
2359 409 2556 475 aperte
2613 405 2664 460 ei
2725 407 2939 477 populo
2985 405 3261 477 praelatus
3307 409 3677 480 agnoscitur,
3719 411 3820 479 qui

2149 498 2354 564 captus
2388 494 2444 548 in
2479 493 2592 548 alia
2625 499 2787 564 parte
2820 495 3150 552 tenebatur.

2149 599 2274 655 CAP.
2300 600 2397 676 762.
2432 631 2499 640 —
2531 600 2680 668 Quod
2715 601 2926 676 diaboli
2955 603 3204 656 voluntas
3239 602 3313 657 sit
3342 620 3555 676 semper
3582 604 3820 676 iniqua,

2216 675 2820 747 potestasautewnejus
2865 690 3148 746 nunquam
3197 677 3432 746 injusta.
3489 675 3650 746 Greg.
3687 678 3822 747 (tib.

2220 759 2261 796 ιι
2294 743 2518 809 Moral.,
2549 760 2596 799 c.
2631 745 2739 815 10).

2218 832 2528 888 Sciendum
2560 850 2696 889 vero
2728 839 2818 889 est
2848 833 2988 906 quia
3021 835 3252 891 Satanas
3275 836 3548 894 voluntas
3570 854 3820 910 semper

2148 920 2354 992 iniqua
2381 929 2492 992 est,
2523 923 2622 978 sed
2677 940 2977 995 nunquam
3012 929 3271 995 potestas
3319 925 3565 996 injuste,
3602 928 3754 999 quia
3786 945 3819 984 ι

2148 1011 2466 1083 semetipso
2495 1012 2857 1068 voluntatem
2881 1013 3185 1079 habet,sed
3220 1031 3254 1070 a
3284 1014 3530 1071 Domino
3557 1021 3820 1086 potesta-

2148 1103 2296 1156 tem:
2322 1101 2657 1176 quodsenim
2687 1101 2812 1173 ipse
2837 1102 3026 1157 facere
3051 1102 3249 1175 inique
3273 1105 3816 1176 appetit,hocDeus

2148 1189 2270 1244 fieri
2306 1206 2420 1244 non
2457 1189 2566 1244 nisi
2592 1190 2756 1261 juste
2806 1191 3116 1263 permittit.
3155 1193 3318 1248 Unde
3359 1194 3504 1249 bene
3536 1193 3596 1250 in
3634 1193 3814 1250 libris

2150 1277 2367 1349 Regum
2399 1279 2614 1334 dicitur
2645 1297 2658 1335 :
2689 1279 2931 1352 Spiritus
2964 1282 3186 1337 Domini
3231 1283 3416 1338 malus
3462 1284 3718 1339 irruebat
3753 1288 3812 1339 in

2147 1365 2280 1421 Saul
2319 1370 2368 1435 (Ι
2395 1371 2519 1440 Reg.
2553 1369 2735 1438 xvm).
2771 1370 2912 1426 Ecce
2946 1389 3100 1427 unus
3130 1371 3407 1444 idemque
3437 1374 3713 1445 spiritus,
3749 1380 3806 1429 et

2148 1456 2370 1512 Domini
2399 1457 2729 1529 appellatur
2759 1464 2815 1514 et
2844 1463 3024 1516 malus
3054 1478 3072 1514 :
3110 1461 3347 1516 Domini
3381 1462 3676 1529 videlicet,
3709 1481 3810 1535 per

2147 1544 2442 1600 licentium
2469 1548 2967 1618 potestatisjustie
2992 1569 3005 1616 ;
3035 1549 3226 1605 malus
3257 1557 3476 1617 autem,
3512 1568 3619 1624 per
3648 1553 3810 1608 desi-

2148 1635 2375 1690 derium
2402 1635 2720 1692 voluntatis
2745 1636 3332 1708 injustm.Formidari
3358 1640 3541 1712 igitur
3563 1658 3682 1696 non
3706 1643 3810 1698 de-

395 1697 522 1812 iii}.
551 1697 1002 1813 ἕξεί)ξὲἑῖὲῖ
1051 1697 1206 1799 ξιιῖὲὶ-
1247 1697 1538 1799 Βῐῖἔζιόἒί
1559 1697 1744 1797 ἐθίζω
1780 1697 2040 1797 adfuisse
2071 1697 2117 1760 Β
2150 1723 2246 1779 bet
2278 1725 2378 1796 qui
2410 1724 2559 1780 nihil
2593 1725 2704 1780 nisi
2736 1726 3063 1798 permissus
3094 1727 3408 1785 valet-Sola
3438 1746 3579 1802 ergo
3607 1731 3696 1786 vis
3713 1730 3810 1786 illa

394 1831 754 1902 perhibetur.
781 1833 923 1887 Ecce
953 1849 986 1886 a
1015 1832 1235 1887 dextris
1267 1832 1367 1886 Dei
1400 1837 1688 1888 steterunt
1719 1829 1908 1904 angeli
1939 1832 2042 1902 qui

395 1920 781 1975 nominantur
809 1920 912 1974 ﬁlii
945 1921 1083 1977 Dei:
1118 1937 1249 1976 ecce
1282 1938 1314 1976 a
1347 1920 1604 1976 sinistris
1636 1925 1795 1976 stant
1823 1919 2038 1993 angeli,

396 2007 534 2079 quia
566 2008 753 2064 adfuit
779 2009 933 2066 inter
963 2026 1062 2065 eos
1093 2010 1270 2066 etiam
1300 2015 1497 2066 Satan.

396 2122 526 2179 CAP.
559 2125 648 2178 60.
702 2125 955 2198 —7Quod
1004 2127 1278 2182 immundi
1302 2129 1535 2198 spiritus
1568 2130 1626 2183 in
1655 2127 1754 2184 hoc
1780 2126 1904 2182 caeli
1933 2135 2037 2183 ter-

465 2210 652 2270 raeque
678 2197 855 2254 medio
885 2203 1172 2269 vagentur.
1205 2197 1425 2268 Gregor.
1479 2201 1597 2270 (lib.
1630 2215 1694 2270 ιι,
1726 2200 1957 2267 Moral.,
1989 2215 2038 2254 c.

463 2268 576 2340 34).

462 2373 684 2431 Caelum
717 2391 849 2432 vero
881 2393 1070 2433 aerem
1102 2377 1217 2434 dici
1251 2377 1425 2450 paulo
1445 2380 1578 2432 ante
1599 2378 1725 2448 jam
1756 2377 2036 2446 diximus;

391 2464 546 2519 unde
595 2468 651 2519 et
699 2481 832 2520 aves
882 2465 1009 2521 cceli
1059 2467 1458 2523 nominamus.
1494 2467 1562 2522 Et
1608 2467 1831 2524 scimus
1880 2468 2037 2540 quod

389 2551 682 2608 immundi
710 2554 958 2626 spiritus
990 2556 1091 2627 qui
1115 2573 1145 2611 e
1175 2557 1316 2612 caelo
1347 2556 1598 2612 aethereo
1630 2555 1779 2628 lapsi
1810 2557 2038 2623 sunt,in

388 2638 570 2712 hujus
637 2643 765 2698 caeli
810 2649 1093 2715 terraeque
1152 2645 1345 2701 medio
1390 2649 1692 2716 vagantur,
1727 2645 1827 2718 qui
1877 2649 2038 2701 tanto

390 2732 578 2803 magis
605 2733 780 2788 corda
810 2732 1118 2789 hominum
1152 2735 1464 2790 ascendere
1495 2735 1566 2790 ad
1599 2733 1858 2789 cmlestia
1889 2733 2035 2788 invi-

390 2819 553 2888 dent,
585 2826 806 2890 quanto
855 2839 917 2877 se
963 2840 996 2878 a
1039 2821 1372 2878 caelestibus
1433 2839 1534 2895 per
1587 2822 1857 2879 elationis
1915 2840 2036 2879 sua;

389 2907 832 2966 immunditiam
865 2912 1154 2983 projectos
1186 2911 1403 2968 vident.

389 3027 522 3080 Car.
553 3026 646 3080 64.
673 3055 744 3066 -—
775 3027 846 3099 De
875 3026 994 3091 hoc,
1025 3029 1080 3083 si
1103 3045 1218 3099 pas:
1246 3028 1307 3082 in
1335 3028 1668 3086 sublimibus
1700 3031 2031 3088 retineatur.

770 3097 925 3168 Greg.
958 3099 1078 3169 (lib.
1104 3097 1226 3155 kvn
1256 3101 1469 3170 Moral.,
1502 3118 1548 3157 ε.
1579 3101 1658 3172 7).

461 3201 573 3257 Sed
606 3202 756 3258 inter
787 3203 908 3259 haec
931 3204 1075 3259 libet
1102 3205 1419 3277 inquirere,
1453 3207 1501 3262 si
1535 3225 1644 3278 pax
1674 3207 1732 3263 in
1767 3207 2036 3264 sublimi-

388 3289 502 3346 bus
533 3307 770 3347 summa
801 3293 1107 3362 retinetur,
1139 3295 1280 3367 quid
1314 3301 1404 3351 est
1433 3297 1585 3369 quod
1621 3313 1724 3370 per
1761 3297 2036 3368 angelum

391 3379 616 3437 Danieli
665 3380 928 3439 dicitur:
979 3385 1089 3454 Ego
1137 3386 1264 3440 veni
1306 3389 1533 3457 propter
1573 3403 1852 3443 sermones
1898 3395 2036 3456 tuos,

387 3469 645 3542 princeps
679 3475 867 3528 autem
896 3473 1061 3542 regni
1087 3480 1384 3530 Persarum
1415 3475 1617 3532 rest-itit
1663 3479 1806 3534 mihi
1844 3476 2041 3549 viginti

390 3567 442 3614 et
462 3575 572 3614 uno
593 3559 807 3627 diebus,
840 3566 893 3617 et
921 3578 1040 3618 ecce
1061 3563 1284 3619 Michael
1304 3581 1448 3619 unus
1462 3564 1528 3621 de
1547 3565 1892 3638 principibus
1917 3565 2037 3638 pri-

389 3649 493 3702 mis
525 3648 669 3703 venit
701 3651 759 3704 in
789 3649 1129 3721 adjutorium
1159 3653 1302 3708 mihi
1331 3654 1656 3726 (Dan.x).Et
1685 3655 1858 3727 paulo
1884 3660 2036 3727 post:

390 3739 551 3792 Nunc
569 3744 818 3793 revertar
829 3748 888 3794 ut
906 3741 1404 3810 pra’lieradversus
1414 3745 1720 3816 principem
1745 3750 2041 3800 Persarum

394 3824 532 3880 Cum
563 3827 719 3882 enim
769 3829 1076 3901 egrederer,
1117 3832 1378 3902 apparuit
1419 3834 1679 3905 princeps
1730 3835 2041 3890 Grecorum

394 3913 1064 3990 adveniens(ibid.).Quos
1080 3921 1273 3990 itaque
1285 3921 1431 3977 alios
1445 3922 1740 3994 principes
1751 3925 2039 3994 gentium,

395 4004 512 4060 nisi
544 4006 782 4078 angelos
809 4009 1084 4080 appellat,
1110 4010 1212 4081 qui
1241 4010 1354 4066 sibi
1388 4009 1659 4067 resistere
1679 4013 1914 4068 exeunti
1947 4030 2043 4085 po-

392 4093 651 4150 tuissent
671 4095 699 4150 ?
717 4098 852 4163 Quae
874 4113 1012 4168 ergo
1029 4114 1142 4168 pax
1164 4099 1222 4154 in
1245 4099 1604 4156 sublimibus
1621 4117 1749 4157 esse
1771 4103 2043 4174 potest,si

390 4181 548 4237 inter
573 4182 732 4254 ipsos
751 4201 982 4256 quoque
1004 4187 1302 4259 angelicos
1323 4187 1570 4259 spiritus
1601 4187 1903 4260 praeliandi
1925 4207 2043 4246 cer-

391 4275 589 4326 tamen
611 4272 825 4343 agitur,
857 4275 957 4345 qui
980 4291 1212 4348 semper
1228 4275 1569 4348 conspectui
1599 4278 1858 4334 veritatis
1889 4278 2042 4335 assi-

392 4360 594 4414 stunt?
607 4361 707 4415 sed
739 4361 880 4432 quia
909 4369 1068 4419 certa
1084 4363 1428 4437 angelorum
1449 4366 1780 4423 ministeria
1805 4368 2040 4440 dispen-

391 4447 594 4503 sandis
625 4449 875 4521 singulis
925 4451 1261 4524 quibusque
1291 4453 1568 4525 gentibus
1607 4456 1846 4529 praelata
1877 4437 2036 4526 sunt,
2071 4437 2116 4504 D

392 4553 527 4592 cum
559 4538 962 4609 subjectorum
995 4557 1187 4597 mores
1218 4544 1496 4600 adversus
1529 4561 1592 4600 se
1620 4545 1880 4602 vicissim
1902 4563 2042 4619 prm-

393 4626 723 4698 positorum
756 4629 1073 4702 spirituum
1105 4647 1274 4703 opem
1309 4635 1744 4708 merentur,ipsi
1771 4636 1868 4708 qui
1903 4653 2042 4707 prae-

394 4720 536 4772 sunt
565 4717 810 4790 spiritus
831 4724 1032 4776 contra
1051 4736 1113 4777 se
1135 4722 1328 4778 venire
1349 4725 1764 4780 reternntur.ls
1789 4741 2042 4795 namque

393 4806 640 4878 angelus
671 4808 768 4879 qui
802 4809 1026 4865 Danieli
1059 4810 1430 4884 loquebatur,
1461 4813 1707 4885 captivis
1739 4813 2042 4869 Israelitici

391 4895 592 4968 populi
615 4897 673 4954 in
715 4899 946 4955 Perside
965 4902 1307 4957 constitutis
1340 4901 1616 4974 praelatus
1651 4903 2039 4974 cognoscitur.

394 4984 642 5042 Michael
675 4991 869 5043 autem
905 5005 1108 5045 eorum
1137 4991 1234 5061 qui
1257 4991 1328 5046 de
1351 4991 1554 5046 eadem
1577 4989 1742 5062 plebe
1765 4992 1820 5046 in
1844 4993 2044 5049 Iudaea

391 5075 548 5130 terra
578 5083 1003 5146 remanserant,
1039 5078 1398 5150 praepositus
1436 5077 1748 5134 invenitur.
1780 5079 1942 5136 Unde
1987 5085 2044 5137 et

395 5162 467 5219 ab
498 5162 606 5220 hoc
639 5165 841 5222 eodem
892 5167 1098 5238 angelo
1150 5166 1322 5237 paulo
1357 5173 1488 5237 post
1517 5167 1741 5222 Danieli
1773 5169 1992 5226 dicitur
2024 5189 2037 5227 :

394 5253 558 5309 Nemo
584 5260 663 5310 est
689 5257 913 5326 adjutor
940 5272 1096 5312 meus
1143 5255 1204 5309 in
1231 5255 1486 5311 omnibus
1532 5256 1638 5328 his,
1669 5259 1784 5313 nisi
1810 5259 2043 5316 Michael

392 5344 650 5417 princeps
675 5350 850 5402 vester
873 5347 1082 5418 (ibid.).
1117 5350 1194 5402 De
1217 5362 1331 5418 quo
1361 5351 1418 5403 et
1446 5346 1554 5403 hoc
1578 5349 1730 5418 quod
1762 5349 2044 5418 praemisi-

391 5433 606 5503 simus,
637 5434 780 5490 dicit
811 5454 824 5492 :
857 5437 923 5491 Et
953 5451 1071 5491 ecce
1119 5435 1351 5494 Michael
1391 5453 1535 5493 unus
1589 5437 1656 5492 de
1697 5438 2044 5511 principibus

393 5521 599 5587 primis
655 5525 800 5581 venit
858 5525 920 5581 in
975 5525 1319 5598 adjutorium
1372 5526 1534 5584 mihi.
1575 5525 1682 5593 Qui
1741 5527 1878 5584 dum
1937 5547 2040 5586 ne-

2148 1813 2411 1868 timenda
2441 1817 2531 1869 est
2551 1831 2701 1885 quae,
2725 1831 2857 1870 cum
2883 1815 3113 1872 hostem
3138 1818 3341 1874 saevire
3370 1819 3737 1890 permiserit,
3762 1823 3810 1876 ei

2149 1902 2218 1957 ad
2247 1903 2775 1974 ususjustijudicii
2798 1909 2854 1960 et
2874 1905 3094 1977 injusla
3117 1906 3276 1962 illius
3302 1907 3576 1980 voluntas
3601 1910 3804 1965 servit.

2151 1990 2458 2046 Paululum
2489 2008 2621 2048 vero
2653 2010 2894 2049 manum
2929 1994 3186 2067 postulat
3215 1995 3622 2070 extendi,quia
3652 2005 3808 2054 exte-

2151 2079 2305 2135 riora
2334 2085 2473 2136 sunt
2502 2097 2630 2152 quin
2681 2083 2900 2155 expetit
2929 2085 3171 2140 conteri.
3200 2085 3400 2158 Neque
3429 2087 3590 2142 enim
3623 2087 3804 2143 Satan

2147 2169 2371 2241 aliquid
2406 2171 2658 2228 multum
2691 2189 2752 2228 se
2781 2172 2971 2228 facere
3004 2175 3314 2245 putat,nisi
3347 2191 3479 2231 cum
3514 2177 3571 2230 in
3605 2178 3806 2233 anima

2149 2259 2467 2320 sauciat.ut
2496 2261 2567 2316 ab
2601 2259 2700 2315 illa
2733 2263 2921 2333 patria
2955 2263 3171 2319 feriens
3203 2269 3496 2335 revocet,a
3527 2283 3648 2339 qua
3675 2267 3802 2340 ipse

2148 2347 2320 2421 longe
2351 2349 2466 2404 telo
2498 2350 2790 2422 superbiaa
2821 2368 2940 2407 suae
2976 2357 3306 2424 prostratus
3331 2356 3508 2425 jacet.

2147 2455 2281 2531 CA1).
2313 2456 2404 2531 63,
2439 2487 2505 2497 —
2538 2456 2956 2531 Quodquatuor
3003 2458 3181 2531 modis
3233 2460 3493 2531 loquatur
3539 2461 3688 2516 Deus
3719 2461 3802 2516 ad

2217 2526 2520 2597 diabolum,
2551 2538 2601 2584 et
2629 2526 2806 2584 tribus
2835 2530 3008 2586 modis
3035 2526 3386 2587 diabolus'ad
3431 2537 3630 2588 Deum.
3679 2531 3802 2588 Gre-

2217 2615 2330 2669 gor.
2365 2599 2468 2670 (lib
2524 2616 2564 2654 u
2596 2601 2813 2667 Moral.,
2841 2617 2888 2656 c.
2919 2603 2997 2673 7).

2217 2687 2533 2743 Sciendum
2565 2705 2698 2745 vero
2730 2695 2819 2744 est
2847 2689 3176 2761 quia,sicut
3196 2689 3305 2746 hoc
3330 2689 3451 2748 loco
3484 2691 3797 2759 discimus,

2147 2780 2400 2846 quatuor
2425 2777 2614 2833 modis
2643 2777 2906 2850 loquitur
2953 2778 3109 2835 Deus
3141 2780 3208 2834 ad
3242 2779 3568 2847 diabolum,
3602 2781 3798 2836 tribus

2146 2865 2337 2921 modis
2369 2866 2640 2922 diabolus
2663 2867 2733 2922 ad
2759 2867 2965 2937 Deum,
2999 2870 3136 2939 quia
3159 2875 3216 2924 et
3233 2868 3356 2924 vias
3379 2869 3637 2940 injustas
3668 2872 3800 2941 ejus

2143 2955 2356 3025 arguit,
2389 2959 2446 3010 et
2465 2954 2778 3011 electorum
2805 2973 3048 3015 suorum
3081 2961 3284 3024 contra
3310 2957 3795 3030 illumjustitiam

2065 3065 2110 3134 ρ
2149 3045 2505 3116 proponit,ct
2534 3047 2876 3102 tentandam
2909 3063 3110 3102 eorum
3145 3048 3540 3104 innocentiam
3574 3048 3628 3103 ei
3661 3065 3798 3104 con-

2147 3133 2406 3188 cedendo
2451 3134 2759 3204 permittit,
2792 3139 2850 3190 et
2899 3134 3216 3208 aliquando
3265 3153 3399 3193 eum
3452 3153 3523 3193 ne
3568 3141 3798 3194 tentare

2147 3223 2360 3278 audeat
2391 3223 2680 3294 prohibet.
2708 3224 2960 3294 Injustas
2981 3225 3140 3281 enim
3163 3226 3288 3282 vias
3313 3227 3438 3296 ejus
3469 3227 3798 3298 redarguit,

2147 3311 2303 3366 sicut
2327 3311 2448 3381 jam
2480 3313 2704 3368 dictum
2739 3318 2828 3370 est
2863 3330 2876 3370 :
2913 3313 3062 3371 Unde
3102 3317 3301 3371 venis?
3329 3316 3444 3386 (Job
3476 3318 3534 3384 ι).
3567 3315 3794 3371 Electo-

2148 3417 2278 3456 rum
2310 3418 2553 3456 suorum
2585 3407 2788 3457 contra
2820 3402 2988 3458 illum
3016 3403 3314 3473 justitiam
3348 3405 3792 3476 proponit,cum

2148 3489 2274 3545 ait:
2311 3490 2697 3546 Considerasti
2746 3508 2960 3547 servum
3009 3509 3191 3548 meum
3219 3496 3348 3564 Job,
3379 3493 3517 3566 quod
3563 3510 3671 3550 non
3727 3497 3793 3549 sit

2146 3581 2350 3634 similis
2375 3582 2429 3636 ei
2471 3597 2638 3650 super
2664 3585 2913 3637 terram?
2944 3582 3146 3652 (ibid.).
3180 3583 3549 3639 Tentandum
3592 3600 3789 3639 eorum

2147 3668 2543 3726 innocentiam
2571 3670 2622 3726 ei
2669 3671 3038 3726 concedendo
3077 3672 3384 3743 permittit,
3419 3673 3574 3728 sicut
3605 3674 3752 3728 dicit
3781 3691 3793 3728 :

2150 3759 2280 3813 Ecce
2307 3759 2567 3813 universa
2613 3774 2738 3831 quae
2785 3759 2946 3815 habet
2969 3759 3029 3815 in
3077 3777 3248 3816 manu
3279 3766 3374 3816 tua
3420 3767 3549 3818 sunt
3580 3761 3788 3834 (ibid.).

2152 3847 2496 3919 Rursusque
2525 3863 2658 3902 eum
2693 3865 2728 3903 ι
2756 3849 3079 3904 tentatione
3119 3849 3410 3922 prohibet,
3443 3867 3575 3906 cum
3609 3850 3753 3905 dicit
3782 3868 3794 3906 :

2155 3940 2394 3992 Tantum
2423 3935 2484 3990 in
2533 3953 2656 3992 eum
2705 3953 2776 3993 ne
2818 3939 3082 3994 extendas
3118 3955 3350 3994 manum
3399 3947 3548 3995 tuam
3596 3939 3794 4010 (ibid.).

2149 4026 2362 4081 Tribus
2411 4029 2607 4081 autem
2658 4026 2850 4082 modis
2894 4025 3156 4098 loquitur
3186 4027 3458 4084 diabolus
3487 4028 3559 4082 ad
3596 4033 3794 4095 Deum,

2151 4131 2285 4169 cum
2317 4114 2404 4170 vel
2434 4114 2558 4170 vias
2587 4129 2725 4170 suas
2756 4115 3134 4182 insinuat,vel
3165 4115 3483 4172 electorum
3515 4117 3796 4172 innocen—

2149 4203 2293 4259 tiam
2329 4204 2480 4260 flctis
2509 4203 2862 4260 criminibus
2891 4203 3243 4275 accusat,vel
3271 4205 3615 4261 tentandam
3641 4221 3793 4261 eam-

2149 4293 2281 4349 dem
2314 4293 2710 4348 innocentiam
2741 4292 3022 4366 postulat.
3053 4293 3193 4350 Vias
3223 4294 3442 4367 quippe
3473 4311 3617 4351 suas
3647 4295 3792 4350 insi-

2151 4381 2461 4454 nuat,quia
2486 4382 2568 4437 ait
2600 4399 2614 4438 :
2649 4381 2896 4438 Circuivi
2925 4390 3152 4452 terram,
3175 4391 3227 4440 et
3255 4383 3649 4452 perambulavi
3676 4400 3796 4440 eam

2148 4469 2686 4542 (ibid.).Electorum
2717 4470 3114 4527 innocentiam
3147 4476 3406 4539 accusat,
3427 4473 3568 4544 quia
3597 4473 3744 4528 dicit
3779 4492 3794 4529 :

2150 4559 2408 4630 Nunquid
2444 4565 2652 4630 frustra
2680 4561 2834 4617 timet
2877 4561 2980 4618 Job
3009 4561 3221 4616 Deum?
3249 4565 3447 4618 Nonne
3473 4569 3533 4618 tu
3572 4561 3801 4618 vallasti

2151 4667 2278 4706 eum
2307 4665 2378 4704 ac
2406 4649 2627 4706 domum
2656 4651 2791 4720 eius,
2824 4651 3254 4722 universumque
3298 4652 3669 4708 substantiam
3702 4670 3798 4725 per

2150 4740 2445 4796 circuitum
2464 4739 3086 4811 ?(ibid.).'l‘entandam
3109 4739 3376 4796 eamdem
3398 4741 3794 4799 innocentiam

2152 4827 2436 4901 postulat,
2459 4844 2594 4884 cum
2628 4826 2771 4884 dicit
2802 4845 2815 4885 :
2849 4828 3095 4885 Extende
3116 4845 3339 4884 manum
3363 4833 3538 4896 tuam,
3567 4839 3620 4886 et
3638 4835 3798 4901 tange

2150 4923 2347 4974 cuncta
2377 4934 2493 4990 qua
2537 4917 2794 4990 possidet,
2845 4918 2962 4973 nisi
2987 4920 3048 4973 in
3090 4919 3291 4988 faciem
3330 4919 3675 4978 benedixerit
3704 4923 3800 4977 tibi

2149 5008 2356 5080 (ibid.).

2156 5097 2282 5154 οη).
2313 5099 2403 5153 64.
2434 5129 2505 5139 -
2537 5099 2698 5168 Quod
2726 5117 2836 5156 non
2869 5101 2941 5156 sit
2969 5100 3172 5172 palma
3203 5102 3452 5160 viderier
3473 5104 3591 5159 nisi
3621 5106 3798 5163 labore

2330 5171 2669 5227 certaminis.
2704 5171 2996 5242 Gregorius
3026 5172 3147 5244 (lib.
3180 5190 3199 5228 ι
3231 5175 3399 5243 Dial.,
3429 5192 3479 5232 ε.
3509 5178 3626 5246 20).

2225 5259 2360 5316 Sine
2389 5260 2588 5317 labore
2635 5261 2975 5318 certaminis
3019 5279 3134 5318 non
3167 5266 3253 5318 est
3284 5265 3480 5336 palma
3528 5265 3792 5323 victorias.

2152 5351 2317 5407 Unde
2345 5367 2482 5422 ergo
2535 5350 2783 5408 victores
2815 5355 2976 5420 sunt,
3009 5351 3123 5407 nisi
3166 5353 3308 5424 quia
3336 5359 3541 5410 contra
3571 5357 3794 5429 antiqui

2152 5439 2338 5496 hostis
2360 5439 2608 5496 insidias
2631 5441 3111 5497 decertaverunt?
3134 5441 3350 5515 Malign
3361 5461 3429 5500 us
3451 5445 3672 5519 quippe
3692 5447 3799 5520 spi-

2151 5529 2303 5587 ritus
2325 5527 2684 5603 cogitationi,
2709 5528 3012 5600 locutioni,
3031 5533 3206 5602 atque
3227 5531 3389 5604 operi
3411 5540 3612 5591 nostro
3642 5551 3797 5593 sem-
