4000 6060
227 208 335 261 989

1013 205 1323 259 DECRETI
1363 206 1548 259 PARS
1586 205 1761 258 XVII.
1801 232 1868 241 -—
1902 205 1998 257 DE
2038 207 2224 271 FIDE,
2264 207 2397 262 SPE
2435 208 2527 261 ET
2563 208 2852 265 CHARIT.

3531 203 3637 257 990

233 348 338 403 per
367 327 619 394 assistit,
650 326 700 381 si
732 326 979 381 fortasse
1024 326 1165 398 quid
1210 324 1470 380 inveniat
1517 326 1671 381 unde
1721 325 1874 397 apud
1908 325 1962 394 Α
1993 326 2169 382 illius.
2205 327 2375 383 Omne
2408 328 2622 397 lignum
2648 327 2907 399 paradisi
2934 341 3046 382 non
3076 334 3157 382 est
3186 324 3561 381 assimilatum
3588 328 3642 382 ei

234 434 475 475 examen
504 414 939 485 aternijudicis
966 419 1272 469 accusator
1292 416 1519 469 existat.
1547 414 1640 469 Vis
1663 415 1879 469 etenim

234 524 407 562 nosse
440 506 735 577 quomodo
769 506 837 559 ad
881 503 1293 574 decipiendum
1348 519 1581 574 semper
1632 504 1883 558 assitat?

236 597 484 660 Quidam
520 594 620 667 qui
655 611 809 649 nunc
839 592 1142 647 nobiscum
1176 597 1315 647 sunt
1347 609 1464 647 rem
1500 609 1675 663 quam
1710 608 1883 647 narro

236 691 547 751 testantur,
600 684 750 750 quod
802 683 887 736 vir
950 682 1081 736 vita
1132 682 1497 749 venerabilis,
1549 682 1884 753 Stephanus

239 777 496 840 nomine,
530 771 775 827 Valeria
817 769 1126 843 provincia
1178 772 1480 842 presbyter
1525 770 1657 840 fuit,
1704 771 1885 842 hujus

240 863 424 918 nostri
448 861 728 917 Bonil'acii
747 859 976 915 diaconi
992 860 1604 931 atquedispensatoris
1618 859 1884 915 Ecclesia

240 954 590 1025 cognatione
620 950 1074 1023 proximusQui
1106 949 1359 1020 quadam
1411 948 1503 1003 die
1559 950 1629 1004 de
1680 949 1887 1004 itinere

243 1043 485 1097 domum
518 1056 841 1112 regressus,
885 1039 1178 1110 mancipio
1226 1056 1333 1094 suo
1387 1037 1751 1111 negligenter
1798 1037 1885 1092 lo-

244 1149 455 1204 quens,
490 1130 781 1201 pracepit,
817 1130 1052 1184 dicens:
1114 1128 1282 1196 Veni,
1314 1128 1565 1195 diabole,
1598 1127 1888 1182 discalcea

246 1238 360 1277 me.
394 1243 422 1271 n
463 1220 550 1275 Ad
584 1222 753 1290 cujus
777 1235 975 1275 vocem
1009 1236 1141 1273 mox
1163 1222 1463 1289 coeperunt
1483 1236 1544 1274 se
1566 1218 1889 1290 caligarum

242 1311 505 1383 corrigiae
538 1311 597 1364 in
630 1324 865 1364 summa
895 1307 1201 1363 velocitate
1233 1308 1574 1375 dissolvere,
1608 1313 1673 1362 ut
1694 1313 1889 1378 aperte

244 1403 537 1455 constaret
568 1399 723 1470 quod
756 1398 807 1453 ei
840 1399 964 1469 ipse
1024 1397 1124 1469 qui
1188 1396 1528 1452 nominatus
1575 1396 1763 1452 fuerat
1818 1396 1889 1451 ad

245 1488 631 1544 extrahendas
664 1487 881 1558 caligas
914 1486 1186 1542 diabolus
1217 1487 1529 1541 obedisset.
1564 1487 1724 1549 Quod
1760 1503 1893 1542 mox

248 1582 315 1632 ut
347 1577 647 1648 presbyter
677 1576 843 1645 vidit,
878 1575 1251 1630 vehementer
1268 1576 1518 1647 expavit,
1542 1576 1892 1647 magnisque

245 1667 488 1723 vocibus
510 1667 682 1736 capit
711 1663 987 1731 clamare,
1020 1664 1221 1720 dicens
1250 1681 1263 1719 :
1326 1688 1353 1713 ‹‹

247 1756 472 1820 recede,
505 1772 621 1809 non
654 1755 809 1809 enim
844 1752 947 1807 tibi
992 1755 1089 1808 sed
1145 1754 1437 1825 mancipio
1485 1771 1610 1809 meo
1659 1753 1893 1809 locutus

249 1862 403 1900 sum.
444 1870 460 1893 ι
486 1844 567 1898 Ad
600 1844 767 1915 cujus
800 1859 996 1898 vocem
1032 1842 1299 1915 protinus
1332 1843 1594 1911 recessit,
1625 1842 1705 1898 ita
1726 1849 1791 1898 ut
1812 1843 1896 1898 in-

246 1938 431 1989 venta
462 1933 580 1989 sint
612 1934 962 2003 magnajam
998 1949 1064 1987 ex
1091 1938 1249 2004 parte
1274 1932 1575 1987 dissoluta
1609 1934 1889 2005 corrigia,

245 2041 314 2079 ex
344 2027 508 2094 parte
538 2021 952 2076 remanserint.
989 2023 1111 2086 Qua
1141 2020 1201 2076 in
1235 2038 1294 2076 re
1315 2020 1509 2093 colligi
1534 2025 1721 2093 potest
1742 2022 1892 2076 anti-

245 2130 397 2183 quus
436 2110 645 2177 hostis,
690 2110 789 2181 qui
838 2116 956 2165 tam
1002 2116 1212 2180 prasto
1266 2116 1353 2165 est
1399 2111 1569 2166 factis
1619 2128 1891 2182 corpora-

240 2200 419 2267 libus,
455 2215 630 2272 quam
664 2199 863 2255 nimiis
894 2198 1128 2255 insidiis
1160 2200 1378 2256 nostris
1436 2200 1891 2274 cogitationibus

242 2291 501 2346 insistat.

241 2435 375 2489 CAP.
407 2434 497 2487 65.
532 2464 600 2472 —
628 2433 699 2488 De
737 2442 1019 2497 creatura,
1051 2442 1274 2497 natura,
1310 2433 1621 2488 ministerio
1668 2434 1889 2504 angelo«

314 2522 458 2571 rum,
484 2508 533 2559 et
562 2504 776 2565 decasu
806 2513 1205 2578 apostatarum.
1256 2506 1484 2560 Sanctus
1532 2506 1776 2561 Isidorus
1834 2507 1893 2559 in

317 2577 815 2720 lib;¢()))0fﬁciorum
840 2577 925 2635 sic
956 2581 1202 2651 loquitur
1231 2578 1331 2649 (tib
1386 2595 1403 2632 1
1433 2579 1507 2632 De
1526 2592 1737 2632 summa
1758 2578 1894 2632 bono

317 2666 364 2705 ε.
509 2665 522 2705 ;

317 2666 364 2705 ε.
401 2665 522 2705 1U):

326 2776 683 2848 Angelorum
731 2794 945 2833 nomen
986 2776 1141 2832 oticii
1176 2779 1287 2843 est,
1321 2791 1434 2830 non
1463 2757 1715 2830 natura.
1751 2778 1895 2829 Nam

248 2866 574 2920 secundum
610 2870 884 2921 naturam
917 2865 1162 2937 spiritus
1195 2867 1629 2932 nuncupantur.
1654 2863 1895 2929 Quando

248 2954 405 3008 enim
426 2955 498 3009 de
518 2954 679 3010 caelis
700 2956 773 3010 ad
798 2953 1270 3011 annuntiandum
1290 2951 1630 3007 hominibus
1653 2951 1895 3006 mittun-

243 3047 363 3106 tur,
398 3060 463 3098 ex
494 3043 621 3114 ipsa
655 3044 1100 3098 annuntiatione
1133 3040 1324 3112 angeli
1358 3040 1758 3096 nominantur.
1782 3040 1895 3096 Na-

240 3136 377 3186 tura
405 3132 561 3187 enim
597 3133 844 3204 spiritus
866 3136 1025 3187 sunt.
1052 3133 1219 3187 Tunc
1241 3134 1438 3185 autem
1462 3131 1652 3203 angeli
1677 3146 1896 3185 vocan-

240 3225 358 3288 tur,
378 3223 611 3292 quando
630 3222 837 3277 Inittun
853 3226 968 3277 tur.
991 3221 1212 3276 Natura
1227 3219 1568 3292 angelorum
1590 3218 1895 3275 mutabilis

245 3314 355 3375 est,
394 3310 495 3365 sed
531 3311 668 3365 facit
698 3328 798 3367 eos
828 3310 1197 3381 incorruptos
1230 3310 1486 3365 charitas
1516 3309 1894 3381 sempiterna.

245 3399 445 3453 Gratia
491 3399 767 3469 dicimus,
816 3417 928 3456 non
968 3405 1178 3455 natura
1225 3416 1349 3455 esse
1381 3397 1897 3454 incommutabiles

248 3488 673 3559 angelos.Nam
702 3490 750 3545 si
774 3495 982 3545 natura
1004 3487 1518 3544 incommutabiles
1542 3486 1894 3553 essent,dia-

248 3576 420 3632 bolus
466 3578 668 3649 utique
728 3596 843 3635 non
903 3579 1228 3634 cecidisset.
1265 3576 1639 3632 Mutabilitati
1700 3575 1897 3645 itaque

251 3673 474 3722 natura
507 3668 864 3739 suffragatur
897 3668 955 3722 in
989 3667 1108 3722 illis
1135 3665 1554 3737 contemplatio
1586 3664 1892 3720 Creatoris.

252 3756 392 3811 Inde
424 3760 481 3810 et
512 3758 773 3829 privatus
804 3761 892 3813 est
924 3762 1188 3828 apostata
1211 3754 1478 3826 angelus,
1499 3755 1640 3809 dum
1662 3753 1894 3808 fortitu-

251 3846 448 3901 dinem
478 3864 647 3903 suam
679 3866 795 3903 non
833 3866 866 3904 a
897 3848 1034 3917 Deo,
1071 3848 1172 3903 sed
1206 3864 1239 3900 a
1270 3863 1332 3902 se
1361 3844 1545 3901 voluit
1586 3845 1893 3901 custodiri.

247 3941 399 3991 Ante
442 3953 674 3992 omnem
734 3942 1064 3993 creaturam
1114 3936 1308 4008 angeli
1365 3935 1503 3990 facti
1560 3940 1720 4002 sunt,
1753 3934 1892 3988 dum

249 4025 471 4081 dictum
506 4032 631 4083 est:
666 4026 789 4082 Fiat
818 4029 919 4082 lux
948 4026 1100 4097 (Gen.
1135 4029 1199 4094 ι).
1235 4030 1311 4080 De
1354 4025 1500 4096 ipsis
1548 4024 1702 4079 enim
1753 4022 1898 4078 dicit

251 4115 595 4186 Scriptura:
681 4118 848 4172 Prior
912 4116 1162 4171 omnium
1215 4117 1403 4170 creata
1456 4122 1537 4170 est
1610 4112 1896 4184 sapientia

248 4204 474 4275 (Eccti.)
544 4210 663 4260 Lux
728 4206 885 4260 enim
934 4206 1253 4274 dicuntur,
1305 4202 1709 4274 participando
1779 4199 1895 4255 luci

249 4299 519 4357 aterna;
553 4295 843 4367 sapientia
871 4311 1007 4351 vero
1061 4293 1357 4359 dicuntur,
1393 4292 1666 4363 ingenita
1715 4290 1893 4345 inha-

248 4382 429 4437 rendo
461 4382 786 4454 Sapientia.
811 4382 1036 4437 Etdum
1062 4380 1379 4436 mutabiles
1396 4379 1515 4435 sint
1534 4381 1896 4448 natura,non

248 4475 447 4527 tamen
475 4439 617 4526 sinit
647 4488 746 4527 eos
777 4470 1194 4542 contemplatio
1228 4468 1442 4525 mutari
1483 4468 1700 4523 divina.
1747 4439 1899 4522 lente
1928 4439 1975 4504 D

253 4577 486 4616 omnem
520 4565 851 4616 creaturam
889 4560 1283 4627 (creationem,
1317 4560 1422 4629 or.]
1454 4558 1659 4613 mundi
1719 4556 1896 4612 creati

254 4656 395 4705 sunt
426 4650 639 4722 angeli,
669 4655 724 4705 et
750 4654 885 4706 ante
916 4664 1148 4705 omnem
1182 4648 1534 4704 creationem
1554 4646 1899 4719 angelorum

252 4738 525 4794 diabolus
558 4739 830 4794 conditus
861 4741 974 4809 est,
1008 4739 1160 4793 sicut
1192 4738 1479 4809 scriptum
1512 4741 1603 4791 est
1626 4753 1639 4791 :
1661 4737 1778 4807 Ipse
1824 4739 1903 4791 est

245 4830 593 4901 principium
622 4830 843 4884 viarum
877 4829 976 4883 Dei
1005 4827 1119 4896 (Job
1148 4830 1260 4893 XL).
1295 4826 1459 4881 Unde
1494 4831 1550 4880 et
1571 4825 1641 4880 ad
1666 4841 1903 4896 compa-

250 4918 537 4973 rationem
572 4917 926 4990 angelorum
977 4916 1367 4989 arcbangelus
1400 4913 1733 4989 appellatus
1790 4918 1900 4971 est.

249 5006 421 5062 Prius
454 5005 610 5061 enim
645 5011 877 5063 creatus
909 5006 1132 5063 exstitit
1162 5006 1385 5063 ordinis
1419 5006 1902 5079 pralatione,non

250 5097 534 5168 temporis
552 5096 1231 5168 quantitate.Primatum
1254 5096 1531 5153 habuisse
1553 5095 1707 5151 inter
1728 5110 1903 5167 ange-

253 5184 344 5242 los
376 5185 673 5241 diabolum
701 5185 1043 5242 excellentia
1070 5186 1426 5258 pralationis
1444 5190 1769 5255 constat,ex
1790 5201 1906 5255 qua

256 5274 471 5330 fiducia
502 5275 731 5342 cecidit,
765 5276 844 5331 ita
897 5280 961 5330 ut
1006 5275 1132 5330 sine
1184 5276 1551 5347 reparatione
1600 5276 1902 5329 liberetur.

257 5363 441 5436 Cujus
471 5364 829 5437 pralationis
864 5364 1263 5420 excellentiam
1297 5365 1586 5437 propheta
1607 5363 1698 5420 his
1716 5362 1908 5419 verbis

261 5455 616 5512 annuntiat:
650 5454 822 5511 Cedri
850 5470 962 5509 non
992 5454 1225 5524 fuerunt
1254 5454 1476 5510 altiores
1507 5455 1604 5511 illo
1635 5457 1693 5510 in
1737 5469 1909 5526 para-

259 5545 391 5601 diso
447 5543 571 5613 Dei,
627 5544 835 5600 abietes
874 5559 988 5599 non
1062 5542 1491 5615 adaguaoerunt
1540 5545 1913 5600 summitatem

1992 418 2253 486 quoniam
2273 419 2662 487 speciosiorem
2690 416 2818 487 fecit
2850 432 2973 470 eum
3004 417 3144 471 Deus
3195 415 3409 485 (Ezech.
3464 417 3639 486 xxxx).

1992 504 2183 559 Distat
2214 508 2471 561 conditio
2502 506 2692 577 angeli
2720 524 2751 560 a
2778 506 3113 560 conditione
3143 504 3438 559 hominis:
3465 505 3639 560 homo

1994 603 2148 656 enim
2182 605 2251 657 ad
2288 604 2387 658 Dei
2423 603 2870 659 similitudinem
2891 603 3163 657 conditus
3180 601 3642 672 est;arcbange-

1993 689 2087 745 lus
2119 708 2249 746 vero
2274 693 2373 763 qui
2409 694 2607 762 lapsus
2638 696 2748 760 est,
2777 691 3145 764 signaculum
3170 690 3267 745 Dei
3300 690 3642 745 similitudi-

1999 781 2088 834 nis
2177 779 2511 851 appellatus
2568 790 2674 850 est,
2734 784 2989 835 testante
3036 779 3284 834 Domino
3342 797 3444 850 per
3499 784 3642 834 Eze-

1997 868 2243 924 chielem
2269 889 2285 925 :
2310 871 2381 924 Tu
2402 871 2757 938 signaculum
2786 867 3177 924 similitudinis
3197 869 3398 938 plenus
3419 871 3643 939 sapien-

1996 959 2080 1013 tia
2111 961 2386 1029 perfectus
2416 965 2629 1031 decore,
2663 962 2719 1015 in
2753 960 2965 1015 deliciis
3020 957 3275 1030 paradisi
3329 959 3432 1014 Dei
3484 957 3647 1028 luisti

1996 1048 2207 1116 (Ezech.
2242 1050 2463 1120 xxvm).
2494 1050 2720 1112 Quanto
2751 1049 2905 1103 enim
2935 1047 3207 1103 subtilior
3236 1052 3326 1103 est
3372 1049 3502 1116 ejus
3536 1063 3642 1100 na-

1997 1139 2150 1204 tura,
2184 1142 2346 1193 tanto
2379 1137 2609 1210 plenius
2640 1137 2943 1193 exstititad
2967 1136 3414 1191 similitudinem
3437 1134 3645 1188 divina

1997 1226 2261 1282 veritatis
2276 1244 2573 1298 expressa.
2598 1228 2767 1282 Prius
2790 1228 2859 1281 de
2881 1226 3025 1280 caelo
3043 1226 3325 1281 cecidisse
3343 1222 3644 1279 diabolum

2000 1314 2186 1385 liquet
2219 1332 2392 1385 quam
2418 1317 2595 1371 homo
2626 1317 2996 1370 conderetur.
3031 1314 3175 1368 Nam
3197 1330 3332 1368 mox
3358 1317 3423 1368 ut
3458 1312 3647 1368 factus

2001 1410 2112 1468 est,
2142 1403 2201 1458 in
2234 1406 2572 1475 superbiam
2604 1403 2818 1475 erupit,
2852 1407 2909 1456 et
2940 1402 3337 1473 pracipitatus
3384 1402 3456 1457 de
3503 1400 3645 1455 calo

2002 1497 2109 1547 est.
2146 1493 2313 1561 Nam,
2339 1495 2509 1561 juxta
2536 1493 2811 1547 Veritatis
2849 1490 3292 1545 testimonium:
3350 1490 3427 1546 Ab
3486 1492 3648 1545 initio

2000 1582 2241 1636 mendax
2269 1582 2399 1651 fuit,
2432 1591 2484 1637 et
2518 1584 2577 1637 in
2610 1584 2845 1638 veritate
2895 1600 3003 1638 non
3058 1582 3207 1636 stetit
3263 1583 3449 1653 (Joan.
3500 1579 3648 1649 vm),

1414 1664 1890 1763 Recedetmiser,
1923 1698 1970 1763 B
2003 1671 2144 1742 quia
2176 1676 2373 1726 statim
2408 1677 2473 1725 ut
2505 1674 2690 1727 factus
2720 1679 2827 1743 est,
2863 1675 3095 1731 cecidit.
3132 1674 3267 1729 Fuit
3314 1670 3550 1743 quidem
3587 1669 3647 1721 in

2004 1762 2245 1815 veritate
2277 1760 2568 1829 conditus,
2597 1762 2698 1816 sed
2732 1777 2843 1816 non
2878 1765 3088 1819 stando
3121 1760 3425 1817 confestim
3450 1756 3650 1813 averi-

2003 1855 2120 1904 tate
2152 1856 2240 1905 est
2264 1850 2487 1921 lapsus.
2524 1848 2646 1904 Uno
2679 1852 2967 1920 superbia
2996 1852 3190 1923 lapsu,
3224 1852 3365 1905 dum
3396 1849 3511 1904 Deo
3550 1862 3652 1917 per

2003 1944 2295 1994 tumorem
2320 1956 2382 1995 se
2403 1940 2731 2007 conferunt,
2753 1946 2809 1995 et
2831 1940 3006 1997 homo
3029 1941 3259 2009 cecidit,
3281 1943 3340 1994 et
3362 1935 3647 1993 diabolus.

2004 2038 2113 2094 Sed
2147 2037 2321 2092 homo
2354 2052 2623 2092 reversus
2653 2038 2720 2091 ad
2758 2039 3160 2109 pcenitentiam
3179 2038 3294 2094 Deo
3326 2052 3387 2091 se
3415 2034 3653 2090 inferio-

2004 2145 2125 2184 rem
2158 2145 2285 2184 esse
2316 2129 2651 2200 cognoscit;
2686 2128 2954 2186 diabolus
2986 2147 3117 2187 vero
3149 2146 3264 2185 non
3297 2127 3492 2184 solum
3543 2124 3652 2180 hoc

2002 2222 2312 2273 contentus
2344 2217 2497 2288 quod
2530 2232 2594 2272 se
2624 2216 2739 2272 Deo
2762 2220 3046 2289 aqualem
3070 2219 3415 2275 existimans
3448 2214 3655 2270 cecidit

2003 2308 2247 2379 insuper
2274 2306 2450 2361 etiam
2481 2306 2845 2376 superiorem
2877 2325 2938 2363 se
2974 2310 3083 2364 Deo
3112 2308 3270 2377 dicit,
3325 2304 3653 2361 secundum

1999 2398 2265 2467 Apostoli
2288 2396 2532 2463 dictum,
2558 2394 2745 2467 quiait
2774 2400 2846 2454 de
2875 2397 3234 2453 Antichristo
3262 2411 3275 2450 :
3318 2395 3424 2461 Qui
3447 2392 3652 2448 adver—

2001 2494 2183 2552 satur,
2218 2497 2267 2542 et
2295 2489 2583 2545 extollitur
2610 2506 2779 2561 supra
2808 2504 2970 2544 omne
3013 2487 3165 2557 quod
3222 2483 3435 2539 dicitur
3489 2483 3650 2550 Deus,

2004 2582 2103 2631 aut
2134 2576 2275 2646 quod
2303 2578 2507 2632 colitur
2556 2580 2627 2650 (II
2656 2580 2831 2633 Thess.
2880 2577 2963 2647 ιι).
3026 2573 3308 2629 Diabolus
3363 2572 3490 2626 ideo
3530 2571 3657 2640 jam

2006 2682 2121 2720 non
2156 2667 2303 2737 petit
2334 2668 2583 2737 veniam,
2619 2668 2756 2740 quia
2789 2684 2902 2721 non
2930 2661 3347 2735 compungitur
3375 2661 3446 2715 ad
3471 2659 3658 2731 pani-

2003 2754 2269 2811 tentiam.
2305 2756 2569 2812 Membra
2600 2774 2733 2812 vero
2756 2757 2884 2827 ejus
2906 2770 3060 2825 sape
3078 2768 3180 2824 per
3200 2749 3534 2823 hypocrisin
3558 2747 3659 2801 dc-

2006 2847 2500 2917 precantur,quod
2519 2853 2709 2901 tamen
2737 2862 2841 2917 pro
2855 2844 3008 2899 mala
3026 2840 3386 2898 conscientia
3411 2835 3659 2909 adipisci

2006 2949 2121 2987 non
2157 2939 2476 2989 merentur.
2509 2935 2713 2989 Discat
2769 2933 3031 2988 humana
3090 2928 3328 2984 miseria
3385 2924 3538 2997 quod
3590 2939 3659 2978 ea

2010 3037 2188 3076 causa
2219 3021 2392 3078 citius
2451 3028 2794 3095 provocetur
2853 3022 3003 3076 Deus
3061 3022 3338 3091 prastare
3399 3014 3653 3079 veniam,

2009 3120 2145 3174 du'n
2182 3119 2415 3177 inﬁrmo
2449 3122 2805 3194 compatitur
2833 3118 3084 3185 homini,
3126 3118 3265 3189 quia
3313 3114 3439 3186 ipse
3486 3113 3659 3167 homo

2009 3209 2186 3264 traxit
2218 3226 2287 3265 ex
2316 3217 2481 3283 parte
2505 3209 2762 3266 inferiori
2786 3206 3210 3264 imﬁrmitatem
3234 3201 3661 3276 peccandi,hoc

2008 3311 2100 3360 est
2157 3322 2225 3360 ex
2282 3318 2479 3366 carne,
2538 3318 2657 3371 qua
2726 3298 2926 3353 anima
3000 3296 3319 3350 detinetur.
3375 3295 3660 3361 Apostata

2008 3411 2140 3449 vero
2174 3391 2387 3463 angelii
2422 3390 2549 3444 ideo
2580 3387 2810 3442 veniam
2844 3403 2957 3441 non
2978 3384 3217 3450 habent,
3242 3380 3380 3453 quia
3407 3376 3660 3434 carnalis

2010 3482 2344 3553 fragilitatis
2376 3478 2537 3532 nulla
2567 3475 2909 3530 inﬁrmitate
2939 3472 3160 3544 gravati
3194 3474 3333 3524 sunt
3364 3472 3427 3522 ut
3458 3482 3660 3538 pecca-

2008 3577 2157 3626 rent.
2192 3569 2472 3624 Homines
2496 3570 2693 3619 autem
2731 3569 2866 3636 post
2897 3566 3194 3632 peccatum
3222 3557 3438 3612 idcirco
3470 3572 3660 3611 rever-

2008 3664 2218 3716 tuntur
2249 3658 2319 3713 ad
2354 3655 2923 3724 veniam,propterea
2945 3651 3101 3722 quod
3134 3666 3202 3704 ex
3225 3646 3383 3702 lutea
3414 3643 3662 3701 materia

2010 3749 2243 3822 pondus
2272 3747 2575 3802 traxerunt
2603 3741 2992 3809 inﬁrmitatis,
3025 3740 3272 3809 ideoque
3304 3751 3405 3808 pro
3432 3733 3666 3789 inﬁrma

2011 3839 2204 3895 carnis
2236 3834 2568 3893 conditione
2602 3834 2823 3888 reditus
2856 3834 3015 3902 patet
3045 3826 3271 3885 homini
3302 3827 3372 3882 ad
3404 3824 3659 3880 salutem

2010 3924 2541 3985 sicutetPsalmista
2562 3921 2738 3976 dicit:
2763 3922 2882 3991 Ipse
2905 3919 3019 3975 scit
3036 3919 3354 3989 ﬁgmentum
3376 3922 3655 3968 nostrum.

2008 4020 2325 4081 Memento,
2355 4012 2599 4069 Domine
2635 4010 2791 4082 quod
2824 4014 2981 4064 terra
3020 4022 3230 4062 sumus
3279 4001 3471 4075 (Psal.
3536 4000 3660 4071 cn).

2007 4118 2077 4172 Et
2104 4116 2315 4170 iterum
2342 4129 2354 4166 :
2390 4116 2703 4167 Memorare
2732 4108 2947 4178 inquit,
2978 4120 3098 4177 qua
3120 4103 3197 4159 sit
3225 4116 3360 4157 mea
3400 4101 3656 4154 substan-

2007 4207 2085 4262 tia
2115 4204 2268 4276 (Psal
2299 4199 2589 4268 Lxxxvm).
2626 4198 2942 4264 Postquam
2967 4195 3245 4265 apostata
3277 4186 3471 4260 angeli
3502 4187 3660 4243 ceci-

2008 4296 2239 4360 derunt,
2275 4290 2482 4359 reliqui
2542 4284 2977 4359 perseverantia
3037 4286 3265 4336 aternze
3318 4276 3656 4333 beatitudi-

2011 4384 2104 4438 nis
2137 4379 2367 4437 solidati
2399 4379 2558 4434 sunt.
2610 4374 2776 4430 Unde
2831 4377 2888 4428 et
2944 4375 3076 4442 post
3129 4369 3259 4425 coeli
3303 4367 3661 4424 creationem

2010 4473 2070 4529 in
2105 4469 2391 4544 principio
2425 4464 2751 4539 repetitur:
2798 4462 2923 4518 Fiat
2982 4461 3412 4532 ﬁrmamentum.
3447 4460 3515 4512 Et
3564 4472 3663 4511 vo-

2012 4570 2203 4618 catum
2252 4566 2335 4613 est
2392 4556 2805 4625 ﬁrmamentum
2864 4552 3062 4607 caelum
3133 4548 3297 4618 (Gen.
3361 4547 3423 4619 1).
3479 4544 3664 4601 Nimi-

2011 4668 2141 4706 rum
2171 4647 2489 4705 ostendens
2520 4643 2677 4715 quod
2708 4646 2838 4714 post
2890 4639 3235 4712 angelorum
3297 4637 3553 4704 ruinam,
3601 4632 3665 4688 hi

2012 4739 2113 4812 qui
2168 4738 2618 4811 permanserunt
2650 4731 2993 4787 ﬁrmitatem
3035 4730 3379 4784 meruerunt
3434 4728 3659 4779 aterna

2018 4826 2461 4903 perseverantia
2519 4819 2926 4887 beatitudinis,
2984 4835 3161 4890 quam
3219 4823 3390 4873 antea
3462 4814 3658 4869 minus

2016 4920 2377 4989 acceperant.
2413 4913 2576 4968 Unde
2608 4915 2836 4983 oportet
2868 4908 3107 4981 agnosci
3160 4906 3315 4979 quod
3374 4902 3663 4989 malorum

2014 4988 2298 5080 iniquitas
2318 5009 2659 5061 sanctorum
2683 5000 2898 5057 serviat
2923 4996 3163 5054 utilitati
3185 4995 3325 5066 quia
3348 4992 3499 5047 unde
3524 4988 3664 5045 mali

2016 5095 2459 5161 corruunt,inde
2485 5092 2622 5149 boni
2646 5090 2977 5164 proﬁciunt.
3002 5092 3295 5143 Bonorum
3319 5081 3663 5155 angelorum

2018 5202 2324 5252 numerus,
2358 5182 2457 5255 qui
2488 5186 2621 5254 post
2650 5181 2880 5235 ruinam
2900 5175 3241 5247 angelorum
3263 5171 3553 5229 malorum
3578 5172 3667 5223 est

2019 5278 2447 5341 diminutus,ex
2478 5288 2722 5327 numero
2744 5268 3061 5326 electorum
3082 5264 3395 5320 hominum
3428 5258 3665 5331 supple-

2019 5367 2199 5434 bitur,
2233 5363 2333 5436 qui
2365 5378 2651 5418 numerus
2684 5358 2793 5415 soli
2824 5357 2941 5412 Deo
2972 5358 3061 5411 est
3088 5352 3546 5424 cognituanter
3572 5364 3669 5403 an-

2021 5455 2181 5529 gelos
2197 5453 2479 5511 distantia
2493 5454 2848 5524 potestatum
2867 5448 3041 5515 est,et
3050 5460 3155 5515 pro
3169 5441 3463 5529 graduum
3487 5437 3672 5529 digni-

2020 5527 2141 5602 tate
2174 5542 2505 5601 ministeria
2532 5538 2754 5597 eisdem
2784 5539 2925 5593 sunt
2955 5528 3515 5602 distributa,aliique
3536 5527 3669 5586 aliis
