3948 6072
341 184 441 242 991

1418 183 1483 232 n.
1526 181 1764 234 IVONIS
1800 180 2295 234 CARNOTENSIS
2333 163 2676 233 apiscorr

3571 239 3573 241 ι
3649 169 3778 221 992

353 307 763 380 praeferuntur,
795 307 914 360 tam
946 301 1200 359 culmine
1217 302 1524 374 potestatis
1547 318 1723 374 quam
1748 301 1996 358 scientia
2024 313 2075 376 Α
2107 301 2299 373 angeli
2316 318 2504 359 eorum
2523 316 2737 371 semper
2754 298 2939 354 vident
2956 297 3155 369 faciem
3179 295 3489 367 Patris,qui
3510 296 3570 349 in
3590 294 3765 348 catis

345 391 1661 462 virtutis.Subministrantigituraliialiorum
1687 392 1989 463 praeceptis
2095 395 2216 446 est?
2291 391 2524 462 (Matth.)
2595 391 2703 445 Sed
2781 389 2927 444 bene
3003 394 3320 457 utrumque
3402 389 3510 440 est.
3593 387 3760 437 Nam

342 491 520 558 atque
561 485 839 542 obediunt
859 481 1065 553 jussis.
1101 481 1263 536 Unde
1288 486 1345 537 et
1375 483 1445 537 ad
1495 482 1841 554 prophetam
1884 483 1988 536 Za-

341 575 602 630 chariam
629 572 874 645 angelus
897 571 1168 643 angelum
1196 571 1399 641 mittit,
1420 575 1478 625 et
1501 587 1863 643 quascunque
1886 588 1988 626 an-

343 663 619 720 nuntiare
670 662 880 717 debeat
930 659 1189 731 praecipit
1238 659 1422 730 (Zach.
1458 660 1542 731 ιι).
1596 661 1812 716 Novem
1863 676 1992 716 esse

343 749 869 819 distinctiones,vel
885 749 1119 805 ordines
1133 748 1475 820 angelorum
1491 766 1666 804 sacra:
1681 749 1990 820 Scriptura:

341 849 734 920 testantur,id
763 853 870 916 est,
891 845 1102 919 angeli,
1119 847 1475 920 archangeli,
1492 848 1706 916 throni,
1723 849 1992 903 domina-

342 941 559 1010 tiones,
586 939 854 1006 virtutes,
891 937 1278 1009 principatus,
1311 941 1650 1010 potestates,
1685 937 1994 993 cherubim

341 1034 398 1086 et
420 1027 738 1100 seraphim.
773 1027 989 1082 Horum
1019 1027 1291 1082 ordinum
1315 1044 1632 1082 numerum
1658 1029 1833 1083 etiam
1857 1028 1995 1082 Eze-

342 1118 494 1173 obiel
523 1117 811 1189 propheta
867 1115 1145 1172 describit
1205 1117 1314 1171 sub
1363 1117 1605 1172 totidem
1657 1116 1996 1172 nominibus

341 1206 630 1278 lapidum,
664 1222 796 1261 cum
833 1205 902 1261 de
933 1206 1188 1277 primatu
1213 1210 1494 1277 apostataa
1517 1206 1708 1276 angeli
1729 1206 1996 1276 loquere-

345 1300 482 1350 tur:
538 1296 731 1352 Omnis
784 1295 998 1366 inquit,
1055 1294 1200 1361 lapis
1261 1297 1534 1366 pretiosus
1597 1299 2000 1367 operimentum

351 1394 543 1441 tuum:
578 1385 819 1452 sardius,
852 1393 904 1440 et
932 1387 1199 1456 topasius,
1235 1389 1288 1439 et
1327 1386 1499 1456 japis,
1532 1385 1919 1456 chrysolilhus,
1951 1385 2001 1438 el

347 1491 521 1547 onyx,
566 1479 618 1530 et
669 1474 917 1539 berillus,
962 1475 1274 1546 sapphirus,
1325 1475 1718 1539 carbunculus,
1752 1478 1805 1529 et
1850 1490 2001 1529 sma-

347 1564 552 1632 ragdus
583 1565 807 1635 (Επειδὴ.
841 1563 1065 1634 xxvm),
1097 1579 1215 1634 quo
1267 1580 1512 1619 numero
1562 1563 1827 1634 lapidum
1888 1555 1999 1633 ipsi

351 1653 594 1752 ordines
627 1652 920 1752 designati
952 1657 1093 1708 sunt
1125 1653 1468 1725 angelorum
1495 1674 1508 1722 ;
1541 1669 1686 1724 quos
1739 1656 2003 1725 apostata
2032 1687 2079 1752 Β

355 1741 599 1812 angelus
621 1742 1201 1814 antelapsum,quasi
1219 1742 1278 1797 in
1302 1743 1649 1798 vestimento
1670 1740 2000 1796 ornamenti

357 1832 451 1886 sui
485 1831 688 1886 affixos
719 1831 947 1899 habuit,
981 1831 1051 1886 ad
1073 1847 1325 1902 quorum
1345 1831 1842 1903 comparationem
1863 1830 2001 1884 dum

355 1937 419 1975 se
449 1919 754 1975 clariorem
788 1921 1016 1975 cunctis
1049 1920 1293 1990 aspexit,
1329 1921 1638 1976 confestim
1696 1919 1999 1985 intumuit,

357 2013 415 2063 et
443 2025 541 2063 cor
571 2025 746 2064 suum
779 2009 850 2063 ad
882 2009 1220 2080 superbiam
1255 2009 1520 2065 elevavit.
1553 2011 1757 2082 Angeli
1775 2023 2005 2079 semper

355 2095 417 2150 in
450 2100 562 2152 Deo
593 2099 870 2169 gaudent,
906 2114 1019 2152 non
1051 2097 1108 2152 in
1143 2115 1222 2154 se.
1258 2099 1446 2155 Malus
1467 2116 1600 2155 vero
1621 2099 1752 2154 ideo
1769 2102 1858 2153 est
1878 2098 2004 2152 dia-

355 2184 548 2252 bolus,
584 2187 726 2256 quia
756 2202 870 2241 non
905 2203 1035 2258 quae
1065 2186 1188 2255 Dei,
1222 2189 1324 2243 sed
1371 2205 1499 2259 quae
1559 2193 1699 2244 sunt
1756 2186 2006 2258 requisi-

357 2273 649 2330 vit.Nulla
675 2279 871 2330 autem
898 2276 1086 2345 major
1106 2277 1412 2348 iniquitas,
1439 2294 1616 2349 quam
1647 2293 1759 2332 non
1784 2276 1843 2331 in
1867 2276 2004 2343 Deo,

362 2373 464 2428 sed
497 2373 556 2427 in
587 2389 648 2428 se
679 2372 821 2428 velle
851 2373 1181 2447 quempiam
1217 2374 1474 2447 gloriari.
1508 2373 1714 2446 Angeli
1743 2373 1803 2428 in
1836 2374 2009 2428 verbo

363 2461 464 2517 Dei
485 2467 844 2531 cognoscunt
865 2463 1062 2518 omnia
1084 2468 1399 2536 antequam
1421 2465 1564 2520 fiant
1585 2465 1642 2519 in
1673 2480 1732 2519 re
1757 2483 1770 2532 ;
1807 2468 1863 2519 et
1883 2479 2010 2534 quae

367 2551 524 2623 apud
559 2551 830 2608 homines
852 2552 1043 2608 adhuc
1064 2554 1260 2609 futura
1281 2559 1421 2610 sunt
1443 2554 1657 2624 angeli,
1687 2554 1809 2625 jam
1849 2568 2009 2608 reve-

367 2639 527 2696 lante
561 2645 694 2705 Deo,
727 2646 1032 2699 noverunt.
1068 2644 1544 2699 Praevaricatores
1584 2642 1800 2715 angeli,
1835 2641 2010 2698 etiam

370 2730 682 2785 sanctitate
712 2730 956 2802 amissa,
986 2749 1101 2789 non
1133 2737 1332 2788 tamen
1365 2733 1724 2788 amissarunt
1752 2732 2011 2786 vivacem

372 2823 596 2874 natura:
619 2819 894 2890 angelicae
922 2837 1187 2876 sensum.
1219 2822 1454 2892 Triplici
1484 2823 1640 2878 enim
1673 2822 1847 2877 modo
1897 2837 2012 2892 prae

375 2907 632 2963 scientias
664 2909 935 2965 acumine
965 2909 1183 2981 vigent,
1212 2911 1268 2965 id
1289 2916 1398 2982 est,
1422 2911 1747 2967 subtilitate
1770 2915 2014 2979 naturae,

374 3005 733 3076 experientia
761 3010 1115 3079 temporum,
1151 3009 1501 3066 revelatione
1523 3009 1890 3081 superiorum
1916 3023 2017 3079 po-

372 3097 675 3148 testatum.
719 3095 956 3159 Quoties
996 3096 1149 3152 Deus
1201 3115 1553 3170 quocunque
1603 3098 1831 3171 ﬂagello
1877 3096 2018 3152 huic

378 3183 599 3238 mundo
617 3181 907 3250 irascitur,
939 3186 1009 3240 ad
1031 3186 1425 3244 ministerium
1448 3189 1712 3244 vindictas
1743 3191 2020 3260 apostatte

378 3270 571 3343 angeli
603 3271 959 3341 mittuntur;
991 3275 1092 3347 qui
1123 3280 1318 3332 tamen
1339 3278 1533 3334 divina
1555 3282 1840 3351 potestate
1857 3292 2022 3332 coer-

380 3364 606 3431 centur,
641 3378 714 3417 ne
744 3365 972 3419 tantum
1010 3370 1254 3421 noceant
1283 3372 1571 3438 quantum
1596 3365 2022 3440 cupiunt.Boni

382 3454 577 3505 autem
602 3451 792 3522 angeli
815 3453 883 3507 ad
912 3453 1303 3512 ministerium
1326 3456 1537 3513 salutis
1558 3457 1827 3513 humanae
1851 3457 2026 3527 depu-

382 3540 488 3594 tati
511 3545 669 3609 sunt,
707 3545 770 3596 ut
793 3559 964 3599 curas
1004 3545 1419 3603 administrent
1459 3550 1685 3620 mundi,
1727 3554 1784 3606 et
1823 3549 2029 3622 regant

387 3628 588 3684 omnia
609 3629 780 3700 jussu
809 3631 935 3703 Dei,
966 3637 1217 3692 testante
1245 3637 1520 3709 Apostolo
1544 3658 1558 3706 ;
1586 3639 1777 3695 Nonne
1817 3653 2026 3704 omnes,

383 3716 599 3790 inquit,
630 3725 761 3776 sunt
788 3722 1256 3783 adminz’stralorii
1279 3727 1512 3799 spiritus
1539 3728 1602 3783 in
1653 3729 2031 3786 ministerium

385 3807 544 3862 missi
569 3819 792 3882 propter
818 3828 908 3869 eos
949 3815 1044 3885 qui
1091 3816 1473 3874 haereditatem
1520 3817 1737 3890 capient
1779 3819 1974 3874 salutis
2003 3816 2030 3872 ?

385 3897 578 3968 (Hebr.
615 3900 654 3971 ι)
679 3902 882 3972 Angeli
908 3919 1151 3976 corpora
1170 3906 1229 3960 in
1255 3907 1469 3978 quibus
1494 3907 1832 3963 hominibus
1850 3924 2030 3979 appa-

383 3991 512 4042 rent
543 3988 613 4044 de
644 4007 899 4061 superno
931 4009 1062 4049 aere
1093 3999 1360 4066 sumunt,
1383 3996 1751 4068 solidamque
1772 3998 2029 4069 speciem

385 4092 454 4132 ex
483 4077 700 4135 ccelesti
733 4079 1022 4137 elemento
1053 4083 1331 4152 induunt,
1366 4102 1469 4157 per
1521 4103 1699 4158 quam
1751 4085 2030 4142 humanis

383 4165 686 4224 obtutibus
711 4169 1108 4228 manisfestius
1121 4173 1878 4248 demonstrentur.Singulaa
1892 4191 2032 4248 gen-

385 4257 476 4309 tes
515 4258 862 4327 praepositos
917 4261 1153 4332 angelos
1209 4262 1426 4320 habere
1474 4265 1829 4320 creduntur:
1867 4263 2023 4335 quod

386 4345 1077 4407 ostenditurtestimonio
1095 4352 1286 4424 angeli
1305 4353 1523 4410 Danieli
1545 4355 1836 4426 loquentis
1861 4371 1874 4411 :
1896 4354 2026 4424 Ego,

2097 482 2384 535 veracitur
2415 480 2713 535 credimus
2747 478 2898 546 quod
2938 477 3120 533 Deum
3160 475 3348 547 angeli
3383 477 3440 528 et
3470 473 3678 527 vident
3709 474 3774 525 et

2101 570 2293 625 videre
2319 569 2675 633 desiderant,
2710 573 2768 622 et
2799 567 3017 622 habent
3045 571 3101 620 et
3119 565 3334 619 habere
3363 562 3672 627 festinant,
3704 565 3769 614 et

2101 664 2303 714 amant
2324 665 2381 714 et
2407 675 2602 713 amare
2626 656 2978 712 nituntur.Si
3004 655 3161 710 enim
3187 653 3269 708 sic
3293 653 3488 706 videre
3521 651 3774 705 deside-

2103 751 2256 806 rium
2277 751 2387 806 hoc
2411 749 2820 805 necessitatem
2847 747 3039 800 habet.
3069 743 3400 800 Necessitas
3426 743 3538 796 ista
3564 757 3776 812 poena-

2103 841 2178 896 lis
2208 845 2299 896 est
2328 845 2386 895 et
2417 841 2536 910 [sed
2571 856 2624 903 a,
2658 838 2762 908 or.]
2807 837 2990 891 beatis
3049 833 3271 905 angelis
3330 830 3524 887 omnis
3587 846 3776 901 pcena

2102 930 2274 1003 longe
2306 935 2413 995 est,
2449 928 2586 1000 quia
2609 943 2914 998 nunquam
2947 922 3124 979 simul
3163 938 3330 994 pcena
3358 925 3416 977 et
3452 919 3775 976 beatitudo

2105 1019 2478 1075 conveniunt.
2533 1022 2789 1072 Rursum
2835 1015 2884 1071 si
2929 1030 3028 1070 eos
3077 1013 3333 1068 dicimus
3385 1009 3483 1065 Dei
3533 1009 3776 1063 visione

2105 1108 2330 1174 satiari,
2362 1107 2602 1162 satietas
2635 1104 2939 1160 fastidium
2975 1101 3190 1157 habere
3220 1098 3403 1166 solet;
3437 1103 3496 1152 et
3533 1096 3775 1151 scimus

2105 1197 2238 1253 illos
2269 1196 2368 1252 Dei
2394 1195 2704 1260 visionem,
2738 1209 2916 1266 quam
2975 1197 3032 1246 et
3079 1189 3434 1256 desiderant,
3495 1184 3776 1246 fastidire

2109 1304 2223 1342 non
2257 1302 2424 1358 posse
2478 1284 2627 1348 Quid
2657 1298 2794 1354 ergo
2825 1286 2934 1346 est,
2967 1279 3083 1336 nisi
3115 1283 3178 1333 ut
3205 1277 3356 1332 miro
3382 1275 3556 1332 modo
3581 1272 3773 1329 simul

2110 1380 2429 1446 utrumque
2460 1374 2793 1438 credamus,
2827 1371 2966 1442 quia
2997 1372 3052 1424 et
3082 1366 3421 1422 desiderant
3450 1368 3509 1418 et
3538 1362 3771 1418 satian-

2109 1465 2246 1520 tur?
2279 1465 2391 1520 Sed
2425 1463 2761 1519 desiderant
2792 1460 2919 1516 sino
2950 1458 3171 1522 labore,
3201 1461 3258 1512 et
3287 1455 3587 1511 satiantur
3638 1452 3772 1506 sine

2111 1555 2368 1610 fastidio.
2404 1554 2484 1611 Ne
2516 1553 2672 1608 enim
2707 1551 2784 1606 sit
2813 1552 2871 1605 in
2905 1547 3194 1604 desiderio
3239 1544 3590 1613 necessitas,
3618 1541 3772 1596 desi-

2113 1645 2384 1700 derantes
2407 1642 2717 1698 satiantur.
2752 1641 2818 1694 Et
2851 1639 3086 1704 iterum,
3123 1653 3195 1692 ne
3245 1636 3322 1691 sit
3379 1634 3438 1687 in
3487 1633 3771 1688 satiatae

2113 1733 2436 1803 fastidium,
2471 1730 2668 1787 satiati
2703 1730 2945 1802 [satiari,
2988 1727 3096 1792 οη]
3155 1725 3514 1782 desiderant.
3546 1720 3773 1775 Vident

2113 1839 2248 1893 ergo
2271 1821 2459 1894 angeli
2496 1821 2699 1876 faciem
2735 1818 2923 1874 Patris
2956 1832 3058 1888 per
3084 1815 3440 1879 satietatem,
3471 1811 3573 1868 sed
3629 1808 3771 1880 quia

2113 1913 2353 1968 satietas
2384 1911 2497 1966 ista
2529 1909 2832 1966 fastidium
2866 1906 3070 1973 nescit,
3104 1903 3296 1977 angeli
3329 1901 3675 1957 desiderant
3710 1901 3770 1952 in

2113 2016 2248 2057 eum
2300 1999 2632 2071 prospicere
2680 2014 2931 2069 semper.
2977 1995 3301 2065 chunque
3350 1991 3408 2046 in
3439 1985 3771 2060 Scripturis

2116 2087 2333 2143 sanctis
2364 2104 2467 2158 pro
2499 2087 2615 2141 Deo
2647 2084 2889 2156 angelus
2935 2081 3196 2155 ponitur,
3247 2097 3360 2135 non
3404 2081 3600 2143 Pater,
3655 2090 3769 2128 non

2115 2177 2368 2248 Spiritus
2399 2179 2662 2242 sanctus,
2697 2175 2937 2246 sed‘pro
2981 2169 3411 2227 incarnationis
3458 2165 3774 2238 dispensa-

2116 2269 2297 2336 tione,
2330 2266 2492 2323 solus
2523 2266 2703 2321 Filius
2733 2263 3107 2336 intelligitur.
3139 2267 3289 2316 Ante
3319 2256 3637 2316 Dominicm
3682 2256 3772 2310 in-

2118 2357 2480 2412 carnationis
2509 2357 2847 2421 adventum,
2881 2353 3177 2409 discordia
3207 2351 3360 2406 inter
3387 2347 3665 2404 homines
3712 2341 3778 2399 et

2121 2446 2361 2516 angelos
2393 2444 2502 2500 fuit
2525 2465 2538 2512 ;
2573 2444 2810 2500 veniens
2827 2447 3024 2498 autem
3047 2439 3314 2495 Christus
3332 2451 3536 2510 pacem
3558 2433 3622 2488 in
3641 2448 3705 2488 se
3719 2438 3774 2486 et

2121 2533 2343 2604 angelis
2371 2539 2430 2589 et
2460 2533 2800 2589 hominibus
2833 2531 2984 2586 fecit.
3020 2530 3097 2584 Eo
3124 2528 3340 2600 quippe
3371 2529 3511 2580 nato
3550 2521 3772 2578 clama-

2121 2629 2332 2679 verunt
2365 2622 2593 2696 angeli:
2632 2627 2698 2680 ln
2727 2626 2874 2677 terra
2892 2637 3008 2692 pax
3037 2617 3355 2674 hominibus
3389 2615 3538 2670 bona
3569 2612 3771 2667 volun-

2124 2713 2260 2767 tatis
2288 2713 2441 2782 (Luc.
2475 2713 2535 2783 ι).
2569 2711 2678 2767 Per
2701 2708 3166 2765 incarnationem
3199 2705 3381 2778 igitur
3396 2699 3772 2763 Christi,non

2123 2799 2317 2856 solum
2343 2806 2454 2856 Deo
2476 2798 2906 2856 reconcilliatus
2923 2803 3011 2852 est
3032 2796 3437 2864 homo,verum
3461 2791 3641 2846 etiam
3663 2803 3774 2859 pax

2123 2888 2278 2944 inter
2307 2889 2546 2960 angelos
2576 2893 2633 2944 et
2662 2887 2932 2944 homines
2963 2886 3284 2940 reformata
3330 2884 3438 2936 est.
3472 2873 3778 2933 Discordia

2125 2977 2309 3048 igitur
2321 2983 2456 3034 ante
2471 2979 2541 3034 ad
2551 2982 2722 3034 ventu
2732 2975 3012 3034 mlChristi
3029 2971 3371 3044 angelorum
3387 2972 3445 3024 et
3466 2965 3776 3022 hominum

2048 3073 2090 3141 α
2129 3067 2312 3122 fuisse
2357 3085 2458 3140 per
2503 3068 2560 3122 id
2600 3063 3244 3135 maximeintelligitur,
3267 3058 3421 3130 quod
3445 3053 3690 3112 salutati
3717 3051 3776 3106 in

2133 3155 2326 3213 Veteri
2357 3159 2728 3213 Testamento
2746 3156 2819 3211 ab
2841 3152 3183 3210 hominibus
3203 3146 3415 3221 angeli,
3439 3143 3777 3217 despiciunt

2133 3265 2196 3305 se
2226 3247 2468 3304 salutari
2497 3245 2853 3320 [resalutari]
2887 3246 2958 3300 ab
2989 3244 3094 3300 eis.
3127 3242 3291 3309 Quod
3320 3243 3380 3294 in
3402 3237 3562 3293 Novo
3587 3239 3779 3289 Testa-

2134 3344 2332 3396 mento
2365 3358 2397 3396 a
2420 3340 2645 3395 Joanne
2677 3339 2918 3404 factum,
2948 3351 3062 3392 non
3094 3332 3287 3390 solum
3321 3329 3653 3385 reverenter
3677 3341 3777 3378 an-

2135 3429 2303 3502 gelus
2353 3431 2624 3503 suscipit,
2657 3445 2861 3485 verum
2911 3427 3090 3482 etiam
3139 3439 3212 3479 ne
3259 3420 3435 3478 faciat
3482 3413 3777 3473 interdicit

2134 3522 2318 3592 (Apoc.
2353 3538 2468 3591 xxx,
2503 3526 2663 3591 xm).
2695 3519 2779 3574 Ob
2811 3517 2918 3572 hoc
2975 3515 3152 3570 homo
3212 3511 3272 3568 in
3328 3507 3520 3565 Veteri
3577 3507 3776 3561 Testa-

2139 3615 2337 3666 mento
2369 3609 2715 3683 despicitur,
2745 3623 2850 3664 nec
2907 3605 3265 3662 resalutatur
3319 3599 3392 3655 ab
3451 3595 3683 3668 angelo,
3715 3608 3776 3647 eo

2141 3701 2294 3772 quod
2328 3699 2504 3756 homo
2536 3698 2728 3754 adhuc
2787 3695 3048 3752 nondum
3103 3690 3416 3746 transisset
3455 3686 3513 3740 in
3575 3688 3776 3738 Deum.

2137 3791 2468 3864 Suscipitur
2496 3793 2690 3846 autem
2719 3777 2894 3844 homo
2920 3803 2954 3841 a
2973 3790 3114 3848 Deo,
3135 3786 3191 3837 et
3215 3781 3544 3837 reverenter
3569 3773 3778 3864 saluta—

2138 3885 2236 3935 tur
2265 3861 2336 3936 ab
2359 3877 2588 3951 angelo.
2613 3881 2760 3932 Nam
2783 3880 2840 3931 et
2861 3873 3102 3930 Mariam
3127 3869 3370 3942 angelus
3392 3863 3629 3922 Gabriel
3651 3861 3781 3951 legi:

2137 3973 2236 4025 tur
2265 3949 2558 4024 salutasse
2589 3967 2741 4035 (Luc.
2778 3964 2844 4035 1),
2866 3968 2924 4020 et
2943 3959 3158 4019 Joanni
3189 3956 3470 4030 angelum
3505 3949 3780 4009 salutanti

2140 4059 2214 4115 ab
2246 4058 2448 4114 eodem
2483 4055 2685 4128 angelo
2717 4053 2971 4110 dicitur:
3027 4049 3162 4106 Vide
3208 4063 3276 4103 ne
3321 4045 3542 4117 feceris,
3567 4057 3783 4099 conser-

2139 4167 2238 4206 vus
2268 4150 2419 4204 enim
2452 4155 2574 4202 tuus
2625 4163 2746 4201 sum
2792 4149 2845 4200 et
2897 4145 3141 4216 fratrum
3210 4143 3433 4194 tuorum
3483 4135 3662 4205 (Apoc.
3696 4147 3784 4187 xu

2140 4238 2301 4310 χχιι.)
2371 4237 2480 4292 Per
2539 4235 2694 4306 quod
2759 4231 3105 4305 agnoscitur
3163 4244 3267 4301 per
3323 4221 3783 4281 incarnationem

2139 4308 2509 4384 Domvinicam
2540 4339 2744 4397 pacem
2777 4320 3120 4378 hominibus
3143 4319 3321 4374 fuisse
3342 4317 3399 4371 et
3419 4311 3646 4383 angelis
3668 4308 3786 4365 red-

385 4435 601 4506 inquit,
632 4437 762 4493 ueni
790 4447 852 4495 ut
893 4416 1214 4509 nuntiarem
1255 4446 1378 4512 tibi,
1433 4445 1526 4500 sed
1568 4416 1828 4518 princeps
1873 4416 2035 4518 reqni
2061 4434 2108 4501 D
2139 4416 2344 4474 ditam-

387 4526 684 4583 Persarum
715 4529 855 4584 mihi
883 4531 1092 4586 restitit
1122 4533 1284 4604 (Dan.
1319 4535 1397 4607 x).
1431 4539 1498 4591 Et
1537 4541 1670 4609 post
1713 4536 1861 4592 alia:
1914 4537 2035 4592 Non

384 4623 460 4669 est
487 4617 586 4686 qui
607 4632 689 4672 me
709 4618 926 4686 adiuvet
957 4622 1071 4676 nisi
1087 4623 1313 4678 Michael
1335 4625 1590 4696 princeps
1606 4633 1804 4679 noster
1825 4623 2028 4694 (ibid.).

389 4713 534 4769 Item
563 4731 766 4772 omnes
812 4717 1082 4776 homines
1142 4723 1380 4795 angelos
1428 4723 1643 4778 habere
1689 4721 2033 4794 probantur,

391 4801 667 4874 loquente
703 4808 944 4865 Domino
990 4809 1050 4865 in
1100 4811 1456 4883 Evangelio:
1507 4811 1676 4866 Amen
1721 4809 1840 4866 dico
1884 4811 2036 4866 vobis

391 4895 521 4964 quia
550 4893 748 4966 angeli
774 4913 963 4954 corum
987 4916 1201 4972 semper
1229 4901 1420 4956 vident
1449 4900 1650 4971 faciem
1680 4901 1860 4955 Patris
1905 4901 2034 4966 mei,

393 4985 490 5054 qui
518 4986 578 5040 in
603 4988 754 5042 ca’lis
775 4992 852 5043 est
872 4989 1090 5061 (Matth.
1115 4991 1296 5063 xvm).
1316 4989 1478 5046 Unde
1495 4994 1550 5046 et
1569 4976 1776 5044 Petrus
1797 4989 1856 5044 in
1882 4989 2038 5044 Acti-

391 5072 504 5129 bus
536 5075 937 5147 apostolorum
987 5095 1123 5134 cum
1171 5079 1434 5150 pulsaret
1473 5081 1717 5150 januam
1764 5080 2038 5134 dixerunt

391 5164 556 5221 intus
587 5167 834 5238 apostoli
860 5185 874 5224 :
909 5170 1028 5225 Non
1056 5173 1137 5225 est
1170 5171 1384 5234 Petrus,
1407 5169 1498 5225 sed
1527 5170 1758 5241 angelus
1787 5171 1906 5242 ejus
1962 5171 2040 5224 est

393 5257 536 5327 (Act.
566 5257 687 5329 xu).
713 5259 771 5312 Si
805 5263 986 5315 Deum
1020 5258 1212 5332 angeli
1247 5264 1603 5315 contuentur
1633 5264 1690 5314 et
1720 5259 2038 5328 vident,cui

394 5350 604 5402 Petrus
634 5348 938 5420 apostolus
982 5349 1159 5404 dicit:
1195 5351 1259 5406 In
1287 5365 1446 5421 quem
1484 5348 1798 5404 desiderant
1853 5349 2042 5416 angeli

398 5436 885 5509 Dei4conspicere?
916 5439 961 5511 (I
988 5441 1136 5495 Petr.
1161 5440 1225 5509 r,)
1249 5441 1386 5496 item
1408 5437 1592 5495 Deum
1625 5455 1740 5493 non
1766 5442 2045 5494 contuen-

396 5527 515 5594 tur,
534 5543 640 5580 nec
659 5527 857 5583 vident
880 5544 993 5599 quo
1018 5528 1394 5600 modo,juxta
1411 5527 1758 5587 sententiam
1784 5527 2040 5600 Domini,

2142 4589 2279 4644 CAP.
2309 4587 2400 4642 66.
2432 4616 2499 4626 —-
2530 4583 2679 4653 Quod
2706 4597 3070 4655 supernorum
3100 4580 3306 4655 civium
3334 4589 3598 4655 numerus
3625 4581 3678 4628 et
3721 4570 3788 4641 ﬁ-

2212 4659 2484 4802 nitus7s)it,
2515 4647 2568 4714 et
2588 4647 2863 4728 inﬁnitus.
2899 4657 3129 4724 Gregor.
3163 4653 3225 4708 in
3257 4647 3442 4705 Moral.
3477 4647 3601 4718 (lib.
3649 4661 3784 4713 xvn,

2215 4747 2334 4802 cap.
2432 4772 2446 4787 .

2278 4748 2334 4803 p.
2379 4748 2446 4802 ι).

2216 4901 2612 4971 Supernorum
2643 4897 2855 4954 civium
2885 4910 3174 4952 numerus
3206 4897 3264 4949 et
3291 4888 3560 4946 infinitus
3581 4891 3640 4943 et
3661 4887 3784 4942 deti-

2146 4989 2307 5046 nitus
2338 4987 2704 5060 exprimitur,
2737 4991 2802 5042 ut
2832 4986 2932 5058 qui
2964 4985 3080 5040 Deo
3111 4986 3201 5038 est
3230 4975 3637 5043 numerabilis,
3669 4991 3789 5030 esse

2147 5077 2316 5134 nobis
2350 5075 2804 5132 innumerabilis
2827 5075 3292 5140 demonstretur,
3324 5067 3596 5140 quamvis
3640 5064 3787 5119 aliud

2146 5171 2235 5225 est
2266 5167 2564 5233 assistere,
2600 5166 2761 5222 aliud
2795 5163 3153 5221 ministrare.
3179 5157 3486 5214 Assistunt
3507 5156 3665 5211 enim
3688 5155 3787 5210 illa

2148 5255 2349 5330 procul
2372 5255 2550 5311 dubio
2573 5259 3046 5328 potestates,qua
3073 5251 3143 5307 ad
3167 5248 3436 5321 quaedam
3456 5246 3787 5301 hominibus

2149 5348 2476 5406 nuntianda
2505 5363 2622 5403 non
2654 5350 2889 5404 exeunt.
2920 5344 3256 5400 Ministrant
3285 5355 3417 5396 vero
3449 5337 3509 5394 hi
3567 5337 3670 5410 qui
3723 5337 3786 5394 ad

2159 5437 2442 5510 explenda
2472 5437 2664 5494 ofﬁcia
2695 5436 3035 5493 nuntiorum
3060 5429 3437 5500 veniunt,sed
3470 5427 3790 5500 tamenipsi

2154 5541 2387 5599 quoque
2405 5526 2898 5601 contemplatione
2924 5525 2996 5582 ab
3033 5521 3262 5580 intimis
3285 5535 3400 5576 non
3423 5518 3792 5575 recedunLEt
