4000 6060
146 283 256 338 997

938 283 1250 340 DECRETI
1288 284 1476 339 PARS
1513 285 1687 341 Χνιι.
1723 314 1788 325 -

1967 288 2158 356 FIDE,
2194 291 2329 345 SPE
2364 292 2459 346 ΕΤ
2494 293 2784 348 CEARIT.

3459 299 3566 355 998

145 409 383 464 careant
411 404 723 477 supplicio,
758 404 860 477 qui
885 405 944 461 in
975 404 1084 462 hac
1114 406 1233 463 vita
1264 424 1569 481 nunquam
1602 407 1799 464 volue-
1828 409 1883 477 Α
1913 410 2199 483 scriptum
2258 417 2384 471 est:
2434 417 2498 471 In
2543 421 2693 471 terra
2748 434 2849 474 sua
2907 419 3159 491 duplicia
3213 423 3569 494 possidebunt

149 502 291 553 runt
320 512 379 550 ca
391 511 514 550 rere
547 500 803 566 peccato.

150 604 288 659 CAP.
318 602 411 659 75.
446 632 511 642 —
544 601 693 669 Quod
718 601 847 673 pius
876 602 949 656 sit
976 603 1141 666 Deus,
1167 611 1217 657 et
1245 619 1355 658 non
1390 609 1650 673 pascatur
1676 623 1805 661 cru-

221 676 367 729 ciatu
396 675 728 728 miserorum
749 691 767 726 :
805 675 990 743 justus
1019 679 1228 741 autem,
1268 684 1319 729 et
1362 676 1478 730 ideo
1509 693 1619 730 non
1647 679 1803 732 seda-

222 751 318 801 tur
347 749 408 801 in
439 753 761 814 perpetuum
811 745 879 799 ab
928 746 1253 816 iniquorum
1292 747 1520 802 ultione.
1555 749 1637 803 Ex
1669 748 1804 804 Dia-

224 818 329 888 log.
361 816 519 885 Greg.
553 816 759 887 (ibid.).

222 910 471 961 Ps'raus.
494 906 684 959 —Sed
707 903 909 959 nullus
926 904 1130 975 justus
1153 905 1497 962 crudelitate
1523 908 1804 979 pascitur,

151 1000 211 1052 et
256 994 609 1064 delinquens
661 1010 861 1048 servus
892 1010 927 1047 a
956 993 1194 1049 domino
1221 997 1385 1065 justo
1420 995 1633 1052 idcirco
1665 998 1806 1052 caedi

152 1084 491 1158 praecipitur
512 1088 626 1138 uta
650 1082 912 1154 nequitia
933 1084 1372 1155 corrigatur.Ad
1398 1085 1507 1140 hoc
1531 1087 1687 1141 enim
1711 1104 1805 1141 va-

150 1174 316 1247 pulat
346 1182 406 1229 ut
436 1173 734 1229 emendari
775 1174 1002 1229 debeat.
1036 1175 1231 1246 Iniqui
1276 1180 1475 1230 autem
1527 1177 1806 1247 gehennae

153 1264 274 1334 igni
308 1262 533 1330 traditi,
567 1263 616 1317 si
651 1262 723 1317 ad
757 1262 1180 1319 correctionem
1232 1281 1347 1319 non
1398 1265 1657 1335 veniunt,
1690 1282 1805 1337 quo

153 1353 268 1407 ﬁne
301 1368 532 1423 semper
563 1351 896 1407 ardebunt?
927 1352 1283 1409 Gasooams.
1318 1386 1384 1393 —
1417 1353 1805 1426 Omnipotens

154 1441 308 1496 Deus
340 1440 479 1512 quia
507 1440 642 1512 pius
673 1444 781 1506 est,
808 1442 1160 1497 miserorum
1192 1442 1453 1497 cruciatu
1483 1460 1596 1498 non
1622 1444 1809 1515 pasci-

152 1532 269 1584 tur.
291 1528 435 1593 Quia
456 1534 651 1583 autem
670 1531 873 1597 justus
904 1534 1012 1597 est,
1039 1532 1109 1584 ab
1144 1531 1480 1602 iniquorum
1508 1530 1726 1586 ultione
1746 1532 1805 1586 in

152 1623 507 1689 perpetuum
542 1633 656 1672 non
689 1618 946 1672 sedatur.
972 1618 1084 1673 Sed
1118 1618 1303 1691 iniqui
1336 1636 1541 1674 omnes
1594 1624 1807 1675 aeterno

156 1706 448 1779 supplicio
472 1707 730 1777 deputati
748 1707 1101 1777 suaquidem
1120 1708 1431 1779 iniquitate
1454 1708 1806 1779 puniuntur,

1914 499 2048 569 (lsa.
2078 518 2210 573 ιιι).
2248 503 2392 558 Hinc
2420 504 2595 560 etiam
2630 511 2765 562 ante
2798 509 3245 566 resurrectionis
3297 512 3451 568 diem
3495 516 3567 570 de

1914 592 2256 646 sanctorum
2290 594 2602 649 animabus
2634 596 2917 667 scriptum
2940 603 3065 653 est:
3100 599 3259 657 Data?
3288 608 3416 655 sunt
3448 603 3567 659 illis

1912 678 2158 747 singula:
2186 682 2345 737 stolm
2373 684 2535 753 albw,
2566 688 2615 739 et
2644 685 2851 739 dictum
2882 694 2965 741 est.
2994 688 3109 742 illis
3152 694 3212 744 ut
3264 694 3567 762 requiesce-

1913 777 2040 821 rent
2071 777 2279 841 tempus
2309 771 2488 827 adhuc
2515 775 2998 844 modicum,donec
3019 778 3345 846 impleretur
3374 798 3567 837 nume-

1914 872 2012 910 rus
2058 872 2443 914 conservorum
2472 865 2523 914 et
2549 865 2800 931 [rutrum
2852 879 3043 919 eorum
3091 869 3274 937 (Apoc.
3316 870 3414 940 v1).
3460 870 3567 933 Qui

1918 943 2114 1015 itaque
2148 963 2303 1002 nunc
2334 949 2601 1020 singulas
2634 957 3003 1022 acceperunt,
3028 954 3085 1008 in
3126 955 3355 1025 judicio
3397 958 3567 1015 binas

1917 1036 2099 1093 stolas
2133 1037 2391 1094 habituri
2419 1046 2579 1110 sunt,
2599 1041 2737 1113 quia
2757 1044 2928 1098 modo
2952 1045 3279 1101 animarum
3306 1053 3564 1103 tantum-

1918 1128 2112 1197 modo,
2141 1132 2280 1183 tunc
2314 1133 2507 1184 autem
2539 1129 2872 1186 animarum
2916 1132 3097 1187 simul
3149 1138 3203 1189 et
3254 1152 3564 1208 corporum

1916 1216 2102 1288 gloria
2134 1218 2513 1276 laetabuntur.

1914 1354 2047 1406 CAP.
2079 1354 2168 1407 78.
2197 1384 2265 1427 —_
2298 1356 2371 1409 De
2399 1354 2516 1419 hoc,
2548 1358 2597 1410 si
2628 1356 2756 1411 boni
2787 1356 2953 1413 bonos
2986 1359 3043 1413 in
3084 1375 3275 1427 regno,
3310 1362 3395 1416 vel
3426 1362 3566 1417 mali

1986 1434 2163 1505 malos
2222 1424 2280 1479 in
2332 1428 2604 1505 supplicio
2661 1438 2982 1498 agnoscant.
3040 1424 3331 1486 Ex'Dial.
3398 1437 3565 1505 Greg.

1986 1496 2106 1563 (lib.
2142 1513 2218 1565 ιν,
2250 1513 2296 1551 c.
2330 1498 2442 1569 33).

1988 1614 2325 1666 Pmaus.—
2355 1613 2538 1669 Nosse
2570 1614 2775 1670 vellem
2808 1616 2856 1670 si
2888 1616 3026 1672 boni
3060 1618 3245 1674 bonos
3273 1619 3333 1674 in
3366 1638 3565 1694 regno,

1915 1699 2002 1754 vel
2022 1700 2160 1754 mali
2181 1702 2367 1757 malos
2389 1702 2441 1757 in
2465 1704 2771 1775 suppliciis
2790 1709 3572 1778 agnoscant?GanGomus.—-

154 1802 212 1852 et
235 1802 431 1853 tamen
458 1798 527 1851 ad
553 1797 770 1868 aliquid
799 1798 1339 1864 ardebunt,scilicet
1360 1804 1421 1854 ut
1438 1799 1586 1871 justi
1610 1816 1814 1855 omnes
1846 1786 1892 1851 Β
1921 1788 2111 1857 Hujus
2130 1789 2208 1845 ι’θί
2230 1792 2521 1845 sententia
2543 1793 2602 1847 in
2622 1794 2812 1849 verbis
2830 1800 2918 1850 εει
2934 1796 3256 1853 Dominicis
3276 1800 3570 1870 (Luc-XVI),

152 1890 210 1941 et
239 1885 299 1941 in
332 1887 447 1943 Deo
474 1887 708 1941 videant
737 1888 953 1958 gaudia
980 1904 1108 1958 quae
1142 1888 1494 1959 percipiunt,
1518 1894 1575 1944 et
1596 1887 1654 1943 in
1687 1888 1805 1943 illis

154 1975 477 2047 respiciant
526 1974 818 2046 supplicia
866 1992 996 2046 qua)
1044 1981 1377 2043 evaserunt,
1410 1982 1699 2047 quatenus
1748 1978 1807 2031 in

153 2068 440 2118 aeternum
471 2068 634 2119 tanto
666 2061 851 2135 magis
899 2062 1105 2117 divinae
1154 2064 1355 2136 gratiis
1402 2064 1698 2120 debitores
1747 2082 1810 2120 se

153 2167 286 2207 esse
317 2162 667 2224 cognoscant
690 2157 910 2223 quanto
934 2152 1124 2222 magis
1145 2153 1199 2206 in
1221 2158 1501 2208 aeternum
1529 2153 1681 2209 male
1706 2171 1809 2226 pu-

157 2240 270 2295 niri
301 2241 691 2313 conspiciunt,
726 2257 850 2311 quae
882 2241 1010 2311 ejus
1042 2242 1332 2312 adjutorio
1356 2242 1641 2297 vicerunt.

158 2356 293 2413 CAP.
327 2358 416 2412 76.
449 2388 517 2398 —-
551 2358 621 2412 De
661 2358 777 2425 hoc,
803 2356 854 2410 si
899 2360 1026 2411 ante
1072 2359 1475 2413 restitutionem
1523 2374 1811 2429 corporum

232 2429 437 2484 animae
464 2430 753 2501 justorum
790 2431 860 2501 in
908 2430 1108 2485 caelum
1154 2431 1518 2501 recipiantur.
1552 2432 1634 2485 Ex
1661 2433 1809 2486 Dial.

234 2501 397 2573 Greg.
434 2500 552 2570 (lib.
587 2517 660 2570 1v,
692 2516 735 2554 ο.
774 2500 884 2570 44).

231 2595 481 2645 Pmaus.
503 2619 571 2630 -ο
598 2588 793 2644 Placet
824 2590 977 2661 quod
1012 2588 1179 2645 dicis.
1209 2590 1319 2645 Sed
1351 2589 1523 2646 velim
1556 2608 1728 2647 nosse
1759 2591 1809 2646 si

158 2695 317 2737 nunc
337 2684 470 2734 ante
491 2678 921 2733 restitutionem
948 2694 1281 2749 corporum,
1306 2678 1365 2732 in
1400 2678 1607 2735 ccelum
1632 2678 1811 2752 recipi

156 2769 391 2825 valeant
422 2768 631 2823 animae
662 2772 1017 2823 sanctorum.
1052 2768 1408 2823 Gascomus.
1442 2799 1510 2809 -
1560 2769 1677 2825 Hoc
1711 2787 1810 2826 ne-

157 2875 271 2931 que
303 2858 375 2913 de
402 2858 679 2913 omnibus
703 2857 885 2925 justis
917 2857 1085 2911 fateri
1132 2874 1469 2927 possumus,
1506 2874 1693 2931 neque
1744 2860 1814 2914 de

152 2947 432 3003 omnibus
467 2962 696 3017 negare.
730 2945 875 3001 Nam
913 2950 1055 3000 sunt
1085 2947 1479 3017 quorumdam
1507 2947 1809 3017 justorum

154 3037 368 3093 animas
399 3051 526 3106 quae
548 3053 580 3089 a
602 3034 819 3090 ccelesti
848 3051 1025 3107 regno
1051 3035 1409 3105 quibusdam
1436 3036 1628 3089 adhuc
1654 3052 1814 3089 man-

1919 1879 2233 1947 quamjam
2256 1880 2529 1948 superius
2557 1882 3067 1951 protulimus,luce
3088 1884 3304 1940 clarius
3329 1887 3568 1943 demon-

1920 1969 2194 2021 strata.ln
2216 1968 2429 2038 quibus
2448 1985 2579 2022 cum
2600 1970 2824 2025 dictum
2845 1974 3193 2028 essetzllomo
3210 1974 3435 2044 quidam
3451 1986 3576 2032 erat

1920 2053 2147 2119 dives,et
2178 2056 2517 2111 induebatur
2544 2074 2801 2128 purpura
2830 2068 2881 2113 et
2912 2061 3091 2132 bysso,
3140 2068 3191 2117 et
3237 2066 3574 2134 epulabatur

1920 2143 2163 2214 quotidie
2192 2144 2496 2214 splendide,
2520 2155 2571 2201 et
2602 2156 2727 2202 erat
2756 2148 2981 2219 quidam
3010 2152 3319 2222 mendicus,
3350 2154 3575 2211 nomine

1923 2236 2188 2299 Lazarus,
2218 2236 2315 2304 qui
2334 2235 2546 2302 iacebat
2568 2237 2646 2289 ad
2657 2238 2893 2306 januam
2915 2239 3032 2309 ejus
3056 2241 3330 2297 ulceribus
3358 2243 3572 2311 plenus,

1922 2324 2145 2389 cupiens
2175 2326 2424 2376 saturari
2470 2322 2533 2377 de
2581 2326 2740 2378 micis
2786 2341 2912 2395 quae
2959 2329 3231 2383 cadebant
3272 2330 3336 2385 de
3386 2348 3574 2387 mensa

1922 2410 2127 2478 divitis,
2161 2420 2212 2465 et
2242 2428 2405 2465 nemo
2436 2410 2534 2466 illi
2562 2412 2747 2479 dabat,
2782 2415 2880 2469 sed
2911 2425 2960 2470 et
2991 2434 3151 2472 canes
3180 2420 3469 2474 veniebant
3526 2430 3576 2475 et

1924 2499 2218 2568 lingebant
2250 2500 2434 2553 ulcera
2466 2502 2581 2569 eius
2611 2502 2996 2571 subiunctum
3028 2508 3297 2576 est,quod
3326 2507 3575 2563 Lazarus

1926 2592 2195 2642 mortuus
2228 2593 2494 2659 portatus
2525 2593 2615 2643 est
2645 2590 2711 2644 ab
2743 2592 2957 2646 anﬁelis
2988 2592 3046 2647 in
3087 2595 3271 2649 sinum
3320 2595 3575 2665 Abrahm,

1923 2679 1973 2730 et
2002 2685 2252 2731 mortuus
2280 2676 2434 2731 dives
2463 2679 2704 2742 sepultus
2735 2683 2812 2733 est
2841 2680 2902 2734 in
2933 2680 3173 2751 inferno.
3208 2684 3311 2748 Qui
3358 2686 3577 2739 elevans

1924 2764 2111 2819 oculos
2138 2781 2287 2833 suos,
2320 2781 2448 2819 cum
2477 2777 2613 2821 esset
2646 2768 2707 2821 in
2737 2772 3039 2836 tormentis,
3074 2770 3211 2825 vidit
3238 2772 3513 2828 Abraham
3544 2792 3579 2829 a

1926 2853 2080 2923 longe
2107 2863 2157 2909 et
2190 2855 2463 2908 Lazarum
2496 2854 2556 2909 in
2585 2857 2714 2911 sinu
2746 2857 2944 2927 ejus,et
2974 2858 3090 2929 ipse
3116 2862 3363 2915 clamans
3392 2863 3577 2918 dixit:

1923 2944 2090 2996 Pater
2121 2942 2408 3011 Abraham,
2440 2946 2702 2999 miserere
2734 2948 2862 3013 mei,
2892 2950 2946 3001 et
2994 2949 3147 3003 mitte
3195 2952 3467 3005 Lazarum
3519 2957 3580 3007 ut

1926 3032 2169 3098 intingat
2199 3036 2509 3087 extremum
2537 3034 2703 3103 digiti
2731 3037 2822 3089 sui
2850 3037 2908 3090 in
2939 3054 3141 3107 aquam
3188 3047 3249 3093 ut
3289 3042 3579 3111 refrigeret

156 3126 421 3181 sionibus
453 3124 825 3178 differuntur.
852 3126 913 3177 In
949 3140 1065 3195 quo
1096 3124 1393 3178 dilationis
1426 3124 1640 3179 damno
1673 3124 1813 3196 quid
1847 3150 1890 3218 Ο
1928 3122 2177 3190 linguam
2209 3138 2405 3218 meam:
2440 3121 2542 3176 Cui
2575 3124 2856 3178 Abraham
2909 3125 3053 3180 dixit
3080 3147 3098 3180 :
3130 3126 3269 3196 Fili,
3291 3131 3581 3187 recordare

159 3214 321 3270 aliud
355 3212 641 3279 innuitur,
677 3212 788 3267 nisi
835 3213 989 3283 quod
1026 3212 1290 3283 perfectas
1326 3213 1561 3282 iustitiae
1593 3212 1814 3285 aliquid

163 3302 363 3356 minus
394 3300 769 3357 habuerunt?
801 3301 869 3355 Et
898 3307 1095 3356 tamen
1147 3302 1273 3357 luce
1324 3302 1541 3357 clarius
1589 3308 1819 3358 constat

164 3391 304 3462 quia
336 3391 724 3462 perfectorum
749 3391 1048 3460 justorum
1091 3392 1296 3447 anima:
1348 3409 1479 3447 mox
1528 3397 1590 3447 ut
1638 3393 1817 3461 hujus

164 3480 361 3535 carnis
392 3479 647 3535 claustra
678 3480 991 3548 exeunt,ia
1025 3480 1362 3535 caelestibus
1396 3481 1633 3535 sedibus
1668 3483 1816 3536 reci-

164 3570 430 3640 piuntur.
454 3569 615 3633 Quod
649 3574 706 3623 et
754 3569 883 3640 ipsa
934 3585 1036 3640 per
1084 3586 1145 3624 se
1176 3569 1405 3625 Veritas
1434 3575 1705 3639 testatur,
1729 3572 1818 3625 di-

166 3676 345 3716 cens:
401 3660 712 3729 Ubicunque
758 3658 931 3728 fuerit
975 3674 1186 3727 corpus,
1216 3660 1353 3713 illuc
1398 3662 1817 3730 eongregabun-

166 3754 259 3805 tur
287 3758 340 3805 et
369 3748 572 3819 aquila:
610 3748 817 3819 (Matth.
850 3750 1020 3816 xxxv).
1056 3747 1201 3813 Quia
1251 3748 1349 3803 ubi
1400 3748 1525 3819 ipse
1567 3749 1815 3804 Redem-

167 3842 300 3911 ptor
320 3843 519 3893 noster
540 3842 628 3892 est
646 3852 909 3908 corpore,
933 3836 1073 3892 illuc
1098 3836 1298 3909 procul
1323 3838 1499 3893 dubio
1528 3837 1817 3911 colligun-

165 3934 265 3984 tur
298 3932 354 3982 et
379 3926 584 3982 anima:
611 3928 932 3997 justorum.
967 3927 1036 3980 Et
1068 3926 1284 3981 Paulus
1317 3926 1556 3982 dissolvi
1592 3928 1819 3983 deside-

170 4023 281 4085 rat,
304 4021 361 4072 et
390 4033 522 4071 cum
556 4016 787 4072 Christo
835 4031 964 4070 esse
1012 4016 1187 4087 (Phil.
1215 4016 1275 4087 1).
1310 4016 1415 4080 Qui
1468 4033 1603 4088 ergo
1656 4016 1820 4071 Chri-

171 4111 328 4161 stum
359 4122 486 4161 esse
514 4105 572 4159 in
603 4104 765 4159 castis
798 4122 913 4159 non
948 4104 1201 4174 dubitat,
1228 4121 1332 4160 nec
1365 4104 1527 4159 Pauli
1564 4106 1819 4160 animam

171 4211 302 4250 esse
334 4195 392 4249 in
428 4193 571 4249 coelo
601 4198 793 4264 negat.
820 4195 923 4258 Qui
969 4193 1146 4248 etiam
1180 4194 1249 4248 de
1280 4193 1673 4249 dissolutione
1732 4194 1820 4249 sui

172 4283 435 4356 corporis
468 4287 641 4352 atque
665 4283 723 4336 in
749 4281 1113 4337 habitatione
1140 4282 1340 4354 patriae
1372 4282 1625 4337 cmlestis
1649 4283 1824 4338 dicit:

172 4372 387 4427 Scimus
417 4370 554 4442 quia
584 4371 636 4425 si
659 4372 938 4425 terrestris
969 4371 1160 4425 domus
1190 4381 1381 4426 nostra
1410 4370 1576 4441 hujus
1608 4372 1828 4427 habita-

172 4461 340 4517 tionis
397 4460 746 4527 dissolvatur,
802 4458 944 4529 quod
988 4459 1410 4529 aediﬁcationem
1457 4459 1714 4516 habemus
1762 4477 1831 4517 ea:

173 4552 302 4615 Deo,
333 4549 562 4605 domum
591 4566 703 4603 non
736 4550 1133 4619 manufactam,
1167 4548 1259 4603 sed
1287 4553 1551 4606 aeternam
1583 4551 1641 4605 in
1672 4550 1827 4605 ctelis
1862 4520 1906 4584 Β

173 4641 249 4712 (II
280 4638 399 4694 Cor.
425 4640 503 4709 v).

170 4760 305 4815 CAP.
336 4756 427 4811 77.
453 4784 520 4796 -
549 4753 705 4825 Quod
719 4752 864 4824 justi
890 4754 948 4808 in
980 4751 1068 4807 die
1085 4750 1292 4825 judicii
1311 4753 1632 4809 animarum
1659 4756 1827 4810 simul

246 4836 297 4883 et
344 4842 637 4898 corporum
693 4825 883 4898 gloria
941 4825 1300 4881 laetabuntur.
1333 4826 1419 4880 Ex
1475 4826 1617 4880 Dial.
1672 4826 1827 4895 Greg.

254 4899 459 4970 (ibid.).

249 4993 493 5043 Parens.
527 5017 594 5028 —-
624 4986 683 5041 Si
716 4985 899 5057 igitur
929 5001 1085 5040 nunc
1129 4985 1189 5040 in
1242 4984 1382 5041 ccelo
1433 4990 1572 5041 sunt
1622 4986 1831 5041 animis

168 5080 491 5148 justorum,
518 5077 655 5148 quid
679 5075 898 5130 esthoc
932 5075 1085 5145 quod
1119 5075 1177 5129 in
1213 5075 1307 5130 die
1329 5075 1540 5146 judicii
1577 5092 1678 5148 pro
1712 5093 1830 5131 sua:

166 5166 417 5236 justitiie
451 5164 833 5220 retributione
864 5164 1197 5235 recipient?
1246 5165 1590 5220 Gaaeomos.
1620 5196 1683 5205 —
1716 5170 1834 5220 Hoc

176 5254 263 5309 eis
297 5254 576 5309 nimirum
626 5253 835 5308 crescit
866 5253 923 5307 in
951 5253 1199 5321 judicio,
1232 5255 1385 5324 quod
1421 5271 1575 5308 nunc
1608 5254 1832 5307 anima-

177 5359 310 5399 rum
346 5342 491 5409 sola,
528 5343 903 5414 postmodum
936 5358 1068 5395 vero
1101 5340 1273 5395 etiam
1310 5359 1618 5413 corporum
1652 5342 1834 5397 beati-

175 5432 386 5487 tudine
438 5432 837 5502 perfruantur,
872 5435 937 5485 ut
968 5431 1022 5483 in
1058 5429 1189 5500 ipsa
1219 5446 1452 5500 quoque
1483 5448 1657 5486 carne
1688 5448 1829 5503 gau-

178 5521 380 5585 deant,
398 5519 455 5574 in
480 5536 597 5589 qua
619 5519 847 5575 dolores
871 5535 972 5591 pro
996 5517 1243 5573 Domino
1265 5523 1679 5591 cruciatusque
1702 5538 1835 5592 per-

178 5609 463 5666 tulerunt.
499 5608 607 5665 Pro
666 5607 775 5665 hac
821 5606 1038 5681 quippe
1088 5606 1385 5679 geminata
1415 5623 1616 5663 eorum
1648 5609 1833 5681 gloria

1928 3214 2060 3281 quia
2091 3212 2351 3281 recepisti
2382 3210 2521 3265 bona
2552 3212 2611 3264 in
2644 3214 2755 3267 vita
2784 3217 2909 3276 tua,
2942 3220 2995 3268 et
3028 3215 3271 3270 Lazarus
3320 3219 3584 3275 similiter

1926 3298 2279 3353 mala.Dives
2311 3304 2507 3354 autem
2540 3300 2610 3354 de
2643 3301 2836 3372 seipse
2860 3303 2985 3371 jam
3020 3320 3185 3374 spem
3220 3304 3431 3360 salutis
3465 3324 3578 3362 non

1927 3389 2172 3457 habens,
2220 3391 2289 3443 ad
2342 3392 2793 3461 promerendam
2844 3408 3089 3449 suorum
3142 3393 3391 3449 salutem
3443 3413 3580 3452 oon-

1926 3478 2191 3542 vertitur,
2225 3478 2427 3532 dicens
2463 3496 2475 3533 :
2510 3484 2655 3543 Rogo
2688 3483 2757 3544 le,
2785 3484 2969 3550 pater,
3001 3490 3060 3536 ut
3107 3484 3297 3537 mittas
3346 3500 3471 3538 eum
3521 3487 3583 3539 in

1926 3566 2150 3621 domum
2198 3568 2383 3637 patris
2432 3567 2579 3634 mei;
2616 3568 2787 3622 habeo
2816 3570 2963 3624 enim
2993 3572 3238 3642 quinque
3263 3574 3489 3641 fratres,
3522 3578 3584 3629 ut

1928 3658 2157 3710 testetur
2184 3655 2301 3709 illis
2330 3672 2401 3710 ne
2429 3662 2479 3711 et
2522 3658 2629 3726 ipsi
2668 3660 2891 3712 veniant
2937 3660 2997 3713 in
3046 3660 3192 3714 hunc
3244 3662 3423 3717 locum
3469 3671 3583 3719 tor-

1926 3748 2255 3799 mentorum.
2287 3743 2513 3806 Quibus
2546 3747 2736 3802 verbis
2769 3752 2966 3818 aperte
2997 3749 3328 3805 declaratur
3361 3752 3501 3823 quia
3534 3758 3591 3807 et

1928 3832 2065 3888 boni
2117 3833 2323 3899 bonos,
2374 3837 2431 3889 et
2481 3834 2619 3889 mali
2674 3834 2861 3891 malos
2913 3844 3258 3908 agnoscant.
3310 3840 3369 3896 Si
3407 3841 3590 3913 igitur

1930 3921 2225 3977 Abraham
2264 3922 2540 3978 Lazarum
2573 3923 2818 3980 minime
2852 3932 3315 3999 recognosceret,
3362 3946 3590 4000 nequa-

1932 4027 2111 4082 quam
2161 4011 2232 4065 ad
2283 4012 2521 4067 divitem
2573 4013 2832 4083 positum
2887 4015 2944 4069 in
2988 4016 3293 4070 tormentis
3324 4017 3394 4071 de
3425 4021 3590 4072 tran-

1934 4105 2091 4154 sacta
2122 4102 2250 4170 ejus
2283 4100 2631 4157 contritione
2661 4102 3001 4173 loqueretur
3032 4103 3231 4159 dicens
3256 4106 3411 4176 quod
3439 4106 3591 4161 mala

1936 4189 2220 4260 receperit
2250 4189 2307 4243 in
2339 4189 2459 4244 vita
2492 4206 2619 4244 sua.
2652 4190 2773 4245 Etsi
2828 4190 2966 4245 mali
3021 4190 3208 4247 malos
3257 4210 3372 4248 non
3426 4211 3589 4251 reco-

1937 4282 2306 4349 gnoscerent,
2342 4295 2715 4349 nequaquam
2744 4280 2903 4335 dives
2930 4280 2987 4333 in
3014 4281 3328 4338 tormentis
3358 4282 3590 4355 positus

1938 4367 2185 4422 fratrum
2209 4383 2450 4422 suorum
2475 4368 2648 4423 etiam
2675 4368 3006 4423 absentium
3036 4370 3589 4438 meminisset.Quo-

1940 4456 2114 4510 modo
2148 4456 2301 4511 enim
2339 4461 2656 4528 prmsentes
2686 4474 2799 4511 non
2853 4464 3055 4528 posset
3104 4477 3435 4531 agnoscere,
3488 4464 3589 4534 qui

1937 4545 2110 4601 etiam
2138 4562 2242 4618 pro
2268 4545 2595 4601 absentium
2622 4546 2906 4601 memoria
2926 4548 3153 4603 curavit
3174 4550 3440 4606 exorare?
3469 4551 3593 4615 Qua

1937 4634 1995 4689 in
2021 4652 2081 4690 re
2099 4634 2244 4689 illud
2269 4651 2501 4707 quoque
2524 4635 2855 4690 ostenditur
2884 4637 3039 4708 quod
3066 4653 3441 4712 nequaquam
3467 4641 3592 4713 ipse

1939 4723 2263 4794 requisisti,
2299 4723 2439 4795 quia
2469 4729 2525 4779 et
2550 4724 2687 4779 boni
2722 4724 2930 4792 malos,
2962 4730 3019 4782 et
3053 4726 3189 4782 mali
3231 4735 3595 4803 cognoscunt

1940 4812 2146 4867 bonos.
2181 4813 2326 4867 Nam
2359 4817 2415 4867 et
2445 4813 2605 4868 dives
2638 4814 2708 4867 ab
2740 4815 3034 4870 Abraham
3066 4819 3455 4887 cognoscitur,
3499 4819 3590 4873 cui

1941 4900 2162 4955 dictum
2213 4906 2302 4954 est
2357 4919 2370 4957 :
2430 4902 2729 4959 Recordare
2781 4906 2909 4977 quia
2940 4908 3192 4979 recepisti
3224 4907 3359 4963 bona
3392 4912 3451 4962 in
3480 4908 3595 4963 vita

1943 4998 2061 5051 tua;
2092 4994 2148 5044 et
2174 4989 2392 5045 electus
2426 4991 2679 5047 Lazarus
2712 5010 2744 5047 a
2775 4996 3020 5066 reprobo
3054 5001 3144 5050 est
3176 4997 3355 5051 divite
3390 4996 3593 5069 cogni-

1941 5084 2059 5148 tus,
2093 5095 2267 5150 quem
2303 5080 2455 5133 mitti
2492 5086 2761 5151 precatur
2792 5100 2856 5138 ex
2890 5083 3146 5152 nomine,
3182 5084 3380 5141 dicens
3407 5103 3420 5140 :
3447 5086 3597 5141 Mitte

1944 5170 2215 5223 Lazarum
2248 5172 2308 5223 ut
2338 5170 2581 5241 intingat
2615 5176 2922 5226 extremum
2952 5172 3120 5241 digiti
3147 5175 3238 5227 sui
3272 5175 3335 5227 in
3363 5190 3592 5244 aquam,

1942 5266 2001 5312 ut
2030 5260 2318 5327 refrigeret
2352 5259 2597 5330 linguam
2626 5276 2820 5315 meam.
2856 5262 2917 5314 In
2954 5277 3069 5330 qua
3101 5260 3361 5316 videlicet
3395 5263 3594 5334 cogni-

1944 5346 2098 5401 tione
2126 5347 2434 5419 utriusque
2484 5348 2665 5420 partis
2718 5348 2991 5403 cumulus
3044 5350 3447 5406 retributionis
3495 5368 3593 5406 ex-

1945 5437 2173 5504 crescit,
2206 5442 2269 5491 ut
2291 5445 2341 5492 et
2366 5437 2497 5491 boni
2526 5437 2781 5510 amplius
2804 5437 3123 5510 gaudeant,
3149 5438 3248 5509 qui
3273 5455 3471 5495 secum
3497 5457 3595 5497 eos

1944 5524 2120 5579 laetari
2157 5525 2525 5597 conspiciunt
2555 5542 2702 5599 quos
2734 5531 3101 5597 amaverunt,
3156 5532 3213 5583 et
3264 5528 3398 5585 mali
3451 5530 3593 5588 dum

1944 5629 2073 5669 cum
2108 5613 2190 5669 eis
2214 5618 2563 5686 torquentur
2592 5632 2739 5687 quos
2788 5616 2844 5671 in
2896 5615 3003 5673 hoc
3054 5620 3273 5677 mundo
3323 5620 3595 5695 despecto
