3948 6072
412 309 519 366 999

1496 307 1566 359 D.
1605 304 1845 358 IVONIS
1878 300 2372 357 CARNOTENSIB
2407 303 2729 357 EPISCOPI

3704 301 3868 356 1000

416 439 558 508 Deo,
591 435 943 500 dilexerunt,
975 449 1074 489 eos
1105 447 1220 488 non
1251 431 1444 487 solum
1476 447 1602 499 sua,
1625 431 1724 486 sed
1757 429 1932 486 etiam
1963 445 2057 484 eo-
2088 428 2144 496 Α
2176 428 2296 483 Cor.
2323 428 2662 500 111),absque
2691 429 2970 503 sujungat
3005 443 3016 483 :
3052 428 3114 484 Si
3140 429 3262 502 quis
3289 429 3867 502 superediﬁcaverit

410 544 542 583 rum
576 541 747 598 poena
777 521 1206 580 consumat.Fit
1234 525 1429 577 autem
1463 520 1522 575 in
1555 519 1752 577 electis
1776 518 2055 591 quiddam
2164 533 2329 588 super
2357 519 2455 574 hoc
2471 519 2916 590 fundamentum,
2951 535 3179 584 aurum,
3220 527 3272 574 et
3321 524 3632 591 argentum,
3697 521 3858 591 lapi-

410 613 908 686 mirabilius,quia
937 629 1050 668 non
1083 611 1273 667 solum
1302 627 1400 666 eos
1433 613 1790 681 cognoscunt
1819 624 1965 679 quos
1995 607 2056 662 in
2165 607 2256 662 des
2284 609 2566 680 pretiosos,
2602 609 2774 680 ligna,
2806 612 3016 682 fenum,
3049 609 3340 681 stipulam,
3380 610 3854 680 uniuscuiusque

411 707 522 762 hoc
557 704 777 760 mundo
811 706 1114 768 noverunt,
1143 701 1244 756 sed
1276 699 1434 755 velut
1479 699 1634 755 visos
1683 715 1748 753 ac
1797 697 2059 770 cognitos

416 795 842 866 recognoscant
870 792 1076 857 bonos,
1103 806 1250 861 quos
1283 805 1588 860 nunquam
1614 786 2058 843 viderunt.Nam

413 901 548 941 cum
571 883 842 953 antiquos
872 881 1070 936 Patres
1092 879 1150 934 in
1173 878 1271 934 illa
1299 883 1513 934 aeterna
1542 877 1878 934 haereditate
1906 875 2062 930 vide-

419 975 556 1039 rint,
587 974 671 1027 eis
703 968 989 1042 incogniti
1023 985 1124 1040 per
1151 969 1438 1024 visionem
1470 983 1585 1022 non
1617 969 1791 1022 erunt
1817 981 1963 1036 quos
1999 964 2059 1018 in

419 1078 588 1136 opere
613 1076 846 1132 semper
866 1057 1324 1122 noverunt.Quia
1344 1057 1500 1114 enim
1524 1055 1642 1110 illic
1663 1071 1868 1110 omnes
1900 1071 2062 1109 com-

419 1150 582 1208 muni
608 1149 870 1206 claritate
899 1153 1081 1204 Deum
1114 1145 1649 1218 conspiciunt,quid
1676 1149 1764 1200 est
1795 1143 1947 1215 quod
1982 1142 2060 1197 ibi

416 1241 696 1306 nesciant,
723 1239 823 1294 ubi
855 1238 1133 1294 scientem
1166 1236 1362 1292 omnia
1393 1235 1620 1292 sciunt?
1643 1234 1786 1290 Nam
1820 1232 2062 1306 quidam

416 1336 614 1386 noster
641 1329 774 1384 vitae
805 1326 1156 1383 venerabilis
1185 1326 1294 1396 vir,
1327 1324 1756 1398 religiosusque
1794 1323 1960 1378 valde
2007 1325 2064 1378 et

412 1417 750 1486 laudabilis,
781 1433 916 1472 cum
944 1421 1078 1472 ante
1105 1415 1426 1470 triennium
1459 1412 1959 1480 moreretur,sicut
1978 1428 2066 1467 re-

412 1507 605 1580 ligiosi
629 1507 726 1563 alii
762 1507 860 1578 qui
891 1509 1204 1576 praesentes
1235 1505 1473 1559 fuerunt
1494 1501 1691 1558 testati
1713 1502 1938 1571 sunt,in
1965 1499 2062 1555 ho-

419 1615 484 1652 ra
507 1597 599 1652 sui
622 1596 812 1652 exitus
831 1593 1039 1649 Jonam
1073 1592 1417 1665 prophetam
1451 1591 1804 1648 Ezechielem
1834 1605 2062 1660 quoque

416 1691 474 1740 et
509 1684 803 1741 Danielem
835 1683 1009 1754 cmpit
1038 1681 1319 1754 aspicere.
1353 1682 1507 1746 Quos
1539 1681 1678 1736 dum
1712 1679 1941 1735 venisse
1989 1679 2058 1734 ad

417 1792 478 1831 se
497 1775 735 1844 diceret,
754 1777 811 1828 et
832 1773 1125 1843 depressis
1148 1770 1476 1826 luminibus
1493 1770 1576 1826 eis
1594 1769 1928 1825 reverentiae
1960 1768 2062 1824 ob-

417 1864 686 1936 sequium
713 1863 1014 1933 prteberet,
1048 1878 1116 1915 ex
1139 1877 1312 1915 carne
1341 1861 1588 1915 eductus
1619 1864 1728 1915 est.
1763 1861 1886 1924 Qua
1914 1858 1974 1913 in
2003 1875 2063 1914 re

417 1957 616 2025 aperte
649 1953 822 2007 datur
855 1949 1103 2021 intelligi
1134 1966 1261 2020 qua:
1291 1949 1403 2004 erit
1453 1949 1511 2004 in
1561 1948 1662 2004 illa
1710 1947 2062 2020 incorrupti-

417 2039 524 2095 bili
549 2042 666 2094 vita
696 2037 928 2106 notitia,
962 2038 1008 2093 si
1040 2037 1128 2092 vir
1158 2036 1267 2092 iste
1299 2036 1488 2092 adhuc
1520 2036 1579 2091 in
1607 2052 1780 2091 carne
1812 2036 2061 2108 positus,

421 2129 738 2204 prophetas
783 2131 1040 2196 sanctos,
1074 2143 1221 2198 quos
1254 2125 1534 2181 nimirum
1565 2142 1870 2197 nunquam
1903 2125 2064 2180 vide-

421 2223 532 2288 rat,
564 2217 818 2290 agnovit.
851 2216 1007 2272 Solet
1033 2220 1228 2272 autem
1261 2215 1612 2288 plerumque
1641 2216 1976 2287 contingere
2003 2220 2066 2272 ut

419 2323 731 2380 egressura
760 2306 959 2362 anima
988 2323 1086 2362 eos
1119 2304 1293 2360 etiam
1327 2309 1722 2376 recognoscat,
1756 2322 1890 2360 cum
1935 2305 2064 2377 qui-

422 2399 534 2452 bus
566 2413 668 2468 pro
700 2395 983 2468 qualitate
1015 2394 1320 2466 culparum
1353 2394 1441 2450 vel
1473 2394 1647 2450 etiam
1673 2393 2063 2466 praemiorum,

421 2487 479 2541 in
515 2504 631 2542 una
663 2490 752 2542 est
781 2485 1089 2541 mansione
1120 2485 1490 2555 deputanda;
1515 2485 1670 2556 quod
1705 2483 1874 2539 multi
1906 2483 1966 2538 in
1999 2501 2066 2540 eo

419 2575 575 2631 exitu
608 2575 828 2642 vident,
861 2590 1009 2646 quos
1042 2578 1144 2629 aut
1183 2573 1241 2629 in
1293 2589 1470 2644 regno
1520 2577 1621 2628 aut
1667 2573 1725 2628 in
1776 2573 2065 2645 supplicio

420 2681 591 2738 pares
622 2663 942 2720 habebunt.

420 2754 555 2810 CAP.
588 2753 677 2808 79.
712 2783 778 2794 —
809 2754 883 2808 De
914 2751 1032 2817 hoc,
1063 2752 1116 2806 si
1167 2751 1310 2820 ignis
1355 2752 1716 2822 purgatorius
1765 2752 2067 2808 credendus

493 2828 565 2881 sit
588 2827 684 2896 qui
704 2834 830 2896 post
858 2832 1086 2879 mortem
1114 2827 1334 2896 animas
1359 2842 1398 2879 a
1425 2825 1659 2894 peccatis
1687 2829 1968 2896 expurget.
1986 2826 2070 2880 Ex

492 2895 642 2953 Dial.
683 2895 838 2966 Greg.
873 2896 991 2968 (tib.
1025 2911 1100 2963 1v,
1131 2911 1179 2951 c.
1213 2895 1324 2967 39).

493 2987 735 3041 Parens.
773 3015 834 3025 —
867 2984 1098 3039 Discere
1129 2983 1335 3040 vellem
1368 2983 1417 3040 si
1453 2989 1585 3056 post
1617 2991 1861 3042 mortem
1914 2986 2068 3059 ignis

419 3075 790 3148 purgatorius
837 3089 966 3129 esse
992 3073 1320 3128 credendus
1370 3079 1478 3128 est.
1511 3074 1855 3132 Ganeoaws.
1906 3107 1974 3119 —-
2003 3078 2064 3134 In

420 3163 731 3236 Evangelia
761 3162 1046 3217 Dominus
1078 3161 1251 3217 dicit:
1277 3163 1562 3218 Ambulate
1591 3163 1722 3219 dum
1750 3166 1924 3221 lucem
1957 3168 2056 3223 ha-
2094 3173 2139 3242 α

423 3253 558 3310 bctis
604 3254 790 3320 (Joan.
825 3252 943 3321 xu).
980 3251 1084 3305 Per
1115 3250 1456 3322 prophetam
1490 3268 1724 3323 quoque
1754 3254 1836 3310 ait
1868 3274 1881 3312 :
1919 3259 2066 3313 Tem-

415 3358 551 3416 pore
578 3345 792 3413 accepto
821 3340 1087 3397 exaudiui
1113 3343 1185 3408 te,
1219 3348 1268 3396 et
1294 3339 1354 3396 in
1405 3339 1498 3396 die
1541 3343 1739 3398 salutis
1780 3345 1970 3416 adjuvi
2017 3353 2069 3405 te

421 3435 551 3504 (Isa.
585 3433 754 3501 xux).
792 3431 952 3497 Quod
983 3429 1193 3486 Paulus
1217 3429 1516 3502 apostolus
1551 3447 1842 3503 exponens
1874 3437 2020 3493 dixit
2051 3454 2064 3494 :

421 3524 552 3580 Ecce
592 3538 740 3577 nunc
769 3529 984 3592 tempus
1007 3519 1342 3591 acceptabile
1369 3520 1440 3592 (II
1472 3523 1593 3577 Cor.
1626 3523 1726 3595 v1),
1759 3528 1867 3579 etc.
1903 3525 2067 3582 Salo-

423 3629 559 3668 mon
590 3626 824 3682 quoque
852 3610 932 3664 ait
965 3626 978 3665 :
1013 3609 1376 3681 Quodcunque
1403 3615 1574 3682 potest
1602 3629 1801 3669 manus
1836 3618 1933 3670 tua
1978 3620 2065 3688 [a-

419 3716 564 3765 cere,
593 3699 867 3756 instanter
895 3715 1140 3770 operare,
1175 3699 1304 3771 quia
1331 3717 1431 3756 nec
1460 3716 1614 3773 opus,
1645 3719 1743 3758 nec
1771 3708 1937 3773 ratio,
1969 3723 2068 3762 nec

417 3791 667 3857 scicntia,
700 3807 802 3845 nec
828 3791 1108 3860 sapientia
1135 3791 1246 3844 erit
1275 3792 1431 3862 apud
1465 3791 1670 3863 inferos
1700 3811 1803 3865 quo
1836 3805 1892 3852 tu
1937 3814 2064 3869 pro-

412 3896 579 3954 peras
610 3879 926 3952 (Eccle.1x).
957 3879 1134 3933 David
1167 3895 1402 3950 quoque
1435 3880 1513 3934 ait
1537 3897 1549 3935 :
1574 3882 1847 3950 Quoniam
1879 3888 1934 3940 in
1966 3902 2064 3941 sae-

417 3973 607 4028 culum
637 3969 1017 4026 misericordia
1048 3970 1163 4041 ejus
1194 3969 1363 4040 (Psal.
1404 3974 1672 4042 cxxxvn).
1729 3973 1804 4027 Ex
1847 3975 2065 4045 quibus

416 4061 699 4117 nimirum
719 4058 1029 4116 sententiis
1050 4062 1281 4114 constat
1297 4058 1436 4128 quia
1453 4058 1643 4130 qualis
1663 4059 1799 4116 hinc
1816 4063 2068 4136 quisque

418 4151 737 4225 egreditur,
771 4148 907 4205 talis
943 4148 998 4203 in
1023 4146 1250 4220 judicio
1285 4150 1696 4218 praesentatur.
1729 4151 1837 4206 Sed
1871 4157 2066 4210 tamen

415 4243 486 4296 de
504 4241 857 4312 quibusdam
875 4237 1101 4295 levibus
1115 4236 1305 4309 culpis
1319 4253 1447 4293 esse
1466 4239 1896 4309 antejudicium
1925 4260 2065 4315 pur-

416 4330 680 4400 gatorius
713 4329 868 4402 ignis
899 4329 1228 4384 credendus
1259 4331 1367 4394 est,
1398 4344 1464 4382 eo
1498 4329 1652 4400 quod
1686 4329 1914 4388 Veritas
1947 4333 2066 4391 ait:

415 4416 563 4479 Quia
582 4420 631 4473 si
652 4419 771 4490 quis
803 4420 862 4473 in
889 4419 1165 4488 Spiritum
1199 4426 1456 4472 sanctum
1484 4417 1877 4489 blasphemiam
1911 4422 2066 4480 dixe-

413 4507 688 4577 rit,neque
716 4509 774 4562 in
807 4507 907 4562 hoc
935 4507 1139 4563 saeculo
1168 4506 1501 4572 dimittetur,
1537 4509 1789 4580 ei,neque
1819 4512 1876 4565 in
1906 4513 2064 4582 [utu-

415 4612 476 4652 ro
499 4597 716 4668 (Matth.
737 4597 861 4668 x11).
884 4597 943 4652 In
969 4613 1085 4668 qua
1113 4596 1406 4652 sententia
1428 4597 1599 4652 datur
1623 4597 1867 4672 intelligi
1894 4618 2066 4673 quas-

420 4686 554 4740 dam
587 4684 794 4757 culpas
822 4684 882 4740 in
915 4686 1022 4740 hoc
1049 4686 1579 4757 saeculo,quasdam
1614 4703 1744 4742 vero
1777 4688 1834 4742 in
1871 4690 2064 4748 futuro

416 4791 590 4848 posse
640 4773 843 4829 laxari.
899 4775 1062 4839 Quod
1112 4775 1269 4830 enim
1302 4776 1372 4831 de
1405 4792 1520 4830 uno
1554 4780 1821 4848 negatur,
1857 4795 2061 4836 conse-

416 4866 667 4937 quenter
697 4859 1026 4918 intellectus
1060 4867 1219 4933 patet
1240 4863 1377 4934 quia
1399 4865 1470 4919 de
1491 4865 1847 4936 quibusdam
1872 4884 2074 4925 concc-

415 4953 595 5009 ditur.
628 4952 738 5008 Sed
764 4955 958 5006 tamen
993 4953 1082 5019 (ut
1113 4953 1375 5024 praedixi)
1408 4952 1517 5009 hoc
1549 4954 1618 5008 de
1655 4955 1848 5026 parvis
1895 4958 2069 5017 mini-

410 5042 634 5111 misque
661 5039 918 5112 peccatis
947 5039 1068 5094 fieri
1095 5056 1266 5110 posse
1297 5042 1656 5096 credendum
1691 5047 1960 5115 est,sicut
1983 5054 2074 5108 est

412 5131 694 5187 assiduus
725 5129 946 5185 otiosus
971 5127 1618 5197 sermo,immoderatus
1643 5130 1913 5202 risus,vel
1937 5155 2068 5209 pec-

416 5224 615 5275 catum
648 5235 798 5274 cura:
829 5217 907 5273 rei
941 5215 1247 5272 familiaris
1281 5217 1430 5287 (qua:
1466 5218 1556 5272 vix
1597 5217 1722 5274 sine
1775 5223 1947 5296 culpa
1995 5229 2068 5283 ab

417 5309 563 5380 ipsis
595 5309 806 5381 agitur,
841 5308 937 5379 qui
970 5307 1174 5379 culpas
1207 5305 1462 5376 qualiter
1491 5307 1786 5366 declinare
1818 5314 2070 5374 debeant

417 5400 636 5470 sciunt)
664 5401 767 5454 aut
790 5413 905 5452 non
929 5397 988 5451 in
1011 5397 1294 5469 gravibus
1318 5397 1492 5452 rebus
1517 5412 1679 5453 error
1699 5397 2065 5475 ignorantiae,

416 5504 547 5558 quae
578 5491 790 5543 cuncta
819 5485 997 5543 etiam
1025 5491 1156 5559 post
1189 5491 1434 5543 mortem
1465 5491 1734 5559 gravant,
1775 5489 1824 5545 si
1875 5493 2067 5553 adhuc

415 5576 475 5630 in
507 5575 615 5631 hac
647 5575 765 5632 vita
795 5575 1002 5648 positis
1036 5577 1278 5633 minime
1312 5577 1530 5633 fuerint
1559 5577 1987 5639 relaxata.Nam
2012 5589 2071 5642 et

419 5679 555 5719 cum
589 5663 804 5723 Paulus
835 5665 993 5724 dicat
1019 5665 1315 5724 Christum
1348 5683 1479 5723 esse
1511 5667 1965 5728 fundamentum
2018 5675 2068 5745 (Ι

2167 713 2298 768 opus
2329 698 2498 769 quale
2520 699 2592 754 sit
2623 697 2771 769 ignis
2795 698 3087 770 probabit;
3118 698 3169 754 si
3197 700 3356 771 cujus
3407 715 3540 770 opus
3598 702 3854 760 arserit.

2168 787 2556 843 detrimentum
2601 790 2868 860 patietur,
2893 787 3012 860 ipse
3039 796 3226 844 autem
3257 790 3446 844 salvus
3475 789 3604 857 erit,
3638 793 3732 845 sic
3764 793 3854 842 ta-

2168 894 2292 933 men
2324 879 2492 950 quasi
2517 895 2619 948 per
2648 878 2831 949 ignem
2861 877 3069 950 (ibid).
3104 878 3380 942 Quamvis
3407 879 3514 936 hoc
3563 880 3642 935 de
3702 879 3854 951 igne

2169 967 2570 1024 tribulationis
2590 966 2650 1022 in
2676 967 2783 1023 hac
2803 967 2973 1023 nobis
2998 968 3117 1024 vita
3139 967 3404 1024 adhibito
3426 969 3617 1041 possit
3652 969 3851 1024 intel-

2172 1055 2295 1128 ligi,
2321 1059 2576 1111 attamen
2601 1055 2648 1110 si
2672 1053 2805 1127 quis
2828 1055 2948 1110 haec
2971 1056 3041 1110 de
3064 1055 3198 1128 igne
3221 1055 3428 1110 futurae
3453 1057 3851 1128 purgationis

2172 1145 2441 1216 accipiat,
2475 1146 2843 1216 pensandum
2876 1144 3124 1200 sollicite
3152 1148 3243 1200 est
3272 1145 3404 1217 quia
3455 1143 3626 1200 illum
3686 1145 3850 1200 dixit

2173 1251 2276 1306 per
2322 1233 2534 1306 ignem-
2569 1251 2742 1306 posse
2795 1233 3028 1303 salvari,
3063 1250 3179 1289 non
3209 1235 3311 1306 qui
3337 1251 3516 1306 super
3545 1235 3660 1290 hoc
3696 1235 3850 1290 fun-

2175 1324 2516 1378 damentum
2542 1325 2781 1390 ferrum,
2806 1340 2904 1392 ms,
2924 1323 3009 1378 vel
3033 1321 3342 1394 plumbum
3366 1323 3634 1391 aedificat,
3656 1323 3724 1378 id
3753 1329 3854 1378 est

2172 1419 2409 1485 peccata
2433 1415 2677 1484 majora,
2702 1417 2758 1469 et
2781 1412 2998 1468 idcirco
3030 1413 3290 1480 duriora,
3324 1416 3498 1484 atque
3525 1414 3652 1484 jam
3690 1419 3849 1467 tunc

2173 1501 2641 1572 insolubilia,sed
2676 1501 2856 1574 ligna,
2886 1502 3110 1573 fenum,
3142 1501 3442 1573 stipulam,
3475 1501 3533 1557 id
3567 1506 3663 1557 est
3696 1519 3849 1574 pec-

2173 1596 2302 1648 cata
2325 1591 2570 1647 minima
2593 1595 2767 1662 atque
2789 1590 3109 1662 levissima,
3137 1608 3263 1662 quae
3293 1590 3448 1662 ignis
3479 1589 3654 1646 facile
3689 1607 3843 1646 con-

2172 1683 2498 1738 sumitlloc
2525 1686 2716 1738 tamen
2749 1683 3053 1738 sciendum
3075 1687 3165 1738 est
3194 1683 3334 1754 quia
3363 1680 3484 1738 illic
3514 1681 3739 1738 saltem
3764 1684 3841 1737 de

2176 1771 2438 1828 minimis
2469 1771 2551 1826 nil
2585 1771 2832 1843 quisque
2863 1771 3234 1843 purgationis
3264 1772 3706 1838 obtinebit,nisi
3743 1772 3842 1826 bo-

2173 1862 2263 1917 nis
2296 1861 2402 1917 hoc
2434 1861 2663 1916 actibus
2693 1860 2752 1917 in
2785 1861 2895 1916 hac
2923 1861 3041 1916 vita
3070 1861 3264 1918 adhuc
3316 1861 3544 1934 positus
3596 1867 3664 1916 ut
3713 1860 3838 1916 illic

2172 1951 2434 2007 obtineat
2463 1955 2887 2022 promereatur.

2172 2067 2302 2124 CAP.
2348 2069 2437 2124 80.
2470 2097 2538 2108 —-
2568 2066 2723 2136 Quod
2751 2083 2896 2122 unus
2914 2067 2988 2122 sit
3031 2067 3300 2138 gehennae
3349 2066 3514 2138 ignis,
3567 2066 3660 2122 sed
3712 2084 3834 2120 non

2244 2140 2555 2283 untZSSnodo
2603 2155 2787 2194 omnes
2836 2141 3063 2197 cruciet.
3116 2144 3199 2195 Ea:
3230 2140 3376 2196 Dial.
3415 2139 3573 2208 Greg.
3608 2138 3715 2195 lib.
3749 2157 3835 2204 ιν,

2244 2230 2292 2270 c.
2427 2252 2438 2266 .

2243 2230 2292 2270 0.
2326 2230 2438 2270 46).

2247 2303 2481 2358 Persas.
2513 2332 2583 2341 —
2612 2303 2816 2366 Quaeso
2848 2304 2903 2356 te
2939 2316 2952 2355 :
2987 2299 3146 2356 Unus
3179 2316 3307 2356 esse
3336 2301 3616 2374 gehennae
3665 2301 3835 2374 ignis

2174 2389 2502 2447 credendus
2553 2394 2660 2459 est,
2712 2407 2784 2444 an
2815 2394 3056 2461 :quanta
3102 2393 3474 2461 peccatorum
3512 2391 3838 2446 diversitas

2176 2480 2543 2548 fuerit,tanta
2573 2495 2809 2550 quoque
2835 2483 2890 2534 et
2920 2479 3050 2551 ipsa
3080 2480 3425 2536 aestimanda
3455 2485 3597 2536 sunt
3627 2481 3838 2536 incon-

2174 2570 2269 2626 dia
2301 2585 2431 2625 esse
2461 2567 3428 2640 praeparata?Ganeoaws.—Unus
3460 2570 3716 2641 quidem
3750 2575 3838 2624 est

2177 2659 2452 2730 gehennae
2487 2657 2663 2728 ignis,
2694 2658 2795 2712 sed
2829 2673 2944 2712 non
2979 2674 3094 2713 uno
3127 2657 3300 2714 modo
3349 2675 3556 2714 omnes
3605 2661 3839 2714 cruciat

2177 2751 2533 2820 peccatores.
2568 2745 3050 2818 Uniuscujusque
3079 2746 3294 2802 etenim
3327 2753 3618 2818 quantum
3651 2747 3838 2820 exigit

2176 2837 2372 2909 culpa,
2401 2841 2630 2892 tantum
2665 2835 2780 2892 illic
2812 2836 3097 2892 sentiatur
3128 2853 3318 2908 paena.
3363 2836 3510 2892 Nam
3563 2837 3730 2893 sicut
3777 2839 3834 2891 in

2176 2926 2286 2982 hoc
2318 2926 2537 2981 mundo
2569 2925 2679 2980 sub
2711 2941 2826 2980 uno
2859 2924 2980 2980 sole
3013 2925 3185 2981 multi
3219 2927 3573 2992 consistunt,
3601 2943 3716 2983 nec
3748 2932 3837 2981 ta-

2177 3032 2309 3071 men
2332 3015 2598 3086 ejusdem
2619 3014 2760 3071 solis
2779 3016 3046 3070 ardorem
3070 3015 3372 3087 aequaliter
3391 3016 3839 3088 sentiunt,quia

2179 3101 2330 3158 alius
2362 3102 2698 3174 plus,atque
2729 3101 2880 3158 alius
2911 3102 3109 3158 minus
3137 3104 3454 3174 aestual,ita
3481 3103 3605 3159 illic
3627 3104 3690 3159 in
3720 3123 3837 3160 uno

2178 3193 2311 3264 igne
2342 3209 2458 3247 non
2491 3208 2646 3247 unus
2676 3196 2766 3248 est
2795 3192 3006 3248 modus
3038 3192 3318 3258 incendii,
3351 3191 3489 3263 quia
3518 3193 3680 3264 quod
3739 3193 3838 3248 hic

2178 3281 2488 3338 diversitas
2508 3297 2842 3354 corporum,
2867 3281 2977 3338 hoc
3000 3281 3119 3337 illic
3141 3282 3262 3354 agit
3283 3281 3592 3339 diversitas
3623 3299 3838 3355 pecca-

2177 3375 2393 3436 torum,
2421 3375 2484 3426 ιιι
2511 3376 2568 3426 et
2597 3369 2795 3443 ignem
2823 3387 2936 3426 non
2971 3369 3323 3427 dissimilem
3357 3371 3634 3442 habeant,
3662 3376 3726 3427 et
3753 3379 3838 3428 ta-

2177 3478 2310 3517 men
2337 3462 2570 3518 eosdem
2603 3459 2870 3531 singulos
2898 3459 3262 3516 dissimiliter
3287 3463 3509 3516 exurat.

2175 3569 2307 3624 CAP.
2336 3569 2501 3622 8L—
2533 3568 2668 3636 Quot
2697 3582 2914 3638 genera
2942 3567 3058 3622 sint
3084 3565 3396 3622 oblationis
3421 3583 3529 3638 pro
3561 3566 3840 3636 defuncti:

2344 3641 2623 3713 facienda.
2656 3640 2740 3694 Ea:
2765 3639 2925 3694 dictis
2953 3640 3172 3710 August.
3207 3639 3396 3711 (Each.
3427 3655 3474 3694 c.
3509 3639 3657 3710 110).

2246 3732 2507 3797 Quatuor
2537 3732 2677 3783 sunt
2707 3743 2918 3799 genera
2948 3727 3262 3784 oblationis
3287 3744 3300 3784 ε
3327 3744 3428 3798 pro
3459 3726 3629 3783 valde
3662 3727 3835 3783 bonis

2173 3820 2495 3892 gratiarum
2528 3818 2788 3874 actiones
2815 3816 3092 3888 sunt,hoc
3124 3817 3358 3884 est,Deo
3390 3818 3616 3889 gratias
3651 3823 3834 3889 agunt

2175 3909 2315 3981 quia
2344 3909 2490 3963 bene
2519 3907 2818 3975 vixerunt;
2853 3923 2956 3979 pro
2991 3924 3103 3963 non
3138 3905 3303 3962 valde
3333 3906 3523 3975 bonis,
3563 3911 3631 3962 ut
3662 3908 3836 3978 plena

2177 3997 2448 4053 remissio
2482 3996 2621 4062 ﬁat;
2654 4013 2757 4068 pro
2789 4013 2903 4052 non
2933 3996 3101 4052 valde
3133 3994 3329 4063 malis,
3383 3995 3834 4067 propitiationes

2177 4091 2338 4154 sunt,
2367 4090 2430 4141 ut
2459 4085 2816 4142 tolerabilior
2846 4086 2923 4142 sit
2954 4086 3289 4154 damnatio;
3325 4101 3428 4157 pro
3459 4084 3631 4140 valde
3664 4085 3836 4140 malis

2178 4177 2285 4232 etsi
2318 4175 2479 4232 nulla
2509 4179 2650 4232 sunt
2675 4176 3022 4246 adjumenta
3052 4180 3446 4243 mortuorum,
3479 4174 3835 4246 qualescun-

2177 4283 2288 4337 que
2317 4264 2748 4322 consolationes
2778 4263 3040 4320 vivorum
3074 4268 3234 4320 sunt.

2177 4369 2311 4424 CAP.
2345 4367 2434 4419 82.
2465 4393 2532 4404 —
2565 4363 2675 4418 Cur
2702 4371 3022 4417 sanctorum
3051 4361 3261 4419 animae
3304 4376 3406 4430 pro
3450 4361 3840 4433 peccawribus

2246 4452 2357 4491 non
2387 4439 2562 4494 orent.
2595 4434 2930 4506 quandoeos
2962 4437 3020 4489 in
3053 4437 3176 4505 igne
3205 4439 3411 4489 mterno
3459 4433 3658 4488 ardere
3704 4449 3841 4505 pro-

2247 4509 2554 4581 spexerint.
2585 4504 2667 4560 Ex
2700 4505 2852 4561 Dial.
2885 4504 3043 4574 Greg.
3079 4504 3195 4574 (tib.
3231 4523 3304 4574 ιν,
3337 4522 3383 4560 c.
3419 4506 3527 4561 44).

2249 4602 2497 4651 Pennus.
2529 4625 2599 4635 —-
2631 4593 2696 4648 Et
2726 4593 2826 4648 ubi
2858 4597 2947 4648 est
2993 4594 3148 4665 quod
3197 4593 3389 4650 sancti
3437 4594 3581 4659 sint,
3631 4593 3685 4648 si
3739 4610 3839 4664 pro

2176 4685 2434 4742 inimicis
2450 4684 2573 4739 suis
2589 4687 2888 4755 quostunc
2913 4684 3119 4740 ardere
3141 4683 3396 4740 viderint
3417 4700 3529 4740 non
3555 4683 3841 4740 orabunt?

2177 4775 2394 4848 quibus
2420 4772 2623 4845 utique
2647 4773 2868 4828 dictum
2897 4777 3018 4828 est:
3048 4772 3154 4828 Pro
3178 4772 3438 4828 inimicis
3459 4773 3677 4830 vestris
3711 4792 3838 4829 ora-

2183 4864 2265 4921 te?
2281 4864 2572 4937 (Matth.v.)
2589 4863 2946 4918 Gnscoams.
2964 4894 3031 4902 —
3046 4865 3226 4918 Orant
3240 4879 3343 4934 pro
3360 4860 3836 4917 inimicissuiseo

2182 4959 2441 5025 tempore
2473 4969 2588 5024 quo
2620 4956 2868 5024 possunt
2897 4952 2970 5007 ad
3023 4951 3386 5007 fructuosam
3433 4949 3836 5022 paenitentiam

2182 5061 2385 5101 eorum
2409 5043 2586 5100 corda
2609 5045 2967 5112 convertere,
3001 5046 3177 5111 atque
3210 5041 3268 5095 in
3303 5040 3431 5110 ipsa
3461 5039 3838 5094 conversione

2183 5133 2423 5190 salvere.
2454 5131 2601 5198 Quid
2626 5132 2782 5188 enim
2810 5130 2965 5186 aliud
2994 5147 3096 5202 pro
3123 5128 3382 5184 inimicis
3407 5129 3703 5183 orandum
3734 5133 3834 5193 est,

2183 5223 2295 5278 nisi
2325 5222 2432 5277 hoc
2456 5221 2610 5292 quod
2633 5219 2949 5291 Apostolus
2973 5219 3074 5286 ait,
3110 5223 3174 5274 ut
3199 5219 3296 5274 det
3318 5217 3436 5273 illis
3468 5217 3624 5273 Deus
3659 5217 3834 5288 poeni-

2180 5312 2422 5368 tentiam
2457 5311 2528 5366 ad
2563 5309 3030 5380 cognoscendam
3064 5306 3458 5376 veritatem,et
3488 5307 3840 5378 resipiscam

2181 5422 2215 5460 a
2246 5403 2463 5459 diaboli
2497 5401 2745 5474 laqueis,
2779 5418 2811 5456 a
2842 5417 2954 5472 quo
2988 5399 3199 5472 captivi
3233 5403 3509 5455 tenentur
3537 5397 3611 5453 ad
3655 5397 3840 5470 ipsius

2179 5493 2570 5548 voluntatem?
2591 5493 2642 5564 (Ι
2671 5492 2806 5548 Tim.
2831 5492 2920 5562 ιι.)
2945 5492 3192 5547 Ps'raus.
3213 5521 3284 5531 —
3308 5489 3377 5544 Et
3407 5487 3708 5561 quomodo
3741 5503 3839 5559 pro

2181 5581 2299 5638 illis
2332 5587 2471 5638 tunc
2502 5581 2711 5650 orabit,
2757 5582 2860 5653 qui
2903 5583 3029 5652 jam
3082 5578 3421 5636 nullatenus
3467 5585 3724 5650 possunt
3770 5576 3837 5630 ad

2172 5671 2415 5744 justitias
2464 5687 2639 5745 Opera
2691 5671 2762 5726 ab
2813 5669 3122 5742 iniquitate
3175 5666 3574 5724 commutari?
3621 5669 3838 5722 Ganeo-
