4000 6060
212 288 344 342 1001

1003 289 1313 342 DECRETI
1351 290 1538 344 PARS
1577 289 1750 342 XVII.
1774 316 1840 324 —
1869 290 1965 341 DE
2004 292 2192 353 FIDE,
2234 292 2366 343 SPE
2402 293 2494 343 ΕΤ
2531 291 2820 345 CHARIT.

3478 296 3618 351 1002

210 430 446 467 mus.—
469 412 685 466 Eadem
710 411 907 481 itaque
934 412 1081 466 ratio
1106 429 1208 467 cur
1240 430 1350 468 non
1372 418 1569 469 oretur
1591 418 1729 468 tunc
1760 429 1857 484 pro
1888 417 1936 479 Α
1975 417 2036 466 ut
2068 414 2307 484 superbi
2340 430 2473 469 cum
2497 416 2789 487 superbis,
2814 414 3097 472 luxuriosi
3122 434 3253 473 cum
3275 419 3614 492 luxuriosis,

205 501 551 556 hominibus
574 504 786 555 aeterno
819 500 953 572 igne
975 501 1295 567 damnatis,
1332 519 1457 573 qua:
1491 519 1645 557 nunc
1670 502 1848 557 etiam

205 606 386 644 causa
415 595 505 644 est
536 594 599 643 ut
624 606 738 643 non
768 593 935 643 orent
957 588 1140 643 sancti
1166 591 1433 645 homines
1460 608 1563 662 pro
1600 590 1848 647 homini-

205 680 314 733 bus
336 678 675 734 inﬁdelibus
698 678 1014 749 impiisque
1029 679 1343 749 defunctis,
1372 682 1484 735 nisi
1511 681 1649 751 quia
1675 685 1743 735 de
1766 680 1850 735 eis

204 786 352 840 quos
387 769 590 839 utique
622 768 937 839 deputatos
969 772 1186 823 aeterno
1218 769 1507 840 supplicio
1531 771 1656 840 jam
1685 787 1845 825 nove~

203 858 345 925 rint,
378 862 511 912 ante
542 857 707 911 illum
732 858 858 927 jam
884 857 1105 927 judicis
1128 858 1277 927 justi
1306 863 1686 929 conspectum
1720 876 1848 913 ora-

201 946 379 1002 tionis
402 964 521 1002 suae
546 947 821 1001 meritum
846 946 1066 1001 cassari
1082 947 1383 1017 refugiunt
1402 948 1594 1012 ‘?Quod
1621 948 1669 1003 si
1694 964 1849 1002 nunc

199 1053 435 1107 quoque
458 1037 718 1091 viventes
742 1037 891 1105 justi
923 1036 1173 1091 mortuis
1206 1041 1260 1091 et
1283 1038 1578 1091 damnatis
1609 1036 1848 1108 injustis

197 1125 442 1179 minime
460 1125 921 1196 compatiuntur,
944 1126 1181 1195 quando
1214 1126 1405 1181 adhuc
1439 1126 1661 1197 aliquid
1682 1127 1845 1196 judi-

195 1213 383 1269 cabile
400 1214 469 1268 dc
487 1230 595 1267 sua
611 1229 786 1268 carne
807 1229 933 1267 sese
949 1214 1168 1284 perpeti
1189 1213 1373 1268 etiam
1400 1214 1513 1285 ipsi
1539 1220 1846 1280 noverunt,

198 1307 420 1373 quanto
452 1302 779 1358 districtius
810 1306 951 1356 tunc
984 1302 1322 1373 iniquorum
1356 1307 1645 1358 tormenta
1665 1304 1848 1373 respi-

197 1392 381 1457 ciunt,
411 1392 647 1461 quando
675 1391 745 1445 ab
770 1390 927 1445 omni
961 1391 1091 1446 vitae
1127 1393 1499 1462 corruptione
1531 1394 1707 1462 exuti,
1734 1393 1846 1465 ipsi

188 1480 316 1549 jam
334 1480 584 1550 justitia:
608 1478 858 1535 vicinius
883 1485 1058 1550 atque
1083 1481 1302 1535 arctius
1326 1482 1730 1537 inhaerebunt?
1754 1482 1847 1537 Sic

197 1568 418 1639 quippe
447 1585 649 1622 eorum
685 1573 913 1623 mentes
946 1585 1048 1639 per
1078 1568 1187 1624 hoc
1221 1571 1373 1641 quod
1398 1570 1846 1641 justissimoju-

195 1657 309 1711 dici
341 1657 634 1713 inhaerent
661 1657 747 1712 vis
780 1657 1166 1713 districtionis
1199 1659 1493 1725 absorbet,
1520 1663 1579 1714 ut
1608 1660 1845 1715 omnino

194 1745 278 1801 eis
312 1762 426 1801 non
459 1745 633 1801 liceat
663 1746 883 1816 [libeat]
907 1747 1188 1818 quidquid
1221 1748 1291 1802 ab
1325 1747 1481 1802 illius
1504 1752 1730 1804 internae
1752 1765 1840 1804 re-

193 1834 344 1905 gulae
370 1833 697 1889 subtilitate
729 1834 1039 1890 discordat.

192 1932 451 2006 CAP.A83.
485 1963 552 1973 —
603 1933 752 2001 Quod
781 1933 985 2006 duobus
1018 1934 1190 1989 modis
1213 1936 1329 2006 jvita
1359 1934 1597 2006 dicatur,
1629 1936 1837 1990 duobus

265 2004 446 2146 ι’ιίἷέ
472 2020 618 2059 mors
649 2004 1018 2074 intelligatur.
1041 2006 1124 2059 Ea:
1151 2005 1304 2061 Dial.
1352 2004 1589 2075 Gregor.
1610 2008 1728 2078 (lib.
1759 2024 1832 2076 1v,

265 2091 314 2131 c.
454 2116 467 2128 .

262 2091 314 2131 ε.
356 2091 467 2131 ιω).

268 2176 497 2215 parans.
555 2192 620 2202 —
652 2161 776 2217 Non
805 2165 894 2217 est
917 2163 1043 2232 jam
1075 2164 1229 2234 quod
1262 2166 1595 2235 responderi
1629 2166 1837 2221 debeat

193 2253 404 2319 aperte
437 2250 671 2317 rationi,
706 2251 806 2305 sed
827 2252 946 2306 haec
973 2269 1128 2307 nunc
1150 2254 1393 2323 quaestio
1420 2259 1675 2309 mentem
1702 2272 1832 2311 mo-

186 2342 319 2391 vet:
356 2339 655 2403 Quomodo
673 2339 869 2394 anima
894 2340 1247 2396 immortalis
1269 2342 1504 2412 dicitur,
1529 2344 1669 2397 dum
1698 2361 1834 2399 con-

190 2429 307 2480 stat
329 2427 478 2497 quod
503 2426 562 2480 in
586 2432 867 2499 perpetuo
892 2431 1020 2498 igne
1043 2429 1370 2484 moriatur?
1392 2432 1742 2486 GREGORIUS.
1766 2463 1835 2473 —

190 2513 335 2577 Quia
354 2515 789 2571 duobusmodis
810 2518 929 2571 vita
949 2517 1180 2586 dicitur,
1205 2518 1435 2573 duobus
1449 2519 1625 2573 etiam
1647 2521 1835 2574 modis

193 2618 353 2657 mors
377 2604 547 2657 debet
569 2604 833 2675 intelligi.
858 2605 1031 2660 Aliud
1063 2610 1153 2660 est
1183 2622 1437 2676 namque
1465 2609 1618 2677 quod
1645 2608 1703 2661 in
1729 2613 1837 2663 Do-

189 2692 352 2745 mino
373 2691 644 2762 vivimus,
672 2693 829 2748 aliud
854 2711 986 2749 vero
1009 2696 1165 2764 quod
1192 2695 1249 2748 in
1287 2696 1395 2750 hoc
1429 2698 1581 2765 quod
1620 2698 1837 2751 conditi

189 2779 275 2833 vel
301 2781 475 2835 creati
508 2797 738 2848 sumus,
764 2782 821 2836 id
855 2787 964 2853 est,
998 2783 1155 2837 aliud
1181 2784 1345 2838 beate
1370 2786 1578 2855 vivere,
1603 2790 1657 2841 et
1678 2785 1835 2840 aliud

188 2869 592 2924 essentialiter.
632 2870 844 2925 Anima
874 2871 1071 2942 itaque
1101 2877 1156 2927 et
1189 2873 1451 2928 mortalis
1469 2891 1596 2929 esse
1619 2874 1835 2929 intelli-

188 2957 348 3027 gitur
375 2962 432 3013 et
461 2958 832 3014 immortalis.
868 2960 1125 3016 Mortalis
1159 2962 1392 3033 quippe,
1420 2964 1558 3034 quia
1580 2964 1743 3019 beate
1765 2963 1837 3018 vi-

192 3061 324 3101 vere
356 3047 589 3101 amittit.
626 3049 984 3103 Immortalis
1017 3054 1231 3119 autem,
1281 3050 1416 3120 quia
1450 3052 1841 3107 essentialiter

1960 501 2117 556 avari
2152 519 2284 557 cum
2337 503 2548 569 avaris,
2584 503 2820 559 fallaces
2880 522 3014 560 cum
3064 505 3400 575 fallacibus,
3431 509 3613 565 invidi

1959 606 2094 646 cum
2120 591 2352 661 invidis,
2378 591 2643 647 inﬁdeles
2674 602 2806 649 cum
2834 593 3172 650 infidelibus
3191 597 3614 654 ardeant.Cum

1959 695 2096 751 ergo
2125 680 2344 735 similes
2377 681 2432 735 in
2467 681 2640 752 culpa
2661 684 2731 737 ad
2754 687 3047 739 tormenta
3068 684 3288 741 similia
3312 686 3611 743 adducan-

1959 770 2340 839 tur,quiaeos
2368 770 2508 825 locis
2532 771 2863 841 poenalibus
2891 772 3083 843 angeli
3106 774 3413 845 deputant,
3442 779 3615 847 quasi

1958 856 2315 912 zizaniorum
2352 859 2663 915 fasciculos
2696 861 2765 914 ad
2800 862 3268 917 comburendum
3304 864 3505 936 ligant.

1960 964 2095 1038 CAP.
2128 965 2217 1017 85.
2282 996 2346 1006 -
2372 967 2447 1038 De
2480 966 2598 1034 hoc,
2638 966 2779 1038 quod
2810 967 2869 1020 in
2900 969 3059 1024 domo
3091 970 3193 1024 Dei
3221 972 3414 1027 multae
3443 989 3610 1029 man-

2029 1036 2213 1090 siones
2241 1042 2391 1091 sunt.
2420 1036 2732 1108 Gregor,’in
2762 1040 2956 1093 Moral.
2991 1040 3111 1110 (lib.
3146 1058 3223 1111 1v,
3244 1058 3291 1095 c.
3324 1043 3435 1113 42).

2030 1127 2093 1177 In
2154 1125 2463 1196 Evangelio
2522 1126 2745 1181 Veritas
2803 1127 2983 1183 dicit:
3018 1133 3082 1182 In
3114 1129 3271 1185 domo
3295 1130 3478 1202 patris
3504 1132 3618 1187 mei

1956 1212 2273 1269 mansiones
2327 1215 2517 1271 multa:
2572 1221 2701 1271 sunt
2757 1217 2935 1287 (Joan.
2968 1220 3111 1285 xxv).
3154 1220 3264 1274 Sed
3298 1220 3358 1274 in
3390 1220 3611 1277 eisdem

1959 1302 2163 1358 multis
2196 1304 2608 1360 mansionibus
2631 1305 2742 1360 erit
2774 1306 2973 1377 aliquo
3005 1308 3179 1362 modo
3204 1308 3332 1379 ipsa
3352 1310 3611 1366 retribu-

1957 1390 2181 1447 tionum
2215 1392 2525 1448 diversitas
2548 1410 2815 1461 concors,
2848 1395 2987 1466 quia
3015 1400 3182 1451 tanta
3202 1396 3288 1452 vis
3308 1398 3525 1453 amoris
3547 1398 3607 1453 in

1957 1478 2057 1534 illa
2088 1497 2229 1552 pace
2261 1498 2367 1536 nos
2401 1483 2587 1537 sociat
2609 1488 2674 1537 ut
2696 1484 2851 1553 quod
2872 1483 2929 1538 in
2954 1500 3016 1539 se
3039 1486 3287 1556 quisque
3307 1503 3423 1542 non
3448 1504 3610 1544 acce-

1956 1570 2125 1638 perit,
2160 1570 2269 1624 hoc
2301 1587 2364 1625 se
2386 1571 2684 1643 accepisse
2704 1571 2764 1626 in
2790 1572 2906 1628 alio
2930 1572 3196 1628 exsultet.
3228 1574 3394 1630 Unde
3414 1579 3472 1630 et
3492 1593 3608 1632 non

1955 1673 2118 1728 aeque
2172 1657 2505 1716 laborantes
2538 1660 2595 1715 in
2628 1660 2819 1728 vinea,
2868 1679 3030 1734 aeque
3062 1663 3258 1718 cuncti
3292 1664 3600 1720 denarium

1954 1747 2286 1803 sortiuntur
2338 1749 2558 1819 (Matth.
2617 1751 2734 1821 xx).
2786 1752 2855 1805 Et
2884 1752 3122 1821 quidem
3183 1754 3336 1823 apud
3369 1753 3601 1810 Patrem

1953 1835 2286 1892 mansiones
2310 1838 2508 1891 multa}
2529 1843 2689 1908 sunt,
2714 1842 2769 1893 et
2781 1842 2978 1895 tamen
2995 1841 3266 1895 eumdem
3286 1842 3594 1897 denarium

1946 1923 2212 1995 dispares
2232 1924 2587 1981 laboratores
2606 1926 2917 1998 accipiunt,
2939 1928 3078 1999 quia
3103 1945 3220 1983 una
3239 1929 3465 1984 cunctis
3487 1932 3600 1985 erit

1945 2013 2242 2069 beatitudo
2276 2014 2508 2084 laetitiae,
2532 2015 2800 2086 quamvis
2822 2033 2937 2071 non
2964 2034 3078 2071 una
3098 2017 3177 2073 sit
3197 2018 3474 2074 omnibus
3495 2035 3595 2074 su-

1944 2100 2208 2158 blimitas
2236 2103 2387 2157 vitae.

1945 2191 2080 2245 CAP.
2112 2192 2301 2266 86.__—-
2334 2192 2485 2266 Quod
2510 2192 2684 2266 illum
2702 2209 2864 2264 quem
2893 2194 3057 2266 semel
3084 2194 3253 2266 culpa
3278 2196 3355 2251 ad
3371 2213 3587 2266 poenam

2012 2262 2307 2332 pertrahit,
2339 2262 2721 2318 misericordia
2750 2265 2990 2319 ulterius
3012 2267 3087 2320 ad
3115 2262 3334 2321 veniam
3356 2262 3467 2323 non
3497 2284 3586 2323 rc—

2016 2334 2201 2388 ducat.
2237 2333 2395 2403 Greg.
2428 2335 2489 2388 in
2520 2336 2711 2389 literal.
2744 2336 2865 2403 (lib.
2898 2353 3021 2402 VIII,
3053 2352 3100 2390 c.
3127 2338 3235 2408 14).

2015 2421 2168 2475 Sicut
2197 2422 2543 2476 consumitur
2573 2423 2741 2477 nubes
2796 2427 2845 2478 et
2903 2424 3228 2494 pertransit,
3261 2425 3342 2479 sic
3378 2426 3475 2497 qui
3501 2426 3594 2482 de-

1944 2510 2159 2565 scendit
2190 2510 2260 2564 ad
2316 2510 2527 2580 inferos
2583 2527 2693 2566 non
2737 2511 3002 2567 ascendet
3056 2514 3174 2580 (Job
3232 2516 3354 2584 vn).
3400 2515 3597 2570 Nubes

1948 2598 2165 2669 quippe
2199 2599 2270 2653 ad
2305 2598 2513 2653 altiora
2572 2600 2981 2669 suspenditur,
3015 2603 3117 2655 sed
3151 2602 3396 2657 densata
3421 2607 3596 2658 vento

1947 2685 2267 2757 impellitur
2298 2690 2362 2740 ut
2392 2692 2587 2741 currat
2612 2706 2624 2754 ;
2659 2687 2849 2742 calore
2873 2693 3067 2743 autem
3093 2688 3234 2745 solis
3254 2690 3595 2762 dissipatur,

1948 2778 2012 2828 ut
2029 2780 2352 2829 evanescat.
2384 2775 2478 2830 Sic
2502 2775 2779 2829 nimirum
2798 2777 2971 2831 corda
2997 2784 3130 2831 sunt
3150 2777 3453 2832 hominum
3469 2794 3597 2849 qua:

1949 2880 2052 2934 per
2103 2868 2353 2934 accepta:
2402 2863 2649 2919 rationis
2678 2864 2979 2935 ingenium
3013 2865 3083 2919 ad
3118 2864 3233 2920 alta
3266 2865 3594 2937 emigrent;

1947 2951 2206 3021 impulsa
2237 2956 2433 3007 autem
2458 2952 2696 3024 maligni
2726 2952 2970 3023 spiritus
2988 2952 3150 3021 ﬂatu,
3176 2954 3370 3024 pravis
3394 2953 3595 3009 deside

1949 3041 2170 3095 riorum
2262 3041 2520 3095 motibus
2608 3041 2719 3095 huc
2804 3040 3063 3111 illucque
3149 3042 3593 3112 pertrahuntur,

190 3135 382 3189 vivere
413 3152 716 3207 nunquam
752 3137 987 3208 desinit,
1021 3143 1079 3193 et
1110 3146 1327 3193 natura:
1354 3156 1471 3194 sua:
1496 3140 1673 3195 vitam
1707 3159 1831 3213 per-

1960 3129 2049 3183 sed
2112 3128 2381 3183 districta
2441 3128 2752 3200 [districto]
2813 3133 3081 3200 respectu
3112 3130 3595 3202 supernijudicis

190 3226 327 3279 dere
364 3241 473 3278 non
505 3224 681 3294 valet,
719 3242 822 3280 nec
854 3242 987 3281 cum
1020 3227 1077 3282 in
1112 3232 1392 3298 perpetua
1441 3230 1612 3283 fuerit
1640 3230 1838 3301 {morte

191 3315 492 3368 damnata.
516 3312 637 3367 Illic
656 3314 813 3368 enim
842 3314 1031 3385 posita
1052 3315 1221 3370 beata
1242 3332 1369 3371 esse
1394 3318 1613 3387 perdet,
1636 3324 1692 3373 et
1714 3336 1839 3375 esse

191 3419 305 3456 non
331 3401 549 3472 perdet.
576 3407 652 3456 Ex
684 3418 799 3473 qua
832 3418 893 3457 se
927 3418 1158 3474 semper
1188 3404 1383 3475 agitur
1416 3407 1682 3477 [cogitur]
1708 3411 1842 3462 utet

191 3495 437 3546 mortem
456 3492 582 3547 sine
597 3495 802 3559 morte,
816 3492 1176 3546 etdefectum
1192 3494 1317 3547 sine
1333 3494 1579 3560 defectu,
1595 3499 1650 3548 et
1665 3496 1838 3549 tinem

190 3579 318 3634 sine
353 3581 464 3635 ﬁne
496 3580 771 3651 patiatur.

188 3683 321 3731 CAP.
355 3679 441 3732 8ft.
476 3709 542 3717 —
574 3677 724 3745 Quod
758 3678 919 3732 electi
946 3693 1042 3731 seu
1098 3678 1311 3749 reprobi
1345 3679 1414 3732 ad
1446 3680 1559 3733 loca
1589 3696 1841 3734 commu-

263 3751 358 3803 nia
388 3749 725 3891 deggfantur
754 3752 814 3803 in
845 3751 1154 3804 tormentis.
1211 3752 1290 3803 Ex
1336 3750 1485 3805 Dial.
1519 3755 1680 3821 Greg.
1716 3751 1837 3821 (lib.

270 3837 346 3884 1v,
377 3836 421 3874 c.
554 3860 566 3872 .

270 3837 346 3884 1v,
377 3836 421 3874 c.
456 3836 566 3884 se).

267 3908 430 3971 Quod
460 3924 594 3963 vero
625 3910 745 3964 sive
776 3908 942 3965 electi
976 3910 1098 3964 sive
1132 3910 1385 3980 reprobi,
1410 3927 1661 3981 quorum
1686 3928 1839 3965 com-

195 3997 393 4052 munis
424 4013 600 4052 causa
632 3998 689 4051 in
714 4014 884 4067 opere
908 4000 1102 4064 fuerit,
1130 4000 1199 4053 ad
1224 3999 1350 4054 loca
1373 3999 1546 4053 etiam
1572 4016 1838 4053 commu-

196 4086 295 4139 nia
324 4086 705 4155 deducantur,
730 4086 1006 4141 Veritatis
1037 4086 1208 4141 verba
1230 4086 1399 4142 nobis
1416 4087 1837 4155 satisfacerent,

196 4174 375 4228 etiam
398 4174 446 4227 si
470 4173 732 4244 exempla
754 4174 1047 4229 deessent.
1077 4176 1206 4244 Ipsa
1228 4176 1443 4245 quippe
1458 4176 1685 4231 Veritas
1710 4192 1841 4247 pro-

197 4265 325 4332 pter
357 4261 571 4316 electos
602 4262 661 4314 in
696 4262 1005 4333 Evangelia
1037 4262 1211 4316 dicit:
1246 4264 1309 4315 In
1340 4263 1496 4317 domo
1528 4266 1713 4317 Patris
1736 4266 1843 4318 mei

196 4352 504 4404 mansiones
553 4350 741 4405 multae
797 4359 925 4405 sunt
979 4351 1139 4421 (Joan
1194 4353 1329 4421 x1v).
1367 4351 1425 4406 Si
1457 4351 1611 4406 enim
1644 4353 1843 4423 dispar

197 4439 255 4491 in
289 4437 388 4493 illa
416 4438 779 4493 beatitudine
809 4444 1023 4494 interna
1054 4439 1364 4494 retributio
1390 4457 1501 4495 non
1529 4447 1705 4511 esset,
1726 4458 1843 4495 una

1949 3218 2117 3289 quasi
2149 3217 2290 3273 solis
2323 3217 2510 3273 calore
2540 3218 2873 3288 liquefiunt,
2907 3222 2963 3272 et
2984 3218 3163 3274 semel
3183 3218 3326 3274 locis
3348 3218 3598 3290 pmnali-

1949 3306 2061 3361 bus
2097 3306 2305 3361 tradita
2337 3307 2406 3361 ad
2441 3307 2801 3377 Operationis
2824 3322 2997 3361 usum
3019 3306 3172 3362 ultra
3189 3323 3305 3362 non
3328 3308 3596 3362 redeunt.

1948 3394 2052 3449 Vir
2083 3394 2265 3465 igitur
2321 3400 2562 3450 sanctus
2613 3394 2881 3449 elationis
2913 3411 3150 3449 cursum
3183 3396 3599 3466 defectumque

1952 3481 2193 3537 humani
2221 3481 2455 3552 generis
2499 3482 2831 3551 exprimens
2861 3480 3003 3533 dicit
3027 3499 3043 3533 :
3070 3480 3227 3535 Sicut
3254 3480 3601 3536 consumitur

1947 3571 2116 3625 nnbes
2145 3573 2197 3624 et
2222 3569 2528 3639 pertransit
2585 3569 2664 3623 sic
2692 3569 2789 3639 qui
2818 3567 3091 3623 descendit
3121 3568 3192 3623 ad
3224 3569 3457 3640 inferos,
3489 3584 3594 3625 non

1948 3658 2219 3714 ascendet.
2254 3663 2335 3712 Ac
2363 3658 2413 3712 si
2445 3662 2641 3728 aperte
2672 3658 3033 3728 loqueretur,
3070 3657 3271 3713 dicens
3298 3676 3311 3714 :
3337 3659 3399 3713 In
3418 3656 3600 3713 altum

1950 3748 2236 3803 currendo
2259 3746 2476 3811 deficit,
2501 3745 2599 3816 qui
2623 3747 3017 3817 superbiendo
3040 3747 3112 3801 ad
3142 3745 3446 3801 interitum
3468 3750 3595 3801 ten-

1950 3836 2033 3890 dit
2062 3854 2074 3903 ;
2111 3852 2285 3907 quem
2319 3835 2367 3889 si
2402 3833 2582 3889 semel
2609 3834 2780 3905 culpa
2801 3836 2871 3890 ad
2901 3851 3131 3907 poenam
3154 3834 3460 3906 pertrahit,
3488 3833 3599 3888 mi-

1949 3924 2270 3980 sericordia
2296 3923 2543 3979 ulterius
2575 3924 2645 3978 ad
2678 3924 2905 3979 veniam
2940 3941 3055 3979 non
3088 3924 3334 3979 reducit.

1950 4036 2079 4085 CAP.
2140 4033 2227 4085 87.
2261 4060 2330 4070 —-
2382 4030 2531 4097 Quod
2576 4031 2716 4085 Deus
2746 4030 2967 4084 dicatur
2988 4029 3206 4092 zetans,
3237 4029 3459 4083 dicatur
3488 4030 3602 4083 ira-

2022 4112 2127 4171 tus,
2170 4101 2388 4155 dicatur
2413 4101 2703 4171 paenitens,
2737 4101 2955 4154 dicatur
3008 4100 3354 4171 misericors,
3378 4100 3603 4154 dicatur

2018 4176 2306 4243 pra’scius.
2343 4170 2569 4242 Gregor.
2604 4171 2661 4224 in
2695 4172 2882 4225 Moral.
2919 4171 3039 4239 (lib.
3070 4188 3165 4237 xx,
3195 4187 3241 4225 c.
3272 4170 3385 4239 24).

2024 4261 2175 4316 Deus
2191 4277 2327 4331 ergo
2343 4260 2635 4331 quomodo
2650 4260 2846 4313 zelans
2869 4263 2977 4324 est,
3004 4259 3101 4329 qui
3133 4258 3190 4313 in
3215 4258 3604 4314 custodienda

1952 4351 2218 4407 castitate
2235 4355 2433 4405 nostra
2449 4348 2607 4403 nullo
2632 4349 2845 4404 mentis
2866 4349 3129 4405 cruciatu
3152 4348 3441 4419 tangitur?
3453 4350 3606 4415 Quo-

1954 4441 2126 4495 modo
2185 4439 2482 4505 irascitur,
2546 4438 2645 4509 qui
2694 4436 2753 4491 in
2802 4436 3157 4493 ulciscendis
3189 4438 3349 4493 vitiis
3385 4437 3607 4493 nostris

199 4526 395 4598 potius
420 4526 648 4581 mansio
673 4544 848 4597 quam
877 4528 1511 4584 multaeessent.Multze
1526 4546 1662 4600 ergo
1679 4546 1841 4584 man-
1879 4520 1924 4581 D
1954 4529 2119 4583 nulla
2150 4528 2585 4598 perturbatione
2618 4526 2800 4582 animi
2833 4530 3232 4581 commovetur
3252 4528 3279 4580 ?
3308 4527 3606 4590 Quomodo

197 4615 393 4669 siones
426 4620 586 4681 sunt,
611 4615 669 4669 in
700 4617 915 4687 quibus
937 4621 994 4671 et
1016 4617 1280 4673 distincti
1300 4618 1585 4673 bonorum
1611 4619 1847 4674 ordines

200 4706 435 4773 propter
467 4705 811 4759 meritorum
835 4705 1201 4760 consortium
1232 4707 1623 4761 communiter
1644 4706 1847 4761 laetan-

198 4795 314 4858 tur,
339 4795 395 4846 et
418 4797 609 4847 tamen
635 4810 817 4848 unum
843 4794 1149 4849 denarium
1173 4810 1377 4848 omnes
1395 4794 1726 4850 laborantes
1750 4812 1845 4850 ac-

201 4878 425 4948 cipiunt
454 4880 661 4948 (Matth.
696 4882 812 4951 xx),
845 4882 946 4953 qui
979 4882 1183 4937 multis
1204 4883 1612 4938 mansionibus
1635 4884 1847 4939 distin-

202 4972 483 5037 guuntur,
506 4969 645 5040 quia
674 4976 731 5025 et
761 4986 876 5025 una
907 4978 997 5026 est
1026 4972 1324 5027 beatitudo
1357 4989 1533 5044 quam
1566 4972 1685 5027 illic
1717 4990 1847 5043 per-

203 5055 449 5127 cipiunt,
483 5063 539 5112 et
572 5059 772 5129 dispar
804 5061 1210 5117 retributionis
1240 5062 1513 5133 qualitas,
1550 5079 1724 5131 quam
1750 5079 1850 5133 per

203 5161 374 5215 opera
404 5146 634 5202 diversa
666 5155 1132 5221 consequuntur.
1165 5152 1299 5214 Quae
1322 5150 1603 5205 nimirum
1630 5151 1849 5206 Veritas

195 5232 400 5301 judicii
434 5235 524 5289 sui
558 5236 710 5291 diem
745 5238 1103 5293 denuntians
1138 5239 1217 5293 ait
1242 5258 1254 5295 :
1282 5242 1425 5293 Tunc
1441 5240 1625 5294 dicam
1652 5256 1847 5294 messo-

203 5322 358 5375 ribus
388 5340 399 5375 :
462 5325 715 5395 Colligite
744 5327 987 5391 zizania,
1020 5330 1071 5381 et
1102 5328 1328 5397 alligate
1376 5346 1436 5384 ea
1471 5332 1526 5383 in
1558 5329 1849 5399 fasciculos

204 5409 280 5464 ad
300 5412 725 5469 comburendum
756 5416 966 5485 (Matth.
1001 5416 1148 5485 xui).
1185 5416 1471 5472 Messores
1499 5419 1715 5489 quippe
1744 5434 1847 5473 an-

206 5498 317 5570 geli
350 5498 572 5557 zizania
610 5503 669 5557 in
704 5505 1016 5561 fasciculos
1047 5504 1117 5558 ad
1168 5505 1611 5561 conburendum
1648 5507 1851 5579 ligant,

208 5588 344 5643 dum
374 5605 545 5660 pares
576 5594 817 5662 paribus
849 5594 907 5648 in
942 5593 1251 5649 tormentis
1282 5594 1577 5651 similibus
1606 5596 1852 5664 sociant,

526 5719 786 5781 PATROL.
834 5723 1032 5782 CLXI.

1955 4623 2044 4673 est
2076 4617 2384 4689 paenitens,
2415 4617 2511 4687 qui
2548 4616 2601 4670 id
2637 4616 2791 4687 quod
2826 4614 3006 4669 semel
3056 4614 3273 4683 fecerit,
3306 4632 3367 4670 se
3399 4616 3607 4670 fecisse

1956 4723 2330 4777 nequaquam
2364 4704 2547 4760 dolet?
2578 4704 2875 4770 Quomodo
2908 4703 3086 4759 habet
3117 4703 3605 4774 misericordiam,

1956 4795 2055 4865 qui
2113 4811 2416 4865 nunquam
2475 4810 2573 4848 cor
2629 4793 2908 4848 miserum
2957 4792 3159 4847 habet?
3189 4793 3487 4855 Quomodo
3519 4796 3609 4847 est

1958 4883 2257 4955 praescius,
2282 4884 2421 4936 dum
2439 4882 2601 4936 nulla
2624 4882 2736 4936 nisi
2760 4897 2890 4951 quae
2913 4881 3109 4935 futura
3131 4886 3269 4935 sunt
3288 4881 3604 4951 praescian-

1958 4973 2082 5027 tur?
2104 4973 2171 5027 Et
2193 4972 2412 5026 scimus
2435 4971 2572 5041 quia
2599 4971 2715 5026 Deo
2738 4969 2882 5025 nihil
2910 4970 3172 5025 futurum
3204 4975 3313 5036 est,
3346 4973 3482 5023 ante
3506 4984 3607 5023 cu-

1951 5062 2051 5129 jus
2072 5060 2268 5116 oculos
2290 5061 2581 5130 praeterita
2606 5059 2765 5114 nulla
2778 5064 2940 5125 sunt,
2957 5058 3395 5130 praesentianon
3415 5061 3609 5112 trans-

1958 5154 2119 5217 eunt,
2154 5150 2348 5203 futura
2381 5166 2492 5202 non
2528 5149 2807 5214 veniunt;
2843 5147 3056 5219 quippe
3090 5146 3226 5215 quia
3248 5163 3421 5200 omne
3454 5144 3607 5216 quod

1962 5238 2129 5293 nobis
2163 5239 2271 5291 fuit
2325 5243 2381 5291 et
2437 5240 2545 5292 erit
2579 5240 2632 5291 in
2666 5239 2792 5307 ejus
2828 5240 3137 5305 prospectu
3173 5238 3382 5304 praesto
3415 5237 3521 5297 est,
3554 5236 3613 5285 et

1960 5343 2131 5382 omne
2162 5329 2319 5397 quod
2354 5345 2611 5398 praesens
2641 5331 2748 5393 est,
2782 5324 2930 5379 scire
2963 5326 3156 5393 potest
3204 5322 3399 5393 potius
3430 5337 3610 5392 quam

1963 5417 2250 5488 praescire.
2313 5416 2378 5469 Et
2438 5420 2628 5471 tamen
2662 5414 2878 5469 dicitur
2910 5410 3127 5477 zelans,
3163 5409 3376 5464 dicitur
3401 5410 3607 5479 iratus,

1962 5505 2179 5559 dicitur
2209 5503 2518 5575 pmnitens,
2551 5504 2767 5558 dicitur
2798 5499 3151 5566 misericors,
3208 5497 3423 5554 dicitur
3462 5515 3611 5570 pre-

1964 5594 2120 5650 scius
2136 5598 2197 5647 ut
2222 5594 2359 5664 quia
2373 5594 2699 5649 castitatem
2714 5590 2917 5646 animae
2942 5588 3406 5661 uniuscujusque
3421 5592 3613 5645 custo-

3215 5720 3291 5777 32
