4000 6060
395 291 532 344 1003

387 418 492 484 dit,
526 417 786 473 humano
819 419 993 473 modo
1025 418 1218 474 zelans
1249 422 1504 486 vocetur,
1528 419 1797 490 quamvis
1820 420 2035 474 mentis

385 506 650 562 cruciatu
684 523 799 562 non
831 511 1130 580 tangatur,
1164 512 1220 562 et
1250 506 1389 577 quia
1419 507 1622 578 culpas
1652 507 1922 579 percutit,
1945 507 2033 563 di-

382 595 536 652 citur
565 596 759 668 irasci,
801 597 1070 670 quamvis
1089 595 1252 651 nulla
1277 597 1458 651 animi
1484 596 1892 668 pertubatione
1915 611 2036 650 mo-

384 690 612 756 veatur,
670 690 726 742 et
756 686 890 757 quia
921 687 1047 758 ipse
1092 684 1482 740 immutabilis
1513 685 1570 740 id
1603 686 1753 757 quod
1787 684 2034 740 voluerit

386 781 599 843 mutat,
629 775 908 848 poenitere
938 774 1174 844 dicitur,
1207 774 1477 844 quamvis
1508 791 1630 830 rem
1661 777 1868 841 mutet,
1903 790 2037 828 con-

386 865 581 921 silium
614 881 730 918 non
767 867 948 918 mutet
975 880 988 930 ;
1024 867 1081 918 et
1111 879 1244 918 cum
1277 863 1530 919 miseria:
1574 867 1787 919 nostra:
1819 862 2031 918 subve-

389 955 496 1018 nit,
527 952 859 1008 misericors
887 956 1152 1008 vocatur.

385 1050 517 1104 CAP.
549 1051 636 1104 88.
663 1082 728 1091 —
761 1050 874 1104 Cur
904 1051 1044 1104 Deus
1075 1066 1198 1105 suos
1227 1051 1422 1106 electos
1449 1051 1527 1104 sic
1556 1052 1840 1121 permittat
1873 1050 2034 1115 mari,

455 1120 604 1174 utin
633 1122 747 1176 vita
775 1121 1003 1176 illorum
1053 1138 1160 1176 non
1219 1121 1464 1176 ostendat
1519 1120 1676 1192 cujus
1723 1121 2035 1176 sanctitatis

455 1192 589 1247 sint.
620 1194 704 1248 Ea:
746 1193 886 1248 Dial.
922 1194 1074 1264 Greg.
1105 1193 1228 1263 (tib.
1262 1211 1340 1260 1v,
1370 1209 1418 1248 c.
1449 1195 1564 1264 24).

457 1282 706 1338 Pmaus.
729 1312 798 1322 -—
815 1282 964 1345 Quid
987 1281 1230 1348 esthoc,
1259 1298 1455 1352 quaeso
1475 1287 1548 1346 te,
1582 1282 1735 1352 quod
1769 1281 2036 1352 omnipo-

384 1375 516 1426 tens
536 1371 690 1426 Deus
717 1371 801 1426 sic
824 1371 1115 1442 permittit
1147 1371 1318 1438 mori,
1339 1388 1485 1441 quos
1509 1375 1704 1426 tamen
1728 1375 1860 1442 post
1883 1388 2036 1426 mor-

383 1463 524 1525 tem,
584 1461 754 1530 cujus
797 1459 1127 1516 sanctitatis
1159 1459 1376 1514 fuerint
1418 1476 1534 1514 non
1565 1459 1786 1531 patitur
1813 1458 2037 1514 celari?

387 1547 749 1604 Ganeomus.
774 1553 1002 1604 -—-Cum
1026 1548 1311 1618 scriptum
1328 1548 1436 1602 sit:
1456 1549 1665 1604 Justus
1687 1564 2037 1619 quacunque

385 1641 572 1691 morte
632 1631 964 1708 przeventus
1025 1637 1221 1703 fuerit,
1272 1636 1510 1706 justitia
1565 1637 1697 1706 ejus
1730 1653 1844 1691 non
1877 1637 2036 1691 aufe-

385 1731 547 1780 retur
578 1725 649 1780 ab
679 1741 746 1782 eo
771 1746 786 1796 ;
814 1726 979 1782 electi
1012 1727 1110 1798 qui
1144 1725 1343 1797 procul
1375 1725 1553 1781 dubio
1585 1727 1654 1782 ad
1695 1729 2035 1796 perpetuam

386 1813 569 1868 vitam
602 1815 875 1883 tendunt,
908 1815 1043 1886 quid
1071 1815 1156 1870 eis
1186 1815 1354 1870 obest
1382 1813 1432 1869 si
1471 1815 1543 1870 ad
1573 1814 1864 1870 modicum
1895 1815 2038 1870 dure

391 1902 716 1957 moriantur
739 1903 768 1956 ’ἔ
825 1904 894 1957 Et
941 1918 1070 1958 esse
1102 1903 1348 1958 fortasse
1379 1919 1805 1974 nonnunquam
1834 1919 2036 1959 eorum

395 1991 588 2061 culpa,
615 1990 748 2046 licet
768 1990 1038 2057 minima,
1063 2008 1188 2062 quaa
1210 1991 1268 2046 in
1295 1991 1497 2047 eadem
1518 1991 1722 2047 debeat
1751 1995 1933 2047 morte
1955 2009 2039 2048 re-

393 2078 600 2134 secari.
625 2079 784 2134 Unde
807 2081 870 2134 lit
892 2084 955 2134 ut
971 2080 1202 2150 reprobi
1223 2084 1570 2151 potestatem
1585 2080 1822 2150 quidem
1835 2086 2039 2137 contra

391 2167 650 2224 viventes
681 2168 992 2240 accipiant,
1027 2171 1127 2226 sed
1162 2167 1280 2224 illis
1312 2169 1694 2225 morientibus
1727 2169 1838 2224 boc
1862 2169 1920 2223 in
1953 2169 2036 2226 eis

391 2257 626 2328 gravius
682 2257 1012 2312 vindicatur
1059 2257 1212 2329 quod
1245 2262 1445 2313 contra
1475 2258 1660 2312 bonos
1691 2262 2036 2330 potestatem

389 2361 508 2400 suae
563 2345 926 2402 crudelitatis
984 2350 1358 2417 acceperunt,
1393 2345 1548 2400 sicut
1577 2346 1731 2401 idem
1779 2345 2037 2401 carnifex

388 2433 486 2504 qui
507 2435 778 2489 eumdem
802 2433 1194 2490 venerabilem
1217 2434 1529 2489 diaconum
1552 2433 1840 2490 viventem
1864 2434 2035 2489 ferire

385 2522 712 2594 permissus
740 2528 829 2578 est
853 2541 866 2590 ;
901 2523 1155 2595 gaudere
1186 2539 1364 2595 super
1386 2528 1683 2578 mortuum
1708 2523 2034 2594 permissus

385 2630 500 2668 non
532 2618 641 2669 est.
666 2614 829 2678 Quod
853 2630 1019 2668 sacra
1038 2630 1271 2686 quoque
1291 2618 1586 2669 testantur
1604 2612 1856 2684 eloquia.
1886 2613 2033 2670 Nam

384 2701 473 2756 vir
501 2701 604 2758 Dei
635 2707 836 2758 contra
862 2703 1189 2758 Samariam
1249 2702 1492 2770 missus,
1527 2703 1666 2773 quia
1697 2719 1799 2774 per
1828 2703 2031 2759 inobe-

386 2789 669 2847 dientiam
701 2792 762 2846 in
794 2792 1002 2847 itinere
1033 2789 1314 2857 comedit,
1333 2790 1490 2846 hunc
1512 2791 1571 2845 in
1593 2791 1797 2846 eodem
1827 2789 2034 2847 itinere

385 2878 475 2934 leo
507 2880 719 2934 occidit
747 2881 844 2952 (III
878 2881 1004 2948 Reg.
1037 2879 1185 2951 xm).
1217 2879 1326 2934 Sed
1358 2879 1556 2934 statim
1597 2878 1717 2934 illic
1747 2880 2031 2952 scriptum

385 2971 513 3022 est:
547 2967 692 3032 Quia
723 2968 886 3023 stetit
916 2967 1004 3022 leo
1048 2968 1221 3038 juxta
1252 2967 1508 3032 asinum,
1542 2971 1600 3022 et
1629 2983 1744 3022 non
1779 2969 2034 3028 comedit

383 3055 454 3108 de
484 3055 985 3127 cadavere(ibid.).
1020 3056 1102 3108 Ex
1121 3071 1237 3126 qua
1265 3071 1326 3109 re
1355 3055 1686 3109 ostenditur
1716 3055 1871 3126 quod
1897 3072 2028 3127 pec-

384 3145 578 3196 catum
595 3141 1004 3196 inobedientiaa
1021 3141 1080 3195 in
1103 3142 1232 3212 ipsa
1253 3146 1438 3196 morte
1461 3141 1570 3195 fuit
1591 3141 1868 3213 laxatum,
1892 3144 2030 3214 quia
2060 3156 2101 3222 ρ

373 3229 527 3285 idem
553 3229 641 3287 leo
664 3230 764 3302 qui
786 3231 1073 3286 viventem
1098 3231 1468 3301 praesumpsit
1489 3231 1777 3298 occidere,
1795 3233 2025 3287 contin-

373 3335 508 3392 gere
541 3336 656 3375 non
693 3319 1070 3392 praesumpsit
1091 3319 1368 3375 occisum.
1393 3318 1500 3383 Qui
1534 3318 1687 3374 enim
1719 3314 2022 3374 occidendi

369 3424 577 3462 ausum
609 3407 836 3478 habuit,
869 3408 941 3463 de
969 3407 1145 3463 occisi
1177 3407 1454 3462 cadavere
1477 3407 1820 3462 comedendi
1842 3407 2019 3464 licen-

368 3497 510 3550 tiam
543 3513 657 3550 non
690 3495 935 3566 accepit,
959 3495 1097 3566 quia
1127 3494 1177 3550 is
1208 3494 1310 3566 qui
1332 3493 1642 3564 culpabilis
1665 3495 1724 3550 in
1749 3496 1867 3550 vita
1888 3495 2019 3567 fuit,

371 3583 579 3654 punita
613 3582 1013 3638 inobedientia
1043 3585 1306 3654 eratjam
1331 3583 1534 3652 justu
1565 3599 1633 3638 ex
1663 3589 1872 3640 morte.
1907 3584 2018 3640 Leo

371 3687 506 3743 ergo
538 3671 639 3744 qui
673 3671 837 3743 prius
867 3673 1188 3742 peccatoris
1209 3672 1388 3726 vitam
1411 3676 1733 3741 necaverat,
1759 3673 2016 3726 custodi-

369 3758 452 3812 vit
482 3759 859 3830 postmodum
891 3761 1136 3816 cadaver
1156 3760 1326 3830 justi.

371 3856 501 3912 CAP.
532 3858 620 3912 89.
661 3887 730 3897 —
760 3856 914 3926 Quod
944 3857 1166 3930 miseris,
1192 3873 1333 3912 mors
1361 3857 1482 3930 sine
1511 3864 1682 3913 morte
1707 3858 1824 3926 flat.
1853 3863 2012 3930 Greg.

846 3930 907 3983 in
937 3930 1068 3983 Mor.
1102 3929 1199 3983 lib.
1235 3945 1312 3996 1x,
1343 3944 1390 3982 c.
1425 3929 1537 3994 48).

440 4016 529 4072 Fit
559 4032 696 4088 ergo
729 4017 961 4073 miseris
993 4034 1152 4072 mors
1184 4016 1312 4071 sine
1343 4020 1549 4081 morte,
1597 4016 1732 4071 finis
1764 4017 1890 4072 sine
1914 4019 2016 4073 de-

367 4106 540 4172 fectu,
571 4105 711 4177 quia
739 4110 796 4160 et
828 4123 986 4161 mors
1017 4105 1176 4173 vivit,
1211 4109 1265 4160 et
1296 4103 1430 4159 ﬁnis
1453 4121 1682 4176 semper
1703 4105 1928 4176 incipit,
1957 4112 2014 4161 et

365 4195 611 4250 deficere
642 4196 904 4250 defectus
933 4194 1138 4250 nescit.
1176 4193 1323 4260 Quia
1353 4192 1536 4264 igitur
1582 4196 1636 4247 et
1670 4209 1828 4248 mors
1861 4195 2010 4264 peri-

366 4281 491 4346 mit,
516 4288 710 4338 etnon
732 4284 1022 4355 extinguit
1045 4303 1058 4352 ;
1081 4283 1246 4338 dolor
1275 4281 1518 4349 cruciat,
1546 4282 1646 4336 sed
1672 4281 2009 4338 nullatenus

363 4388 635 4442 pavorem
664 4373 825 4443 fugat
851 4398 865 4439 ς
901 4373 1140 4428 ﬂamma
1170 4371 1479 4441 comburit,
1507 4373 1606 4427 sed
1633 4388 2005 4443 nequaquam

362 4460 634 4515 tenebras
666 4461 904 4531 decutit,
938 4467 1223 4532 quantum
1281 4462 1352 4516 ad
1403 4460 1669 4515 notitiam
1704 4462 2008 4532 presentis

360 4546 490 4601 vitae
520 4547 836 4621 colligitur,
862 4549 1150 4621 supplicia
1180 4550 1447 4606 ordinem
1482 4565 1596 4604 non
1621 4548 1858 4616 habent,
1881 4568 2007 4622 quae

362 4653 478 4691 non
511 4653 677 4692 suam
709 4653 810 4708 per
840 4638 1036 4693 omnia
1067 4638 1409 4710 qualitatem
1442 4641 1668 4694 tenent.

360 4743 496 4799 CAP.
517 4745 610 4818 90.
626 4745 852 4818 —Quod
870 4745 931 4818 in
951 4745 1174 4818 inferno
1187 4735 1563 4818 peccatoribus
1583 4745 1661 4801 ad
1679 4745 2007 4818 consolatio-

431 4831 556 4889 nem
587 4814 742 4889 ignis
769 4832 882 4889 non
913 4814 1109 4882 luceat,
1142 4814 1234 4872 scd
1259 4826 1316 4874 ut
1345 4815 1519 4887 magis
1548 4820 1821 4887 torqueat.
1848 4816 2004 4889 Greg.

433 4887 497 4941 in
527 4887 731 4942 Mcral.
757 4887 916 4955 ibid.,
950 4905 1000 4945 c.
1039 4889 1152 4960 49).

427 4976 705 5040 Quamvis
756 4975 878 5030 illic
935 4977 1087 5048 ignis
1146 4981 1202 5032 et
1255 4977 1326 5032 ad
1384 4974 1845 5032 consolationem
1887 4994 2001 5032 non

353 5063 528 5131 lucet,
563 5069 621 5119 et
646 5067 841 5121 tamen
863 5069 927 5120 ut
949 5067 1139 5138 magis
1164 5069 1457 5138 torqueat,
1483 5065 1552 5120 ad
1577 5063 1796 5134 aliquid
1824 5064 2000 5121 lucet.

349 5152 497 5208 Nam
555 5169 836 5225 sequaces
895 5172 1160 5226 quosque
1219 5172 1357 5211 suos
1388 5171 1589 5210 secum
1619 5153 1678 5207 in
1709 5157 2000 5210 tormento

348 5242 580 5314 reprobi
641 5242 879 5298 ﬂamma
939 5243 1273 5299 illustrante
1335 5243 1498 5298 usuri
1550 5246 1710 5309 sunt,
1748 5259 1997 5314 quorum

350 5348 548 5387 amore
578 5331 976 5403 deliquerunt,
1009 5338 1302 5404 quatenus
1335 5331 1435 5402 qui
1466 5347 1668 5386 eorum
1697 5331 1877 5386 vitam
1902 5350 1999 5388 ca-

351 5421 574 5476 rnalem
606 5428 809 5477 contra
841 5429 1124 5494 praecepta
1154 5420 1486 5478 Conditoris
1516 5425 1881 5491 amaverunt,
1907 5422 1998 5494 ip-

352 5522 551 5561 sorum
577 5525 806 5579 quoque
834 5525 932 5565 eos
955 5509 1227 5566 interitus
1257 5511 1314 5566 in
1348 5512 1661 5581 augmento
1687 5525 1808 5565 sua:
1829 5509 1998 5565 dam-

358 5593 615 5649 nationis
647 5597 888 5666 afﬂigat.

1471 300 1540 348 D.
1582 297 1822 349 IVONIS
1857 294 2357 350 CARNOTENSIS
2394 297 2713 352 EPISCOPI

3654 307 3801 362 1004

2071 420 2122 485 Α
2193 417 2327 474 CAP.
2361 419 2449 471 91.
2483 452 2550 459 -
2578 422 2650 476 Dc
2679 422 2876 478 eadem
2905 439 2984 479 re.
3010 425 3069 478 In
3092 426 3548 500 Moralibus(eod.
3577 432 3759 504 cap.).

2216 525 2379 580 Sicut
2408 543 2541 598 ergo
2575 527 2775 586 electis
2805 529 2959 602 ignis
2983 531 3187 588 ardere
3209 535 3368 589 novit
3400 537 3470 592 ad
3495 535 3803 610 solatium,

2151 618 2205 668 et
2233 617 2430 669 tamen
2463 617 2671 672 ardere
2704 619 2775 672 ad
2803 618 3160 692 supplicium
3189 624 3395 691 nescit,
3417 625 3545 681 itae
3567 628 3806 684 diverso

2143 701 2426 773 gebennm
2456 704 2697 762 ﬂamma
2727 709 2991 779 reprobis
3039 714 3097 764 et
3127 726 3496 784 nequaquam
3532 714 3688 772 lucet
3717 717 3793 771 ad

2142 790 2568 848 consolationis
2589 795 2864 865 gratiam,
2890 802 2946 852 et
2970 803 3164 854 tamen
3190 798 3344 856 lucet
3367 803 3437 857 ad
3462 819 3718 876 poenam,
3737 812 3807 860 ut

2143 879 2560 937 damnatorum
2620 883 2808 940 oculis
2849 886 3204 958 supplicium
3256 895 3310 944 et
3340 891 3501 946 nulla
3533 893 3809 952 claritate

2144 966 2408 1037 candeat,
2440 975 2496 1025 et
2527 971 2598 1026 ad
2622 972 2842 1028 doloris
2860 975 3161 1030 cumulum
3189 978 3447 1048 qualiter
3467 981 3808 1039 crucientur

2145 1057 2432 1112 ostendat.
2468 1057 2616 1121 Quid
2650 1059 2744 1115 hic
2778 1061 2991 1118 mirum
3013 1064 3062 1118 si
3086 1064 3366 1136 gehennae
3388 1066 3582 1140 ignem
3608 1073 3805 1127 credi-

2146 1161 2280 1200 mus
2307 1145 2521 1202 habere
2552 1148 2909 1220 supplicium
2940 1151 3118 1208 simul
3141 1154 3518 1212 obscuritatis
3540 1163 3598 1213 et
3619 1159 3804 1216 lumi-

2145 1234 2258 1301 nis,
2285 1236 2518 1305 quando
2543 1237 2942 1309 experimento
2965 1240 3258 1307 novimus,
3277 1245 3417 1316 quia
3439 1251 3495 1302 et
3516 1249 3804 1306 tedarum

2146 1323 2383 1378 ﬂamma
2403 1323 2558 1379 lucet
2579 1327 2861 1382 obscura?
2881 1329 3046 1385 Tunc
3069 1331 3217 1386 edax
3241 1331 3480 1390 ﬂamma
3502 1337 3806 1394 comburit

2145 1427 2292 1482 quos
2315 1429 2470 1468 nunc
2495 1415 2748 1472 carnalis
2774 1416 3082 1475 delectatio
3114 1420 3343 1492 polluit.
3376 1423 3539 1480 Tunc
3570 1423 3806 1483 inﬁnite

2144 1503 2353 1570 patens
2376 1501 2589 1558 inferni
2616 1505 2963 1562 barathrum
2986 1509 3225 1566 devorat
3247 1527 3395 1583 quos
3418 1529 3575 1570 nunc
3597 1515 3797 1574 inanis

2143 1587 2316 1644 elatio
2341 1591 2558 1647 exaltat
2581 1613 2595 1660 ;
2619 1598 2797 1664 atque
2821 1596 2921 1666 qui
2949 1597 3215 1668 quolibet
3235 1615 3305 1654 ex
3324 1601 3463 1657 vitio
3486 1601 3583 1659 hic
3597 1604 3809 1662 volun-

2142 1680 2322 1733 tatem
2336 1678 2535 1735 callidi
2551 1685 2919 1752 persuasoris
2940 1685 3349 1758 expleverunt,
3375 1693 3515 1746 tunc
3531 1707 3666 1748 cum
3692 1711 3805 1752 suo

2070 1791 2114 1854 Β
2146 1764 2292 1854 duce
2322 1769 2549 1840 reprobi
2581 1771 2653 1825 ad
2695 1777 2988 1830 tormenta
3037 1777 3381 1846 perveniunt
3410 1778 3594 1852 (Ibid.,
3624 1797 3671 1836 c.
3706 1784 3806 1852 50)

2146 1853 2216 1908 Et
2239 1857 2508 1927 quamvis
2530 1860 2873 1931 angelorum
2901 1869 3074 1936 atque
3097 1863 3589 1941 bominumlonge
3601 1870 3682 1926 sit
3694 1887 3805 1927 na-

2145 1947 2280 2000 tura
2292 1946 2626 2017 dissimilis,
2642 1965 2756 2005 una
2779 1955 2976 2008 tamen
2991 1953 3454 2028 poenaimplicat,
3479 1973 3627 2032 quos
3641 1976 3804 2017 unus

2147 2034 2206 2089 in
2239 2035 2481 2092 crimine
2514 2043 2711 2094 reatus
2744 2040 2901 2111 ligat.

2148 2149 2278 2200 CAP.
2487 2178 2569 2231 —-7_
2611 2151 3314 2231 Quodhhumanauanima
3353 2157 3802 2231 ita_immarta1is

2217 2224 2361 2304 gnari
2400 2224 2590 2304 possit,
2650 2231 2703 2304 et
2726 2224 2841 2304 “ita
2891 2224 3142 2304 mortalis
3198 2232 3256 2283 ut
3297 2229 3443 2286 mori
3471 2246 3581 2288 non
3602 2232 3800 2304 possit.

2219 2288 2370 2359 Greg.
2401 2288 2466 2344 in
2495 2291 2682 2347 Moral.
2719 2293 2838 2365 (lib.
2875 2313 2949 2350 1v.
2981 2313 3027 2351 c.
3061 2297 3138 2369 7).

2215 2394 2363 2458 Quia
2385 2413 2522 2470 ergo
2548 2403 2761 2454 nostrae
2784 2402 3163 2460 mortalitatis
3183 2403 3295 2462 hoc
3316 2408 3550 2479 tempus
3570 2424 3687 2464 non
3715 2409 3803 2468 ita

2147 2487 2213 2538 ut
2241 2483 2387 2540 male
2419 2485 2514 2555 sit,
2546 2488 2646 2542 sed
2679 2488 2761 2543 ita
2777 2490 2928 2561 perit
2947 2495 3014 2547 ut
3038 2509 3152 2548 non
3181 2492 3278 2561 sit,
3303 2497 3684 2566 querendum
3708 2504 3803 2555 est

2143 2572 2284 2643 quid
2304 2572 2383 2629 sit
2400 2576 2555 2646 quod
2589 2593 2705 2632 non
2736 2577 2816 2632 ita
2846 2584 3044 2636 utnon
3067 2582 3165 2649 sit,
3190 2583 3290 2638 sed
3311 2582 3394 2640 ita
3416 2585 3608 2656 perire
3627 2592 3798 2658 opta-

2140 2665 2258 2731 tur,
2291 2666 2355 2716 ut
2376 2662 2528 2719 male
2550 2665 2647 2719 sit.
2670 2669 2938 2723 Humana
2959 2669 3117 2726 enim
3142 2671 3340 2728 anima
3361 2689 3462 2728 seu
3487 2675 3798 2746 angelicas

2142 2748 2388 2821 spiritus
2420 2751 2502 2808 ita
2530 2752 2882 2812 immortalis
2904 2761 3018 2826 est,
3053 2763 3117 2814 ut
3137 2761 3283 2816 mori
3307 2761 3511 2833 possit,
3538 2764 3620 2820 ita
3636 2780 3796 2820 mor-

2139 2834 2275 2890 talis
2333 2842 2399 2892 ut
2457 2839 2605 2895 mori
2657 2857 2773 2898 non
2806 2844 3014 2914 possit.
3048 2848 3193 2902 Nam
3223 2847 3392 2904 beate
3419 2849 3635 2917 vivere,
3669 2852 3795 2908 sive

2141 2940 2242 2994 per
2263 2925 2494 2993 vitium,
2518 2927 2640 2984 sive
2661 2947 2763 3001 per
2777 2931 3136 3004 supplicium
3157 2935 3370 3005 perdit,
3391 2938 3792 2996 essentialiter

2140 3018 2333 3069 autem
2366 3017 2574 3086 vivere,
2610 3035 2800 3090 neque
2827 3038 2928 3094 per
2955 3022 3184 3096 vitium,
3217 3041 3405 3097 neque
3436 3043 3536 3098 per
3567 3029 3794 3100 suppli-

2140 3101 2297 3156 cium
2333 3105 2573 3162 amittit.
2606 3109 2651 3162 A
2677 3109 2960 3180 qualitate
2990 3112 3146 3168 enim
3177 3113 3408 3170 vivendi
3437 3115 3652 3184 deficit,
3687 3118 3794 3173 sed

2139 3192 2479 3249 omnimodo
2510 3197 2870 3255 subsistendi
2903 3200 3206 3259 interitum
3240 3220 3345 3258 nec
3373 3204 3632 3261 moriens
3652 3222 3795 3262 sen-

2133 3280 2222 3335 tit.
2253 3281 2321 3336 Ut
2341 3298 2478 3354 ergo
2509 3284 2763 3344 breviter
2791 3289 3060 3357 dixerim,
3091 3297 3150 3347 et
3179 3292 3589 3350 immortaliter
3615 3311 3788 3351 mor-

2131 3367 2267 3424 talis
2298 3374 2408 3442 est,
2441 3375 2496 3426 et
2529 3374 2854 3430 mortaliter
2885 3377 3258 3435 immortalis.

2129 3476 2268 3554 CAP.
2285 3477 2390 3558 '93.
2426 3508 2494 3558 -_—
2525 3479 2684 3558 and
2711 3485 3096 3558 corporeus‘sit
3123 3485 3272 3554 ignis
3297 3485 3582 3558 gehemw,
3605 3498 3658 3546 et
3678 3507 3792 3546 non

2199 3546 2618 3626 ζηάίρεαμαιρᾳ
2672 3546 2910 3626 materia
2952 3555 3069 3610 nisi
3119 3546 3474 3626 rcprob'orum
3501 3546 3788 3618 cruciatu.

2200 3615 2420 3688 Grcgbr.
2455 3619 2517 3674 in
2545 3623 2746 3678 Μοναι.
2783 3625 2904 3696 (lib.
2938 3643 3031 3695 xv,
3063 3644 3110 3682 c.
3142 3615 3254 3700 l'li).

2199 3721 2346 3778 Miro
2367 3724 2532 3781 valde
2555 3728 2729 3784 modo
2749 3731 2953 3800 paucis
2974 3733 3167 3788 verbis
3187 3749 3502 3805 expressus
3519 3741 3609 3792 est
3626 3736 3785 3808 ignis

2125 3809 2426 3880 gehennae.
2462 3813 2624 3885 Ignis
2682 3833 2939 3890 namque
2989 3837 3305 3892 corporeus
3337 3827 3403 3877 ut
3432 3839 3559 3879 esse
3591 3825 3786 3881 valeat

2125 3897 2301 3968 ignis,
2334 3907 2629 3973 corporeis
2659 3904 2885 3977 indiget
2916 3908 3212 3966 fomentis.
3236 3911 3346 3976 Qui
3376 3927 3510 3967 cum
3534 3929 3775 3970 necesse

2125 3991 2217 4042 est
2247 3993 2310 4042 ut
2340 3996 2690 4060 reservetur,
2723 4009 2828 4066 per
2856 4002 3136 4069 congesta
3162 3998 3326 4071 ligna
3354 3999 3559 4072 procul
3592 4002 3776 4058 dubio

2125 4076 2402 4148 nutritur,
2459 4094 2564 4135 nec
2615 4082 2770 4138 valet
2825 4085 2940 4140 nisi
2999 4103 3341 4159 succensus,
3387 4105 3540 4159 esse,
3571 4094 3632 4145 et
3661 4090 3776 4146 nisi

2123 4165 2345 4220 refotus
2374 4167 2715 4226 subsistere.
2738 4174 2812 4228 At
2834 4180 3038 4230 contra
3061 4176 3341 4248 gehennae
3361 4177 3520 4248 ignis
3540 4193 3676 4234 cum
3703 4178 3784 4234 sit

2120 4268 2456 4327 corporeus,
2519 4262 2577 4312 et
2632 4259 2692 4314 in
2725 4277 2790 4316 se
2819 4263 3038 4320 missos
3082 4265 3362 4337 reprobos
3391 4267 3781 4338 corporaliter

2120 4348 2344 4412 exurat,
2379 4361 2483 4400 nec
2514 4348 2708 4404 studio
2740 4348 2999 4408 humano
3033 4354 3431 4424 succenditur,
3467 4370 3573 4410 nec
3593 4354 3776 4428 lignis

2121 4431 2401 4499 nutritur,
2421 4435 2520 4490 sed
2546 4442 2780 4493 creatus
2794 4441 2974 4495 semel
2990 4442 3705 4514 duratinexstinguibilis,
3723 4450 3782 4500 et

2043 4519 2090 4583 D
2121 4521 2506 4577 succensione
2528 4540 2642 4577 non
2670 4526 3202 4598 indiget,etardore
3217 4547 3328 4586 non
3345 4536 3504 4586 caret
3517 4531 3671 4586 Bene
3689 4547 3780 4586 er-

2116 4623 2188 4678 go
2214 4609 2284 4662 de
2305 4609 2412 4664 hoc
2429 4609 2632 4682 iniquo
2656 4614 2894 4670 dicitur:
2920 4617 3209 4674 Devorabil
3239 4636 3366 4675 eum
3383 4619 3535 4688 igms
3553 4619 3778 4690 quino»

2114 4698 2470 4754 succenditur
2521 4701 2637 4769 (Job
2694 4707 2804 4772 xx).
2865 4705 3008 4769 Quia
3070 4709 3496 4780 omnipotentis
3531 4709 3776 4778 justitia

2117 4785 2450 4843 futurorum
2483 4791 2723 4858 praescia
2752 4793 2826 4848 ab
2855 4793 2986 4865 ipsa
3016 4796 3224 4852 mundi
3245 4797 3470 4869 origine
3489 4797 3776 4869 gehenna

2114 4874 2310 4945 ignem
2337 4877 2575 4943 creavit,
2610 4879 2711 4950 qui
2742 4881 2801 4936 in
2836 4898 3006 4952 poena
3029 4885 3412 4956 reproborum
3433 4901 3566 4943 esse
3580 4887 3766 4944 semel

2113 4961 2417 5035 inciperet,
2441 4967 2542 5022 sed
2567 4969 2836 5026 ardorem
2865 4988 3037 5028 suum
3061 4975 3239 5030 etiam
3263 4975 3392 5032 sine
3409 4974 3591 5048 lignis
3615 4992 3776 5032 nun-

2114 5068 2293 5123 quam
2313 5053 2528 5110 finiret.
2550 5057 2867 5116 Sciendum
2893 5077 3030 5118 vero
3051 5067 3142 5119 est
3162 5064 3319 5135 quod
3343 5080 3550 5120 omnes
3572 5080 3772 5136 repro-

2113 5139 2194 5209 bi,
2243 5141 2381 5211 quia
2435 5148 2493 5199 et
2524 5143 2584 5200 in
2617 5146 2816 5204 anima
2847 5153 2903 5203 et
2933 5165 3106 5206 carne
3142 5151 3321 5208 simul
3351 5157 3771 5225 peccaverunt,

2110 5228 2233 5284 illic
2262 5229 2323 5285 in
2355 5231 2552 5288 anima
2581 5239 2640 5289 et
2669 5252 2843 5292 carne
2871 5237 3092 5309 pariter
3118 5241 3476 5298 cruciantur.

2111 5335 2248 5418 CAP,
2401 5370 2468 5379 —
2501 5341 2611 5394 Cur
2625 5342 2818 5418 animo
2839 5343 2897 5418 in
2920 5363 3145 5418 corpore
3163 5351 3458 5405 manenset
3479 5348 3767 5418 egrediens

2151 5409 2336 5464 videri
2365 5427 2474 5464 non
2503 5413 2696 5482 possit.
2722 5417 2805 5470 Ex
2823 5409 3037 5489 Dialog'.
3065 5424 3297 5490 (ἕτερον.
3331 5421 3454 5492 (lib.
3481 5409 3554 5483 1v,
3577 5436 3627 5480 ε.
3651 5422 3728 5490 5).

2180 5511 2536 5572 Ganeonws.
2562 5549 2630 5558 —
2651 5519 2799 5582 Quid
2823 5522 3061 5590 mirum,
3087 5529 3274 5596 Petre,
3299 5526 3347 5582 si
3361 5524 3765 5598 egredientem

2109 5601 2363 5658 animam
2396 5622 2509 5660 non
2540 5607 2757 5677 vidisti,
2787 5627 2965 5680 quam
2999 5616 3056 5668 et
3074 5619 3410 5671 manentem
3437 5615 3494 5670 in
3521 5630 3771 5685 corpore
