4000 6060
205 351 348 405 1005

997 351 1306 403 DECRETI
1345 352 1530 403 PARS
1564 351 1740 402 XVII.
1771 376 1838 389 —
1865 351 1960 402 DE
2001 353 2186 417 FIDE,
2228 355 2360 407 SPE
2398 355 2491 406 ΕΤ
2529 356 2822 406 CHARlT.

3480 351 3619 404 1006

209 493 324 530 non
356 469 1004 541 vides?Nunquidnam
1031 471 1201 525 modo
1235 487 1364 525 cum
1402 472 1846 543 mecumloque-
1881 475 1932 540 Α
1965 479 2053 528 est
2085 475 2221 545 quia
2252 475 2308 530 in
2344 475 2453 530 hoc
2485 492 2716 546 quoque
2752 475 2971 529 mundo
3027 473 3272 542 visibili,
3325 471 3471 528 nihil
3507 474 3621 530 nisi

208 565 312 629 ris,
346 562 486 634 quia
515 562 575 616 in
608 577 702 616 me
730 558 926 614 videre
969 576 1083 614 non
1117 559 1273 614 vales
1325 560 1584 616 animam
1646 579 1859 629 meam,

207 653 431 708 idcirco
469 666 562 705 me
594 666 722 705 esse
753 648 1082 704 exanimem
1109 647 1345 703 credis?
1379 653 1596 704 Natura
1647 651 1861 721 quippe

207 743 418 798 animis
451 739 765 795 invisibilis
798 743 1091 809 est,atque
1122 737 1204 793 ita
1228 755 1296 793 ex
1327 755 1567 810 corpore
1594 739 1859 793 invisibi-

206 833 344 887 liter
373 827 854 902 egreditur,sicut
886 827 944 882 in
981 843 1217 898 corpore
1248 827 1620 882 invisibiliter
1642 833 1857 883 manet.

207 920 457 974 PETRUS.
488 946 558 957 —
607 915 716 970 Sed
749 915 930 970 vitam
955 914 1164 969 anima:
1197 915 1256 970 in
1291 931 1531 986 corpore
1566 916 1860 971 manentis

207 1023 452 1081 pensare
481 1019 724 1078 possum
757 1021 825 1058 ex
849 1003 993 1075 ipsis
1013 1003 1272 1060 motibus
1304 1003 1856 1076 corporis,quianisi

207 1096 438 1168 corpori
471 1094 670 1150 anima
697 1093 950 1157 adesset,
983 1092 1248 1162 ejusdem
1300 1094 1567 1148 membra
1598 1093 1858 1164 corporis

207 1186 426 1242 moveri
452 1200 565 1240 non
590 1182 1054 1255 possent.Vitam
1072 1199 1208 1237 vero
1233 1183 1448 1238 animae
1472 1187 1603 1253 post
1623 1200 1857 1238 carnem

203 1275 261 1330 in
289 1274 506 1346 quibus
531 1270 1108 1342 motibus,quibusve
1131 1273 1408 1342 operibus
1432 1272 1858 1340 videam,dicas

204 1371 268 1420 ut
285 1381 355 1419 ex
377 1363 552 1419 rebus
570 1359 712 1416 visis
731 1375 858 1416 esse
879 1359 1341 1432 colligam,quod
1359 1361 1553 1416 videre
1576 1379 1689 1416 non
1723 1379 1855 1433 pos-

207 1469 364 1510 sum.

204 1546 342 1600 CAP.
372 1541 463 1594 95.
489 1570 557 1578 —-
591 1537 750 1606 Quod
779 1538 969 1592 nullus
1012 1537 1270 1594 dubitare
1311 1539 1499 1594 delicat
1530 1556 1643 1594 esse
1673 1556 1734 1594 ea
1769 1539 1856 1592 in-

278 1612 530 1667 visibilia
558 1625 683 1680 quae
711 1611 816 1664 Deo
835 1609 1110 1664 invisibili
1122 1611 1573 1666 subministrant.
1601 1615 1691 1665 lia:
1710 1610 1855 1665 Dial.

283 1685 512 1755 Gregor.
545 1681 732 1752 (lbid.,
755 1697 803 1736 c.
835 1682 914 1750 6).

280 1773 635 1828 Gasooams.
669 1799 735 1810 ο·-
794 1769 958 1824 Sicut
1007 1769 1095 1824 vis
1154 1770 1362 1824 animae
1403 1771 1622 1826 viviﬁat
1653 1777 1711 1826 et
1740 1787 1857 1825 mo-

209 1868 302 1920 vet
333 1860 660 1934 corpus,sic
691 1861 780 1916 vis
801 1859 997 1915 divina
1018 1859 1222 1931 implet
1248 1878 1374 1932 quae
1399 1862 1618 1916 creavit
1640 1862 1857 1927 omnia,
1893 1843 1938 1908 Β

207 1959 266 2010 et
296 1953 411 2008 alia
439 1951 784 2022 inspirando
814 1949 1094 2015 viviﬁcat,
1112 1950 1244 2005 aliis
1277 1967 1411 2006 vero
1444 1951 1649 2005 tribuit
1679 1956 1744 2004 ut
1774 1951 1858 2004 vi-

209 2040 508 2108 vant,aliis
538 2040 646 2094 hoc
670 2038 1038 2093 solummodo
1062 2042 1299 2108 praestat
1324 2043 1388 2093 ut
1406 2038 1705 2104 sint.Quia
1725 2055 1860 2093 vero

211 2149 343 2188 esse
373 2147 489 2185 non
521 2129 760 2184 dubitas
777 2132 1064 2182 creantem
1092 2133 1148 2182 et
1177 2134 1494 2200 regentem,
1517 2129 1859 2199 implentem

213 2227 272 2278 et
301 2217 1423 2290 circumplectentem,transcendentem
1456 2223 1514 2273 et
1533 2219 1861 2274 subsisten-

215 2307 946 2377 tem,incircumscriptum
978 2311 1152 2377 atque
1183 2307 1537 2362 invisibilem
1561 2307 1864 2374 Deum,ita

211 2399 479 2453 dubitare
496 2413 613 2451 non
631 2396 807 2450 debes
823 2395 1310 2450 buncinvisibilia
1326 2397 1610 2466 obsequia
1625 2397 1861 2451 habere.

215 2489 434 2543 Debent
453 2485 670 2557 quippe
700 2501 766 2541 ea
796 2502 926 2556 quas
958 2485 1297 2541 ministrant
1319 2487 1388 2540 ad
1423 2489 1552 2557 ejus
1583 2487 1861 2541 similitu-

127 2569 138 2579 ’
213 2577 410 2632 dinem
440 2575 678 2630 tendere
707 2577 798 2630 cui
822 2573 1252 2642 ministrant,ut
1281 2575 1850 2646 quaeinvisibiliser-

213 2667 398 2735 viunt,
431 2681 560 2720 esse
590 2665 908 2720 invisibilia
956 2682 1071 2721 non
1105 2667 1468 2722 dubitentur.
1498 2668 1626 2722 Haec
1656 2672 1852 2722 autem

213 2773 339 2828 quae
372 2771 500 2809 esse
530 2754 965 2822 oredimus,nisi
987 2761 1220 2811 sanctos
1251 2755 1491 2828 angelos
1522 2762 1579 2811 et
1611 2757 1855 2829 spiritus

210 2847 512 2917 justorum
539 2845 566 2896 ‘?
594 2844 904 2914 Sicutergo
919 2850 1141 2899 motum
1165 2845 1556 2900 considerans
1573 2847 1854 2917 corporis,

216 2933 395 2989 vitam
429 2931 636 2987 animae
695 2933 752 2987 in
797 2949 1037 3004 corpore
1069 2935 1361 2990 manentis
1394 2935 1706 3006 perpendis
1729 2934 1858 2988 ani-

221 3022 426 3089 mo,ita
454 3022 632 3075 vitam
652 3021 859 3077 animis
889 3023 1202 3079 exeuntisa
1234 3040 1473 3095 corpore
1506 3025 1861 3095 perpendere

222 3111 399 3166 debes
431 3127 464 3164 a
494 3126 750 3178 summo,
785 3111 925 3182 quia
981 3118 1176 3184 potest
1235 3113 1607 3169 invisibiliter
1651 3114 1862 3179 vivere,

225 3216 403 3272 quam
437 3199 736 3270 oportetin
758 3201 1038 3272 obsequio
1069 3203 1380 3258 invisibilis
1401 3203 1865 3259 Conditorismao
1898 3216 1942 3284 ρ

228 3291 714 3344 nere.Ps'rans.—-
747 3288 922 3344 Recte
938 3293 1127 3346 totum
1151 3291 1492 3358 dicitur,sed
1517 3308 1683 3346 mens
1716 3292 1871 3345 refu-

228 3379 314 3449 git
338 3377 594 3444 credere,
620 3377 777 3448 quod
810 3379 1104 3449 corporeis
1136 3379 1322 3434 oculis
1341 3397 1455 3435 non
1487 3380 1637 3435 valet
1656 3379 1870 3434 videre.

229 3486 362 3538 CAP.
393 3483 484 3536 96.
518 3511 585 3522 —
616 3482 766 3550 Quod
794 3483 954 3537 nulla
1009 3485 1255 3538 visibilia
1284 3485 1458 3540 videri
1517 3486 1597 3540 vel
1626 3485 1878 3553 cognosci

295 3556 531 3696 ἴςῗεςῖνςι,
589 3554 702 3608 nisi
756 3571 855 3625 per
903 3556 1234 3611 invisibilia.
1285 3558 1369 3610 Ea:
1419 3557 1572 3612 Dial.
1653 3557 1874 3624 Gregor.

327 3646 344 3679 ι
387 3643 420 3679 ι(
445 3666 457 3680 .
494 3666 506 3678 .

327 3643 457 3680 tota.
475 3643 506 3680 l.

305 3718 654 3769 Gnsaonws.
683 3745 748 3754 —-
780 3715 920 3770 Cum
955 3715 1172 3770 Paulus
1204 3715 1360 3770 dicat
1386 3734 1399 3772 :
1431 3720 1540 3771 Est
1567 3715 1721 3770 enim
1741 3717 1880 3785 ﬁdes

233 3804 648 3876 sperandarum
679 3821 865 3859 rerum
893 3805 1533 3874 substantia,argmnent
1542 3823 1630 3860 um
1653 3823 1760 3860 non
1783 3823 1881 3876 ap-

234 3895 556 3965 parentium
611 3894 806 3963 (Hebr.
838 3896 940 3965 χι),
1003 3895 1110 3950 hoc
1168 3895 1445 3950 veraciter
1481 3896 1698 3950 dicitur
1729 3895 1883 3950 credi

240 3983 396 4054 quod
431 4000 543 4038 non
567 3983 722 4038 valet
755 3984 956 4040 videri.
982 3985 1127 4040 Nam
1179 3985 1333 4039 credi
1374 3987 1500 4056 jam
1551 4003 1664 4041 non
1699 3991 1889 4057 potest

242 4073 398 4143 quod
429 4073 609 4128 videri
636 4077 847 4142 potest.
883 4073 954 4127 Ut
984 4078 1177 4128 tamen
1229 4079 1285 4127 te
1333 4073 1584 4128 breviter
1615 4075 1888 4128 reducam

242 4163 314 4216 ad
350 4167 427 4228 te,
479 4160 640 4216 nulla
670 4161 925 4217 visibilia
966 4161 1079 4216 nisi
1114 4178 1215 4232 per
1246 4161 1566 4217 invisibilia
1596 4163 1888 4218 videntur.

1973 581 2072 634 per
2089 568 2416 618 creaturam
2442 563 2798 619 invisibilem
2823 562 3056 634 disponi
3079 562 3441 634 potest.Nam
3466 564 3620 619 sicut

1971 651 2341 722 omnipotens
2373 657 2528 707 Deus
2560 653 2876 724 aspirando
2924 652 3012 706 vel
3046 651 3346 722 implendo
3392 669 3459 706 ea
3491 669 3616 723 quae

1971 740 2196 794 ratione
2228 741 2583 808 subsistunt,
2608 745 2664 795 et
2686 741 2938 795 viviﬁcat
2967 745 3023 794 et
3056 746 3247 794 movet
3279 740 3620 808 invisibilia,

1972 827 2051 880 ita
2080 829 2208 898 ipsa
2239 845 2473 899 quoque
2501 828 2821 885 invisibilia
2848 827 3146 900 implendo
3182 831 3622 899 movent,atquc

1971 917 2310 971 sensiﬁcant
2342 917 2579 982 [sensim
2612 916 2924 985 viviticant]
2958 915 3217 971 carnalia
3235 934 3470 986 corpora
3495 935 3621 986 qua:

1969 1004 2260 1060 videntur.
2297 1007 2545 1061 PETRUS.
2579 1037 2647 1045 —
2680 1007 2816 1060 Istis
2853 1005 3033 1059 fateor
3071 1003 3519 1076 allegationibus
3544 1005 3619 1058 li-

1971 1093 2177 1151 benter
2204 1096 2414 1167 victus,
2447 1112 2624 1167 prOpe
2658 1094 2815 1149 nulla
2839 1095 2964 1164 jam
3027 1111 3156 1149 esse
3212 1093 3332 1149 haec
3365 1093 3622 1148 visibilia

1970 1187 2304 1242 existimare
2317 1186 2635 1259 compellor
2658 1206 2670 1253 ;
2705 1185 2802 1256 qui
2822 1185 2983 1256 prius
2999 1184 3054 1239 in
3077 1202 3168 1240 me
3190 1184 3619 1238 infirmantium

1971 1293 2252 1346 personas
2276 1277 2607 1347 suscipiens
2628 1277 2698 1330 de
2718 1273 3112 1329 invisibilibus
3137 1273 3622 1328 dubitabam.lta-

1970 1382 2080 1435 quo
2105 1364 2334 1436 placent
2365 1371 2574 1421 cuncta
2604 1381 2730 1436 qua}
2764 1364 2952 1432 dicis;
2988 1365 3087 1419 sed
3131 1369 3327 1419 tamen
3353 1363 3510 1419 sicut
3542 1363 3620 1416 vi-

1969 1460 2086 1509 tam
2120 1454 2328 1509 animae
2362 1456 2419 1508 in
2454 1471 2694 1525 corpore
2729 1452 3024 1507 manentis
3055 1469 3122 1507 ex
3155 1456 3316 1507 motu
3359 1452 3621 1523 corporis

1969 1560 2243 1614 agnosco,
2305 1545 2388 1598 ita
2447 1544 2624 1598 vitam
2678 1542 2885 1598 anima:
2939 1546 3070 1613 post
3128 1558 3342 1612 corpus
3403 1541 3621 1612 apertis

1968 1633 2321 1704 quibusdam
2347 1633 2522 1687 rebus
2554 1632 2968 1688 attestantibus
3010 1646 3322 1701 agnoscere
3354 1631 3546 1701 cupio.

1967 1743 2098 1792 CAP.
2132 1739 2220 1790 07.
2257 1769 2322 1778 —
2357 1737 2509 1804 Quod
2568 1740 2918 1807 incorporeus
2946 1737 3178 1806 spiritus
3236 1734 3291 1807 in
3343 1737 3560 1806 inferno
3591 1756 3623 1790 (ι

2040 1811 2450 1948 ιτθι·ρονὲἓ›ί9ιισ
2479 1806 2787 1880 a/ﬂigatzir.
2832 1809 2913 1862 Ex
2963 1808 3184 1874 Dialog.
3241 1806 3463 1875 Gregor.
3501 1809 3621 1877 (lib.

2041 1899 2115 1948 ιν,
2149 1897 2196 1937 c.
2326 1922 2337 1934 .

2041 1899 2115 1949 ιν,
2149 1897 2196 1937 c.
2228 1897 2337 1948 zu).

2042 1970 2398 2024 Gnsooalus.
2433 1999 2501 2009 —
2553 1954 2612 2023 Si
2644 1967 2894 2022 viventis
2933 1966 3196 2021 hominis
3246 1967 3627 2038 incorporeas

1971 2058 2213 2130 spiritus
2256 2062 2488 2114 tenetur
2517 2059 2575 2112 in
2612 2073 2874 2129 corpore,
2900 2071 3003 2110 cur
3061 2072 3175 2110 non
3211 2059 3344 2126 post
3376 2059 3622 2110 mortem

1972 2163 2104 2202 cum
2157 2147 2536 2218 incorporeus
2570 2146 2814 2212 spiritus
2849 2145 2947 2210 sit,
2983 2145 3157 2199 etiam
3192 2146 3625 2216 corporeoigne

1971 2236 2285 2292 teneatur?
2317 2235 2564 2290 Psrnus.
2597 2264 2668 2276 —
2732 2235 2795 2289 In
2853 2234 3077 2288 vivente
3108 2231 3369 2305 quolibet
3406 2233 3622 2288 idcirco

1971 2327 2348 2397 incorporeus
2382 2325 2628 2396 spiritus
2657 2329 2888 2381 tenetur
2912 2324 2973 2378 in
3005 2339 3264 2395 corpore,
3298 2322 3438 2395 quia
3478 2322 3622 2376 vivi-

1975 2417 2105 2470 ﬁcat
2138 2432 2370 2486 corpus.

1973 2505 2105 2559 CAP.
2138 2506 2226 2558 08.
2262 2535 2328 2544 ——-
2361 2503 2511 2572 Quod
2533 2503 2884 2572 incorporeus
2913 2502 3147 2572 spiritus
3174 2501 3453 2570 vivi/icore
3498 2518 3616 2571 [ms-

2032 2578 2125 2641 sit,
2157 2586 2208 2631 et
2234 2575 2314 2630 ibi
2343 2585 2543 2640 tenere,
2575 2576 2672 2629 ubi
2701 2592 2733 2628 a
2755 2590 3004 2645 corporeo
3046 2572 3332 2628 cruciatur
3365 2572 3503 2642 igni.
3538 2573 3617 2626 [5.2:

2033 2648 2178 2702 Dial.
2213 2648 2440 2714 Gregor.
2477 2648 2760 2715 (Proxime
2786 2650 2949 2717 post.)

2036 2736 2390 2791 Gnseomus.
2448 2735 2603 2788 -εἱ
2663 2734 3042 2806 incorporeus
3101 2732 3368 2805 spiritus,
3432 2732 3617 2795 Pctre,

1967 2826 2025 2880 in
2057 2825 2165 2880 hoc
2218 2825 2402 2880 teneri
2462 2829 2655 2895 potest
2703 2824 2857 2894 quod
2914 2823 3184 2889 viviﬁcat,
3244 2837 3422 2890 quare
3490 2837 3604 2875 non

1971 2914 2270 2986 poenaliter
2297 2920 2355 2969 et
2373 2912 2455 2967 ibi
2487 2916 2757 2968 teneatur
2786 2912 2884 2966 ubi
2921 2911 3307 2966 mortificatur
3337 2911 3363 2962 ‘2
3396 2908 3607 2962 Teneri

1973 3007 2168 3058 autem
2232 3018 2332 3072 per
2385 2999 2581 3071 ignem
2639 2998 2914 3069 spiritum
2947 2996 3206 3052 hominis
3239 2995 3515 3060 dicimus,
3548 3001 3613 3049 ut

1972 3094 2032 3148 in
2065 3096 2356 3147 tormento
2414 3090 2571 3162 ignis
2631 3088 2709 3143 sit
2765 3088 3008 3142 vivendo
3069 3091 3245 3156 atque
3290 3085 3614 3140 sentiendo.

1982 3183 2178 3253 Ignem
2209 3196 2466 3250 namque
2497 3195 2563 3234 eo
2594 3177 2724 3249 ipso
2755 3176 3160 3246 patitur,quod
3195 3173 3378 3241 videt,
3412 3179 3468 3228 et
3487 3172 3624 3243 quia

1983 3269 2227 3326 cremari
2259 3285 2322 3324 se
2373 3267 2606 3338 aspicit,
2669 3271 2982 3321 crematur.
3045 3264 3256 3333 Sicque
3312 3262 3379 3315 ﬁt
3410 3265 3474 3315 ut
3532 3277 3625 3316 res

1981 3375 2261 3430 corporea
2317 3358 2719 3426 incorpoream
2752 3361 2976 3420 exural,
3038 3353 3178 3405 dum
3210 3367 3278 3404 ex
3338 3350 3472 3421 igne
3501 3347 3632 3404 visi-

1982 3447 2084 3501 bili
2121 3448 2293 3500 ardor
2348 3461 2416 3499 ac
2478 3441 2644 3497 dolor
2702 3440 3016 3495 invisibilis
3074 3438 3353 3504 trahitur,
3415 3441 3477 3490 ut
3536 3453 3637 3506 per

1983 3538 2178 3608 ignem
2195 3549 2538 3604 corporeum
2556 3547 2728 3585 mens
2742 3529 3081 3601 incorporea
3095 3525 3268 3582 etiam
3294 3525 3639 3596 incorporea

1987 3627 2222 3679 flamma
2244 3621 2555 3678 crucietur.
2581 3619 2858 3683 Quamvis
2882 3615 3152 3687 colligere
3176 3632 3245 3670 ex
3267 3613 3439 3669 dictis
3465 3630 3635 3668 evan-

1987 3713 2188 3784 gelicis
2206 3727 2522 3783 possumus
2550 3704 3039 3778 quiaincendium
3074 3703 3273 3758 anima
3299 3720 3415 3758 non
3449 3699 3637 3757 solum

1987 3802 2258 3867 videndo,
2292 3801 2391 3854 sed
2442 3799 2620 3853 etiam
2649 3795 2999 3867 experiendo
3048 3793 3328 3864 patiatur.
3363 3791 3640 3846 Veritatis

1991 3890 2205 3947 etenim
2235 3905 2374 3943 voce
2405 3887 2567 3942 dives
2585 3890 2854 3940 mortuus
2881 3883 2938 3936 in
2967 3883 3189 3936 interno
3213 3881 3427 3935 dicitur
3443 3879 3640 3952 sepul-

1994 3986 2091 4036 tus
2123 3982 2276 4048 (Luc.
2310 3978 2445 4049 xvx).
2479 3978 2663 4046 Cujus
2696 3974 2895 4030 anima
2925 3971 3063 4041 quia
3094 3971 3148 4024 in
3203 3971 3336 4041 igne
3379 3974 3647 4022 teneatur

1996 4069 2260 4125 insinuat
2277 4085 2384 4122 vox
2397 4065 2596 4120 divitis
2609 4063 2707 4134 qui
2726 4061 3020 4115 Abraham
3039 4057 3640 4128 deprecatur,dicens:

1998 4163 2146 4217 Mitte
2198 4163 2468 4215 Lazarum
2508 4163 2567 4208 ut
2598 4156 2838 4220 intingat
2893 4158 3199 4204 extremum
3247 4145 3412 4214 digiti
3446 4149 3536 4200 sui
3592 4146 3649 4199 in

2002 4265 2222 4321 aquam,
2267 4251 2327 4300 ut
2356 4243 2650 4314 refrigeret
2672 4240 2916 4308 linguam
2945 4253 3145 4302 meam,
3179 4236 3311 4306 quia
3347 4235 3565 4289 crucior
3594 4236 3654 4289 in

2005 4343 2105 4395 hac
2123 4341 2349 4408 ﬂamma
2373 4331 2587 4404 (Ibid).
2621 4333 2761 4382 Dum
2821 4344 2958 4399 ergo
3009 4325 3246 4380 divitem
3281 4329 3641 4396 peccatorem

244 4252 390 4307 Ecce
418 4251 799 4306 enimcuncta
822 4267 1099 4320 corporea
1126 4249 1333 4304 oculus
1353 4250 1437 4304 tui
1456 4252 1720 4320 corporis
1741 4250 1894 4321 aspi-

245 4341 345 4406 cit,
370 4356 475 4394 nec
495 4343 689 4395 tamen
708 4339 834 4410 ipse
856 4354 1173 4410 corporeus
1195 4338 1402 4394 oculus
1420 4338 1642 4409 aliquid
1676 4340 1898 4394 videret

245 4444 616 4498 corporeum,
640 4427 754 4482 nisi
790 4426 947 4482 hunc
979 4444 1071 4483 res
1105 4428 1448 4498 incorporea
1479 4428 1549 4482 ad
1578 4427 1896 4482 videndum
2009 4428 2354 4483 damnatum
2381 4420 2608 4475 Veritas
2666 4416 2726 4470 in
2758 4415 2993 4486 ignibus
3053 4412 3342 4484 perbibet,
3376 4411 3508 4483 quis
3531 4412 3655 4482 jam

248 4520 658 4570 acueret.Nam
693 4515 832 4571 tolle
864 4522 1116 4572 mentem
1142 4533 1268 4587 qum
1301 4533 1416 4570 non
1448 4515 1697 4580 videtur,
1721 4521 1776 4570 et
1805 4516 1901 4568 in-
1939 4583 1954 4587 Α
2012 4513 2249 4587 sapiens
2279 4508 2663 4580 reproborum
2697 4505 2928 4559 animas
2959 4501 3143 4557 teneri
3176 4499 3416 4572 ignibus
3437 4504 3606 4570 neget
3635 4500 3661 4552 ‘.’

249 4620 484 4659 cassum
511 4609 668 4675 patet
698 4606 904 4661 oculus
929 4605 1030 4677 qui
1053 4583 1304 4660 videbat.
1330 4605 1619 4660 Subtrahe
1637 4604 1897 4662 animam
1933 4583 1976 4651 D
2008 4583 2256 4661 Persas.
2282 4629 2348 4639 —-
2378 4602 2524 4654 Ecce
2549 4595 2769 4649 ratione
2787 4598 2842 4647 et
2875 4590 3213 4646 testimonio
3247 4589 3318 4644 ad
3351 4588 3663 4644 crudelita-

251 4693 502 4764 corpori.
535 4699 841 4750 remanent
902 4694 1104 4766 procul
1161 4694 1340 4748 dubio
1375 4693 1527 4748 oculi
1573 4694 1630 4749 in
1665 4709 1903 4764 corpore

253 4781 461 4852 aperti.
497 4782 555 4836 Si
616 4781 798 4854 igitur
855 4801 956 4854 per
1014 4801 1075 4838 se
1103 4782 1360 4850 videbat,
1418 4797 1523 4836 cur
1572 4782 1907 4837 discedente

255 4869 455 4926 anima
481 4871 628 4925 nihil
659 4872 903 4927 vident?
926 4871 1072 4926 Hinc
1101 4887 1238 4942 ergo
1284 4869 1568 4941 intellige,
1599 4870 1738 4940 quia
1759 4887 1906 4942 quo-

257 4975 373 5029 quc
400 4958 530 5030 ipsa
561 4959 816 5016 visibilia
847 4977 960 5016 non
992 4960 1107 5014 nisi
1142 4975 1242 5030 per
1269 4958 1594 5014 invisibilia
1613 4959 1905 5014 videntur.

258 5051 559 5103 Ponamus
591 5065 823 5120 quoque
855 5055 988 5104 ante
1011 5049 1212 5105 oculos
1244 5049 1460 5103 mentis
1478 5048 1716 5103 domum
1732 5048 1911 5102 aediﬁ-

260 5136 404 5204 cari,
437 5137 761 5193 immensas
821 5139 1005 5195 moles
1035 5139 1239 5204 levari,
1292 5138 1544 5208 pendere
1584 5153 1828 5208 magnas
1852 5137 1911 5191 in

264 5225 560 5281 machinis
583 5226 912 5295 columnas,
949 5229 1105 5299 quis,
1139 5243 1335 5298 quaeso
1369 5226 1564 5295 te,hoc
1595 5243 1742 5297 opus
1771 5242 1912 5296 ope-

267 5316 478 5369 ratur?
499 5315 722 5387 Corpus
754 5317 986 5372 visibile
1043 5317 1196 5387 quod
1257 5315 1390 5370 illas
1424 5315 1609 5369 moles
1642 5315 1914 5370 manibus

267 5402 471 5470 trahit,
503 5422 573 5459 an
631 5405 943 5461 invisibilis
1001 5405 1200 5460 anima
1231 5421 1355 5474 qua:
1399 5403 1652 5459 viviﬁcat
1683 5421 1914 5476 corpus.

270 5490 434 5546 Tolle
455 5493 612 5547 enim
637 5496 793 5564 quod
818 5512 933 5550 non
951 5494 1180 5549 videtur
1203 5494 1261 5547 in
1289 5508 1554 5562 corpore,
1579 5498 1636 5547 et
1658 5511 1790 5549 mox
1813 5494 1918 5548 im-

272 5580 516 5636 mobilia
542 5590 842 5639 remanent
867 5590 1100 5653 cuncta,
1137 5600 1264 5654 quae
1305 5582 1525 5637 moveri
1573 5582 1923 5639 videbantur

271 5669 528 5726 visibilia
559 5689 802 5744 corpora
824 5672 1348 5735 metallorum.Qua
1379 5671 1436 5726 in
1472 5688 1531 5726 re
1552 5673 1919 5742 pensandum

2010 4699 2129 4749 tem
2162 4687 2416 4744 flectitur
2447 4681 2812 4749 animus,sed
2848 4678 3132 4734 dimissus
3159 4678 3375 4734 iterum
3401 4678 3472 4731 ad
3508 4678 3662 4748 rigo-

2016 4799 2136 4838 rem
2169 4777 2339 4834 redit.
2374 4773 2672 4841 Quomodo
2703 4771 2858 4826 enim
2894 4787 2984 4824 res
3020 4770 3360 4840 incorporea
3391 4785 3422 4822 a
3448 4783 3506 4821 re
3538 4782 3664 4820 cor-

2017 4886 2193 4943 porea
2223 4865 2405 4922 teneri
2438 4868 2615 4932 atque
2647 4858 2832 4929 affligi
2858 4857 3042 4928 possit
3074 4857 3303 4929 ignoro.

2019 4976 2154 5031 CAP.
2175 4974 2266 5026 99.
2300 4999 2369 5009 —
2402 4968 2474 5022 De
2506 4966 2769 5036 apostatis
2797 4963 3127 5036 Aspir‘itibus,
3187 4960 3331 5032 quod
3363 4960 3670 5029 incorporei

2535 5034 2648 5092 sint
2677 5034 2957 5092 credendi.
2979 5034 3199 5089 Ibidem.

2091 5139 2448 5188 GREGORIUS.
2481 5159 2544 5168 —-
2578 5127 2700 5198 Dic,
2733 5144 2927 5199 quaeso
2961 5131 3036 5189 te,
3072 5126 3370 5192 apostatas
3429 5119 3673 5190 spiritus

2024 5222 2302 5283 acmlesti
2356 5219 2547 5290 gloria
2579 5219 2858 5286 (lejectos,
2919 5229 3228 5283 corporeus
3273 5229 3346 5266 an
3408 5211 3672 5278 incorpo-i

2025 5331 2155 5372 reos
2188 5327 2317 5368 esse
2348 5305 2713 5378 suspicaris?
2749 5307 2993 5358 l’m‘nus.
3017 5331 3083 5338 —
3117 5299 3256 5362 Quis
3288 5314 3427 5353 sane
3446 5296 3681 5367 sapiens

2026 5420 2156 5460 esse
2176 5398 2429 5471 spiritus
2449 5408 2760 5464 corporeos
2794 5387 3044 5442 dixerit?

2029 5512 2158 5566 CAP.
2195 5507 2316 5561 100.
2340 5529 2409 5542 ——
2445 5499 2593 5568 Quod
2621 5497 2887 5567 gehrnna:
2921 5494 3071 5568 ignis
3103 5507 3391 5562 corporeus
3423 5507 3537 5546 esse
3563 5510 3686 5548 cre-

2563 5570 2771 5624 dandus
2801 5571 2891 5620 sit.
2929 5567 3150 5617 Ibidem.

2100 5673 2454 5725 Gnsconws.
2486 5691 2556 5702 —
2586 5658 2879 5714 Gebennm
2915 5655 3108 5726 ignem
3145 5670 3275 5710 esse
3324 5671 3692 5725 corporeum,
