3948 6072
390 279 525 332 1007

1472 283 1538 332 D.
1585 278 1825 333 IVONIS
1860 277 2357 333 CARNOTENSIS
2394 283 2716 338 EPISCOPI

3676 286 3831 341 1008

371 421 446 460 an
480 404 892 475 incorporeum
924 401 1123 458 fateris
1144 403 1170 457 ‘t
1190 403 1499 458 Psrnus.—-
1522 405 1718 474 Ignem
1745 402 2022 473 gehennae
2053 403 2108 468 Α
2138 405 2450 473 stentibus,
2486 407 2584 461 sed
2623 411 2814 462 tamen
2848 405 3245 462 inaestimabili
3276 407 3486 464 virtute
3517 427 3821 468 crescen-

372 510 717 566 corporeum
749 510 880 549 esse
911 509 1025 548 non
1059 491 1376 564 ambigo,in
1393 510 1508 564 quo
1531 509 1776 565 corpora
1797 497 2021 547 certum

371 587 460 638 cst
492 581 760 640 cruciari.

373 700 508 755 CAP.
543 699 666 754 101.
701 733 769 740 —
801 701 873 756 De
897 701 995 757 hoc
1022 701 1166 772 quod
1187 699 1465 772 scribitur,
1505 701 1672 772 Deum
1709 697 2022 772 nemovidit

443 789 706 854 unquam,
741 781 791 827 et
814 770 1054 844 qualiter
1085 771 1225 827 illud
1256 771 1675 840 intelligendum
1709 773 1800 825 sit.
1864 770 2019 838 Greg.

443 861 502 898 ιη
528 842 721 898 Morel.
757 842 884 914 (lib.
920 862 1081 914 xvm,
1114 861 1160 899 ο.
1193 845 1271 913 5).

443 861 502 898 m
528 860 721 898 morat.
757 860 884 914 (ne.
920 862 1081 915 xvm,
1114 861 1160 899 ο.
1193 860 1271 913 θ).

439 951 610 1005 Deum
640 965 801 1006 nemo
828 949 963 1005 vidit
984 967 1248 1025 unquam,
1276 949 1472 1021 inquit
1500 949 1756 1005 Joannes
1777 950 1823 1019 (1
1849 952 2017 1004 Joan.

367 1040 465 1106 ιν).
497 1043 868 1108 Rursumque
902 1057 1035 1095 cum
1069 1039 1405 1095 testamenti
1451 1038 1665 1094 veteris
1698 1042 1894 1094 Palres
1932 1037 2019 1091 in-

368 1135 555 1199 tueor,
589 1129 810 1186 multos
868 1130 1100 1196 horum,
1163 1134 1309 1185 teste
1338 1129 1468 1200 ipsa
1515 1145 1693 1184 sacrm
1752 1126 2020 1182 lectionis

365 1217 829 1287 historia,Deum
863 1220 1083 1276 vidisse
1115 1217 1589 1290 cognosco.Vidit
1610 1216 1822 1288 quippe
1839 1215 2018 1270 Jacob

370 1307 713 1374 Dominum,
747 1315 802 1364 et
835 1309 916 1364 ait
949 1325 961 1363 :
996 1308 1111 1363 Vidi
1142 1309 1436 1362 Dominum
1491 1308 1636 1376 facie
1690 1306 1760 1360 ad
1795 1307 2018 1375 faciem,

365 1406 418 1453 et
448 1398 603 1452 salva
653 1400 810 1467 facta
864 1403 944 1452 est
999 1399 1193 1453 anima
1245 1413 1368 1451 mea
1423 1396 1578 1464 (Cen.
1639 1394 2022 1467 xxxu).Vidit

365 1487 594 1559 Moyses
623 1487 1038 1553 Dominum,de
1062 1503 1177 1558 quo
1209 1486 1498 1557 scriptum
1517 1490 1639 1540 est:
1673 1485 2022 1555 Loquebatm'

369 1575 635 1630 Dominus
665 1575 735 1629 ad
765 1575 982 1646 Moysen
1012 1575 1155 1645 facie
1184 1574 1263 1628 ad
1285 1575 1506 1644 faciem,
1540 1575 1682 1627 sicut
1712 1572 1862 1642 loqui
1887 1573 2022 1627 solet

369 1664 531 1719 homo
556 1665 626 1719 ad
654 1665 894 1719 amicum
949 1681 1109 1719 suum
1135 1662 1325 1731 (Exod.
1358 1661 1578 1732 xxxiii).
1629 1659 1790 1716 Vidit
1821 1661 2020 1716 Domi-

371 1770 513 1808 num
545 1754 655 1810 Job
687 1755 788 1825 qui
822 1753 970 1808 dixit
1004 1771 1016 1808 :
1050 1753 1251 1808 Audita
1309 1754 1466 1807 auris
1521 1750 1716 1806 audivi
1771 1760 1843 1818 te,
1876 1769 2022 1807 nunc
2050 1775 2096 1839 Β

363 1847 549 1898 autem
581 1844 770 1898 oculus
795 1858 945 1897 meus
977 1842 1118 1897 videt
1148 1846 1199 1897 te
1229 1841 1345 1912 (Job
1402 1841 1562 1911 xui).
1626 1840 1785 1895 Vidit
1833 1842 2016 1897 Isaias

364 1931 680 1986 Dominum
709 1931 809 2002 qui
843 1931 960 1985 ait:
991 1931 1146 1986 Anno
1177 1945 1279 2000 quo
1309 1936 1555 1985 mortuus
1577 1934 1661 1984 est
1685 1947 1787 1985 rex
1820 1933 2012 1998 Ozias,

365 2017 480 2073 vidi
507 2018 802 2074 Dominum
859 2015 1134 2074 sedentem
1189 2034 1355 2088 super
1409 2019 1610 2072 solium
1665 2023 1938 2073 excelsum
1967 2026 2019 2074 et

366 2108 928 2179 etevatum(lsa.v1).
989 2107 1150 2162 Vidit
1208 2105 1480 2162 Michaaas
1538 2107 1853 2162 Dominum
1913 2107 2016 2178 qui

368 2196 549 2252 dicit:
581 2197 702 2253 Vidi
729 2199 1030 2252 Dominum
1081 2196 1357 2253 sedentem
1403 2213 1570 2268 super
1600 2197 1804 2251 solium
1831 2213 2014 2266 suum,

363 2293 415 2340 et
442 2301 660 2342 omnem
687 2284 997 2340 exercitum
1024 2286 1148 2340 caeli
1175 2284 1519 2340 assistentem
1539 2286 1644 2340 eia
1665 2285 1880 2340 dextris
1909 2290 1959 2340 et
1981 2302 2014 2339 (ι

361 2374 606 2429 sinistris
641 2374 738 2444 (111
765 2375 893 2443 Reg.
945 2372 1104 2443 xxn).
1162 2372 1308 2436 Quid
1368 2389 1504 2444 ergo
1563 2377 1652 2428 est
1715 2373 1868 2444 quod
1929 2376 2015 2429 tot

359 2462 568 2518 veteris
599 2463 933 2518 testamenti
959 2466 1156 2517 Patres
1189 2461 1372 2517 Deum
1433 2477 1495 2516 se
1545 2461 1764 2516 vidisse
1815 2461 2011 2516 testati

361 2557 522 2619 sunt,
554 2555 611 2607 et
635 2555 832 2607 tamen
863 2552 933 2606 de
962 2551 1071 2605 hac
1104 2550 1398 2622 sapientia
1428 2567 1552 2622 qua:
1580 2551 1735 2605 Deus
1779 2555 1888 2616 est,
1923 2551 2008 2604 di-

360 2644 513 2698 citur
544 2660 558 2698 :
585 2641 924 2699 Abscondita
955 2643 1034 2696 est
1065 2640 1131 2696 ab
1163 2638 1349 2695 oculis
1406 2641 1654 2695 omnium
1705 2641 2010 2694 virentium

362 2733 495 2801 (Job
523 2732 747 2803 xxvm).
779 2732 850 2786 Et
905 2731 1165 2786 Joannes
1197 2729 1310 2785 ait:
1345 2731 1512 2784 Deum
1542 2745 1701 2784 nemo
1730 2729 1868 2784 vidit
1898 2746 2008 2783 un-

360 2838 528 2892 quam
559 2821 606 2890 (1
639 2823 797 2877 Ιοαη.
824 2819 919 2891 iv),
973 2818 1088 2873 nisi
1151 2818 1256 2873 hoc
1317 2818 1470 2889 quod
1524 2822 1789 2889 patenter
1836 2819 2010 2873 datur

361 2908 782 2981 intelligi,quia
810 2907 1069 2979 quandiu
1101 2906 1196 2961 hic
1221 2907 1544 2961 mortaliter
1568 2906 1802 2975 vivitur,
1823 2906 2007 2962 videri

361 3017 464 3074 per
487 3001 776 3072 quasdam
807 2998 1098 3069 imagines
1131 3003 1281 3052 Deus
1312 3001 1523 3068 potest,
1550 2998 1648 3052 sed
1683 3015 1786 3069 per
1813 2998 2004 3069 ipsam

356 3094 578 3145 natura
612 3105 729 3143 suis
757 3087 1010 3158 speciem
1045 3103 1159 3141 non
1209 3090 1417 3157 potest,
1470 3091 1535 3142 ut
1583 3086 1780 3141 anima
1817 3087 2006 3158 gratia

356 3140 601 3250 spiritus
615 3140 852 3233 aii—lata
873 3192 974 3246 per
1003 3140 1226 3246 figuras
1260 3140 1547 3246 quas’dam
1585 3140 2004 3244 Denmv‘ijdeat,
2037 3140 2078 3208 Ο

346 3268 450 3325 sed
481 3268 554 3323 ad
578 3267 766 3340 ipsam
785 3265 902 3321 vim
927 3265 1054 3336 ejus
1077 3264 1343 3320 essentiae
1367 3281 1480 3319 non
1502 3263 1839 3336 pertingat?
1863 3265 2009 3321 Hinc

351 3362 439 3415 est
470 3357 625 3430 quod
656 3356 833 3412 Jacob
868 3354 967 3427 qui
1002 3359 1183 3410 Deum
1217 3370 1278 3410 se
1310 3353 1529 3409 vidisse
1557 3357 1828 3423 testatur,
1853 3353 2008 3409 hunc

351 3467 466 3506 non
501 3448 615 3504 nisi
645 3448 707 3503 in
742 3446 948 3518 angelo
972 3445 1118 3501 vidit
1141 3445 1296 3513 (Gen.
1331 3447 1531 3518 xxx").
1559 3445 1703 3500 Hinc
1735 3449 1824 3501 est
1853 3445 2008 3516 quod

351 3543 579 3611 Moyses
611 3535 712 3608 qui
743 3552 876 3590 cum
910 3535 1026 3590 Deo
1061 3537 1215 3605 facie
1237 3535 1305 3589 ad
1333 3538 1533 3606 faciem
1563 3533 1844 3606 loquitur,
1868 3537 2012 3592 sicut

348 3625 500 3696 loqui
535 3621 680 3680 solet
711 3622 869 3678 homo
902 3621 970 3676 ad
1029 3624 1268 3676 amicum
1329 3639 1492 3676 suum
1541 3622 1736 3691 (Exod.
1787 3626 2004 3694 χχχιιι),

348 3713 500 3768 inter
533 3711 663 3783 ipsa
681 3709 857 3765 verba
887 3727 1006 3764 suae
1037 3709 1356 3764 locutionis
1389 3709 1528 3765 dicit
1559 3727 1570 3764 :
1596 3710 1657 3764 Si
1679 3713 1868 3766 inveni
1888 3729 2010 3782 θνα.

350 3802 490 3857 tiam
519 3801 579 3855 in.
608 3805 891 3869 conspectu
920 3802 1036 3862 tuo,
1067 3797 1290 3852 ostende
1337 3797 1476 3850 mihi
1521 3800 1864 3870 temetipsum
1894 3817 2007 3855 ma-

348 3895 565 3964 nifeste,
589 3897 649 3946 ut
675 3888 891 3943 videam
941 3895 990 3943 te
1035 3887 1250 3958 (lbid.).
1311 3887 1474 3942 Certe
1532 3888 1686 3942 enim
1749 3889 1797 3962 si
1857 3894 2006 3945 Deus

349 3998 465 4036 non
496 3983 620 4036 erat
649 3992 784 4036 cum
813 3992 927 4049 quo
976 3975 1348 4046 loquebatur,
1400 3976 1617 4031 ostende
1646 3976 1790 4032 mihi
1837 3979 2006 4034 Deum

348 4071 589 4139 diceret,
611 4071 667 4124 et
697 4083 814 4122 non
871 4064 1087 4120 ostende
1134 4065 1500 4135 temetipsum.
1533 4064 1589 4118 Si
1623 4069 1813 4120 autem
1849 4066 2003 4122 Deus

355 4164 479 4216 crat
508 4174 640 4215 cum
675 4173 790 4228 quo
849 4154 1208 4226 loquebatur
1236 4155 1388 4225 facie
1430 4153 1500 4208 ad
1527 4155 1750 4224 faciem,
1784 4171 1887 4210 cur
1912 4172 2005 4226 pe-

347 4249 504 4305 tebat
558 4247 754 4302 videre
807 4260 982 4317 quem
1049 4242 1275 4298 videbat
1329 4244 1356 4298 ?
1411 4243 1516 4298 Sed
1576 4259 1644 4298 ex
1695 4244 1802 4299 hac
1871 4245 1999 4314 ejus

347 4334 625 4409 petitione
655 4331 956 4404 colligitur
977 4331 1116 4403 quia
1143 4347 1277 4387 eum
1311 4331 1550 4387 sitiebat
1581 4349 1683 4404 per
1710 4332 1999 4389 incircou-

345 4425 626 4495 scriptam
684 4427 905 4476 naturaa
965 4437 1084 4476 suae
1140 4420 1464 4477 claritatem
1522 4438 1758 4478 cernere
1817 4439 1994 4494 quem

342 4515 464 4585 jam
513 4515 765 4584 coeperat
821 4526 924 4581 per
982 4510 1269 4583 quasdam
1328 4510 1618 4582 imagines
1662 4512 1876 4581 videre,
1931 4510 2072 4572 utD

345 4604 430 4658 sic
455 4616 711 4673 superna
739 4597 994 4654 essentia
1042 4599 1258 4653 mentis
1307 4600 1437 4669 ejus
1495 4599 1680 4654 oculis
1732 4601 1983 4664 adesset,

349 4694 640 4765 quatenus
673 4687 723 4742 ei
756 4687 827 4741 ad
879 4687 1223 4742 aeternitatis
1268 4687 1549 4743 visionem
1598 4687 1760 4744 nulla
1793 4690 1986 4761 imago

346 4783 538 4838 creata
570 4773 975 4847 temporaliter
1004 4775 1410 4831 interesset.Et
1425 4777 1698 4832 viderunt
1729 4792 1864 4849 ergo
1887 4795 1988 4850 pa-

344 4880 460 4927 tres
489 4863 828 4925 testamenti
858 4863 1069 4918 veteris
1118 4865 1452 4933 Dominum,
1487 4871 1542 4922 et
1598 4874 1794 4923 tamen
1820 4867 1991 4938 juxta

342 4958 585 5017 Joannis
610 4968 846 5012 vocem:
881 4952 1051 5006 Deum
1096 4969 1256 5008 nemo
1303 4956 1450 5011 vidit
1477 4972 1720 5026 unquam
1748 4956 1793 5024 (1
1819 4962 1987 5014 Joan.

343 5051 444 5119 1v).
471 5046 542 5100 Et
563 5045 739 5116 juxta
770 5038 922 5096 beati
953 5039 1058 5093 Job
1090 5041 1439 5096 sententiam
1474 5058 1486 5095 :
1520 5043 1831 5113 Sapientia,
1862 5060 1989 5114 quae

341 5139 499 5194 Deus
530 5138 639 5205 est,
671 5127 990 5186 abscondita
1010 5135 1091 5183 est
1117 5128 1184 5182 ab
1213 5130 1386 5184 oculis
1414 5132 1659 5186 omnium
1689 5133 1986 5188 viventium

339 5225 457 5294 (Job
487 5221 687 5292 xxvm)
718 5218 858 5290 quia
879 5217 937 5272 in
971 5217 1078 5272 hac
1109 5217 1338 5272 mortali
1384 5234 1555 5273 carne
1613 5220 1991 5276 consistenti-

337 5317 472 5383 bus,
507 5318 564 5370 et.
591 5309 772 5367 videri
823 5306 1014 5379 potuit
1071 5324 1174 5380 per
1201 5307 1487 5378 quasdam
1517 5309 1988 5381 circumscriptae

336 5403 709 5475 imagines,et
740 5395 918 5452 videri
950 5413 1062 5450 non
1087 5397 1274 5468 potuit
1306 5412 1407 5467 per
1436 5396 1982 5468 incirconscriptum

333 5493 533 5546 lumen
565 5486 913 5545 aeternitatis
938 5487 1055 5555 (Job
1109 5487 1372 5556 xxxvm).
1425 5487 1526 5540 Sin
1582 5502 1714 5541 vero
1769 5504 1802 5542 a
1855 5490 1984 5560 qui-

334 5579 586 5635 busdam
619 5581 806 5648 potest
840 5575 899 5628 in
933 5573 1042 5630 hac
1073 5575 1264 5630 adhuc
1289 5575 1521 5630 mortali
1584 5592 1755 5631 carne
1788 5579 1983 5632 consi-

2133 491 2582 564 tibus,quodam
2614 495 3128 568 contemplationis
3155 497 3427 553 acumine
3448 502 3682 557 (eterna
3705 501 3820 556 Dei

2135 579 2371 637 claritas
2402 583 2605 651 videri,
2653 589 2762 642 etc.

2134 701 2265 750 Cap.
2307 698 2426 773 l02.
2453 701 2640 773 -—_De
2659 701 2872 770 duplici
2925 719 3086 773 pruna
3127 702 3547 761 damnatorum.
3578 706 3674 761 Ex
3731 706 3823 760 di—

2311 771 2414 823 ctis
2443 769 2643 825 Isidori
2671 769 2792 839 (tib.
2827 789 2844 827 ι
2878 769 2961 828 Βέ
2990 790 3202 829 summo
3225 775 3382 844 bono,
3413 793 3461 831 ε.
3491 779 3611 847 28).

2207 857 2430 929 Duplex
2464 859 2880 915 damnatorum
2915 878 3085 932 poena
3115 867 3203 917 est
3234 862 3290 916 in
3323 862 3620 934 gehenna,
3651 883 3816 938 quo-

2134 964 2264 1002 rum
2288 955 2345 1003 et
2365 953 2618 1004 mentem
2645 950 2763 1005 urit
2788 949 3113 1017 tristitia,et
3129 968 3341 1023 corpus
3363 951 3812 1025 ﬂammajuxta

2132 1036 2598 1093 vicissitudinem
2635 1039 2816 1109 [iusta
2845 1038 3298 1110 vicissitudine],
3322 1045 3387 1095 ut
3442 1041 3546 1112 qui
3589 1049 3810 1099 mente

2133 1129 2530 1179 tractaverunt
2562 1126 2716 1196 quod
2780 1126 3127 1196 perficerent
3175 1143 3440 1199 corpore,
3498 1130 3694 1185 simul
3750 1137 3811 1186 et

2134 1212 2331 1267 animo
2365 1213 2686 1284 puniantur
2705 1218 2761 1270 et
2783 1218 3252 1286 corpore.lgnem
3274 1215 3557 1287 gehennze
3582 1219 3664 1273 ad
3690 1219 3807 1273 ali-

2135 1301 2275 1372 quid
2311 1300 2507 1357 lumen
2543 1302 2777 1374 habere,
2810 1307 2867 1358 et
2898 1303 2968 1356 ad
3000 1303 3221 1374 aliquid
3255 1321 3372 1360 non
3403 1304 3649 1373 habere,
3687 1307 3804 1363 hoc

2133 1390 2464 1456 est,habere
2487 1391 2684 1448 lumen
2709 1380 2785 1447 ad.
2803 1391 3335 1459 damnationem,ut
3354 1395 3594 1450 videant
3619 1396 3801 1468 impii

2135 1480 2288 1534 unde
2319 1480 2576 1548 doleant,
2607 1484 2663 1535 et
2695 1497 2808 1537 non
2840 1480 3057 1537 habere
3087 1483 3159 1536 ad
3190 1481 3686 1555 consolationem,
3721 1502 3796 1541 ne

2131 1569 2365 1624 videant
2396 1569 2550 1624 unde
2579 1571 2894 1642 gaudeant.
2916 1573 3067 1642 Apta
3097 1571 3161 1626 ﬁt
3191 1572 3551 1644 comparatio
3583 1574 3662 1628 de
3694 1591 3793 1630 ca-

2133 1657 2292 1712 mino
2316 1657 2492 1713 trium
2514 1660 2928 1729 puerorum,ad
2948 1659 3280 1731 exemplum
3298 1659 3452 1732 ignis
3473 1661 3793 1733 gehennae.

2131 1747 2276 1802 Nam
2308 1747 2462 1802 sicut
2491 1746 2592 1802 ille
2622 1747 2777 1819 ignis
2810 1765 2925 1804 non
2960 1748 3107 1803 arsit
3145 1749 3216 1803 ad
3250 1749 3427 1803 trium
3461 1766 3790 1822 puerorum

2126 1835 2506 1908 supplicium,
2539 1840 2596 1891 et
2626 1836 2774 1891 arsit
2803 1838 2875 1891 ad
2915 1837 3318 1892 comburendu
3337 1836 3626 1909 ligamina
3661 1840 3793 1897 vin-

2124 1924 2388 1981 culorum
2420 1926 2582 1996 (Dan.
2611 1926 2720 1996 in),
2753 1924 2834 1980 ita
2860 1924 3015 1996 ignis
3045 1923 3323 1996 gehennae
3354 1929 3410 1981 et
3430 1924 3658 1983 lucebit
3682 1929 3791 1984 mi-

2124 2015 2272 2070 seris
2303 2015 2373 2069 ad
2408 2017 2792 2085 augmentum
2817 2018 3217 2086 poenarum,ut
3235 2013 3478 2070 videant
3501 2017 3665 2071 unde
3690 2019 3793 2074 do-

2121 2101 2300 2171 leant,
2333 2107 2388 2158 et
2419 2119 2534 2158 non
2567 2101 2786 2158 lucebit
2811 2104 2883 2159 ad
2917 2102 3395 2171 consolationem,
3430 2120 3500 2160 ne
3531 2105 3786 2162 videant

2122 2195 2276 2248 unde
2307 2195 2787 2266 gaudeant.Inter
2817 2193 2998 2265 hujus
3027 2194 3158 2249 vitae
3188 2201 3247 2250 et
3276 2195 3487 2250 futura:
3516 2195 3774 2251 infelici-

2122 2283 2260 2338 tatis
2278 2283 2578 2339 miseriam
2609 2282 2802 2338 multa
2830 2282 3104 2339 discretio
3137 2283 3378 2339 est.lllic
3400 2284 3555 2340 enim
3583 2289 3645 2339 et
3664 2285 3781 2340 mi-

2121 2371 2272 2428 seria
2300 2376 2390 2427 est
2420 2375 2656 2443 propter
2686 2371 3107 2428 crueiationem
3140 2371 3496 2443 dolorum,et
3516 2375 3777 2429 tenebrae

2123 2463 2358 2533 propter
2387 2459 2537 2516 lucis
2561 2459 2944 2517 aversionem.
3006 2461 3262 2524 Quorum
3319 2478 3505 2516 unum
3569 2461 3629 2516 in
3664 2462 3778 2517 hac

2120 2549 2260 2620 vita,
2293 2549 2351 2604 id
2383 2553 2472 2605 est
2503 2549 2761 2618 miseria,
2794 2554 2903 2617 est,
2938 2548 3094 2604 aliud
3128 2566 3243 2606 non
3276 2555 3382 2606 est.
3439 2553 3501 2606 In
3536 2550 3774 2607 inferno

2121 2643 2318 2694 autem
2347 2642 2669 2710 utrumque
2697 2642 2806 2694 est.

2120 2755 2251 2808 CAP.
2291 2753 2410 2807 103.
2449 2782 2516 2791 ——
2547 2753 2621 2807 De
2664 2753 3188 2894 peringsdimpioggr.
3221 2755 3306 2809 Ea:
3329 2753 3496 2809 dictis
3527 2754 3782 2821 eiusdem

2757 2841 2776 2878 ι
2819 2841 2834 2878 ι
2881 2867 2918 2894 .,
2949 2841 2997 2879 c.
3131 2868 3143 2882 .

2757 2841 2918 2894 zoza.,
2949 2841 2997 2879 ε.
3030 2841 3143 2894 zu).

2189 2914 2356 2968 Sicut
2404 2913 2667 2969 fasciculi
2721 2913 3024 2985 signorum
3083 2914 3154 2968 ad
3197 2914 3675 2970 combustionem
3709 2914 3783 2969 de

2117 3001 2412 3057 similibus
2434 3001 2892 3073 colligantur,ita
2923 3003 2982 3056 in
3008 3002 3328 3074 diejudicii
3351 3001 3566 3058 similis
3584 3003 3777 3074 culpa:

2118 3090 2200 3145 rei
2223 3091 2348 3147 suis
2372 3091 2667 3146 similibus
2682 3092 3102 3161 jungentur,ut
3126 3107 3196 3146 ex
3223 3109 3388 3163 aequo
3407 3109 3580 3164 prima
3596 3108 3779 3147 cons-

2120 3179 2342 3251 tringat
2368 3180 2536 3250 quasi
2560 3181 2618 3235 in
2639 3179 3008 3249 fasciculum,
3041 3196 3189 3251 quos
3213 3181 3361 3236 actio
3384 3181 3609 3237 similes
3637 3182 3784 3237 fecit

2118 3267 2176 3321 in
2204 3267 2448 3324 malum.
2481 3268 2646 3324 Sicut
2676 3268 3087 3339 unusquisque
3110 3269 3428 3325 sanctusin
3455 3270 3657 3324 futuro
3681 3271 3788 3340 ju-

2117 3354 2270 3410 dicio
2292 3371 2393 3426 pro
2437 3355 2763 3426 quantitate
2793 3355 3076 3411 virtutum
3120 3357 3570 3428 gloriﬁcabitur,
3601 3359 3693 3414 ita
3722 3364 3783 3414 et

2118 3444 2530 3516 unusquisque
2562 3443 2781 3517 impius
2803 3461 2907 3516 pro
2929 3446 3258 3516 quantitate
3280 3446 3612 3502 facinorum
3640 3464 3782 3504 con-

2118 3532 2511 3588 demnabitur.
2545 3533 2658 3589 Nec
2679 3533 2863 3590 deerit
2883 3534 2941 3588 in
2985 3534 3275 3607 supplicio
3305 3536 3504 3592 futuro
3533 3537 3782 3592 damna-

2119 3622 2293 3678 tionis
2309 3622 2757 3692 ordo,sedjuxta
2770 3622 3117 3694 qualitatem
3141 3625 3460 3680 criminum
3484 3625 3776 3682 discretio

2117 3713 2229 3766 erit
2260 3728 2585 3784 poenarum,
2637 3712 2923 3788 propheta
2971 3711 3265 3770 ﬁrmante.
3320 3715 3396 3769 De
3453 3714 3777 3770 charorum

2118 3817 2358 3856 suorum
2391 3817 2623 3872 quoque
2666 3799 2976 3872 suppliciis
3007 3801 3234 3858 additui
3260 3803 3438 3858 etiam
3470 3819 3649 3874 poena
3682 3805 3778 3860 de-

2117 3889 2356 3957 functis,
2389 3889 2543 3943 sicut
2597 3889 2751 3959 apud
2784 3887 3008 3945 inferos
3066 3889 3233 3946 diviti
3264 3907 3460 3947 sermo
3490 3893 3775 3962 praedicat

2113 3975 2487 4048 evangelicus
2510 3976 2662 4046 (Luc.
2695 3975 2973 4047 xv),sicut
3002 3995 3108 4050 pro
3140 3981 3406 4052 augendo
3433 3979 3601 4035 Judaa
3625 3998 3774 4052 sup-

2113 4065 2288 4138 plicio
2311 4064 2453 4120 dicit
2472 4064 2646 4120 etiam
2671 4064 2935 4136 psalmus
2963 4069 3399 4125 :Commotione
3417 4075 3774 4126 moveantur

2110 4153 2220 4225 ﬁlii
2247 4155 2384 4224 ejus,
2416 4155 2466 4208 et
2495 4152 2800 4207 mendicent
2826 4153 2999 4224 (Psat.
3053 4159 3232 4224 cvm).
3293 4156 3464 4229 Impii
3526 4174 3597 4213 ex
3660 4157 3775 4214 hoc

2112 4242 2322 4298 durius
2353 4242 2412 4296 in
2440 4240 2666 4311 judicio
2699 4241 2985 4313 puniendi
3009 4250 3148 4300 sunt
3204 4245 3418 4302 mentis
3448 4247 3682 4315 dolore,
3707 4263 3776 4302 ex

2110 4348 2224 4404 quo
2255 4330 2438 4386 visuri
2495 4334 2635 4385 sunt
2667 4330 2866 4400 justos
2923 4331 3120 4403 gloriae
3180 4335 3610 4391 beatitudinem
3647 4352 3776 4390 me-

2110 4420 2318 4475 ruisse.
2353 4419 2593 4474 Cunctis
2624 4419 2959 4476 videntibus
2975 4425 3065 4477 est
3087 4424 3544 4496 praecipitandus
3568 4423 3781 4480 diabo-

2105 4511 2464 4582 lus,quando
2495 4510 2605 4565 sub
2630 4514 2871 4580 aspectu
2904 4513 3168 4570 omnium
3201 4515 3486 4572 bonorum
3521 4515 3779 4587 angelo-

2098 4611 2238 4654 rum
2273 4604 2329 4654 et
2361 4597 2836 4665 hominum,cum
2859 4599 2943 4655 eis
2976 4601 3077 4672 qui
3117 4603 3188 4658 de
3218 4608 3384 4675 parte
3413 4604 3544 4674 ejus
3566 4607 3778 4670 erunt,

2099 4691 2158 4744 in
2192 4689 2388 4760 ignem
2442 4693 2726 4743 aternum
2789 4688 3117 4747 mittendus
3162 4703 3270 4749 est.
3302 4693 3454 4748 Dum
3487 4691 3778 4748 sublatus

2101 4779 2274 4834 fuerit
2305 4776 2575 4833 diabolus
2608 4779 2672 4832 ut
2702 4776 3040 4847 damnetur,
3076 4781 3250 4837 multi
3305 4781 3498 4852 electi,
3561 4781 3676 4853 qui
3713 4783 3772 4838 in

2100 4885 2342 4940 corpore
2363 4869 2499 4921 sunt
2521 4865 2887 4936 inveniendi,
2920 4867 3170 4926 Domino
3219 4871 3289 4927 ad
3341 4871 3644 4942 judicium
3678 4889 3774 4928 ve-

2103 4959 2319 5025 niente,
2344 4961 2500 5013 metu
2534 4956 2907 5012 concutiendi
2958 4968 3117 5031 sunt,
3160 4961 3427 5018 videntes
3478 4960 3587 5016 tali
3632 4979 3769 5018 sen-

2101 5047 2282 5101 tentia
2312 5045 2563 5115 impium
2597 5060 2728 5100 esse
2759 5045 3052 5118 punitum,
3078 5066 3182 5121 pro
3212 5054 3430 5107 terrore
3460 5051 3769 5123 purgandi

2102 5135 2411 5207 sunt,quia
2442 5133 2492 5189 si
2526 5133 2668 5205 quid
2702 5133 2786 5188 eis
2813 5150 2881 5189 ex
2911 5151 3152 5208 corpore
3182 5139 3374 5195 adhuc
3405 5139 3635 5212 peccati
3669 5155 3766 5195 re-

2103 5223 2410 5290 manserit,
2445 5227 2604 5277 metu
2658 5221 2785 5293 ipso
2819 5239 2932 5294 quo
2963 5225 3266 5284 diabolum
3307 5227 3582 5284 damnari
3615 5244 3764 5283 con-

2099 5313 2377 5384 spiciunt,
2431 5309 2863 5380 purgabantur.
2901 5311 3043 5368 Hinc
3099 5320 3194 5372 est
3245 5317 3400 5387 quod
3452 5316 3537 5371 ait
3589 5315 3758 5370 Joh:

2102 5404 2233 5456 Cum
2263 5400 2509 5454 sublatus
2539 5400 2714 5469 fuerit
2737 5400 3007 5457 timebunt
3035 5405 3246 5475 angeli,
3297 5409 3348 5461 et
3375 5407 3567 5462 territi
3612 5422 3761 5476 pur-

2096 5489 2375 5559 gabzmtur
2402 5485 2519 5556 (Job
2576 5485 2709 5556 xu).
2746 5485 2958 5544 Multos
3016 5492 3204 5561 perire
3263 5508 3437 5564 posse
3467 5509 3539 5548 ex
3569 5490 3660 5546 eis
3692 5491 3754 5544 in

2097 5581 2187 5636 die
2210 5576 2548 5650 judicii,qui
2584 5593 2740 5633 nunc
2770 5578 2938 5635 electi
2971 5599 3102 5640 esse
3136 5585 3414 5640 videntur
3451 5588 3508 5640 et
3533 5583 3759 5650 sancti,
