4000 6060
230 241 372 297 1009

1013 244 1321 296 DECRETI
1361 243 1547 295 PARS
1587 241 1761 294 XVII.
1802 270 1861 279 —
1904 242 1995 293 DE
2034 243 2220 303 FIDE,
2265 242 2396 293 SPE
2435 242 2527 292 ΕΤ
2563 237 2854 293 CHARIT.

3506 236 3647 291 1010

228 371 459 426 dicente
504 369 832 440 Propheta:
888 369 1105 426 Vocabit
1164 371 1430 423 Dominus
1486 369 1755 435 iudicium
1810 368 1878 423 ad
1909 371 1960 435 Α
1992 368 2124 422 Car.
2164 368 2284 421 105.
2318 397 2387 440 έ-
2436 365 2769 440 Quodante
2810 363 2953 418 diem
3001 362 3431 440 judic_ii_et_iam
3476 364 3637 440 electi

225 462 430 530 ignem,
471 462 522 513 et
574 457 859 512 devorabit
917 458 1179 528 abyssum
1227 459 1480 527 multam,
1541 466 1590 512 et
1646 458 1888 512 comedet

218 552 440 619 partem
471 546 664 603 domus
694 547 875 616 (Amos
907 547 1029 617 vn).
1063 547 1204 600 Pars
1237 546 1453 618 quippe
1475 547 1686 601 domus
1710 548 1885 601 devo-

225 635 476 704 rabitur,
510 635 650 705 quia
676 633 807 688 illos
840 635 1017 689 etiam
1052 634 1320 689 infernus
1373 633 1730 698 absorbebit,
1783 633 1881 704 qui

226 739 383 778 nunc
416 740 478 777 se
510 739 638 778 esse
664 722 721 777 in
748 722 1053 794 praeceptis
1078 721 1412 776 coelestibus
1436 721 1778 793 gloriantur.
1806 725 1883 775 De

229 813 447 883 quibus
479 816 534 866 et
564 812 851 866 Dominus
886 812 997 866 ait:
1055 812 1214 865 Multi
1255 810 1434 865 dicent
1480 809 1619 863 mihi
1664 812 1719 863 in
1773 809 1880 863 illa

224 900 317 955 die
337 918 355 954 :
383 902 629 966 Domine,
664 900 909 969 Domine,
939 916 1119 955 nonne
1142 900 1198 952 in
1222 902 1446 953 nomine
1477 904 1566 953 tuo
1581 898 1883 969 prophetau

225 992 427 1056 vimus,
465 991 524 1043 in
556 992 779 1045 nomine
839 997 930 1043 tuo
982 988 1255 1043 daemonia
1309 988 1588 1058 ejecimus,
1656 988 1881 1040 virtutes

224 1078 426 1132 multas
451 1080 685 1148 fecimus
704 1078 731 1131 ?
768 1078 913 1131 Tunc
941 1077 1241 1145 conﬁtebor
1271 1076 1409 1144 illis,
1443 1075 1572 1146 quia
1597 1092 1881 1144 nunquam

224 1167 357 1220 novi
387 1180 493 1219 vos.
530 1166 811 1220 Discedite
842 1183 872 1219 a
904 1182 1009 1229 me,
1038 1167 1134 1235 qui
1162 1163 1473 1236 operamini
1503 1163 1880 1233 iniquitatem,-

225 1254 425 1308 nescio
457 1253 557 1324 qui
588 1255 734 1309 estis
767 1255 981 1325 (Matth.
1016 1256 1135 1324 v11).

225 1342 362 1396 CAP.
402 1343 519 1397 104.
554 1374 620 1383 -
648 1344 720 1398 De
749 1341 1213 1485 Antichristglgfx
1242 1342 1401 1397 dictis
1429 1341 1670 1413 ejusdem
1692 1339 1875 1409 (ibid.,

955 1431 1004 1470 ι’.
1138 1457 1149 1468 .

955 1431 1004 1470 ι’.
1037 1431 1149 1470 ΖΟ).

298 1503 504 1557 Omnis
563 1503 661 1573 qui
717 1504 1044 1557 secundum
1095 1502 1440 1558 Christianae
1494 1501 1879 1573 professionis

228 1607 519 1660 normam,
552 1595 653 1646 aut
685 1608 799 1645 non
830 1591 974 1646 vivit
1005 1595 1105 1646 aut
1135 1591 1303 1646 aliter
1341 1591 1531 1657 docet,
1584 1589 1877 1644 Antichri-

226 1684 356 1735 stus
385 1685 491 1735 est.
524 1679 796 1751 Plerique
822 1684 1016 1734 autem
1056 1680 1405 1734 Antichristi
1464 1683 1731 1750 tempora
1763 1695 1877 1733 non

2066 432 2539 507 periclitabantur
2593 438 2655 490 in
2701 436 2939 491 adventu
2986 432 3332 489 Antichristi.
3375 433 3525 505 Greg.
3577 437 3638 490 in

2065 510 2195 565 Mor.
2230 510 2353 581 (tib.
2384 526 2500 578 xxv,
2531 525 2578 562 c.
2614 508 2723 578 12).

2066 600 2124 653 In
2149 598 2337 653 diebus
2355 599 2471 667 ejus
2487 598 2782 667 stupebant
2822 596 3127 660 novissimi,
3169 602 3220 649 et
3256 594 3467 665 primo:
3490 595 3646 651 inua-

1994 689 2082 743 det
2111 687 2305 742 horror
2324 686 2458 757 (Job.
2482 689 2661 756 xvm).
2685 686 2872 739 Tanta
2894 684 3049 738 enim
3073 690 3212 738 tunc
3230 688 3433 739 contra
3451 684 3646 753 justos

1994 777 2150 846 [nos]
2169 775 2476 844 iniquitate
2497 774 2875 829 eil‘renabitur
2898 777 2961 826 ut
2982 772 3158 826 etiam
3183 773 3499 828 electorum
3526 789 3648 828 cor-

1997 865 2071 919 da
2093 880 2208 919 non
2244 881 2417 935 parvo
2450 879 2655 933 pavore
2688 862 2989 916 feriantur.
3018 860 3180 915 Unde
3209 860 3493 932 scriptum
3516 867 3645 930 est;

1995 955 2077 1008 Ita
2097 961 2156 1007 ut
2190 954 2249 1006 in
2291 967 2531 1006 errorem
2579 950 2934 1014 inducantur,
2976 951 3027 1004 si
3072 947 3201 1018 ﬁeri
3248 952 3439 1016 potest,
3479 951 3645 1004 etiam

1993 1042 2150 1097 electi
2171 1041 2392 1112 (Matth.
2434 1040 2609 1109 xxuv).
2645 1039 2806 1102 Quod
2830 1038 3100 1093 videlicet
3123 1037 3479 1103 dicitur,non
3505 1040 3644 1109 quia

1992 1130 2158 1185 electi
2186 1128 2377 1184 casuri
2403 1128 2666 1197 sunt,sed
2686 1125 2915 1197 magnis
2932 1125 3253 1180 terroribus
3270 1125 3639 1195 trepidaturi.

1989 1220 2151 1274 Tunc
2174 1235 2307 1272 vero
2336 1222 2537 1272 contra
2558 1232 2691 1270 eum
2717 1218 3009 1269 certamen
3028 1213 3275 1284 justitiae
3312 1217 3369 1267 et
3394 1213 3641 1268 novissi-

1990 1308 2070 1362 mi
2100 1307 2267 1362 electi
2290 1306 2501 1361 habcre
2526 1309 2841 1360 narrantur
2875 1308 2933 1358 et
2978 1301 3173 1374 primi,
3208 1300 3345 1372 quia
3375 1301 3643 1356 videlicet

1989 1402 2045 1453 et
2076 1398 2134 1452 hi
2169 1397 2268 1467 qui
2299 1396 2357 1449 in
2393 1396 2505 1449 fine
2536 1394 2741 1448 mundi
2775 1392 2940 1448 electi
2970 1390 3428 1462 reperiuntur,in
3452 1396 3640 1445 morte

1989 1486 2183 1541 carnis
2211 1483 2615 1557 prosternendi
2641 1486 2818 1547 sunt;
2844 1480 3001 1535 etilli
3028 1480 3203 1535 etiam
3235 1478 3335 1550 qui
3368 1496 3400 1533 a
3432 1477 3640 1549 priori-

1988 1576 2101 1631 bus
2134 1574 2339 1630 mundi
2373 1573 2636 1645 partibus
2670 1573 3104 1643 processerunt,
3137 1567 3373 1623 Henoch
3419 1567 3639 1622 scilicet

1991 1670 2047 1720 et
2084 1664 2237 1719 Elias
2269 1664 2335 1718 ad
2375 1662 2631 1717 medium
2664 1660 3112 1725 revocabuntur,
3174 1660 3231 1711 et
3271 1654 3637 1712 crudelitatis

223 1768 407 1824 visuri
440 1772 601 1834 sunt,
633 1773 688 1824 et
713 1773 910 1824 tamen
946 1769 1003 1823 in
1038 1768 1322 1823 membris
1346 1767 1691 1822 Antichristi
1716 1768 1878 1822 inve-
1910 1740 1955 1804 Β
1986 1755 2116 1825 eius
2147 1753 2431 1809 εᾶἒνίδίθιω
2462 1752 2522 1805 in
2555 1768 2665 1804 sua
2689 1749 2882 1803 adhuc
2915 1745 3152 1801 mortali
3183 1761 3360 1800 “me
3404 1745 3634 1834 P3359“

228 1857 429 1913 niendi
461 1863 623 1913 sunt.
656 1861 986 1930 Antequam
1010 1857 1208 1912 veniat
1240 1856 1660 1926 Antichristus,
1694 1856 1880 1912 multa

230 1946 497 2001 membra
527 1948 654 2018 ejus
685 1951 1129 2018 praecesserunt,
1162 1950 1216 2001 et
1271 1963 1457 2016 pravas
1486 1946 1735 2001 actionis
1765 1961 1881 1999 me-

230 2036 342 2091 rito
374 2039 550 2107 caput
580 2036 885 2106 proprium
908 2039 1330 2106 prmvenerunt,
1372 2034 1694 2089 secundum
1725 2036 1880 2103 Apo-

228 2124 366 2179 stoli
417 2124 791 2192 sententiam,
849 2124 949 2195 qui
984 2125 1105 2193 jam
1156 2122 1485 2195 iniquitatis
1535 2121 1879 2195 mysterium

228 2212 457 2283 operari
488 2212 651 2267 illum
684 2213 961 2283 afﬁrmat,
1008 2212 1184 2268 etiam
1236 2216 1551 2282 antequam
1595 2211 1882 2268 reveletur

226 2301 300 2370 (Il
327 2301 515 2356 Thess.
552 2303 633 2371 ιι).
669 2302 1013 2373 Magnitudo
1044 2303 1349 2374 signorum
1381 2300 1550 2356 faciet
1577 2301 1687 2356 sub
1714 2301 1879 2355 Anti-

227 2388 470 2453 christo,
492 2397 552 2443 ut
572 2390 749 2456 electi,
768 2391 817 2444 si
837 2392 961 2460 ﬁeri
988 2394 1181 2461 potest,
1211 2390 1268 2444 in
1304 2406 1546 2445 errorem
1569 2390 1883 2444 mittantur

226 2478 434 2548 (Matth.
468 2479 643 2549 xxxv).
684 2479 795 2534 Sed
828 2480 877 2535 si
911 2479 1098 2549 electi,
1132 2480 1426 2551 quomodo
1459 2483 1599 2533 sunt
1629 2479 1687 2532 in
1720 2494 1877 2533 erro-

229 2582 351 2621 rem
388 2567 712 2621 mittendi?
740 2568 886 2640 Ergo
910 2568 1081 2623 ibunt
1129 2568 1188 2621 in
1214 2584 1471 2622 errorem
1506 2567 1881 2622 titubationis

230 2655 303 2709 ad
334 2655 650 2725 modicum,
683 2661 919 2728 propter
951 2656 1389 2711 multitudinem
1438 2656 1836 2726 prodigiorum
1864 2675 1877 2722 ;

232 2760 349 2798 non
381 2748 581 2799 tamen
614 2745 921 2815 dejiciendi
954 2750 1094 2800 sunt
1125 2761 1158 2798 a
1189 2744 1511 2800 stabilitate
1541 2761 1649 2799 sua
1696 2748 1880 2799 terro-

233 2848 364 2886 rum
398 2832 659 2903 impulsu
695 2838 869 2904 atque
900 2833 1224 2905 signorum.
1258 2832 1422 2889 Unde
1452 2836 1509 2888 et
1536 2833 1666 2888 ideo
1718 2832 1879 2902 poni-

234 2924 352 2987 tur,
385 2920 437 2974 si
463 2922 590 2989 ﬁeri
614 2925 807 2992 potest,
841 2922 980 2992 quia
1008 2920 1179 2977 electi
1212 2922 1400 2993 perire
1452 2938 1567 2977 non
1610 2925 1881 2992 possunt,

235 3010 336 3062 sed
370 3010 481 3064 cito
498 3010 910 3081 resipiscentes
934 3011 1129 3065 cordis
1152 3027 1407 3067 errorem
1432 3010 1708 3080 religione
1723 3025 1881 3064 coer-

1990 1846 2131 1899 sunt
2160 1842 2371 1913 (Malae.
2405 1856 2498 1905 1v;
2534 1837 2732 1892 Matth.
2757 1853 2813 1890 xx
2843 1844 2893 1891 et
2923 1852 3073 1903 xvu;
3110 1839 3285 1889 Marc.
3318 1834 3418 1900 1x).
3451 1831 3637 1902 Hujus

1987 1930 2214 1986 viresin
2240 1933 2463 1985 tantam
2492 1930 2837 1996 potestatem
2860 1924 3084 1979 laxatae
3109 1921 3409 1976 novissimi
3442 1920 3640 1974 obstu-

1990 2024 2256 2094 pescunt,
2287 2022 2345 2073 et
2375 2016 2550 2088 primi
2604 2017 2894 2080 metuunt,
2947 2011 3106 2083 quia,
3157 2009 3294 2065 licet
3333 2010 3501 2079 juxta
3530 2008 3639 2062 hoc

1991 2110 2145 2181 quod
2174 2106 2387 2180 spiritu
2403 2103 2695 2177 superbiae
2708 2102 3069 2167 sublevatur,
3095 2114 3330 2155 omnem
3351 2101 3641 2168 tempora-

1990 2198 2105 2254 lem
2137 2198 2265 2267 ejus
2296 2198 2641 2267 potestatem
2673 2191 3028 2262 despiciunt,
3093 2188 3257 2256 iuxta
3300 2185 3408 2240 hoc
3448 2190 3642 2239 tamen

1991 2288 2146 2360 quod
2169 2286 2283 2358 ipsi
2304 2286 2495 2341 adhuc
2544 2284 2605 2338 in
2629 2297 2803 2338 carne
2828 2277 3059 2335 mortali
3083 2280 3239 2345 sunt,
3273 2275 3331 2328 in
3365 2290 3481 2344 qua
3512 2290 3647 2327 cru-

1990 2376 2130 2432 ciari
2162 2373 2563 2445 temporaliter
2589 2374 2859 2443 possunt,
2893 2369 3023 2439 ipsa
3055 2382 3185 2437 quae
3218 2362 3447 2418 fortiter
3495 2363 3644 2417 tole-

1990 2470 2142 2535 rant,
2162 2462 2449 2534 supplicia
2473 2460 2950 2533 perhorrescunt,
2998 2456 3080 2509 ita
3103 2458 3168 2507 ut
3188 2453 3250 2507 in
3272 2452 3358 2507 eis
3391 2466 3508 2505 uno
3540 2466 3641 2505 eo-

1990 2557 2242 2625 demque
2271 2559 2531 2621 tempore
2561 2553 2618 2603 et
2650 2545 2977 2602 constantia
3003 2560 3071 2599 ex
3098 2542 3315 2597 virtute
3339 2538 3435 2602 sit,
3461 2543 3516 2593 et
3538 2554 3647 2608 pa-

1989 2661 2091 2699 vor
2119 2660 2186 2698 ex
2219 2657 2412 2707 carne,
2447 2639 2586 2710 quia
2616 2635 2724 2691 etsi
2782 2632 2950 2689 electi
3004 2639 3159 2699 sunt,
3213 2633 3278 2684 ut
3330 2626 3643 2683 tormentis

1988 2732 2141 2787 vinci
2177 2727 2490 2801 nequeant,
2526 2742 2629 2798 per
2652 2724 2763 2779 hoc
2793 2726 2989 2778 tamen
3011 2720 3167 2791 quod
3190 2717 3459 2773 homines
3483 2718 3643 2785 sunt,

1991 2826 2047 2877 et
2076 2822 2206 2891 ipsa
2237 2820 2509 2873 metuunt
2539 2816 2852 2879 tormenta,
2885 2826 3011 2880 qua:
3041 2808 3351 2863 vincuunt.

1990 2928 2125 2983 CAP-
2163 2927 2283 2980 106.
2312 2955 2382 2965 -—
2430 2925 2564 2978 Item
2610 2922 2676 2975 de
2724 2917 3083 2974 Antichristo.
3134 2919 3293 2985 Greg.
3346 2914 3406 2966 in
3447 2912 3636 2967 Horat.

2588 2993 2705 3062 (tib.
2730 3008 2820 3059 xv,
2853 3006 2899 3044 c.
2925 2988 3038 3058 28).

234 3098 469 3163 cebunt,
502 3070 750 3153 sciehtes
783 3099 1123 3170 praedictum
1147 3115 1276 3155 esse
1307 3116 1340 3153 a
1366 3070 1612 3154 Ι)οωὶΞο
1637 3102 1718 3168 ut,
1743 3099 1880 3152 dum
1913 3101 1955 3167 α
2064 3086 2221 3141 Vidit
2253 3085 2407 3140 enim
2441 3082 2595 3153 quod
2628 3081 2688 3135 in
2722 3078 2840 3134 ﬁne
2871 3074 3080 3170 mundi
3342 3070 3645 3170 Ρρωίοθω

232 3185 341 3241 hoc
372 3185 615 3241 fecerint
644 3188 982 3256 adversarii,
1034 3204 1148 3243 non
1204 3188 1629 3243 conturbantur
1673 3189 1882 3241 sancti.

232 3276 377 3330 Tam
410 3275 558 3330 mira
590 3275 853 3330 tacturus
884 3280 974 3330 est
1002 3276 1272 3348 prodigia
1301 3280 1358 3330 et
1389 3275 1557 3347 signa
1589 3275 1730 3329 dum
1791 3292 1885 3330 ve-

233 3362 381 3417 nerit
410 3362 834 3431 Antichristus,
868 3367 931 3417 ut
956 3364 1136 3419 etiam
1161 3364 1363 3419 electis
1382 3364 1678 3435 quoddam
1694 3364 1885 3418 cordis

232 3451 508 3522 gignatur
537 3451 906 3523 scrupulum,
940 3454 1095 3523 quod
1126 3456 1326 3508 tamen
1358 3452 1471 3506 cito
1494 3457 1804 3523 exsuperet
1825 3452 1883 3506 in

234 3538 352 3594 illis
383 3538 550 3608 ratio,
577 3556 679 3609 per
698 3555 875 3610 quam
899 3540 1087 3595 scient
1108 3541 1167 3593 in
1190 3541 1589 3609 deceptionem
1620 3540 1887 3610 reprobo-

233 3643 390 3697 rum,
416 3632 475 3682 et
504 3627 820 3683 electorum
854 3627 1256 3699 probationem
1291 3628 1494 3682 eadem
1526 3627 1651 3682 fieri
1692 3628 1885 3697 signa.

236 3718 298 3771 In
319 3733 434 3786 quo
454 3721 717 3787 tempore
739 3732 840 3787 per
862 3716 1205 3788 patientiam
1230 3715 1469 3787 gloriosi
1487 3715 1886 3785 eruntsancti,

235 3821 351 3859 non
377 3821 479 3875 per
499 3805 784 3861 miracula
805 3806 1156 3861 sicutsancti
1182 3809 1466 3874 martyres
1482 3806 1717 3859 fuerunt
1740 3804 1887 3875 prio-

236 3908 350 3947 res.
385 3891 472 3947 Illi
502 3893 657 3948 enim
716 3897 774 3949 et
823 3898 1224 3964 persecutores
1274 3893 1673 3959 sustinebunt,
1705 3897 1761 3947 et
1792 3893 1884 3946 fa-

234 3980 454 4036 cientes
486 3980 771 4053 prodigia.
803 3982 1056 4037 Proinde
1086 3988 1142 4036 et
1162 3982 1370 4037 durius
1388 3982 1608 4038 bellum
1633 3982 1883 4036 sustine-

235 4070 550 4141 bunt,quia
573 4087 687 4125 non
710 4070 903 4126 solum
919 4076 1123 4125 contra
1146 4070 1690 4141 persequentes,sed
1707 4071 1883 4125 etiam

234 4163 435 4213 contra
464 4158 768 4214 miraculis
792 4164 1199 4214 corruscantes
1219 4158 1556 4213 dimicaturi
1579 4157 1886 4214 sunt.Gra-

232 4248 363 4302 vius
396 4248 506 4302 sub
536 4247 879 4302 Antichristi
906 4246 1275 4318 temporibus
1307 4254 1510 4301 contra
1568 4246 1884 4301 Ecclesiam

235 4336 504 4391 desaeviet
536 4337 860 4408 Synagoga,
896 4352 1074 4407 quam
1107 4336 1165 4389 in
1200 4336 1327 4406 ipso
1361 4336 1611 4391 adventu
1632 4333 1887 4390 Salvato-

237 4425 319 4479 ris
342 4424 711 4480 Christianos
732 4431 821 4480 est
850 4429 1179 4496 persecuta.
1204 4424 1351 4479 Dum
1372 4423 1430 4479 in
1455 4428 1742 4496 martyres
1764 4424 1885 4477 dia-

238 4512 407 4568 bolus
430 4515 556 4583 jam
588 4515 911 4569 exercuerit
942 4530 1214 4584 magnam
1269 4512 1675 4568 crudelitatem
1709 4512 1886 4567 etiam

239 4602 456 4672 ligatus
483 4603 673 4673 (Apoc.
706 4609 823 4670 xx),
859 4602 1155 4657 crudelior
1182 4608 1377 4657 tamen
1411 4602 1522 4656 erit
1568 4602 1676 4657 sub
1726 4600 1886 4654 Anti-

238 4690 443 4745 christi
474 4692 863 4763 temporibus,
911 4691 1146 4762 quando
1194 4691 1372 4744 etiam
1413 4690 1525 4745 erit
1573 4689 1888 4744 solvendus

238 4777 447 4849 (Ibid)
484 4779 624 4835 Nam
661 4780 709 4835 si
741 4784 906 4834 tanta
935 4779 1151 4849 ligatus
1188 4780 1372 4832 facere
1405 4778 1613 4849 potuit,
1669 4782 1889 4847 quanta

237 4866 467 4920 solutus
499 4867 722 4922 faciet?
751 4870 978 4932 Quanto
1020 4866 1412 4938 propinquius
1465 4867 1640 4921 finem
1685 4865 1887 4919 mundi

238 4951 509 5006 diabolus
541 4954 716 5020 videt,
752 4958 912 5007 tanto
943 4954 1240 5009 crudelius
1272 4954 1706 5024 persecutiones
1736 4967 1889 5006 exer-

237 5043 347 5102 cet,
374 5045 439 5093 ut
462 5041 600 5111 quia
630 5058 690 5095 se
713 5042 992 5095 continuo
1014 5042 1413 5097 damnandum
1448 5042 1755 5113 conspicit,
1790 5058 1886 5095 so-

236 5127 357 5181 cios
390 5128 501 5181 sibi
536 5128 884 5198 multiplicat
915 5145 1049 5183 cum
1085 5131 1297 5199 quibus
1328 5130 1607 5201 gehennae
1634 5129 1888 5200 :ignibus

237 5215 564 5270 addicatur.
598 5220 823 5279 Quanto
857 5218 1027 5271 breve
1048 5221 1280 5287 tempus
1313 5219 1467 5273 videt
1486 5218 1755 5273 diabolus
1775 5216 1886 5270 sibi

238 5306 460 5357 restare
494 5308 554 5357 ut
616 5305 930 5359 damnetur
977 5304 1158 5373 (Apoc.
1214 5307 1339 5375 xu),
1390 5312 1549 5361 tanto
1584 5307 1640 5360 in
1678 5320 1889 5373 magna

240 5392 667 5460 persecutionis
697 5393 785 5448 ira
817 5398 1102 5457 movetur,
1139 5392 1335 5446 divina
1356 5394 1593 5463 justitia
1644 5393 1888 5465 permit-

238 5484 421 5546 tente,
457 5485 521 5535 ut
550 5479 1146 5553 gloriﬁcenturjusti,
1181 5481 1559 5536 sordidentur
1592 5482 1801 5552 iniqui,
1835 5484 1891 5535 et

244 5572 307 5623 ut
338 5568 570 5626 diabolo
602 5570 806 5627 durior
835 5571 1063 5626 crescat
1096 5569 1495 5627 damnationis
1542 5571 1851 5627 sententia.

1994 3175 2355 3247 ingrediens,
2388 3188 2563 3245 quem
2586 3187 2754 3226 sacra
2766 3168 3068 3239 Scriptura
3089 3161 3523 3220 Antiohristum
3547 3176 3648 3231 ap-

1995 3266 2366 3337 pellat,tanta
2384 3261 2634 3319 elatione
2659 3258 2976 3323 extollitur,
3000 3258 3165 3310 tanta
3184 3251 3398 3308 virtute
3423 3249 3640 3322 princi-

1997 3359 2190 3426 patur,
2216 3352 2396 3408 tantis
2418 3351 2604 3421 signis
2626 3352 2684 3403 et
2706 3345 2990 3419 prodigiis
3013 3344 3071 3397 in
3090 3338 3423 3397 sanctitatis
3446 3343 3647 3394 osten-

1998 3444 2161 3498 sione
2190 3441 2450 3496 elevatur
2480 3442 2543 3491 ut
2573 3435 2739 3507 argui
2767 3435 2839 3489 ab
2882 3433 3120 3486 homine
3163 3430 3291 3498 ejus
3336 3426 3489 3480 facta
3529 3441 3644 3478 non

1995 3526 2399 3598 valeant,quia
2420 3542 2551 3579 cum
2579 3526 2865 3595 potestate
2884 3517 3127 3575 terroris
3160 3514 3432 3585 adjungit
3461 3512 3640 3567 etiam

1997 3621 2166 3691 signa
2188 3622 2436 3673 ostensus
2460 3611 2807 3669 sanctitatis.
2833 3611 2900 3664 Et
2922 3608 3004 3663 ait
3025 3623 3037 3660 :
3060 3606 3191 3673 Quis
3220 3610 3413 3673 arguet
3458 3616 3645 3691 coram

1994 3689 2224 3766 eo'viam
2261 3704 2417 3776 ejus?
2455 3703 2577 3760 Job.
2610 3702 2750 3772 XXI.)
2782 3699 2924 3763 Quis
2942 3696 3211 3751 videlicet
3231 3692 3539 3749 hominum
3569 3689 3646 3743 i1-

1997 3799 2119 3854 lum
2135 3797 2436 3867 increpare
2458 3790 2866 3859 audeat,cujus
2883 3786 3073 3842 visum
3090 3785 3237 3839 ferre
3251 3778 3644 3855 pertimescit?

1994 3888 2098 3941 Sed
2134 3890 2327 3941 tamen
2380 3884 2508 3953 ejus
2536 3881 2690 3935 viam
2721 3894 2836 3932 non
2868 3875 3057 3931 solum
3088 3873 3245 3929 Elias
3296 3876 3353 3926 et
3381 3867 3642 3934 Henoch,

1994 3976 2095 4045 qui
2120 3975 2176 4027 in
2201 3974 2331 4044 ejus
2353 3968 2860 4042 exprobrationem
2886 3965 2957 4020 ad
2973 3961 3233 4017 medium
3251 3959 3643 4023 deducuntur,

1995 4064 2094 4118 sed
2124 4062 2300 4117 etiam
2328 4074 2530 4114 omnes
2563 4056 2729 4112 electi
2776 4055 3034 4125 arguunt
3064 4052 3203 4104 dum
3237 4046 3641 4109 contemnunt,

1994 4152 2135 4206 dum
2165 4151 2379 4205 virtute
2410 4145 2626 4201 mentis
2657 4145 2785 4213 ejus
2817 4140 3053 4196 malitiae
3088 4136 3393 4191 resistunt.

1995 4259 2130 4315 CAP.
2166 4257 2286 4311 107.
2321 4285 2389 4293 -
2418 4255 2550 4307 Item
2579 4249 2645 4305 de
2676 4246 3028 4303 Antichriszo.
3081 4244 3307 4310 Gregor.
3361 4240 3423 4293 in
3452 4236 3642 4293 Morel.

2582 4322 2700 4392 (tib.
2734 4336 2827 4384 xv,
2859 4334 2906 4372 c.
2939 4317 3052 4387 30).

2071 4418 2184 4471 Hoc
2216 4416 2272 4468 in
2302 4414 2427 4469 loco
2461 4412 2635 4466 homo
2666 4408 2925 4462 humana
2955 4401 3245 4475 sapientia
3276 4398 3507 4461 dicitur,
3542 4396 3644 4451 sed

1997 4522 2129 4561 cum
2162 4504 2292 4575 plus
2313 4503 2431 4557 sint
2451 4514 2654 4556 omnes
2676 4512 2854 4567 quam
2878 4489 3359 4555 innumerabiles,
3378 4501 3644 4559 quaeren-

1998 4594 2138 4648 dum
2172 4592 2342 4646 nobis
2375 4596 2462 4644 est
2491 4605 2595 4642 cur
2623 4593 2753 4639 ante
2784 4600 2840 4639 se
2871 4579 3333 4647 innumerabiles,
3365 4584 3416 4633 et
3443 4579 3565 4647 post
3592 4590 3648 4629 se

1998 4698 2201 4738 omnes
2233 4680 2462 4734 trahere
2497 4675 2726 4731 dicatur
2754 4673 2893 4744 (Job.
2930 4671 3073 4742 χχι),
3121 4667 3237 4723 nisi
3287 4668 3443 4738 quod
3495 4663 3645 4719 anti-

1998 4789 2150 4843 quus
2183 4770 2365 4825 hostis
2404 4766 2716 4838 reprobum
2769 4768 2912 4816 tunc
2971 4759 3268 4815 hominem
3320 4757 3645 4826 ingressus,

1998 4863 2237 4915 cunctos
2273 4874 2420 4928 quos
2451 4852 2715 4909 carnales
2775 4850 3062 4905 invenerit
3109 4847 3219 4903 sub
3274 4862 3391 4899 suae
3435 4844 3647 4911 jugum

1997 4946 2238 5002 ditionis
2270 4945 2442 5016 rapit,
2465 4943 2565 5014 qui
2595 4951 2647 4996 et
2682 4958 2837 4996 nunc
2861 4939 3207 5011 priusquam
3234 4934 3532 5005 appareat,
3556 4928 3649 5016 in-

1998 5034 2394 5090 numerabiles
2424 5033 2679 5102 quidem,
2715 5048 2827 5085 non
2884 5034 3081 5083 tamen
3133 5038 3335 5078 omnes
3386 5014 3649 5074 carnales

2000 5124 2199 5193 trahit,
2235 5123 2372 5194 quia
2393 5120 2655 5195 quotidie
2680 5137 2711 5174 a
2733 5116 2950 5173 carnali
2976 5129 3148 5185 opere
3178 5112 3244 5166 ad
3274 5109 3451 5166 vitam
3484 5104 3649 5160 multi

2002 5217 2366 5278 revocantur,
2403 5212 2592 5280 adque
2613 5212 2828 5264 statum
2846 5203 3114 5273 justitiaa,
3140 5198 3236 5255 alii
3267 5215 3366 5270 per
3389 5197 3650 5260 brevem,

2000 5302 2097 5356 alii
2138 5318 2239 5372 per
2299 5299 2533 5369 longam
2593 5293 2993 5368 paenitentiam
3053 5290 3318 5355 redeunt,
3378 5287 3435 5338 ct
3492 5296 3649 5372 nunc

2002 5368 2465 5444 innumerabiles
2499 5388 2650 5456 rapit
2680 5399 2810 5438 cum
2862 5379 3136 5433 falsitatis
3195 5392 3315 5430 suae
3363 5368 3651 5442 stupenda

2003 5479 2342 5533 hominibus
2374 5479 2545 5548 signa
2603 5490 2713 5527 non
2762 5469 3031 5537 exhibet;
3083 5483 3217 5522 cum
3266 5480 3399 5518 vero
3450 5474 3645 5515 coram

2002 5567 2327 5624 carnalium
2389 5565 2574 5622 oculis
2635 5559 2903 5615 miranda
2960 5557 3045 5613 eis
3102 5554 3369 5629 prodigia
3428 5548 3645 5615 Iccerit,
