3948 6072
355 217 500 273 1011

1449 222 1513 271 D.
1557 217 1797 271 IVONIS
1832 213 2324 269 CARNOTENSIS
2359 217 2680 272 EPISCOPI

3634 226 3795 280 1012

357 353 484 416 post
515 361 578 400 se
608 349 750 400 tunc
782 361 896 402 non
931 344 1414 411 innumerabiles,
1446 345 1546 400 sed
1567 359 1769 398 omnes
1794 341 1997 406 trahit,
2029 341 2081 409 Α
2113 341 2336 410 bentes,
2360 342 2796 414 redarguuntur
2818 349 2882 402 ut
2898 352 3156 418 pereant.
3185 350 3296 414 Qui
3327 367 3458 407 vero
3481 368 3588 408 nec
3620 352 3772 407 fidei

356 434 495 504 quia
528 434 625 505 qui
661 434 832 488 bonis
863 434 1254 505 praesentibus
1289 433 1680 497 delectantur,
1728 431 2002 502 potestati

2113 435 2482 486 sacramenta
2507 433 3307 507 tenuerunt,increpationem
3329 439 3556 496 Judicis
3579 441 3640 495 in
3676 457 3753 496 ex
3769 471 3786 479 -

358 523 516 577 illius
547 539 607 577 se
639 522 863 593 absque
895 523 1240 577 retractione
1288 521 1628 591 subjiciunt.
1685 520 1795 575 Sed
1851 519 2005 573 sicut
2110 522 2299 573 trema
2329 520 2759 577 examinatione
2792 540 2908 578 non
2941 525 3212 589 audiunt.
3239 529 3382 600 quia
3400 530 3784 602 praajudicati

358 611 582 682 praefati
617 628 846 677 sumus,
895 612 1032 681 quia
1090 610 1222 681 plus
1274 616 1365 666 est
1409 627 1645 665 omnem
1702 609 2000 664 hominem

361 715 540 770 quam
566 699 1296 767 innumerabilestrahere,
1319 717 1423 754 cur
1441 697 2002 770 priusdiciturquod

2113 605 2477 662 inﬁdelitatis
2510 623 2627 664 sua:
2658 611 2937 681 tenebris,
2984 614 3112 684 ejus
3155 631 3331 686 quem
3383 619 3786 689 despexerunt

2113 695 2434 751 invectione
2462 699 2734 770 redargui
2759 717 2873 756 non
2903 709 3226 759 merentur.
3245 704 3337 760 llli
3359 705 3570 762 saltem
3589 709 3781 762 verba

359 805 595 843 omnem
623 789 826 855 trahit,
860 794 918 843 et
945 792 1077 860 post
1101 789 1161 842 in
1195 792 1508 858 augmento
1539 786 2005 842 innumerabiles
2111 783 2336 840 Judicis
2358 786 2629 856 audiunt,
2655 789 2796 861 quia
2811 791 2941 862 ejus
2963 791 3175 848 saltem
3199 794 3334 850 fidei
3358 796 3531 851 verba
3553 810 3782 852 tenue-

359 876 798 947 subjiciuntur?
831 877 999 932 Ratio
1034 892 1287 947 namque
1320 878 1536 948 expetit
1568 880 1628 931 ut
1661 876 1824 947 prius
1849 876 2003 947 quod

361 967 559 1019 minus
580 970 688 1033 est,
714 971 771 1020 et
794 969 925 1036 post
955 965 1013 1019 in
1047 970 1362 1038 augmento
1386 967 1536 1036 quod
1572 966 1762 1034 majus
1783 969 1873 1018 est
1896 963 2006 1032 1di-

360 1060 606 1108 ceretur.
633 1056 742 1109 Sed
767 1055 1072 1109 sciendum
1098 1055 1233 1127 quia
1254 1055 1312 1108 in
1336 1055 1445 1109 hoc
1469 1055 1591 1108 loco
1615 1054 1747 1125 plus
1771 1053 1880 1108 fuit
1920 1053 2006 1106 in-

356 1143 728 1197 numerabiles
751 1143 967 1197 dixisse
988 1160 1156 1212 quam
1174 1159 1379 1198 omnes.
1400 1145 1523 1198 Post
1543 1159 1599 1198 se
1619 1143 1774 1197 enim
1794 1159 2008 1197 omnem

358 1233 632 1285 hominem
655 1231 853 1297 trahit,
890 1232 1026 1301 quia
1059 1234 1116 1286 in
1141 1233 1329 1288 tribus
1349 1233 1519 1286 annis
1538 1236 1593 1286 et
1618 1231 1861 1287 dimidio
1885 1249 2008 1286 om-

359 1337 462 1374 nes
495 1336 640 1390 quos
673 1319 731 1372 in
766 1320 980 1375 studiis
1011 1320 1144 1375 vitae
1202 1321 1454 1376 carnalis
1513 1322 1817 1390 invenerit,
1861 1322 2007 1392 jugo

358 1425 479 1462 sum
511 1409 930 1462 dominationis
964 1410 1402 1479 [damnationis]
1433 1411 1726 1480 astringit.
1769 1412 1906 1465 Ante
1953 1427 2009 1465 se

359 1513 493 1551 vero
524 1498 966 1551 innumerabiles
987 1497 1177 1562 traxit,
1211 1499 1351 1568 quia
1381 1515 1482 1570 per
1512 1499 1772 1569 quinque
1800 1497 2006 1567 millia,

360 1589 418 1639 et
443 1585 635 1639 adhuc
664 1584 918 1656 amplius
941 1603 1229 1640 annorum
1259 1587 1570 1656 curricula,
1590 1588 1861 1658 quamvis
1885 1605 2008 1642 car-

365 1672 526 1726 nales
555 1690 759 1728 omnes
791 1674 1022 1729 trahere
1053 1675 1296 1730 minime
1337 1677 1564 1746 potuit:
1599 1676 1786 1731 multo
1809 1681 2006 1731 tamen
2041 1713 2088 1778 Β

362 1761 559 1831 plures
593 1766 733 1816 sunt
765 1763 822 1816 in
856 1768 975 1818 tam
1008 1763 1181 1834 longo
1212 1768 1473 1836 tempore
1504 1764 1587 1830 hi,
1620 1781 1766 1836 quos
1792 1770 1925 1820 ante
1949 1783 2010 1821 se

367 1849 827 1904 innumerabiles
847 1851 1017 1920 rapit,
1041 1867 1218 1920 quam
1238 1868 1441 1906 omnes
1465 1869 1612 1923 quos
1634 1853 1692 1907 in
1716 1857 1832 1908 tam
1853 1855 2008 1908 brevi

371 1941 636 2006 tempore
668 1937 981 2006 rapiendos
1026 1939 1333 1995 invenerit.
1385 1941 1531 1995 Bene
1575 1957 1710 2013 ergo
1757 1943 2010 2013 dicitur;

369 2029 491 2078 Post
521 2041 577 2078 se
607 2040 823 2080 omnem
852 2027 1129 2082 hominem
1159 2029 1354 2095 trahit,
1387 2039 1438 2084 et
1467 2038 1594 2085 ante
1611 2047 1666 2085 se
1684 2032 2009 2087 innumera-

367 2112 523 2181 biles,
556 2113 694 2184 quia
719 2119 774 2168 et
796 2120 934 2170 tunc
954 2117 1342 2185 minustollit,
1375 2135 1507 2174 cum
1548 2136 1752 2176 omnes
1789 2121 2006 2190 tulerit,

361 2203 417 2254 et
440 2217 596 2254 nunc
619 2201 873 2272 amplius
895 2203 1118 2276 diripit,
1142 2221 1277 2261 cum
1297 2207 1746 2262 cordaomnium
1764 2207 2006 2263 invadit.

358 2310 488 2365 CAP.
675 2338 743 2383 -έ-
775 2309 925 2376 Quod
955 2312 1015 2364 in
1043 2312 1356 2367 novissimis
1393 2315 1665 2368 lsraelitae
1704 2331 1884 2370 omnes
1911 2333 2010 2383 per

429 2380 874 2455 praedicationem
904 2383 1036 2438 Elite
1060 2385 1302 2440 converti
1329 2385 1578 2441 debeant.
1613 2386 1768 2455 Greg.
1796 2390 1851 2441 in
1874 2380 2004 2444 Mor.

429 2450 554 2516 (lib.
577 2467 746 2518 xxxv,
778 2469 824 2506 c.
858 2455 966 2524 15).

432 2538 541 2594 Sed
575 2543 832 2596 extremo
868 2532 1135 2598 Israelita:
1175 2561 1381 2600 omnes
1431 2547 1504 2601 ad
1554 2547 1728 2602 ﬁdem
1779 2547 2011 2618 cognita

364 2626 501 2682 Elim
532 2629 945 2698 praedicatione
975 2638 1351 2704 concurrunt,
1387 2639 1561 2706 atque
1579 2637 1650 2691 ad
1674 2636 1803 2705 ejus
1827 2640 2011 2707 prote-

361 2715 615 2772 ctionem
653 2735 824 2788 quem
851 2721 1118 2791 fugerant
1149 2725 1413 2790 redeunt,
1445 2730 1504 2780 et
1531 2729 1671 2780 tunc
1697 2725 1843 2780 illud
1888 2725 2008 2780 exi-

370 2804 556 2858 mium
606 2807 914 2877 multiplici
961 2810 1373 2881 aggregatione
1416 2813 1766 2884 populorum
1809 2814 2008 2869 convi-

362 2890 524 2948 vium
556 2893 899 2950 celebratur.

359 3017 363 3061 ῖ
397 2997 529 3052 CAP.
565 2999 686 3078 109.
722 3032 789 3078 —‘
817 3003 890 3078 De
919 3004 1036 3067 hoc,
1066 3021 1164 3058 cur
1193 3007 1252 3059 in
1278 3005 1388 3061 hac
1412 3009 1523 3062 vita
1568 3011 1774 3078 saepius
1821 3010 1973 3064 bonis

556 3071 702 3124 male
728 3073 822 3126 sit.
852 3075 1070 3143 (ἔναρον.
1104 3078 1164 3129 in
1193 3078 1382 3134 Moral.
1416 3079 1536 3149 (lib.
1570 3097 1623 3134 ν.
1645 3071 1702 3134 ’6.
1739 3081 1811 3150 1).

431 3153 574 3209 Cum
593 3156 758 3211 valde
784 3159 1014 3214 occulta
1034 3161 1231 3218 divina
1253 3163 1635 3234 sintjudicia,
1674 3183 1779 3221 cur
1807 3167 1864 3220 in
1897 3166 2006 3221 hac

361 3241 480 3296 vita
507 3259 930 3316 nonnunquam
965 3249 1133 3303 bonis
1167 3251 1314 3306 male
1347 3253 1442 3321 sit,
1476 3253 1648 3308 malis
1679 3254 1845 3317 bene,
1869 3260 2008 3309 tunc

361 3330 678 3387 occultiora
708 3340 867 3404 sunt,
887 3351 1019 3391 cum
1043 3341 1100 3390 et
1122 3337 1290 3394 bonis
1313 3339 1406 3395 hic
1427 3339 1574 3397 bene
1612 3347 1720 3411 est,
1743 3347 1801 3398 et
1839 3341 2008 3398 malis

362 3419 532 3474 male.
569 3421 714 3476 Nam
747 3439 876 3478 cum
912 3425 1080 3480 bonis
1110 3427 1264 3482 male
1295 3433 1406 3494 est,
1459 3430 1629 3485 malis
1677 3432 1846 3498 bene,
1900 3431 2006 3488 hoc

360 3506 613 3563 fortasse
644 3511 1127 3581 deprehenditur,
1159 3516 1298 3586 quia
1325 3522 1383 3572 et
1411 3518 1548 3573 boni
1598 3519 1646 3575 si
1693 3536 1810 3590 qua
1858 3521 2006 3577 deli-

361 3602 640 3664 querunt,
666 3598 760 3654 hic
785 3601 1164 3672 recipiunt,ut
1191 3606 1262 3660 ab
1285 3611 1500 3662 aeterna
1519 3607 1745 3679 plenius
1764 3611 2006 3666 damna-

362 3683 519 3738 tione
545 3685 888 3754 liberentur,
915 3693 971 3744 et
1003 3691 1142 3746 mali
1175 3693 1330 3749 bona
1361 3712 1487 3766 quae
1520 3713 1623 3768 pro
1647 3697 1754 3754 hac
1775 3700 1892 3756 vita
1923 3701 2005 3755 fa-

362 3771 526 3828 ciunt
556 3773 648 3828 hic
681 3775 1006 3846 inveniunt,
1037 3785 1100 3835 ut
1130 3782 1203 3836 ad
1257 3783 1382 3838 sola
1429 3786 1488 3839 in
1549 3790 1847 3856 posterum
1894 3793 2008 3845 tor-

361 3865 559 3918 menta
590 3867 1020 3935 pertrabantur.
1054 3869 1219 3926 Unde
1250 3875 1305 3926 et
1335 3875 1562 3929 ardenti
1587 3876 1646 3930 in
1669 3874 1898 3932 inferno
1924 3879 2007 3932 di-

360 3948 461 4005 viti
484 3951 698 4008 dicitur
721 3971 733 4008 :
759 3955 1046 4025 Memento,
1069 3959 1175 4028 ﬁli,
1198 3961 1332 4030 quia
1353 3965 1607 4033 recepisti
1635 3965 1775 4020 bona
1805 3968 1865 4021 in
1892 3969 2006 4023 vita

358 4043 1057 4102 tua,etLaz.arussimititer
1073 4049 1388 4121 mala(Luc.
1413 4053 1551 4122 xw).
1579 4058 1654 4109 At
1677 4071 1809 4110 cum
1834 4056 2006 4112 bonis

359 4128 450 4183 hic
469 4130 615 4186 bene
637 4137 746 4202 est,
763 4139 818 4188 et
841 4135 1012 4190 malis
1037 4137 1209 4203 male,
1231 4137 1518 4196 incertum
1542 4141 1710 4198 valde
1723 4143 1786 4198 ﬁt
1804 4149 2001 4200 utrum

357 4217 494 4273 boni
532 4219 662 4275 ideo
694 4221 845 4276 bona
871 4224 1180 4297 accipiant,
1214 4230 1278 4282 ut
1317 4229 1609 4298 provocati
1658 4231 1728 4284 ad
1779 4231 2002 4302 aliquid

359 4305 570 4360 melius
601 4315 886 4377 crescant,
939 4330 1012 4368 an
1057 4315 1217 4384 justo
1267 4315 1586 4388 latentique
1632 4319 1857 4388 judicio
1909 4321 2004 4377 hic

361 4410 602 4449 suorum
637 4413 878 4468 Operum
912 4405 1446 4462 remunerationem
1478 4407 1826 4478 percipiant,
1880 4415 1944 4465 ut
1973 4427 2006 4466 a
2037 4444 2082 4508 Β

362 4485 619 4508 ..κω-ἒξ-
649 4486 774 4508 --ΣΔμ
814 4505 975 4508 ---ηκ
1038 4492 1073 4508 ι’
1144 4493 1154 4504 ο
1468 4500 1476 4508 .
1594 4501 1602 4508 .
1689 4501 1697 4508 .

362 4485 620 4553 praemiis
649 4486 778 4541 vitae
810 4492 1108 4561 sequentis
1139 4493 1520 4560 inanescunt;
1555 4501 1612 4550 et
1641 4501 1841 4552 utrum
1875 4515 2005 4555 ma-

358 4571 448 4626 los
479 4572 693 4630 idcirco
725 4579 968 4634 adversa
995 4581 1226 4649 feriant,
1263 4589 1325 4638 ut
1354 4584 1426 4638 ab
1450 4584 1680 4640 alternis
1700 4587 2008 4658 suppliciis

362 4661 704 4734 corrigendo
731 4665 1064 4734 defendant,
1098 4688 1172 4726 an
1204 4670 1297 4726 hic
1319 4687 1519 4727 eorum
1549 4690 1720 4742 pcena
1741 4675 2003 4747 incipiat,

363 4754 426 4806 ut
455 4753 808 4826 quandoque
839 4759 1188 4828 complenda
1219 4775 1318 4815 eos
1349 4761 1419 4816 ad
1472 4760 1684 4818 ultima
1711 4763 2004 4834 {gehennae

358 4845 648 4898 tormenta
682 4846 982 4915 perducat.

357 4928 498 5009 CAP._
533 4933 648 4987 110.
682 4964 749 4976 -
782 4935 931 5002 Quod
959 4936 1125 4991 etiam
1176 4952 1364 5009 phines
1404 4956 1712 5009 resurgere,
1765 4944 2005 4999 debeant

429 5003 818 5083 adutormenta,
847 5024 956 5083 non
989 5009 1064 5061 ad
1081 5007 1382 5078 judicium.
1438 5003 1655 5083 Grcgbr.
1701 5003 1766 5068 in
1812 5015 2002 5070 literal.

431 5073 548 5140 (lib.
582 5092 733 5145 xxvr,
766 5095 814 5132 ε.
842 5079 954 5147 24).

428 5166 765 5237 Resurgunt
782 5167 956 5222 etiam
983 5185 1187 5223 omnes
1211 5169 1602 5237 inﬁdeles,sed
1629 5174 1698 5226 ad
1716 5177 2008 5229 tormenta

359 5253 762 5321 acljudicium.
801 5255 923 5311 Non
949 5257 1103 5312 enim
1127 5275 1328 5312 eorum
1365 5264 1507 5313 tunc
1547 5277 1723 5316 causa
1759 5263 2005 5317 discuti—

359 5345 476 5406 tur,
503 5341 641 5405 quia
664 5343 733 5396 ad
767 5350 1143 5414 conspectum
1193 5346 1442 5400 districti
1485 5348 1841 5420 judicisjam
1870 5368 2002 5407 cum

363 5428 740 5484 damnatione
754 5447 872 5484 suae
887 5430 1251 5489 inﬁdelitatis
1267 5436 2004 5495 accedunt.Prol‘essionem

363 5526 498 5568 vero
523 5514 654 5572 ﬁdei
683 5515 1020 5591 retinentes,
1046 5519 1143 5577 sed
1163 5520 1545 5594 professionis
1566 5539 1741 5597 opera
1763 5540 1877 5584 non
1898 5524 2004 5583 ha-

2114 877 2271 940 runt;
2292 874 2390 928 isti
2411 875 2470 929 in
2490 876 2866 934 damnatione
2883 896 2990 935 sua
3009 882 3209 937 aeterni
3231 882 3455 939 Judicis
3470 901 3576 940 nec
3594 887 3786 940 verba

2116 962 2464 1034 percipiunt,
2499 964 2634 1036 quia
2665 966 2796 1036 ejus
2828 971 3210 1025 reverentiam
3246 987 3352 1028 nec
3383 974 3556 1028 verbo
3591 978 3784 1030 tenus

2117 1067 2346 1106 servare
2373 1054 2701 1110 voluerunt.
2733 1055 2822 1111 Illi
2851 1057 3115 1129 legaliter
3146 1067 3411 1131 pereunt,
3453 1063 3595 1133 quia
3656 1065 3782 1119 sub

2115 1139 2242 1212 lege
2266 1141 2442 1212 positi
2474 1150 2899 1214 peccaverunt;
2932 1147 3064 1201 istis
3109 1148 3166 1202 in
3200 1149 3525 1220 perditione
3555 1169 3667 1206 sua
3704 1153 3783 1208 de

2117 1227 2242 1298 lege
2261 1229 2408 1282 nihil
2431 1229 2609 1284 dicitu
2622 1234 2810 1302 r,quia
2824 1235 2971 1290 nihil
2994 1235 3136 1306 legis
3157 1236 3374 1295 habere
3392 1240 3585 1295 conati
3601 1245 3779 1296 sunt.

2117 1336 2252 1392 CAP.
2284 1337 2405 1391 111.
2439 1367 2508 1414 έ-
2541 1339 2689 1405 Quod
2710 1356 2900 1414 omnes
2928 1342 3175 1398 homines
3192 1362 3479 1414 resurgere
3511 1346 3776 1402 debeant.

2440 1410 2665 1476 August.
2700 1412 2795 1481 (De
2823 1415 3012 1469 eccles.
3044 1415 3246 1486 dogm.,
3277 1433 3325 1471 c.
3351 1410 3442 1487 '7).

2188 1494 2465 1552 Omnium
2500 1496 2808 1556 hominum
2839 1501 2952 1556 erit
2981 1505 3351 1560 resurrectio.
3386 1506 3444 1562 Si
3496 1507 3773 1562 omnium

2117 1582 2248 1649 erit,
2277 1599 2410 1653 ergo
2442 1601 2645 1642 omnes
2671 1590 3027 1657 moriuntur,
3052 1597 3117 1647 ut
3150 1609 3309 1649 mors
3335 1595 3391 1649 in
3418 1596 3606 1650 Adam
3632 1598 3778 1652 data

2117 1673 2210 1738 [ab
2231 1675 2416 1729 Adam
2448 1676 2644 1746 ducta]
2667 1679 2945 1736 omnibus
2974 1682 3102 1752 ejus
3131 1682 3270 1739 ﬁliis
3322 1684 3682 1753 dominetur,
3720 1692 3781 1741 et

2118 1768 2352 1818 maneat
2380 1763 2524 1819 illud
2558 1766 2926 1839 privilegium
2959 1770 3019 1824 in
3048 1772 3319 1843 Domino,
3364 1775 3519 1846 quod
3577 1775 3651 1829 de
3710 1790 3778 1828 eo

2120 1850 2454 1920 specialiter
2483 1853 2738 1913 dicitur:
2771 1859 2886 1913 Non
2919 1859 3075 1914 dabis
3111 1867 3363 1917 sanctum
3395 1869 3551 1918 tuum
3579 1863 3779 1918 videre

2117 1940 2524 2010 corruptionem
2553 1944 2725 2011 (Psal.
2757 1962 2829 2000 xv
2857 1963 2871 2013 ;
2903 1949 3018 2002 Act.
3052 1950 3304 2017 11).Hanc
3332 1953 3620 2008 rationem
3645 1968 3776 2007 ma-

2117 2029 2274 2084 xima
2305 2034 2543 2086 Patrum
2577 2035 2752 2089 turba
2794 2037 3061 2094 tradente
3105 2042 3498 2113 suscepimus.
3544 2043 3775 2098 Verum

2118 2117 2258 2187 quia
2280 2124 2420 2174 sunt
2449 2124 2506 2174 et
2533 2121 2632 2176 alii
2659 2138 2820 2193 asque
2850 2125 3120 2182 catholici
3151 2133 3208 2183 et
3237 2131 3450 2185 eruditi
3482 2131 3610 2200 viri,
3667 2133 3776 2202 qui

2116 2208 2362 2263 credunt
2386 2211 2584 2266 anima
2611 2212 2673 2266 in
2701 2229 2944 2284 corpore
2972 2223 3246 2274 manente
3267 2222 3667 2279 immutandos
3693 2228 3776 2281 ad

2116 2297 2617 2369 incorruptionem
2649 2307 2706 2357 et
2744 2304 3248 2365 immortalitatem
3295 2327 3394 2367 eos
3439 2313 3537 2384 qui
3570 2315 3630 2369 in
3663 2318 3776 2370 ad-

2117 2386 2549 2458 ventuEDomini
2569 2390 2680 2444 vivi
2701 2391 3038 2451 inveniendi
3071 2402 3231 2468 sunt,
3279 2404 3335 2454 et
3356 2400 3464 2456 hoc
3489 2402 3572 2457 eis
3598 2421 3776 2475 repu-

2119 2475 2227 2530 tari
2259 2493 2361 2546 pro
2392 2481 2814 2537 resurrectione
2844 2499 2912 2538 ex
2942 2487 3212 2553 mortuis,
3242 2491 3398 2559 quod
3428 2490 3776 2548 ‘mortalita-

2119 2568 2236 2618 tam
2272 2564 2680 2624 immutatione
2709 2572 3025 2642 deponant,
3079 2591 3194 2631 non
3246 2583 3455 2648 morte,
3504 2581 3777 2652 quolibet

2120 2654 2254 2723 quis
2301 2655 2604 2726 aquiescat
2651 2660 2845 2728 modo,
2896 2679 3011 2717 non
3061 2669 3152 2719 est
3194 2665 3500 2724 haereticus
3551 2671 3667 2725 nisi
3705 2689 3776 2726 ex

2120 2744 2490 2799 contentione
2520 2745 2826 2804 haereticus
2848 2751 2968 2807 ﬁat.
2995 2753 3224 2809 Sufﬁcit
3245 2757 3399 2811 enim
3419 2759 3476 2812 in
3497 2760 3775 2816 Ecclesia:

2118 2831 2244 2904 lege
2257 2834 2450 2890 carnis
2465 2840 2951 2897 resurrectionem
2965 2846 3201 2900 credere
3220 2847 3476 2903 futuram
3494 2851 3567 2905 de
3582 2867 3634 2904 m
3645 2858 3774 2906 orte

2119 2947 2256 3028 CAP.
2443 2977 2514 3028 —_
2545 2949 2816 3028 Quomodo
2849 2952 3211 3028 intelligatur
3239 2957 3382 3028 quod
3411 2959 3522 3013 vivi
3548 2963 3599 3015 et
3620 2977 3772 3016 mor-

2205 3015 2286 3069 tui
2313 3016 2580 3072 dicuntur
2609 3020 2919 3086 iudicandi.
2947 3015 3091 3080 Idem
3115 3015 3262 3096 Aug:
3302 3029 3485 3094 (ibid,
3515 3047 3562 3086 c.
3597 3033 3653 3103 8)

2035 3079 2078 3143 Ο
2189 3104 2349 3168 Quod
2382 3111 2579 3161 autem
2610 3079 2865 3165 dicimus
2897 3112 2954 3166 in
3288 3079 3775 3174 i‘n'ad've'ntulbo-

2117 3192 2261 3245 mini
2288 3195 2434 3248 vivos
2461 3204 2516 3249 et
2543 3202 2787 3253 mortuos
2808 3200 3180 3269 judicandos,
3230 3221 3344 3260 non
3386 3207 3586 3277 justos
3638 3213 3773 3263 tan-

2117 3284 2239 3333 tum
2275 3297 2339 3334 ac
2371 3287 2700 3351 peccatores
2731 3287 3073 3359 signiﬁcari,
3109 3292 3264 3348 sicut
3307 3293 3600 3350 Diodorus
3660 3315 3772 3368 pu-

2116 3372 2222 3433 tat,
2258 3371 2358 3423 sed
2390 3375 2446 3425 et
2473 3373 2634 3429 vivos
2665 3390 2764 3430 eos
2797 3377 2896 3448 qui
2927 3377 2985 3433 in
3017 3396 3192 3436 carne
3221 3381 3555 3439 inveniendi
3606 3392 3771 3454 sunt,

2117 3457 2434 3513 credimus.
2470 3461 2577 3525 Qui
2608 3463 2680 3517 ob
2712 3463 2818 3519 hoc
2846 3467 3112 3522 morituri
3145 3470 3467 3526 creduntur
3515 3473 3603 3529 vel
3654 3475 3768 3529 im-

2118 3547 2412 3615 mutandi,
2446 3548 2598 3603 sicut
2628 3551 2722 3606 alii
2781 3553 3007 3624 volunt,
3056 3565 3122 3612 ut
3169 3560 3438 3615 suscitati
3487 3564 3771 3618 continuo

2117 3634 2201 3688 vel
2236 3637 2530 3692 reformati
2564 3656 2595 3693 a
2626 3642 2874 3697 mortuis
2898 3644 3243 3712 judicentur
3272 3648 3427 3718 [cum
3448 3655 3586 3705 ante
3611 3667 3770 3706 mor-

2117 3724 2238 3778 tuis
2261 3726 2619 3793 judicentur,
2654 3732 2735 3784 sic
2759 3732 2919 3786 hodie
2944 3736 3130 3806 Aug.].

2115 3810 2251 3866 CAP.
2443 3846 2512 3856 ——-
2543 3817 2691 3898 Quod
2719 3823 2913 3898 angeli
2931 3833 3216 3898 apostatae,
3264 3834 3314 3880 et
3333 3827 3499 3898 impii
3520 3827 3771 3884 homines

2180 3892 2305 3964 post
2333 3893 2607 3970 tormenta
2628 3894 2794 3970 quasi
2820 3897 3112 3963 suppliciis
3141 3892 3458 3967 expurgati,
3483 3902 3768 3970 justorum

2183 3957 2434 4011 societate
2461 3974 2572 4013 non
2600 3957 2899 4021 donentur:
2924 3957 3077 4021 'ltem
3107 3957 3244 4038 Aug'.
3278 3957 3462 4039 (ibid.,
3483 3957 3542 4026 ἐ.
3576 3974 3656 4041 9).

2189 4047 2319 4098 Post
2348 4051 2834 4108 resurrectionem
2867 4055 3237 4125 etjudicium
3289 4075 3406 4114 non
3451 4061 3768 4116 credamus

2114 4132 2543 4191 restitutionem
2585 4138 2866 4210 futuram,
2898 4159 3075 4214 quam
3107 4145 3388 4218 Origenes
3432 4148 3665 4216 delirat,
3709 4158 3771 4207 ut

2113 4221 2406 4280 dzsmones
2433 4225 2521 4282 vel
2553 4227 2720 4300 impii
2755 4230 3024 4290 homines
3059 4240 3194 4306 post
3225 4242 3542 4300 tormenta.
3595 4244 3768 4309 quasi

2113 4310 2417 4382 suppliciis
2441 4319 2764 4388 expurgati,
2787 4319 2876 4375 vel
2905 4320 2988 4377 illi
3016 4322 3072 4377 in
3100 4324 3425 4396 angelicam
3451 4343 3567 4397 qua
3587 4329 3771 4382 creati

2113 4404 2254 4475 sunt
2275 4401 2515 4458 redeant
2540 4405 2904 4477 dignitatem,
2929 4410 3016 4466 vel
3039 4411 3137 4468 isti
3153 4413 3456 4482 justorum
3489 4415 3769 4472 societate

2116 4489 2429 4561 donentur,
2460 4510 2526 4548 eo
2558 4497 2713 4565 quod
2744 4496 2853 4554 hoc
2884 4499 3093 4555 divinas
3119 4504 3427 4559 conveniat
3447 4504 3674 4574 pietati,
3697 4522 3770 4561 ne

2117 4581 2258 4651 quid
2291 4598 2359 4636 ex
2390 4585 2776 4643 rationalibus
2806 4594 3006 4660 pereat
3037 4593 3351 4663 creaturis,
3383 4596 3485 4650 sed
3507 4593 3772 4665 quolibet

2116 4669 2290 4725 modo
2322 4670 2594 4728 salvetur.
2628 4677 2737 4731 Sed
2771 4693 2878 4734 nos
2900 4680 3212 4737 credamus
3256 4682 3370 4753 ipsi
3418 4682 3610 4738 Judici
3641 4699 3770 4739 om-

2115 4757 2301 4829 nium,
2336 4765 2392 4814 et
2424 4762 2760 4819 retributori
2785 4767 2948 4838 justo
2981 4770 3082 4839 qui
3114 4769 3297 4826 dixit:
3329 4770 3505 4842 Impii
3533 4771 3696 4828 ibunt
3711 4774 3770 4826 in

2113 4847 2445 4918 supplicium
2475 4860 2770 4921 (sternam,
2795 4857 2939 4926 justi
2965 4861 3154 4913 autem
3183 4861 3243 4914 in
3286 4861 3461 4915 vitam
3502 4865 3770 4916 mternam

2116 4936 2325 5007 (Matth.
2357 4943 2509 5008 xxv),
2551 4946 2614 4995 ut
2657 4944 2983 5014 percipiant
3028 4945 3284 5002 fructum
3335 4964 3580 5018 operum
3632 4966 3769 5005 suo-

2117 5043 2270 5082 rum.
2307 5027 2371 5082 Et
2398 5028 2610 5084 iterum
2639 5047 2652 5085 :
2685 5033 2765 5086 Ite
2791 5035 2851 5088 in
2881 5036 3380 5107 ignemasternum,
3413 5039 3512 5108 qui
3535 5047 3769 5108 paratus

2113 5118 2191 5169 est
2219 5116 2435 5172 diabolo
2464 5127 2513 5172 et
2536 5121 2744 5189 angelis
2767 5122 2883 5191 ejus
2913 5124 3122 5194 (Ibid.).

2113 5207 2246 5262 CAP.
2280 5207 2404 5286 114.
2439 5240 2504 5286 5-
2537 5212 2686 5278 Quod
2717 5219 3047 5270 resurrectio
3076 5217 3200 5286 ﬁeri
3255 5215 3447 5273 debeat
3497 5218 3554 5272 in
3603 5225 3770 5273 relate

2183 5282 2770 5360 perfectscjuventutis
2794 5303 2918 5360 qua:
2945 5282 3198 5357 profectu
3227 5304 3337 5343 non
3376 5289 3651 5360 indigeat.
3687 5291 3768 5344 EJ:

2185 5352 2351 5404 dictis
2374 5352 2573 5407 Isidori
2604 5357 2722 5424 (lib.
2745 5373 2762 5410 1
2785 5352 2856 5412 De
2885 5352 3095 5413 summa
3129 5359 3285 5429 bono,
3321 5376 3365 5414 c.
3399 5352 3513 5429 26);

2186 5438 2488 5494 Inchoatio
2521 5442 2680 5512 pacis
2712 5450 3050 5501 sanctorum
3083 5450 3172 5501 est
3211 5447 3268 5501 in
3301 5446 3410 5502 hac
3463 5448 3600 5517 vita,
3650 5465 3766 5503 non

2115 5523 2409 5596 perfectio.
2445 5523 2606 5586 Tunc
2638 5532 2832 5589 autem
2865 5529 2973 5590 erit
2992 5529 3296 5605 plenitudo
3319 5533 3503 5608 pacis,
3528 5535 3674 5592 dum
3695 5533 3766 5590 ad
