4000 6060
250 242 393 297 1013

1047 242 1359 297 DECRETI
1400 244 1582 296 PARS
1618 242 1796 295 XVII.
1829 242 2013 294 —DE
2050 244 2240 309 FIDE,
2282 247 2414 299 SPE
2453 248 2545 298 ET
2582 246 2869 299 CHARIT.

3523 244 3663 299 1014

248 366 352 421 Dei
380 366 935 439 contemplationem
994 365 1271 437 absorpta
1311 366 1505 421 carnis
1554 365 1896 420 inﬁrmitate
1924 366 1979 432 Α
2006 366 2202 435 candi,
2231 369 2329 423 sed
2362 371 2591 422 tantum
2623 369 2963 424 damnandi.
2990 369 3221 423 Primus
3252 368 3432 439 igitur
3459 384 3659 423 eorum

250 457 673 512 convaluerint.
734 455 1099 511 Resurrectio
1131 459 1521 524 mortuorum,
1556 460 1619 509 ut
1650 458 1892 525 Aposto-

250 546 343 600 lus
374 547 477 612 ait,
512 546 571 601 in
604 546 786 600 virum
803 548 1130 616 perfectum,
1162 544 1223 599 in
1250 560 1565 599 mensuram
1590 546 1765 599 atatis
1786 544 1897 614 ple-

246 634 527 689 nitudinis
551 633 760 692 Christi
791 634 989 689 futura
1018 639 1108 688 est
1136 634 1326 705 (Ephes
1362 634 1462 703 ιν),
1497 632 1554 686 in
1587 637 1753 687 aatate
1784 631 1895 687 sci-

249 722 723 794 licetjuventutis
748 739 875 795 quas
908 722 1172 794 profectu
1213 738 1329 777 non
1386 721 1630 791 indiget,
1661 726 1718 775 et
1761 720 1896 775 abs—

249 829 364 885 que
396 812 773 869 inclinatione
802 812 1066 868 defectus
1088 812 1148 866 in
1172 810 1522 883 perfectione
1551 827 1619 865 ex
1651 814 1898 879 utraque

248 907 414 973 parte
444 906 500 958 et
530 902 703 973 plena
730 905 821 957 est
849 905 906 956 et
936 901 1195 956 robusta.
1246 900 1522 965 Quamvis
1554 915 1711 954 nunc
1750 897 1897 953 ﬁlio-

248 1007 381 1045 rum
419 990 515 1047 Dei
546 990 783 1047 nomine
816 989 1082 1045 homines
1139 987 1341 1044 ﬁdeles
1366 992 1667 1056 vocentur,
1699 991 1895 1043 tamen

248 1094 319 1134 ex
349 1095 416 1135 eo
438 1081 595 1150 quod
622 1080 775 1134 hanc
801 1078 1145 1134 servitutem
1176 1077 1572 1149 corruptionis
1595 1077 1900 1149 patiuntur

250 1168 446 1223 adhuc
467 1169 613 1239 jugo
644 1167 944 1223 servitutis
975 1167 1216 1235 addicti,
1250 1172 1389 1222 sunt
1440 1165 1733 1237 accepturi
1776 1164 1896 1236 ple-

249 1274 388 1311 nam
419 1256 672 1311 ﬁliorum
696 1257 797 1312 Dei
832 1256 1181 1326 libertatem,
1214 1256 1353 1311 dum
1395 1255 1755 1326 corruptibile
1800 1254 1900 1309 hoc

248 1345 508 1401 induerit
538 1346 1009 1418 incorruptionem
1042 1347 1086 1415 (I
1118 1345 1268 1413 Cor.)
1300 1344 1464 1399 Nunc
1491 1344 1646 1398 Deus
1674 1358 1770 1414 per
1784 1358 1900 1413 spe-

247 1433 445 1489 culum
469 1435 814 1507 agnoscitur
839 1436 885 1503 (1
914 1439 1036 1489 Cor.
1070 1437 1173 1500 κῃ)
1205 1433 1263 1487 in
1297 1431 1492 1486 futuro
1523 1436 1720 1486 autem
1743 1430 1901 1501 quis-

250 1539 367 1594 que
399 1522 618 1578 electus
645 1523 795 1592 facie
825 1524 895 1578 ad
924 1524 1125 1593 [aciem
1157 1520 1604 1593 praesentatibur
1626 1520 1901 1590 (lbid.),ut

248 1612 439 1683 ipsam
470 1611 721 1684 speciem
756 1610 1205 1681 contempletur,
1240 1626 1417 1681 quam
1448 1626 1606 1664 nunc
1639 1626 1741 1680 per
1769 1626 1899 1680 spe-

249 1700 451 1757 culum
480 1701 677 1756 videre
707 1704 973 1756 conatur.
1008 1700 1071 1753 In
1103 1698 1210 1753 hac
1257 1698 1377 1753 vita
1422 1698 1741 1753 electorum
1788 1714 1897 1751 nu-
1930 1732 1977 1797 B

250 1805 410 1846 mero
439 1790 512 1845 ad
544 1790 842 1845 dexteram
901 1788 1346 1860 pertinentium,
1405 1790 1461 1842 et
1518 1787 1897 1857 reproborum

247 1879 349 1950 qui
381 1879 452 1934 ad
480 1877 940 1934 sinistramituri
959 1880 1118 1945 sunt,
1144 1874 1463 1930 Ecclesiam
1496 1875 1594 1928 Dei
1618 1873 1897 1945 compleri

249 1966 486 2037 dicitur,
518 1967 580 2022 in
626 1965 742 2021 ﬁne
773 1971 965 2021 autem
1001 1962 1198 2020 saeculi
1247 1961 1467 2018 zizania
1515 1980 1546 2017 a
1604 1963 1896 2016 frumento

249 2055 511 2127 disjungi
544 2056 751 2126 (Matth.
786 2055 933 2125 xm).

247 2155 377 2210 CAP.
415 2156 537 2210 115.
576 2185 642 2196 -
666 2155 815 2223 Quod
866 2155 1155 2209 districtus
1184 2153 1355 2220 iudex
1392 2151 1462 2206 ad
1492 2151 1774 2221 judicium
1810 2166 1897 2204 ve-

318 2229 499 2297 niens,
531 2232 869 2295 peccatorem
901 2226 1080 2281 videat
1127 2229 1185 2297 ut
1212 2226 1405 2293 feriat,
1453 2238 1565 2279 non
1616 2230 1673 2277 ut
1703 2226 1893 2277 salvet.

319 2296 694 2367 Greg.Moral.
730 2298 849 2367 (lib.
883 2315 1008 2363 vm,
1042 2314 1089 2353 c.
1130 2296 1238 2366 13.)

318 2386 631 2443 Districtus
662 2388 851 2443 Judex
884 2388 956 2442 ad
979 2385 1275 2457 judicium
1307 2382 1569 2450 veniens,
1589 2387 1646 2437 et
1676 2383 1745 2436 ad
1780 2380 1895 2437 sal-

245 2475 500 2531 vandum
534 2493 649 2531 non
681 2476 856 2544 videt,
920 2480 975 2531 et
1026 2474 1098 2531 ad
1151 2471 1479 2528 feriendum
1532 2469 1707 2534 videt,
1763 2471 1899 2540 quia

248 2580 421 2636 quem
457 2564 513 2619 in
548 2564 816 2636 praesnti
852 2568 967 2618 vita
1009 2559 1467 2633 dispensationis
1501 2576 1618 2615 sua:
1650 2558 1895 2614 misera-

249 2653 408 2708 tione
440 2668 556 2708 non
615 2652 878 2725 respicit,
933 2650 1296 2722 respiciendo
1357 2648 1737 2719 postmodum
1796 2664 1899 2719 per

2004 455 2145 509 ordo
2176 456 2276 526 qui
2298 456 2646 526 judicantur
2676 461 2731 512 et
2758 461 3023 528 pereunt,
3065 458 3380 529 opponitur
3425 455 3511 511 illi
3564 473 3663 511 or-

2006 542 2127 598 dini
2161 544 2468 610 bonorum,
2505 545 2574 599 de
2605 562 2719 616 quo
2778 550 2917 600 sunt
2948 545 3047 617 qui
3092 546 3438 615 judicantur
3476 548 3531 600 et
3571 560 3662 599 re-

2005 638 2205 704 gnant.
2240 634 2545 690 Secundus
2573 651 2774 691 eorum
2799 636 2940 691 ordo
2964 636 3062 707 qui
3092 653 3204 690 non
3229 635 3574 706 judicantur
3606 640 3663 689 et

2006 727 2271 793 pereunt,
2307 724 2623 795 opponitur
2652 723 2735 778 illi
2769 725 2959 779 ordini
3007 725 3419 796 perfectorum,
3457 723 3515 777 in
3548 740 3658 792 quo

2005 814 2144 865 sunt
2172 810 2253 879 hi,
2287 812 2386 884 qui
2419 830 2533 867 non
2585 814 2932 883 judicantur
2989 818 3046 869 et
3100 817 3369 883 regnant.
3429 811 3660 866 Tertius

2007 900 2146 955 ordo
2177 916 2378 955 eorum
2420 901 2521 973 qui
2574 902 2910 973 iudicantur
2937 905 2994 957 et
3042 905 3304 971 regnant,
3338 899 3423 954 illi
3469 900 3659 955 ordini

2008 988 2336 1045 contrarius
2368 994 2476 1057 est,
2509 990 2579 1045 de
2612 1007 2726 1062 quo
2759 995 2900 1045 sunt
2957 990 3054 1061 qui
3081 990 3426 1060 judicantur
3474 992 3530 1043 et
3560 1005 3661 1059 pe-

2008 1082 2200 1133 reunt.
2234 1082 2489 1143 Quartus
2522 1079 2660 1134 ordo
2690 1096 2889 1134 eorum
2946 1078 3044 1150 qui
3078 1095 3191 1133 non
3229 1076 3577 1148 judicantur
3608 1082 3664 1131 et

2008 1172 2276 1238 regnant,
2310 1168 2626 1239 opponitur
2648 1167 2731 1222 illi
2763 1167 3054 1223 contrario
3093 1167 3306 1231 ordini,
3331 1165 3387 1220 in
3423 1182 3538 1236 quo
3578 1164 3663 1219 illi

2008 1260 2148 1310 sunt
2180 1256 2278 1326 qui
2313 1273 2427 1311 non
2454 1256 2796 1327 judicantur
2828 1260 2883 1312 et
2910 1260 3174 1327 pereunt.
3210 1254 3456 1311 Gemina
3486 1254 3660 1325 puni-

2009 1348 2105 1398 tur
2134 1344 2425 1399 sententia
2454 1344 2695 1415 impius,
2732 1345 2867 1399 dum
2902 1349 3003 1399 aut
3033 1344 3127 1398 hic
3160 1361 3263 1416 pro
3286 1344 3411 1399 suis
3436 1342 3661 1397 meritis

2010 1432 2265 1488 cmcitate
2296 1432 2624 1503 percutitur
2652 1450 2723 1487 ne
2751 1434 3056 1488 veritatem
3082 1432 3294 1497 videat,
3317 1436 3418 1487 aut
3440 1432 3580 1486 dum
3600 1432 3658 1485 in

2011 1522 2127 1576 ﬁne
2168 1520 2547 1576 damnabitur
2577 1526 2638 1575 ut
2669 1521 2901 1577 debitus
2934 1538 3135 1594 poenas
3163 1520 3441 1577 exsolvat.

2010 1629 2145 1708 Car.
2180 1628 2401 1708 11.7.“:
2434 1628 2595 1708 Quod
2614 1628 2753 1683 liber
2767 1630 2909 1708 vitae
2933 1630 3008 1708 sit
3040 1628 3660 1708 ipsa‘visio‘advenieu-

2085 1701 2159 1753 tis
2203 1698 2445 1772 iudicis,
2472 1702 2631 1772 rquia
2649 1698 2945 1772 _quidquid
2975 1698 3095 1770 quis
3152 1699 3364 1772 fecerit,
3398 1701 3516 1770 ipso
3548 1701 3663 1772 viso

2076 1770 2265 1825 statim
2295 1769 2599 1842 intelliget.
2635 1769 2853 1840 Gregor.
2883 1769 3196 1842 in’Moral.
3230 1771 3326 1827 lib.
3358 1769 3511 1840 xxiv,
3544 1787 3590 1827 c.
3623 1771 3656 1823 9

2080 1843 2323 1910 (August.
2359 1844 2394 1895 l.
2424 1841 2496 1896 xx
2530 1843 2601 1897 De
2633 1841 2747 1896 Civ.
2785 1841 2908 1911 Dei,
2941 1858 2987 1896 c.
3018 1842 3105 1896 14.

2076 1930 2232 1984 Libri
2260 1932 2441 2001 aperti
2468 1938 2619 1998 sunt,
2641 1934 2692 1984 et
2719 1928 2868 1984 alius
2891 1930 3030 1983 liber
3056 1934 3275 2001 apertus
3321 1936 3424 1997 est,
3455 1933 3551 2001 qui
3579 1934 3653 1985 est

2005 2020 2157 2085 vitae,
2188 2027 2240 2073 et
2256 2019 2507 2090 judicali
2533 2022 2664 2075 sunt
2690 2020 2902 2074 mortui
2928 2034 2998 2073 ex
3018 2018 3105 2073 his
3127 2034 3254 2089 quae
3272 2020 3477 2090 scripta
3497 2023 3656 2073 erant

2006 2105 2067 2160 in
2094 2107 2254 2162 libris
2282 2109 2466 2179 (Apoc.
2500 2108 2615 2179 xx).
2661 2108 2833 2162 Liber
2863 2124 3117 2178 namque
3147 2107 3275 2162 vitea
3302 2112 3392 2163 est
3420 2109 3551 2180 ipsa
3570 2108 3658 2161 vi-

2008 2196 2094 2251 sio
2129 2197 2496 2251 advenientis
2526 2196 2776 2265 Judicis,
2800 2196 2859 2251 in
2895 2213 3009 2268 quo
3038 2196 3208 2267 quasi
3254 2197 3539 2268 scriptum
3573 2202 3661 2251 est

2010 2300 2181 2339 omne
2213 2286 2581 2352 mandatum,
2615 2284 2753 2355 quia
2784 2285 3056 2356 quisquis
3088 2301 3222 2339 eum
3254 2284 3485 2350 viderit,
3526 2300 3661 2338 mox

2007 2379 2153 2428 teste
2182 2372 2539 2427 conscientia
2569 2374 2854 2443 quidquid
2878 2390 2991 2428 non
3024 2373 3159 2428 fecit
3185 2371 3479 2444 intelligit.
3504 2372 3661 2427 Libri

2007 2461 2191 2533 aperti
2221 2462 2571 2531 referuntur,
2606 2464 3060 2531 quiajustorum
3103 2465 3243 2516 tunc
3274 2460 3393 2515 vita
3424 2460 3661 2531 conSpi-

2008 2551 2181 2620 citur,
2214 2551 2272 2604 in
2304 2550 2521 2620 quibus
2555 2550 2837 2604 mandata
2888 2549 3146 2604 ccelestia
3177 2564 3347 2620 opere
3373 2548 3661 2618 impressa

2008 2643 2347 2694 cernuntur.
2384 2639 2445 2692 Et
2478 2637 2725 2709 judicati
2742 2646 2870 2693 sunt
2898 2639 3108 2693 mortui
3136 2653 3205 2692 ex
3234 2637 3321 2691 his
3343 2652 3462 2707 qum
3490 2639 3659 2707 scrip-

238 2741 540 2813 justitiam
570 2724 909 2814 exstinguit.
935 2742 1102 2797 Nunc
1134 2740 1288 2796 enim
1324 2742 1591 2809 peccator
1642 2737 1896 2809 quisque

2017 2732 2099 2782 βίη
2129 2735 2289 2783 erant
2314 2726 2375 2780 in
2410 2727 2592 2795 libris,
2640 2727 2780 2798 quia
2825 2726 2882 2781 in
2917 2730 3155 2782 ostensa
3195 2725 3313 2780 vita
3336 2724 3653 2795 justorum,

250 2835 433 2887 Deum
468 2847 584 2888 non
616 2831 827 2888 metuit
858 2836 914 2887 et
943 2830 1102 2899 vivit,
1157 2828 1530 2899 hlaspbemat
1553 2830 1609 2882 et
1641 2828 1893 2898 proﬁcit,

248 2920 387 2992 quia
416 2920 641 2976 scilicet
673 2920 1009 2976 misericors
1040 2919 1274 2974 Creator
1328 2932 1503 2987 quem
1535 2916 1891 2986 expectando

244 3008 691 3093 vultfeorrigere,
711 3009 1049 3081 aspiciendo
1070 3024 1184 3064 non
1202 3004 1564 3077 vultpunire,
1583 3004 1737 3059 sicut
1756 3005 1894 3059 scri-

2004 2816 2172 2888 quasi
2204 2815 2264 2870 in
2296 2814 2653 2887 expansione
2687 2816 2972 2871 librorum
3002 2815 3208 2886 legunt
3229 2812 3448 2869 bonum
3500 2814 3655 2883 quod

2006 2904 2119 2978 ipsi
2151 2921 2319 2977 agere
2350 2904 2687 2974 noluerunt,
2720 2910 2896 2977 atque
2926 2921 2993 2960 ex
3018 2919 3218 2961 eorum
3255 2901 3356 2975 qui
3399 2899 3657 2957 fecerunt

2009 2994 2442 3065 comparatione
2499 2994 2870 3049 damnantur.
2930 2991 3012 3048 Ne
3068 3005 3201 3063 ergo
3251 2989 3661 3061 unusquisque

246 3078 411 3169 ptum
458 3078 583 3155 esti:
645 3078 1019 3154 Dissimulans
1070 3098 1292 3165 peccata
1339 3094 1623 3148 hominum
1678 3102 1904 3165 propter
1932 3103 1974 3166 (ζ
2013 3087 2152 3139 tunc
2184 3083 2536 3151 Videns‘eos,
2590 3083 2744 3154 quod
2808 3098 2922 3137 non
2954 3081 3089 3136 fecit
3145 3080 3378 3149 deﬂeat,
3412 3078 3659 3169 nuncin

245 3186 633 3258 pamitentium
656 3186 804 3259 (Sap.
828 3186 928 3257 x1).
962 3185 1069 3241 Sed
1102 3188 1242 3239 tunc
1266 3186 1534 3254 peccator
1558 3198 1693 3237 cum
1718 3184 1902 3256 respi-

246 3274 399 3329 eitur
430 3292 544 3330 non
580 3274 875 3343 subsistit,
908 3275 1048 3345 quia
1078 3288 1213 3329 cum
1246 3271 1551 3326 districtus
1571 3270 1757 3328 Judex
1782 3288 1901 3328 me-

249 3361 361 3417 rita
388 3362 693 3418 subtilitor
724 3362 989 3433 inquirit,
1025 3378 1158 3417 reus
1191 3360 1262 3415 ad
1286 3364 1574 3415 tormenta
1606 3377 1719 3415 non
1744 3362 1903 3416 sufﬁ-

247 3450 344 3504 cit.
379 3451 655 3516 Quamvis
704 3451 813 3506 hoc
863 3450 1038 3506 etiam
1096 3452 1394 3519 justorum
1452 3448 1575 3502 voci
1608 3451 1902 3519 congruit,

247 3555 495 3610 quorum
548 3556 715 3595 mens
770 3554 1004 3611 semper
1055 3537 1307 3593 sollicita
1360 3540 1607 3591 venturo
1648 3537 1901 3592 examini

246 3626 523 3683 intendit.
582 3630 766 3683 Omne
806 3628 963 3683 enim
1005 3627 1159 3696 quod
1211 3628 1393 3694 agunt
1424 3628 1712 3692 metuunt,
1760 3626 1901 3679 dum

248 3720 415 3770 caute
429 3716 947 3771 considerantante
962 3717 1249 3786 quantum
1262 3710 1529 3766 Judicem
1545 3712 1904 3767 stabunt.In-

246 3806 487 3858 tuentur
518 3804 836 3875 potentiam
872 3804 1031 3858 illius
1082 3799 1531 3873 magnitudinis,
1565 3805 1620 3854 et
1652 3805 1901 3871 pensant

248 3896 469 3962 quanto
501 3897 660 3947 reatu
715 3892 1018 3948 constricti
1052 3896 1193 3946 sunt
1220 3890 1471 3961 propriis
1513 3888 1897 3944 inﬁrmitatis.

246 3981 604 4036 Enumerant
645 3981 801 4037 mala
859 3981 1077 4052 proprii
1132 3980 1349 4051 operis,
1411 3984 1467 4033 et
1520 3982 1721 4033 contra
1780 3978 1900 4032 haec

247 4074 596 4141 exaggerant
638 4070 788 4125 bona
847 4068 1047 4140 gratia:
1103 4067 1454 4122 Conditoris.
1516 4065 1902 4120 Considerant

248 4173 423 4228 prava
451 4174 626 4227 quam
658 4158 923 4213 districts
976 4156 1222 4227 judicet,
1276 4156 1430 4209 bona
1488 4170 1662 4225 opera
1719 4170 1896 4225 quam

246 4245 545 4301 subtiliter
574 4252 798 4317 penset,
832 4250 887 4300 et
919 4246 1205 4317 perituros
1254 4259 1316 4297 se
1346 4242 1571 4313 absque
1612 4240 1900 4310 ambigui-

246 4338 364 4389 tate
395 4334 725 4405 praesciunt,
762 4336 809 4389 si
844 4338 1068 4389 remota
1118 4332 1334 4403 pietate
1360 4332 1722 4400 judicentur.
1757 4329 1901 4395 Quia

246 4422 357 4477 hoc
386 4423 583 4493 ipsum
614 4440 847 4495 quoque
870 4424 1024 4494 quod
1056 4423 1207 4520 jusle
1228 4420 1500 4525 videmur
1521 4418 1710 4473 vivere
1727 4419 1901 4525 oqlpa
1929 4461 1978 4525 Β

247 4514 360 4577 est,
392 4513 441 4567 si
489 4513 669 4567 vitam
707 4517 968 4568 nostram
1018 4525 1152 4565 cum
1185 4509 1430 4578 indicat,
1463 4508 1613 4562 hanc
1652 4508 1807 4578 apud
1838 4521 1900 4561 se

248 4599 445 4655 divina
476 4600 876 4656 misericordia
904 4616 1020 4654 non
1052 4601 1310 4652 excusat.

250 4694 387 4750 CAP.
427 4697 548 4750 116.
583 4727 649 4738 —-
683 4696 842 4765 Quod
874 4698 927 4749 in
962 4694 1053 4746 die
1072 4691 1411 4765 judiciiduo
1428 4690 1652 4765 ordines
1682 4693 1740 4746 in
1762 4707 1899 4763 qua-

316 4776 443 4822 tuor
480 4762 831 4824 divideritur.
866 4762 1144 4837 Exﬁictis
1172 4762 1377 4819 Isidori
1396 4763 1520 4833 (lib.
1553 4780 1592 4831 ι,
1615 4780 1661 4818 c.
1713 4762 1803 4829 27,
1832 4765 1903 4819 De

328 4855 539 4893 summo
573 4840 749 4909 bono).

320 4930 452 4981 Duae
486 4932 625 4982 sunt
657 4925 995 4982 differentias
1018 4924 1101 4979 vel
1137 4923 1372 4979 ordines
1394 4921 1700 4978 hominum
1734 4923 1904 4995 inju-

246 5012 422 5085 dicio,
456 5014 562 5071 hoc
594 5020 683 5071 est
712 5014 1029 5071 electorum
1052 5018 1111 5069 et
1141 5013 1546 5085 reproborum.
1567 5010 1675 5075 Qui
1706 5015 1903 5066 tamen

247 5102 597 5158 dividuntur
620 5103 679 5159 in
712 5108 980 5175 quatuor.
1016 5101 1412 5158 Perfectorum
1444 5100 1583 5156 ordo
1616 5117 1769 5155 unus
1790 5104 1902 5167 est,

247 5191 503 5261 quicum
537 5192 919 5263 Deojudicat,
944 5195 1001 5247 et
1026 5190 1179 5246 alius
1201 5188 1633 5261 quijudicatur.
1666 5189 1905 5260 Utrique

248 5284 449 5335 tamen
482 5297 617 5336 cum
651 5280 881 5336 Christo
931 5279 1283 5350 regnabunt.
1316 5277 1595 5334 Similiter
1638 5278 1779 5333 ordo
1811 5292 1902 5333 re-

249 5368 565 5438 proborum
597 5370 847 5441 partitur
874 5369 933 5423 in
966 5369 1110 5437 duo,
1143 5369 1285 5421 dum
1315 5365 1374 5421 hi
1407 5366 1508 5437 qui
1529 5365 1684 5421 intra
1704 5365 1902 5421 Eccle-

250 5455 403 5511 siam
437 5460 577 5511 sunt
609 5456 748 5514 mali
772 5455 1079 5527 iudicandi
1135 5456 1275 5509 sunt
1320 5456 1377 5507 et
1422 5454 1762 5510 damnandi.
1795 5452 1904 5519 Qui

250 5553 388 5600 vero
407 5545 569 5600 extra
583 5538 904 5601 Ecclesium
924 5533 1257 5599 inveniendi
1288 5542 1448 5611 sunt,
1463 5552 1579 5599 non
1601 5537 1903 5613 sunttudla

2014 3172 2097 3228 eis
2129 3173 2282 3241 quod
2313 3173 2578 3227 imitetur
2634 3172 2901 3227 attendat
2935 3186 2948 3237 ',
2984 3171 3140 3242 quod
3192 3170 3430 3241 quidem
3480 3168 3665 3223 facere

2013 3261 2181 3318 electi
2215 3279 2331 3317 non
2363 3264 2614 3315 cessant.

2012 3369 2147 3423 CAP.
2188 3368 2310 3423 118,
2344 3398 2413 3405 -
2446 3371 2531 3419 De
2560 3367 2740 3435 gloria
2798 3370 3113 3419 sanctorum
3155 3368 3275 3434 post
3297 3366 3549 3435 mortem.
3584 3363 3666 3417 Ea:

2084 3440 2244 3493 dictis
2278 3438 2475 3491 Isidori
2496 3436 2615 3507 (lib.
2652 3454 2668 3489 ι
2723 3438 2795 3490 De
2819 3452 3029 3490 summo
3062 3437 3215 3500 bono,
3248 3451 3367 3503 cap.
3400 3434 3511 3499 33).

2081 3527 2205 3582 Non
2235 3524 2405 3579 faciet
2434 3525 2492 3579 in
2524 3524 2786 3579 futurum
2820 3540 2917 3578 cor
2944 3524 3224 3578 miserum
3263 3523 3563 3592 justorum
3595 3538 3665 3576 ex

2011 3612 2418 3686 compassione
2448 3614 2866 3668 damnatorum
2898 3610 3247 3667 condolendi
3270 3610 3496 3665 atl‘ectio
3518 3628 3533 3676 ;
3559 3609 3655 3664 ubi

2010 3707 2241 3758 tantum
2272 3702 2380 3756 erit
2410 3705 2747 3755 sanctorum
2780 3701 2851 3754 de
2873 3700 2970 3754 Dei
2997 3698 3490 3770 contemplatione
3512 3714 3654 3770 gau-

2010 3792 2174 3846 dium
2208 3796 2271 3845 ut
2300 3789 2551 3845 tristitiae
2602 3788 2833 3844 nullum
2880 3789 3106 3845 tribuat
3136 3787 3455 3843 introitum.
3495 3786 3659 3842 Sicut

2007 3884 2381 3950 comparatus
2404 3878 2563 3933 color
2579 3878 2863 3933 candidus
2880 3877 3047 3949 nigro
3061 3876 3238 3931 colori
3255 3878 3317 3930 ﬁt
3333 3874 3657 3946 pulchrior,

2009 3967 2089 4022 ita
2110 3970 2449 4022 sanctorum
2469 3964 2703 4037 requies
2718 3969 3060 4036 comparata
3085 3960 3445 4018 damnationi
3470 3960 3658 4015 malo-

2010 4072 2141 4111 rum
2187 4054 2494 4127 gloriosior
2521 4054 2669 4122 erit;
2704 4053 2788 4109 sic
2810 4052 3064 4122 justitia,
3098 4049 3400 4120 injustitiaz
3434 4048 3518 4101 sic
3548 4046 3665 4101 vir—

2008 4150 2105 4200 tus
2133 4145 2291 4199 vitio.
2311 4142 2530 4199 Crescit
2544 4158 2678 4214 ergo
2694 4144 3028 4196 sanctorum
3048 4136 3256 4209 gloria,
3290 4138 3431 4190 dum
3466 4134 3665 4190 debita

2010 4234 2370 4288 damnantur
2395 4230 2561 4301 impii
2595 4246 2783 4301 pmna.
2819 4230 2954 4283 Post
2985 4224 3467 4282 resurrectionem
3492 4240 3661 4278 sanc-

2008 4320 2084 4377 tis
2114 4321 2173 4374 in
2206 4336 2378 4374 carne
2403 4318 2694 4389 promissa
2710 4322 2799 4371 est
2814 4315 3094 4371 ccelorum
3114 4313 3399 4381 ascensio,
3432 4313 3662 4368 dicente

2009 4410 2081 4465 ad
2108 4408 2339 4463 Patrem
2371 4406 2601 4462 Christo
2628 4422 2641 4461 :
2682 4408 2801 4461 Voto
2831 4410 2890 4459 ut
2911 4404 3006 4459 ubi
3033 4420 3135 4477 ego
3165 4420 3307 4472 sum,
3335 4412 3387 4458 et
3420 4402 3527 4473 ipsi
3546 4403 3662 4457 sint

2007 4513 2221 4552 mecum
2246 4498 2405 4568 (Joan
2434 4497 2590 4563 xvn).
2624 4494 2681 4547 Si
2712 4494 2868 4549 enim
2899 4494 3166 4549 membra
3186 4493 3396 4565 capitis
3424 4507 3654 4556 sumus,

2011 4589 2067 4640 et
2113 4600 2269 4638 unus
2318 4583 2375 4638 in
2408 4598 2469 4637 se
2500 4588 2556 4638 et
2586 4581 2645 4636 in
2678 4582 2848 4637 nobis
2879 4587 2969 4637 est
2995 4581 3287 4650 Christus,
3321 4581 3525 4653 utique
3556 4579 3657 4635 ubi

2010 4674 2135 4746 ipse
2162 4670 2443 4739 ascendit,
2479 4674 2534 4725 et
2566 4686 2680 4725 non
2714 4671 3017 4726 escensuri
3046 4687 3275 4726 sumus.

2010 4778 2145 4835 CAP.
2180 4776 2301 4832 119.
2332 4804 2402 4817 -
2434 4775 2588 4844 Quod
2616 4775 2773 4845 ﬁnito
2793 4776 3006 4847 judicio
3036 4776 3265 4847 incipiet
3309 4792 3424 4832 esse
3466 4775 3658 4829 caelum

2080 4865 2300 4917 novum,
2332 4854 2382 4903 st
2410 4854 2567 4902 terra
2594 4863 2756 4903 nova.
2816 4848 2899 4903 Ex
2927 4848 3091 4904 dictis
3139 4849 3383 4919 ejusdem
3414 4848 3576 4918 (Aug.
3616 4854 3657 4899 t.

2081 4938 2154 4975 xx
2185 4922 2257 4976 De
2289 4921 2407 4975 Civ.
2444 4921 2561 4986 Dei,
2594 4937 2640 4975 c.
2676 4920 2785 4990 14).

2085 5008 2156 5064 Ut
2185 5008 2267 5065 ait
2294 5010 2502 5065 beatus
2549 5008 2939 5079 Augustinus,
2992 5013 3227 5080 peracto
3258 5006 3543 5077 ﬁnitoque
3566 5006 3665 5076 ju-

2013 5096 2164 5152 dicio
2196 5102 2336 5153 tunc
2360 5113 2489 5153 esse
2540 5098 2767 5152 desinet
2823 5096 2933 5153 hoc
2984 5097 3194 5152 cmlum
3227 5100 3284 5151 et
3325 5095 3448 5150 hinc
3490 5099 3665 5159 terra,

2012 5186 2247 5256 quando
2280 5186 2520 5256 incipiet
2549 5202 2679 5241 esse
2708 5185 2919 5242 ocelum
2978 5200 3193 5240 novum
3226 5186 3284 5239 et
3329 5187 3483 5238 terra
3513 5196 3662 5237 nova

2013 5274 2193 5345 (Apoc.
2225 5278 2362 5342 xx1).
2395 5274 2721 5329 Mutatione
2765 5290 3019 5343 namque
3050 5288 3268 5339 rerum,
3301 5287 3417 5326 non
3466 5270 3657 5325 omni-

2012 5363 2183 5419 modo
2214 5362 2454 5419 interitu
2484 5362 2762 5417 transibit
2787 5361 2877 5414 hic
2907 5362 3189 5416 mundus.
3225 5359 3385 5414 Unde
3414 5362 3473 5413 et
3505 5361 3661 5429 Apo-

2012 5450 2199 5506 stolus
2228 5451 2408 5506 dicit:
2443 5452 2704 5507 Praeterit
2731 5449 2882 5502 enim
2933 5448 3116 5519 ﬁgura
3171 5447 3334 5516 hujus
3375 5448 3570 5503 mundi
3620 5449 3663 5517 (ι

2014 5535 2136 5595 Cor.
2168 5536 2288 5612 vn),
2321 5537 2512 5610 ﬁgura
2526 5550 2662 5608 ergo
2687 5533 2963 5608 praterlt,
2994 5549 3109 5593 non
3142 5539 3370 5594 natura.
