3948 6072
358 263 495 318 1015

1436 260 1503 310 D.
1545 257 1790 310 IVONIS
1827 254 2323 309 CARNOTENSIS
2358 251 2679 305 EPISCOPI

3654 251 3798 303 1016

347 388 478 464 Cir.
659 414 726 425 -—
784 383 1104 464 Contrakeos
1134 382 1228 464 qui
1279 380 1468 464 dicunt
1497 381 1598 464 si...
1625 387 1746 464 post
1787 380 2001 449 factum
2033 380 2082 444 Α
2114 375 2747 464 consolationem,_non
2779 389 2920 464 sano
2977 372 3290 464 medelam,
3323 375 3546 464 erranti
3592 375 3796 442 viam,
3879 380 3881 464 χ

413 457 714 530 judicium,
743 456 852 531 erit
871 452 1231 531 conﬂagratio
1257 451 1474 531 mundi,
1501 451 1598 531 ubi
1619 459 1754 531 tunc
1769 467 1885 504 esse
1904 465 2000 531 po.-

414 522 599 584 terunt
618 527 924 596 sancti,qui
942 522 1464 596 noncontingantur
1479 522 1719 596 ﬂamma
1733 522 1998 596 incendii.

418 602 504 654 Ex
532 597 693 652 dictis
722 593 960 668 ejusdem
991 595 1151 663 (Aug.
1178 595 1214 648 ι.
1250 611 1321 648 xx
1357 595 1430 648 De
1463 593 1574 647 Civ.
1597 595 1715 661 Dei,
1745 610 1789 648 ε.
1819 593 1928 663 18).

425 689 581 742 Hanc
610 685 994 757 quaestionem
1045 683 1252 738 beatus
1282 683 1647 754 Augustinus
1701 681 1990 736 dissolvit.

346 779 595 843 Quaerat,
620 774 720 842 ait,
754 773 994 828 forsitan
1030 770 1266 842 aliquis,
1301 771 1351 825 si
1385 775 1514 842 post
1576 771 1795 825 factum
1837 769 2000 840 judi-

347 866 505 921 cium
538 863 796 918 mundus
828 862 938 915 iste
971 860 1199 916 ardebit
1254 864 1566 930 antequam
1622 876 1724 930 pro
1759 858 1856 912 illo
1889 875 2001 912 coe-

351 955 474 1008 lum
509 968 722 1007 novum
755 955 811 1004 et
841 955 998 1004 terra
1027 966 1176 1004 nova
1218 953 1579 1020 reponantur
1640 949 1815 1018 (Apoc.
1866 950 2000 1016 xxx),

350 1059 415 1098 eo
449 1043 572 1113 ipso
619 1045 884 1110 tempore
943 1038 1423 1109 conllagrationis
1479 1037 1628 1106 ejus,
1695 1036 1792 1090 ubi
1833 1041 2006 1090 erunt

349 1129 556 1199 sancti,
591 1145 722 1183 cum
757 1144 856 1182 eos
894 1127 1176 1182 habentes
1208 1143 1451 1197 corpora
1482 1126 1538 1178 in
1574 1125 1766 1196 aliquo
1799 1141 2002 1195 corpo-

349 1219 458 1274 rali
487 1218 612 1273 loco
649 1233 776 1272 esse
815 1231 1051 1271 necesse
1109 1214 1227 1271 sit?
1255 1215 1592 1284 (Possumus
1653 1215 2005 1285 respondere

348 1310 576 1363 futuros
607 1323 736 1362 esse
766 1305 825 1360 in
859 1303 1262 1375 superioribus
1295 1303 1582 1374 partibus,
1617 1319 1730 1374 quo
1762 1303 1843 1356 ita
1888 1319 2001 1356 non

349 1395 625 1450 ascendet
672 1393 913 1447 ﬂamma
960 1390 1120 1446 illius
1168 1390 1446 1457 incendii,
1495 1389 2002 1461 quemadmodum

351 1499 457 1540 nec
488 1483 648 1538 unda
677 1480 902 1536 diluvii.
935 1480 1098 1535 Talia
1128 1480 1345 1551 quippe
1395 1478 1510 1533 illis
1545 1483 1731 1533 'erunt
1760 1493 2006 1548 corpora

355 1577 419 1628 ut
445 1571 566 1627 illic
598 1571 717 1626 sint
748 1569 849 1626 ubi
881 1585 1012 1625 esse
1041 1567 1357 1634 voluerint,
1393 1567 1494 1622 sed
1520 1583 1624 1622 nec
1656 1567 1849 1636 ignem
1875 1582 2006 1619 con-

355 1660 719 1732 ﬂagrationis
749 1658 910 1714 illius
943 1657 1354 1729 pertimescent
1413 1655 1777 1711 immortales
1833 1658 2007 1724 atque

355 1748 832 1820 incorruptibiles
887 1747 1046 1812 lacti,
1081 1746 1234 1801 sicut
1263 1745 1524 1800 vivorum
1558 1745 1736 1799 trium
1770 1759 2007 1813 corrup-
2036 1747 2083 1811 Β

358 1837 550 1894 tibilia
581 1853 824 1907 corpora
853 1841 1032 1905 atque
1063 1833 1336 1888 mortalia
1390 1833 1450 1888 in
1501 1831 1734 1890 camino
1785 1831 2007 1887 ardenti

364 1926 552 1982 illaesa
579 1925 770 1979 vivere
801 1927 1119 1994 potuerunt
1150 1922 1314 1992 (Dan.
1346 1922 1454 1992 III).

365 2035 493 2088 CAP.
530 2032 650 2086 121.
682 2059 751 2070 ·-
775 2030 837 2085 Ut
864 2029 1053 2082 nullus
1100 2044 1158 2083 se
1185 2033 1340 2096 putet
1391 2027 1750 2097 elemosynis
1790 2033 2010 2100 peccata

437 2118 548 2158 sua
569 2117 724 2172 posse
752 2100 1165 2172 redimere,nisi
1187 2100 1403 2154 studeat
1432 2099 1601 2154 vitam
1633 2115 1788 2153 suam
1828 2099 2008 2155 corri-

436 2189 588 2246 gere.
620 2171 962 2242 Augustinus
993 2171 1184 2241 (Ench.
1218 2188 1268 2226 c.
1290 2172 1404 2241 70).

435 2263 588 2318 Sane
618 2261 940 2316 cavendum
973 2264 1064 2314 est
1121 2276 1192 2314 ne
1242 2259 1558 2330 quisquam
1594 2258 1891 2314 existimet
1920 2258 2008 2314 in-

363 2351 541 2407 fanda
570 2349 673 2404 illa
702 2349 968 2415 crimina,
1003 2347 1200 2420 qualia
1229 2348 1328 2419 qui
1387 2351 1572 2419 agunt
1630 2363 1872 2418 regnum
1912 2347 2012 2402 Dei

362 2456 480 2495 non
511 2437 897 2512 possidebunt
925 2437 972 2508 (ι
999 2439 1109 2494 Cor
1137 2437 1236 2508 γι),
1295 2435 1557 2507 quotidie
1599 2437 2009 2507 perpetranda,

361 2533 419 2584 et
447 2527 835 2600 eleemosynis
866 2527 1131 2597 quotidie
1184 2525 1544 2581 redimenda.
1582 2525 1647 2579 In
1682 2524 1894 2580 melius
1925 2530 2015 2581 est

370 2615 590 2688 quippe
619 2613 736 2670 vita
765 2613 1070 2680 mutanda,
1098 2617 1156 2668 et
1187 2629 1286 2684 per
1306 2613 1704 2684 eleemosynas
1728 2613 1796 2668 de
1819 2629 2014 2684 pecca-

366 2703 444 2760 tis
473 2703 792 2776 praateritis
817 2708 909 2759 est
961 2702 1370 2775 propitiandus
1403 2707 1576 2773 Deus,
1627 2719 1740 2758 non
1799 2705 1871 2758 ad
1904 2703 2012 2759 hoc

361 2797 650 2852 emendus
672 2795 1130 2866 quodammodo,
1155 2799 1302 2850 utea
1332 2811 1564 2866 semper
1583 2793 1753 2850 liceat
1771 2794 2013 2866 impune

363 2883 761 2941 committere.
796 2883 1029 2939 Nemini
1057 2883 1215 2938 enim
1239 2883 1400 2938 dedit
1438 2883 1836 2938 laxamentum
1882 2898 2012 2954 pec-

363 2970 533 3028 candi
567 2971 752 3038 (Eccli.
802 2971 918 3041 xv),
971 2970 1239 3042 quamvis
1272 2970 1605 3026 miserando
1658 2971 1846 3027 deleat
1887 2971 2010 3041 jam

362 3063 517 3118 facta
537 3065 794 3133 peccata,
822 3061 870 3116 si
896 3077 1012 3117 non
1034 3060 1360 3117 satisfactio
1379 3078 1638 3134 congrua
1657 3063 2009 3134 negligatur.

363 3167 498 3224 CAP.
540 3168 668 3223 122.
705 3197 776 3208 -
804 3168 968 3221 Levia
1006 3175 1235 3236 peccata
1289 3168 1572 3222 Dominica
1627 3169 1785 3223 nobis
1805 3168 2015 3224 dimitti

430 3237 710 3303 oratione,
739 3237 791 3293 si
820 3242 1004 3292 tamen
1053 3238 1390 3292 debitoribus
1413 3240 1624 3293 nostris
1651 3240 1730 3294 ita
1776 3239 2017 3294 dimitti-

599 3308 747 3450 εἰξιῦ
795 3313 849 3364 et
903 3309 1062 3364 nobis
1115 3308 1330 3364 dimitti
1384 3311 1659 3364 volumus.
1721 3313 2013 3380 Augustin.

465 3398 484 3436 ι
523 3398 542 3435 ι
588 3422 626 3449 .,
759 3421 772 3435 .

465 3398 626 3449 ιοια.,
669 3398 772 3449 ιι).

426 3474 504 3525 De
535 3469 841 3541 quotidiau
862 3468 914 3524 is
934 3473 1128 3524 autem
1164 3469 1438 3525 brevibus
1458 3468 1801 3541 levibusque
1823 3486 2021 3542 pecca-

363 3557 466 3624 tis,
498 3555 627 3610 sine
677 3555 894 3626 quibus
924 3555 1050 3610 haac
1097 3555 1215 3610 vita
1242 3572 1356 3611 non
1389 3556 1645 3624 ducitur,
1681 3556 2022 3628 quotidiana

363 3644 548 3700 oratio
588 3641 851 3697 ﬁdelium
898 3641 1208 3698 satisfacit.
1240 3644 1454 3700 Eorum
1485 3649 1574 3700 est
1604 3646 1761 3700 enim
1782 3645 1972 3700 dicere
2005 3663 2019 3701 :

365 3734 536 3786 Pater
563 3733 769 3796 noster,
799 3731 898 3801 qui
924 3746 980 3786 es
1009 3736 1070 3786 in
1101 3732 1252 3787 cretis
1284 3733 1493 3803 (Matth.
1525 3734 1628 3804 vx),
1662 3734 1762 3804 qui
1787 3735 1908 3804 jam
1928 3734 2024 3788 Pa‘

365 3819 443 3875 tri
468 3817 571 3873 tali
601 3818 920 3890 regenerati
970 3824 1112 3873 sunt
1163 3835 1231 3874 ex
1258 3835 1411 3890 aqua
1467 3823 1524 3874 et
1551 3821 1770 3892 Spiritu
1821 3825 2021 3876 sancto

365 3907 530 3979 (Joan
559 3905 666 3977 ru).
699 3903 862 3960 Dolet
884 3905 1124 3960 omnino
1149 3905 1280 3960 haec
1314 3905 1499 3961 oratio
1524 3907 1774 3962 minima
1805 3912 1862 3963 et
1883 3925 2024 3978 quo-

368 3995 594 4050 tidiana
625 3998 880 4065 peccata.
916 3992 1076 4048 Delet
1095 3998 1152 4049 et
1184 3993 1286 4048 illa
1313 4011 1346 4048 a
1376 3993 1590 4064 quibus
1612 3995 1731 4050 vita
1755 3995 2019 4050 ﬁdelium

369 4083 545 4140 etiam
578 4083 860 4138 scelerate
890 4086 1076 4154 gesta,
1101 4082 1199 4137 sed
1223 4081 1559 4153 paenitendo
1579 4083 1635 4137 in
1666 4082 1875 4138 melius
1898 4100 2023 4138 mu-

371 4174 494 4227 tata
514 4170 784 4235 discedit,
809 4169 859 4224 si
893 4171 1396 4240 quemadmodum
1437 4171 1720 4224 veraciter
1761 4171 1978 4225 dicitur
2006 4191 2018 4229 :

371 4261 600 4315 Dimitte
644 4259 800 4314 nobis
841 4257 1023 4314 debita
1075 4263 1263 4314 nostra
1313 4258 1521 4328 (Matth.
1581 4259 1680 4330 vr),
1744 4259 2021 4328 quoniam

377 4362 494 4401 non
525 4347 738 4401 desunt
760 4362 886 4416 qua:
918 4346 1316 4414 dimittantur,
1348 4347 1429 4402 ita
1461 4347 1741 4403 veraciter
1770 4348 2020 4402 dicatur:

377 4434 528 4489 Sicut
570 4442 621 4488 et
676 4450 773 4488 nos
829 4434 1158 4489 dimittimus
1203 4435 1538 4490 debitoribus
1585 4437 1787 4490 nostris
1817 4434 2022 4505 (Ibid),

380 4521 438 4576 id
473 4525 582 4588 est,
615 4521 719 4576 fiat
758 4521 913 4593 quod
948 4522 1178 4578 dicitur.
1211 4524 1358 4588 Quia
1413 4527 1468 4578 et
1501 4523 1634 4594 ipsa
1659 4524 2027 4594 eleemosyua

381 4615 473 4668 est
502 4611 728 4666 veniam
762 4613 978 4682 petenti
1003 4611 1219 4668 homini
1241 4613 1561 4685 ignoscere.

381 4719 517 4776 CAP.
554 4718 674 4790 123.
703 4747 772 4759 -
796 4718 950 4790 Quod
979 4735 1084 4774 non
1116 4718 1300 4774 solum
1320 4728 1453 4774 tunc
1481 4721 1825 4790 eleemosyna
1847 4719 2024 4786 detur,

451 4789 668 4862 quando
731 4789 990 4862 solatium
1043 4791 1270 4861 aliquod
1334 4792 1632 4860 indigenti,
1690 4789 1783 4845 sed
1849 4793 2027 4845 etiam

452 4858 782 4934 quandovel
803 4858 965 4934 venia
989 4858 1260 4934 peccanti,
1280 4863 1378 4934 ,vel
1399 4858 1698 4934 disciplina
1727 4861 1900 4918 datur
1936 4877 2026 4916 er-

451 4930 626 4988 ranti.
651 4931 946 5002 Augustin.
980 4930 1165 5000 (ibid.,
1192 4949 1238 4987 c.
1269 4933 1361 5002 72)
1389 4971 1408 4991 .

454 5025 535 5078 Ac
566 5037 669 5092 per
689 5020 799 5076 hoc
821 5018 892 5074 ad
911 5019 1110 5073 omnia
1125 5035 1252 5089 qua:
1278 5021 1403 5075 utili
1429 5021 1832 5076 misericordia
1855 5022 2022 5087 ﬁunt,

377 5111 530 5169 valet
559 5109 716 5181 quod
749 5107 1034 5164 Dominus
1064 5108 1144 5162 ait
1173 5123 1188 5163 :
1223 5110 1359 5163 Date
1389 5111 1814 5181 eleemosynam,
1832 5114 1881 5163 et
1911 5124 2028 5164 ecce

378 5202 566 5257 omnia
591 5197 804 5254 munda
823 5205 950 5252 sunt
978 5196 1128 5254 vobis
1150 5196 1299 5268 (Luc.
1325 5197 1426 5268 x1).
1462 5198 1589 5252 Non
1609 5197 1800 5252 solum
1832 5202 2027 5252 autem

381 5291 482 5363 qui
513 5290 614 5346 dat
633 5286 913 5344 esurienti
935 5286 1150 5352 cibum,
1184 5285 1402 5341 sitienti
1420 5289 1644 5356 potum,
1681 5287 1837 5341 nudo
1859 5286 2031 5342 vesti-

380 5375 1070 5449 mentum,peregrinanti
1090 5373 2027 5447 hospitium,fugientilatibulum.

385 5483 536 5538 aegro
566 5465 653 5522 vel
683 5464 912 5520 incluso
960 5463 1380 5532 visitationem,
1412 5462 1642 5534 captivo
1676 5463 2026 5532 redemptio-

387 5569 545 5624 nem,
576 5552 752 5610 debili
773 5553 1218 5624 subjectionem,
1242 5570 1390 5612 caeco
1421 5553 1852 5623 deductionem,
1875 5551 2028 5608 tristi

2115 463 2457 518 deliberanti
2516 461 2834 533 [deliranti]
2867 461 3205 528 consilium,
3258 463 3499 533 etquod
3555 465 3797 534 cuique

2110 552 2503 608 necessarium
2535 555 2623 606 est
2652 549 2962 621 indigenti,
2988 565 3188 604 verum
3213 549 3388 605 etiam
3419 551 3523 622 qui
3557 551 3678 605 dat
3697 569 3794 606 ve-

2113 641 2270 694 niam
2303 639 2546 712 peccati,
2579 637 3011 710 eleemosynam
3058 639 3179 692 dat.
3213 641 3278 693 Et
3332 640 3430 710 qui
3493 641 3794 694 emendat

2109 729 2347 786 verbere
2370 728 2430 784 in
2463 744 2637 800 quem
2673 732 2929 799 potestas
2971 728 3163 793 datur,
3196 727 3284 782 vel
3316 732 3545 783 coercet
3568 729 3789 800 aliqua

2113 819 2445 890 disciplina,
2479 824 2537 874 et
2568 825 2761 873 tamen
2796 823 3098 890 peccatum
3139 818 3269 888 ejus
3301 835 3416 889 quo
3439 819 3514 873 ab
3548 819 3661 874 illo
3689 819 3788 874 lae-

2110 925 2208 962 sus
2239 915 2341 963 aut
2371 910 2629 963 offensus
2651 905 3037 977 est,:dimittit
3059 923 3127 961 ex
3151 907 3343 977 corde,
3370 907 3463 962 vel
3483 914 3624 963 orat
3645 913 3717 963 ut
3741 909 3790 962 ei

2112 996 2468 1065 dimittatur,
2501 1013 2614 1050 non
2647 995 2836 1051 solum
2868 995 2928 1049 in
2982 1011 3048 1049 eo
3105 996 3260 1065 quod
3307 995 3558 1051 dimittit
3600 1003 3791 1067 atque

2112 1090 2256 1151 orat,
2291 1102 2491 1140 verum
2523 1085 2698 1140 etiam
2729 1086 2788 1139 in
2819 1101 2884 1138 eo
2915 1085 3086 1154 (quod
3136 1083 3394 1155 corripit,
3453 1090 3514 1139 et
3573 1085 3791 1156 aliqua

2112 1175 2510 1230 emendatoria
2541 1191 2712 1245 poena
2744 1173 2965 1245 pleotit,
2999 1172 3430 1244 eleemosynam
3460 1174 3584 1243 dat,
3645 1176 3789 1246 quia

2114 1261 2578 1317 misericordiam
2604 1266 2863 1333 praestat.
2897 1259 3078 1315 Multa
3110 1261 3266 1316 enim
3310 1260 3461 1316 bona
3491 1268 3782 1332 prestan-

2113 1355 2210 1405 tur
2238 1350 2459 1416 invitis,
2493 1351 2728 1421 quando
2760 1367 2961 1406 eorum
3010 1349 3345 1405 consulitur
3376 1349 3625 1405 utilitati
3661 1368 3776 1404 non

2111 1441 2417 1508 voluntati,
2453 1443 2591 1512 quia
2620 1441 2732 1514 ipsi
2783 1441 2894 1496 sibi
2927 1441 3307 1496 inveniuntur
3357 1457 3491 1496 esse
3525 1440 3778 1506 inimici,

2115 1530 2289 1585 amici
2314 1546 2447 1586 vero
2480 1546 2678 1586 eorum
2713 1531 2909 1601 potius
2939 1529 3022 1583 illi
3054 1546 3202 1602 quos
3228 1529 3499 1584 inimicos
3545 1535 3781 1600 putant,

2115 1624 2172 1674 et
2221 1621 2476 1675 reddunt
2506 1619 2756 1675 errando
2790 1619 2945 1674 mala
2977 1637 3079 1691 pro
3134 1620 3322 1686 bonis,
3360 1636 3495 1674 cum
3533 1620 3787 1674 reddere

2117 1707 2274 1763 mala
2307 1709 2675 1764 Christianus
2708 1725 2822 1763 non
2857 1709 3088 1777 debeat,
3119 1725 3222 1764 nec
3254 1725 3356 1779 pro
3390 1708 3570 1762 malis
3604 1711 3780 1779 (Rom.

2113 1813 2257 1864 1:11,;
2286 1799 2310 1851 I
2346 1796 2526 1852 Thess.
2559 1815 2629 1858 v;
2665 1801 2859 1852 lPetr.
2893 1797 3000 1867 ιιι).
3034 1797 3218 1852 Multa
3247 1797 3450 1869 itaque
3502 1803 3652 1852 sunt
3693 1815 3785 1869 ge.

2118 1901 2254 1940 uera
2285 1885 2812 1957 eleemosynarum.
2848 1902 2978 1956 quae
3011 1901 3142 1940 cum
3202 1886 3474 1951 facimus,
3525 1887 3772 1956 adjuva~

2119 1990 2257 2028 mur
2289 1979 2352 2028 ut
2375 1974 2754 2028 dimittantur
2784 1975 2952 2030 nobis
2973 1975 3170 2030 debita
3195 1980 3396 2030 nostra
3413 1974 3636 2044 (Matth.
3676 1979 3774 2042 VI).

2118 2075 2245 2126 CAP.
2285 2073 2862 2143 12.t.—Per/cclorum
2892 2089 3005 2128 esse
3033 2073 3281 2143 ﬁliorum
3312 2073 3432 2143 Dei,
3462 2074 3776 2129 retribuere

2349 2144 2488 2198 bona
2513 2161 2614 2214 pro
2643 2145 2834 2199 malis.
2869 2146 3096 2215 August.
3131 2144 3314 2214 (ibid.,
3348 2161 3395 2200 ε.
3433 2147 3542 2212 75).

2188 2231 2294 2285 Sed
2331 2247 2398 2286 ea
2427 2231 2571 2286 nihil
2603 2237 2691 2287 est
2722 2233 2939 2303 majus,
2970 2250 3086 2304 qua
3109 2248 3177 2288 ex
3208 2234 3383 2288 corde
3417 2233 3772 2288 dimittimus

2121 2321 2275 2392 quod
2306 2320 2367 2374 in
2411 2338 2516 2376 nos
2548 2323 2702 2392 quod
2734 2323 3010 2393 peccavit.
3070 2323 3263 2378 Minus
3295 2323 3456 2377 enim
3492 2338 3773 2394 magnum

2120 2414 2206 2466 est
2239 2427 2372 2479 erga
2402 2427 2535 2466 eum
2568 2427 2698 2466 esse
2744 2412 3117 2479 benevolum,
3181 2413 3301 2467 sive
3333 2412 3514 2468 etiam
3561 2413 3776 2468 beneﬁ-

2121 2515 2276 2556 cum.
2311 2499 2410 2570 qui
2469 2499 2576 2553 tibi
2609 2499 2752 2553 nihil
2789 2499 2924 2554 mali
2959 2499 3158 2555 fecerit
3185 2521 3198 2568 ;
3223 2500 3367 2554 illud
3398 2501 3588 2555 multo
3605 2517 3777 2573 gran-

2121 2587 2256 2640 dius
2287 2591 2344 2641 et
2401 2586 2992 2657 magnificentissima:
3044 2588 3276 2642 bonatis
3335 2593 3445 2654 est,
3481 2593 3550 2643 ut
3608 2593 3777 2643 tuum

2122 2690 2356 2746 quoque
2379 2675 2687 2730 inimicum
2709 2675 2944 2747 diligas,
2968 2680 3026 2731 et
3049 2676 3099 2731 ei
3124 2676 3225 2747 qui
3251 2676 3356 2731 tibi
3379 2675 3610 2731 malum
3635 2676 3778 2745 vult,

2121 2769 2177 2820 et
2207 2764 2255 2820 si
2287 2768 2478 2835 potest
2509 2765 2666 2832 facit,
2700 2770 2762 2819 tu
2787 2765 3006 2820 bonum
3031 2780 3265 2837 semper
3285 2765 3452 2834 velis,
3477 2766 3781 2836 faciasque

2121 2870 2254 2908 cum
2313 2853 2520 2923 possis,
2591 2853 2838 2909 audiens
2897 2854 3185 2909 dicentem
3243 2858 3488 2910 Jesum:
3551 2856 3781 2925 Diligite

2120 2943 2374 2998 inimicos
2404 2946 2607 2998 vestros
2633 2961 2645 2998 :
2675 2943 2998 3014 bene/acili:
3027 2944 3108 2999 eis
3141 2945 3240 3014 qui
3277 2959 3364 2999 vos
3415 2944 3682 3013 oderunt,
3733 2954 3784 2998 et

2120 3040 2271 3088 orate
2296 3047 2396 3102 pro
2427 3033 2507 3086 eis
2561 3031 2656 3102 qui
2684 3047 2774 3086 vos
2829 3036 3238 3102 persequuntur
3267 3032 3493 3102 (Matth.
3556 3037 3632 3100 v).
3668 3035 3778 3088 Sed

2046 3105 2088 3173 C
2133 3122 2286 3176 dona
2314 3121 2698 3192 perfectorum
2732 3120 2853 3190 [sed
2912 3121 3191 3191 quoniam
3241 3120 3657 3191 perfectorum,
3709 3121 3787 3175 sic

2126 3209 2377 3278 August.]
2414 3213 2553 3264 sunt
2581 3209 2693 3263 ista
2735 3207 2987 3263 filiorum
3027 3209 3142 3277 Dei,
3175 3225 3292 3280 quo
3322 3209 3562 3279 quidem
3595 3226 3658 3264 se
3682 3211 3785 3264 de-

2128 3298 2222 3352 bet
2255 3296 2444 3352 omnis
2479 3296 2666 3350 fidelis
2695 3297 3026 3362 extendere,
3057 3301 3115 3352 et
3149 3297 3477 3351 humanum
3510 3298 3781 3352 animum

2129 3385 2200 3440 ad
2231 3383 2388 3439 hunc
2420 3385 2692 3439 affectum
2725 3384 2945 3440 orando
2971 3389 3176 3452 Deum,
3200 3400 3519 3456 secumque
3553 3387 3781 3457 agendo

2131 3473 2523 3543 luctandoque
2556 3474 2888 3543 perducere.

2137 3562 2269 3616 Car.
2303 3560 2778 3632 125.—Quomodo
2806 3561 3239 3632 abzimperfectis
3258 3562 3603 3632 impleantur
3616 3562 3780 3616 verba

2205 3631 2506 3687 ﬂaminicae
2533 3632 2832 3687 orationis:
2871 3633 3094 3687 Dimitte
3141 3633 3296 3687 nobis
3327 3631 3510 3687 debita
3559 3639 3783 3698 nostra,

2203 3707 2342 3758 sicut
2371 3705 2421 3758 el
2449 3719 2548 3758 nos
2586 3703 2941 3771 dimittimus,
2973 3708 3082 3758 etc.
3114 3704 3252 3772 Aug.
3284 3703 3579 3773 (Proxime
3596 3708 3782 3775 post).

2206 3792 2424 3846 Tamen
2458 3790 2596 3861 quia
2617 3791 2725 3845 hoc
2750 3793 2870 3845 tam
2895 3806 3176 3862 magnum
3199 3791 3616 3846 bonumtantae
3640 3791 3785 3846 mul-

2133 3877 2401 3934 titudinis
2433 3894 2549 3934 non
2576 3883 2683 3945 est,
2717 3883 2997 3948 quantam
3014 3879 3308 3934 credimus
3338 3879 3631 3946 exaudiri,
3653 3896 3781 3935 cum

2133 3968 2192 4022 in
2221 3967 2482 4022 oratione
2515 3967 2818 4022 Dominica
2848 3967 3068 4022 dicitur
3098 3984 3112 4024 :
3158 3969 3386 4024 Dimitte
3413 3969 3576 4022 nobis
3604 3968 3784 4024 debita

2133 4059 2338 4112 nostra.
2393 4057 2535 4110 sicut
2565 4061 2615 4110 el
2651 4072 2748 4111 nos
2808 4056 3152 4111 dimittimus
3205 4056 3553 4112 debitoribus
3586 4058 3788 4112 nostris

2133 4145 2348 4217 (Matth.
2372 4147 2474 4215 v1),
2507 4146 2709 4217 procul
2757 4146 2936 4200 dubio
2986 4147 3162 4202 verba
3220 4147 3560 4218 sponsionis
3609 4148 3784 4218 hujus

2136 4232 2474 4304 implentur,
2499 4233 2548 4288 si
2580 4233 2755 4288 homo
2777 4233 2875 4304 qui
2902 4234 3161 4288 nondum
3194 4234 3273 4289 ita
3305 4235 3549 4305 profecit
3573 4242 3640 4290 ut
3663 4237 3785 4305 jam

2139 4323 2344 4394 diligat
2373 4323 2703 4390 inimicum,
2733 4328 2930 4379 tamen
2981 4326 3213 4395 quando
3268 4330 3512 4396 rogatur
3572 4327 3644 4380 ab
3683 4327 3786 4380 ho-

2142 4411 2297 4465 mine
2326 4412 2426 4481 qui
2459 4412 2715 4484 peccavit
2747 4412 2804 4466 in
2835 4428 2993 4481 eum,
3028 4416 3091 4466 ut
3121 4412 3174 4468 ei
3222 4413 3504 4482 dimittat,
3539 4414 3789 4469 dimittit

2060 4473 2100 4536 D
2132 4499 2184 4554 ei
2215 4516 2282 4554 ex
2313 4473 2486 4555 corde
2517 4499 2656 4570 quia
2685 4499 2863 4554 etiam
2898 4473 3009 4554 sibi
3043 4501 3272 4572 roganti
3306 4500 3435 4556 vult
3461 4473 3671 4572 utique
3697 4503 3786 4556 di-

2135 4587 2285 4641 mitti
2311 4604 2444 4642 cum
2477 4593 2602 4642 orat
2631 4592 2687 4643 et
2718 4588 2895 4642 dicit:
2930 4587 3083 4642 Sicut
3113 4598 3166 4643 et
3193 4605 3294 4644 nos
3321 4589 3657 4644 dimittimus
3696 4592 3787 4645 de-

2135 4677 2399 4731 bitoribus
2428 4679 2627 4730 nostris
2653 4676 2813 4746 (Ibid.
2847 4676 2888 4746 ),
2945 4676 3004 4730 id
3054 4680 3164 4745 est,
3199 4677 3282 4732 sic
3335 4677 3565 4732 dimitte
3593 4678 3790 4732 debita

2135 4770 2334 4820 nostra
2363 4767 2704 4837 rogantibus
2736 4765 2926 4831 nobis,
2961 4765 3113 4820 sicut
3143 4783 3249 4821 nos
3280 4766 3646 4822 dimittimus
3701 4784 3787 4821 ro.

2135 4854 2412 4924 gantibus
2443 4852 2804 4907 debitoribus
2837 4853 3073 4907 nostris.

2137 4951 2268 5006 CAP.
2311 4952 2432 5005 126.
2469 4981 2534 4990 -
2565 4949 2716 5017 Quod
2751 4949 2898 5003 nihil
2945 4949 3125 5003 valeat
3169 4951 3517 5022 cleemosyna
3567 4952 3790 5022 quando

2309 5038 2418 5076 non
2449 5023 2751 5091 corrigitur
2784 5023 2915 5075 vita.
2950 5022 3173 5091 August.
3196 5022 3384 5090 (ibid,
3416 5039 3463 5076 c.
3495 5023 3616 5092 75.)

2211 5111 2361 5166 Sane
2394 5111 2494 5181 qui
2523 5107 2972 5164 sceleratissime
3003 5108 3226 5174 vivunt,
3251 5126 3355 5165 nec
3386 5115 3601 5164 curant
3623 5110 3788 5164 talem

2138 5197 2318 5253 vitam
2354 5215 2664 5268 moresque
2697 5197 3004 5268 corrigere,
3029 5201 3086 5251 et
3115 5197 3271 5252 inter
3299 5197 3430 5268 ipsa
3459 5198 3725 5253 facinora
3744 5201 3793 5252 et

2141 5287 2361 5358 flagitia
2391 5304 2498 5342 sua
2530 5286 2931 5356 eleemosynas
2989 5285 3357 5356 frequentare
3389 5303 3504 5341 non
3537 5291 3788 5351 cessant,

2141 5376 2359 5430 frustra
2379 5376 2490 5429 sibi
2516 5375 2646 5429 ideo
2669 5372 3072 5443 blandiuntur,
3093 5375 3368 5444 quoniam
3390 5375 3786 5430 Dominusait:

2137 5464 2270 5517 Date
2301 5462 2737 5532 eleemosynam,
2765 5467 2816 5517 et
2845 5478 2962 5518 ecce
2990 5464 3174 5518 omnia
3215 5463 3422 5518 munda
3469 5471 3606 5518 sunt
3645 5464 3789 5519 vobis

2135 5553 2286 5624 (Luc.
2309 5552 2409 5623 x1).
2431 5552 2548 5607 Hoc
2561 5551 2718 5608 enim
2741 5566 2918 5621 quam
2941 5550 3054 5608 late
3078 5557 3275 5624 pateat
3292 5568 3407 5608 non
3429 5552 3789 5626 intelligunt.
